{"host":"bf5upntvbdompq33","time":1613085263,"event":{"mods":["BaseMod","Colored Map","Colored Powertips","Curses Come First","Minty Spire (QoL Compilation)","StSLib","The Dragon Tamer","The Hierophant","The Marked","The Mystic","The Servant 0.9.4"],"gold_per_floor":[13,13,13,13,13,48,48,79,148,148,162,213,32,55,55,183,246,270,286,24,43,43,43],"floor_reached":22,"language":"ENG","playtime":5339,"items_purged":["Strike_B"],"score":298,"play_id":"25bfe478-ffee-48a2-96fc-4cb7954e0cae","local_time":"20210211161423","is_ascension_mode":true,"campfire_choices":[{"data":"Dualcast","floor":7,"key":"SMITH"},{"data":"Reinforced Body","floor":10,"key":"SMITH"},{"floor":15,"key":"REST"}],"circlet_count":0,"master_deck":["AscendersBane","Strike_B+1","Strike_B","Strike_B","Defend_B","Defend_B","Defend_B","Defend_B","Zap+1","Dualcast+1","Conserve Battery","Reinforced Body+1","Leap","Consume","Skim","Doom and Gloom","Hologram","Rainbow","Streamline","White Noise","Turbo","Cold Snap","Consume","Chaos","Capacitor"],"relics":["Cracked Core","Golden Idol","Ancient Tea Set","Shuriken","Kunai","Tiny Chest","Tiny House"],"acts_visited":["Exordium","TheCity"],"potions_floor_usage":[],"damage_taken":[{"damage":7,"enemies":"Jaw Worm","floor":1,"turns":2},{"damage":40,"enemies":"Gremlin Nob","floor":6,"turns":5},{"damage":12,"enemies":"Lagavulin","floor":8,"turns":7},{"damage":0,"enemies":"Small Slimes","floor":11,"turns":3},{"damage":1,"enemies":"Cultist","floor":14,"turns":3},{"damage":46,"enemies":"Hexaghost","floor":16,"turns":13},{"damage":24,"enemies":"Spheric Guardian","floor":18,"turns":5},{"damage":16,"enemies":"Chosen","floor":19,"turns":6},{"damage":30,"enemies":"Shelled Parasite and Fungi","floor":21,"turns":8},{"damage":30,"enemies":"Snake Plant","floor":22,"turns":3}],"seed_played":"6472424174169067928","potions_obtained":[{"floor":1,"key":"GamblersBrew"},{"floor":11,"key":"FairyPotion"},{"floor":19,"key":"DuplicationPotion"},{"floor":21,"key":"SkillPotion"}],"is_trial":false,"path_per_floor":["M","?","?","$","?","E","R","E","T","R","M","T","$","M","R","B",null,"M","M","$","M","M"],"character_chosen":"DEFECT","items_purchased":["Skim","Doom and Gloom","Cold Snap","Consume","Chaos","Capacitor"],"campfire_rested":1,"item_purchase_floors":[13,13,20,20,20,20],"current_hp_per_floor":[75,75,82,82,82,42,42,30,30,30,30,30,30,29,53,7,68,44,28,28,26,0,0],"gold":43,"neow_bonus":"TWENTY_PERCENT_HP_BONUS","is_daily":false,"chose_seed":false,"campfire_upgraded":2,"win_rate":0.0,"timestamp":1613085263,"path_taken":["M","?","?","$","?","E","R","E","T","R","?","?","$","M","R","BOSS","M","M","$","M","M"],"items_purchased_type":["Card","Card","Card","Card","Card","Card"],"build_version":"2020-12-22","purchased_purges":1,"victory":false,"max_hp_per_floor":[89,82,82,82,82,82,82,82,82,82,82,82,82,82,82,82,87,87,87,87,87,87,87],"card_choices":[{"not_picked":["Self Repair","Chill"],"picked":"Conserve Battery","floor":1},{"not_picked":["Hello World","Recycle"],"picked":"Reinforced Body","floor":6},{"not_picked":["Barrage","Steam"],"picked":"Leap","floor":8},{"not_picked":["Stack","Loop"],"picked":"Consume","floor":11},{"not_picked":["Leap","Redo"],"picked":"Hologram","floor":14},{"not_picked":["Buffer","Reboot"],"picked":"Rainbow","floor":16},{"not_picked":["Sweeping Beam","Gash"],"picked":"Streamline","floor":17},{"not_picked":["Steam","Recycle"],"picked":"White Noise","floor":18},{"not_picked":["Steam","Hologram"],"picked":"Turbo","floor":19},{"not_picked":["Barrage","Steam+1","Leap"],"picked":"SKIP","floor":21}],"player_experience":1537366,"relics_obtained":[{"floor":6,"key":"Ancient Tea Set"},{"floor":8,"key":"Shuriken"},{"floor":9,"key":"Kunai"},{"floor":12,"key":"Tiny Chest"}],"event_choices":[{"damage_healed":0,"gold_gain":0,"player_choice":"Lose Max HP","damage_taken":0,"relics_obtained":["Golden Idol"],"max_hp_gain":0,"max_hp_loss":7,"event_name":"Golden Idol","floor":2,"gold_loss":0},{"damage_healed":27,"gold_gain":0,"player_choice":"Banana","damage_taken":0,"max_hp_gain":0,"max_hp_loss":0,"event_name":"Big Fish","floor":3,"gold_loss":0},{"damage_healed":0,"gold_gain":0,"player_choice":"Forge","damage_taken":0,"max_hp_gain":0,"max_hp_loss":0,"event_name":"Accursed Blacksmith","floor":5,"gold_loss":0,"cards_upgraded":["Zap"]}],"is_beta":false,"boss_relics":[{"not_picked":["SacredBark","Busted Crown"],"picked":"Tiny House"}],"items_purged_floors":[13],"is_endless":false,"potions_floor_spawned":[1,11,19,21],"killed_by":"Snake Plant","ascension_level":11}}