{"host":"1w6a2rjjfnt8te8e","time":1613061443,"event":{"mods":["AchievementEnabler","BaseMod","Colored Powertips","Googly Eyes","Highlight Path","Minty Spire (QoL Compilation)","Quick Restart","Relic Stats","StSLib"],"gold_per_floor":[112,12,12,12,27,27,27,57,80,90,101,101,115,125,125,203,203,214,61,61,81,81,81,115,115,115,115,127,153,168,180,180,254,304,320,35,51,51,25,52,69,82,134,134,134,134,159,185,185,185],"floor_reached":51,"language":"ENG","playtime":2484,"items_purged":[],"score":1494,"play_id":"53dd5d52-ff68-4ce2-bd69-5d95fa2bbab8","local_time":"20210212003723","is_ascension_mode":true,"campfire_choices":[{"data":"Adrenaline","floor":6.0,"key":"SMITH"},{"data":"Finisher","floor":12.0,"key":"SMITH"},{"floor":15.0,"key":"REST"},{"floor":23.0,"key":"REST"},{"data":"Tactician","floor":25.0,"key":"SMITH"},{"floor":27.0,"key":"REST"},{"data":"Adrenaline","floor":32,"key":"SMITH"},{"floor":45,"key":"REST"},{"floor":49,"key":"REST"}],"circlet_count":0,"master_deck":["AscendersBane","Strike_G","Defend_G","Defend_G","Defend_G","Defend_G","Defend_G","Survivor","Neutralize","Blade Dance+1","Poisoned Stab","Blade Dance","Neutralize","Clumsy","Tactician+1","Adrenaline+1","Endless Agony","Backflip","Finisher+1","Acrobatics","Slice","Adrenaline+1","Poisoned Stab+1","Dodge and Roll+1","Riddle With Holes+1","PiercingWail","Slice+1","Cloak And Dagger","Blur+1","Prepared","Burst","Bullet Time","PiercingWail","PiercingWail+1","Malaise+1","Madness+1","Madness+1","Leg Sweep+1","Tactician+1"],"relics":["Ring of the Snake","Pocketwatch","Tiny Chest","Astrolabe","Orrery","Enchiridion","Nloth\u0027s Gift","Dead Branch","Letter Opener","Singing Bowl","Tiny House","Prayer Wheel","Anchor","Toxic Egg 2","Lantern","Ice Cream","Bronze Scales"],"acts_visited":["Exordium","TheCity","TheBeyond"],"potions_floor_usage":[33,50,50],"damage_taken":[{"damage":0.0,"enemies":"Small Slimes","floor":1.0,"turns":1.0},{"damage":0.0,"enemies":"Cultist","floor":5.0,"turns":1.0},{"damage":0.0,"enemies":"Lagavulin","floor":8.0,"turns":1.0},{"damage":2.0,"enemies":"Jaw Worm","floor":10.0,"turns":2.0},{"damage":14.0,"enemies":"Lots of Slimes","floor":11.0,"turns":3.0},{"damage":14.0,"enemies":"Exordium Wildlife","floor":13.0,"turns":3.0},{"damage":3.0,"enemies":"Looter","floor":14.0,"turns":2.0},{"damage":15.0,"enemies":"Hexaghost","floor":16.0,"turns":6.0},{"damage":0.0,"enemies":"Spheric Guardian","floor":18.0,"turns":3.0},{"damage":11.0,"enemies":"Shell Parasite","floor":21.0,"turns":5.0},{"damage":13.0,"enemies":"Slavers","floor":24.0,"turns":6.0},{"damage":3.0,"enemies":"Chosen and Byrds","floor":28.0,"turns":5.0},{"damage":0.0,"enemies":"Gremlin Leader","floor":29.0,"turns":4.0},{"damage":0,"enemies":"Snecko","floor":30,"turns":3},{"damage":0,"enemies":"Centurion and Healer","floor":31,"turns":3},{"damage":39,"enemies":"Automaton","floor":33,"turns":9},{"damage":0,"enemies":"Orb Walker","floor":35,"turns":2},{"damage":0,"enemies":"3 Darklings","floor":37,"turns":2},{"damage":15,"enemies":"Reptomancer","floor":40,"turns":6},{"damage":24,"enemies":"Maw","floor":41,"turns":7},{"damage":1,"enemies":"Transient","floor":42,"turns":5},{"damage":4,"enemies":"Mind Bloom Boss Battle","floor":47,"turns":7},{"damage":0,"enemies":"Giant Head","floor":48,"turns":6},{"damage":68,"enemies":"Time Eater","floor":50,"turns":12}],"seed_played":"3342730456081408669","potions_obtained":[{"floor":5.0,"key":"Block Potion"},{"floor":13.0,"key":"LiquidBronze"},{"floor":14.0,"key":"FearPotion"},{"floor":16.0,"key":"DuplicationPotion"},{"floor":21.0,"key":"BlessingOfTheForge"},{"floor":33,"key":"DuplicationPotion"},{"floor":34,"key":"Regen Potion"}],"is_trial":false,"path_per_floor":["M","$","?","?","M","R","$","E","T","M","M","R","M","M","R","B",null,"M","$","?","M","?","R","E","R","T","R","M","E","M","M","R","B",null,"M","$","M","T","$","E","M","M","T","?","R","?","?","E","R","B",null],"character_chosen":"THE_SILENT","items_purchased":["Poisoned Stab","Blade Dance","Orrery","Prayer Wheel","PiercingWail"],"campfire_rested":5,"item_purchase_floors":[2,2,19,36,39],"current_hp_per_floor":[59,59,52,52,52,52,52,52,52,50,36,36,22,19,38,23,55,55,55,39,28,28,47,34,34,34,53,50,52,54,54,54,15,63,65,65,67,67,67,52,30,33,33,33,59,48,44,44,70,17],"gold":185,"neow_bonus":"THREE_ENEMY_KILL","is_daily":false,"chose_seed":false,"campfire_upgraded":4,"win_rate":0.0,"timestamp":1613061443,"path_taken":["M","$","?","?","?","R","$","E","T","M","M","R","M","M","R","BOSS","M","$","?","M","?","R","E","R","T","R","M","E","M","M","R","BOSS","M","?","M","?","$","E","M","M","T","?","R","?","?","E","R","BOSS"],"items_purchased_type":["Card","Card","Relic","Relic","Card"],"build_version":"2020-12-22","purchased_purges":0,"victory":true,"max_hp_per_floor":[66,66,66,66,66,66,66,66,66,66,66,66,66,66,66,66,66,66,66,66,66,66,66,66,66,66,66,66,68,70,70,70,70,77,79,79,81,81,81,81,83,87,87,87,87,87,87,87,87,87],"relic_stats":{"Singing Bowl":16,"counters":[24,104],"Astrolabe":["Poisoned Stab","Dodge and Roll","Riddle With Holes"],"Dead Branch":[234],"Bronze Scales":[57],"Tiny Chest":1,"Prayer Wheel":3,"Nloth\u0027s Gift":4,"Letter Opener":[332],"obtain_stats":[{"Ice Cream":47,"Lantern":43,"Tiny House":34,"NeowsBlessing":0,"Singing Bowl":29,"Astrolabe":17,"Dead Branch":24,"Enchiridion":20,"Letter Opener":26,"Anchor":38,"Bronze Scales":48,"Orrery":19,"Tiny Chest":9,"Prayer Wheel":36,"Nloth\u0027s Gift":22,"Toxic Egg 2":40,"Ring of the Snake":0,"Pocketwatch":8},{"Ice Cream":22,"Lantern":21,"Tiny House":16,"NeowsBlessing":0,"Singing Bowl":13,"Astrolabe":8,"Dead Branch":11,"Enchiridion":9,"Letter Opener":11,"Anchor":18,"Bronze Scales":23,"Orrery":9,"Tiny Chest":3,"Prayer Wheel":17,"Nloth\u0027s Gift":10,"Toxic Egg 2":19,"Ring of the Snake":0,"Pocketwatch":3},{"Ice Cream":86,"Lantern":79,"Tiny House":57,"NeowsBlessing":0,"Singing Bowl":42,"Astrolabe":19,"Dead Branch":33,"Enchiridion":22,"Letter Opener":33,"Anchor":61,"Bronze Scales":92,"Orrery":22,"Tiny Chest":3,"Prayer Wheel":59,"Nloth\u0027s Gift":27,"Toxic Egg 2":67,"Ring of the Snake":0,"Pocketwatch":3}],"Ring of the Snake":[48],"Pocketwatch":[31]},"card_choices":[{"not_picked":["PiercingWail","Catalyst"],"picked":"Blade Dance","floor":1.0},{"not_picked":["PiercingWail","Quick Slash"],"picked":"Adrenaline","floor":5.0},{"not_picked":["Underhanded Strike","Poisoned Stab"],"picked":"Endless Agony","floor":8.0},{"not_picked":["Catalyst","Deadly Poison"],"picked":"Backflip","floor":10.0},{"not_picked":["Sucker Punch","Outmaneuver"],"picked":"Finisher","floor":11.0},{"not_picked":["Outmaneuver","Prepared"],"picked":"Acrobatics","floor":13.0},{"not_picked":["Backflip","Flying Knee"],"picked":"Slice","floor":14.0},{"not_picked":["Wraith Form v2","Storm of Steel"],"picked":"Adrenaline","floor":16.0},{"not_picked":["Flying Knee","Deflect"],"picked":"PiercingWail","floor":18.0},{"not_picked":["Outmaneuver","Blade Dance"],"picked":"Slice+1","floor":19.0},{"not_picked":["Riddle With Holes","Slice"],"picked":"Cloak And Dagger","floor":19.0},{"not_picked":["Blade Dance","Concentrate"],"picked":"Blur+1","floor":19.0},{"not_picked":["Bane","Caltrops"],"picked":"Noxious Fumes","floor":19.0},{"not_picked":["Bouncing Flask+1","Deadly Poison","Outmaneuver"],"picked":"SKIP","floor":21.0},{"not_picked":["Reflex+1","Well Laid Plans","Expertise"],"picked":"SKIP","floor":24.0},{"not_picked":["Eviscerate+1","Heel Hook","Outmaneuver"],"picked":"SKIP","floor":28.0},{"not_picked":["Unload","Poisoned Stab","Skewer"],"picked":"Singing Bowl","floor":29.0},{"not_picked":["Noxious Fumes","Endless Agony+1","Deadly Poison"],"picked":"Singing Bowl","floor":30},{"not_picked":["Poisoned Stab+1","Backflip"],"picked":"Prepared","floor":31},{"not_picked":["Unload","Grand Finale"],"picked":"Burst","floor":33},{"not_picked":["Dodge and Roll","Well Laid Plans","Phantasmal Killer"],"picked":"Singing Bowl","floor":34},{"not_picked":["Flying Knee+1","Outmaneuver","Deadly Poison+1"],"picked":"Singing Bowl","floor":35},{"not_picked":["Quick Slash+1","Dagger Throw","Choke+1"],"picked":"Singing Bowl","floor":37},{"not_picked":["Leg Sweep+1","Underhanded Strike"],"picked":"Bullet Time","floor":37},{"not_picked":["Outmaneuver+1","Expertise+1"],"picked":"PiercingWail+1","floor":40},{"not_picked":["Poisoned Stab+1","Sucker Punch+1"],"picked":"Malaise+1","floor":41},{"not_picked":["Poisoned Stab","Crippling Poison+1","Deflect+1"],"picked":"Singing Bowl","floor":41},{"not_picked":["Backstab","Finisher","Calculated Gamble+1"],"picked":"Singing Bowl","floor":42},{"not_picked":["Sucker Punch","Cloak And Dagger+1","PiercingWail+1"],"picked":"Singing Bowl","floor":42},{"not_picked":["Slice","Deadly Poison+1"],"picked":"Leg Sweep+1","floor":47},{"not_picked":["Acrobatics+1","Bullet Time+1"],"picked":"Tactician+1","floor":48}],"player_experience":317438,"relics_obtained":[{"floor":8.0,"key":"Pocketwatch"},{"floor":9.0,"key":"Tiny Chest"},{"floor":20.0,"key":"Enchiridion"},{"floor":24.0,"key":"Dead Branch"},{"floor":26.0,"key":"Letter Opener"},{"floor":29.0,"key":"Singing Bowl"},{"floor":38,"key":"Anchor"},{"floor":40,"key":"Toxic Egg 2"},{"floor":43,"key":"Lantern"},{"floor":47,"key":"Ice Cream"},{"floor":48,"key":"Bronze Scales"}],"event_choices":[{"cards_removed":["Strike_G"],"damage_healed":0.0,"max_hp_gain":0.0,"max_hp_loss":0.0,"gold_gain":0.0,"event_name":"Golden Wing","player_choice":"Card Removal","floor":3.0,"gold_loss":0.0,"damage_taken":7.0},{"damage_healed":0.0,"max_hp_gain":0.0,"max_hp_loss":0.0,"gold_gain":0.0,"event_name":"Match and Keep!","player_choice":"3 cards matched","floor":4.0,"gold_loss":0.0,"damage_taken":0.0,"cards_obtained":["Neutralize","Clumsy","Tactician"]},{"damage_healed":0.0,"max_hp_gain":0.0,"max_hp_loss":0.0,"gold_gain":0.0,"event_name":"Cursed Tome","player_choice":"Obtained Book","floor":20.0,"gold_loss":0.0,"damage_taken":16.0},{"damage_healed":0.0,"max_hp_gain":0.0,"max_hp_loss":0.0,"gold_gain":0.0,"event_name":"N\u0027loth","player_choice":"Traded Relic","floor":22.0,"relics_lost":["NeowsBlessing"],"gold_loss":0.0,"damage_taken":0.0,"relics_obtained":["Nloth\u0027s Gift"]},{"cards_removed":["Noxious Fumes"],"damage_healed":0,"gold_gain":0,"player_choice":"Removed Power","damage_taken":0,"max_hp_gain":0,"max_hp_loss":0,"event_name":"Falling","floor":44,"gold_loss":0},{"damage_healed":0,"gold_gain":0,"player_choice":"Embrace Madness","damage_taken":11,"max_hp_gain":0,"max_hp_loss":0,"event_name":"Winding Halls","floor":46,"gold_loss":0,"cards_obtained":["Madness","Madness"]},{"damage_healed":0,"gold_gain":0,"player_choice":"Fight","damage_taken":0,"max_hp_gain":0,"max_hp_loss":0,"event_name":"MindBloom","floor":47,"gold_loss":0}],"is_beta":false,"boss_relics":[{"not_picked":["Busted Crown","Snecko Eye"],"picked":"Astrolabe"},{"not_picked":["Coffee Dripper","Cursed Key"],"picked":"Tiny House"}],"items_purged_floors":[],"is_endless":false,"potions_floor_spawned":[5,13,14,16,21,24,30,33,37,41,47],"ascension_level":14}}