{"host":"YagamiMirai","time":1613023406,"event":{"mods":["Act Like it!","Alarm Clock","BaseMod","Downfall","Hermit","Lobotomy","Minty Spire (QoL Compilation)","Reliquary","Replay The Spire","Robot Space Explorer","Spicy Shops","StSLib","The Dragon Tamer","The Gatherer","The Mystic","TheHeartMod","Wide Potions","¡¾ÒÅÎï¿¨ÅÆ¡¿REMEMod","óô»ðÖ¸ÄÏ"],"gold_per_floor":[99,118,132,132,132,164,164,3,38,89,123,123,187,187,218,328,328,228,261,353,469,153,194,194,302,331,376,404,452,452,508,547,672,672,672,236,278,306,376,376,376,419,458,458,525,325,19,69,93,143,143,225,8,8,38,100],"floor_reached":57,"language":"ZHS","playtime":6291,"items_purged":["Shame","Sickly","downfall:Malfunctioning"],"score":1954,"play_id":"4571ab2a-de37-4f12-90d3-13a0f40e275b","local_time":"20210211140326","is_ascension_mode":true,"campfire_choices":[{"data":"MasterReality","floor":1.0,"key":"SMITH"},{"data":"sneckomod:UnknownUncommonPower","floor":18.0,"key":"SMITH"},{"data":"ReplayTheSpireMod:Faulty Equipment","floor":30,"key":"SMITH"},{"data":"expansioncontent:StudyTheSpire","floor":30,"key":"SMITH"},{"floor":35,"key":"RECALL"},{"data":"RobotSpaceExplorer:MiniBoosters","floor":46,"key":"SMITH"},{"data":"sneckomod:SoulExchange","floor":46,"key":"SMITH"},{"data":"sneckomod:Mudshield","floor":54,"key":"SMITH"},{"data":"sneckomod:SnakeSap","floor":54,"key":"SMITH"}],"circlet_count":0,"master_deck":["sneckomod:Strike","sneckomod:Strike","sneckomod:Strike","sneckomod:Defend","sneckomod:Defend","sneckomod:Defend","sneckomod:TailWhip","sneckomod:SnekBite","sneckomod:Unknown","sneckomod:Unknown+1","MasterReality+1","hexamod:FourthSeal","sneckomod:Unknown1Cost","sneckomod:UnknownUncommonAttack","sneckomod:UnknownWeak","sneckomod:UnknownRareSkill+1","sneckomod:UnknownUncommonPower+1","sneckomod:UnknownDraw","sneckomod:SoulRoll","sneckomod:SerpentIdol","sneckomod:Rotation","sneckomod:SoulExchange+1","Pot Of Greed+1","Sickly","sneckomod:PureSnecko+1","sneckomod:Nope+1","J.A.X.+1","Deep Breath+1","REME_MawOfCthun+1","sneckomod:ImprovisedAttack+1","sneckomod:CheapStock+1","expansioncontent:StudyTheSpire+1","sneckomod:Restock+1","Pot Of Greed+1","RobotSpaceExplorer:MiniBoosters+1","sneckomod:SnakeSap+1","sneckomod:Mudshield+1","Blind+1","sneckomod:WideSting","sneckomod:QuickMove+1","sneckomod:UnknownClassHEXA_GHOST_PURPLE+1","sneckomod:SoulDraw+1","sneckomod:Unknown3Cost+1","sneckomod:SlitherStrike+1","Pot Of Greed+1","sneckomod:Unknown3Cost+1","sneckomod:UnknownBoss+1","Discovery+1","sneckomod:DiceCrush","sneckomod:UnknownVulnerable+1","sneckomod:UnknownClassHEXA_GHOST_PURPLE+1","sneckomod:UnknownClassHEXA_GHOST_PURPLE+1","sneckomod:DangerNoodle","sneckomod:SnakeSap+1","sneckomod:UnknownX+1","sneckomod:UnknownDraw+1","sneckomod:PureSnecko+1","Pot Of Greed+1","sneckomod:SoulCleanse+1","sneckomod:SoulCleanse+1","ReplayTheSpireMod:IOU"],"relics":["sneckomod:SneckoSoul","REME_ComplimentaryCards","Toy Ornithopter","reliquary:RoseTintedGlasses","downfall:ShatteredFragment","reliquary:TridentHead","Pantograph","Replay:Bandana","MealTicket","Replay:Towering Pillar of Hats","Grinning Jar","Replay:Ancient Bell","Vajra","Toxic Egg 2","Torii","downfall:HeartBlessingGreen","ReplayTheSpireMod:CursedCoin","MutagenicStrength","Snack Pack","Nunchaku","Replay:Kaleidoscope","Replay:Arrowhead","downfall:GremlinSack","Garlic","reliquary:BoilingFlask","Ginger","SlaversCollar","BargainBundle","Chemical X","hexamod:Sixitude","Girya","Replay:WaspNest","Ring of Chaos","Ring of Misfortune","Gremlin Food","downfall:HeartBlessingRed","downfall:HeartBlessingBlue","Counterbalance","REME_CardOfGreed","Ancient Tea Set","Thread and Needle","Replay:Wax Seal","Lee\u0027s Waffle","Akabeko"],"acts_visited":["Exordium","TheCity","TheBeyond","TheEnding"],"potions_floor_usage":[22,22,25,27,27,29,32,33,33,36,43,50,55,56,56],"damage_taken":[{"damage":12.0,"enemies":"2 Louse","floor":2.0,"turns":3.0},{"damage":27.0,"enemies":"Small Slimes","floor":3.0,"turns":4.0},{"damage":31.0,"enemies":"3 Sentries","floor":6.0,"turns":6.0},{"damage":0.0,"enemies":"downfall:FleeingMerchant","floor":8.0,"turns":4.0},{"damage":1.0,"enemies":"Cultist","floor":9.0,"turns":2.0},{"damage":5.0,"enemies":"Gremlin Nob","floor":10.0,"turns":3.0},{"damage":6.0,"enemies":"2 Fungi Beasts","floor":11.0,"turns":3.0},{"damage":16.0,"enemies":"3 Sentries","floor":13.0,"turns":5.0},{"damage":0.0,"enemies":"Lots of Slimes","floor":15.0,"turns":1.0},{"damage":45.0,"enemies":"SI_SHIV_ARCHETYPE","floor":16.0,"turns":8.0},{"damage":10.0,"enemies":"3 Byrds","floor":19.0,"turns":5.0},{"damage":5.0,"enemies":"downfall:FleeingMerchant","floor":20.0,"turns":4.0},{"damage":63.0,"enemies":"downfall:Augmenter","floor":21.0,"turns":7.0},{"damage":5,"enemies":"downfall:FleeingMerchant","floor":22,"turns":2},{"damage":15,"enemies":"Book of Stabbing","floor":23,"turns":5},{"damage":0,"enemies":"Book of Stabbing","floor":25,"turns":2},{"damage":3,"enemies":"Spheric Guardian","floor":26,"turns":3},{"damage":11,"enemies":"Gremlin Leader","floor":27,"turns":5},{"damage":0,"enemies":"Cultist and Chosen","floor":28,"turns":4},{"damage":23,"enemies":"Book of Stabbing","floor":29,"turns":5},{"damage":7,"enemies":"Slavers","floor":31,"turns":5},{"damage":14,"enemies":"Centurion and Healer","floor":32,"turns":7},{"damage":18,"enemies":"IC_MUSHROOM_ARCHETYPE","floor":33,"turns":5},{"damage":4,"enemies":"3 Darklings","floor":37,"turns":2},{"damage":16,"enemies":"3 Darklings","floor":39,"turns":7},{"damage":4,"enemies":"Giant Head","floor":42,"turns":5},{"damage":25,"enemies":"3 Shapes","floor":43,"turns":3},{"damage":3,"enemies":"Reptomancer","floor":45,"turns":3},{"damage":9,"enemies":"Nemesis","floor":48,"turns":3},{"damage":3,"enemies":"Writhing Mass","floor":49,"turns":1},{"damage":6,"enemies":"DF_ARCHETYPE_ORBS","floor":50,"turns":2},{"damage":4,"enemies":"downfall:CharBossMerchant","floor":52,"turns":4},{"damage":0,"enemies":"downfall:NeowBoss","floor":55,"turns":7},{"damage":6,"enemies":"downfall:NeowBossFinal","floor":56,"turns":4}],"seed_played":"-6899196372896361589","potions_obtained":[{"floor":3.0,"key":"LiquidBronze"},{"floor":3.0,"key":"Milkshake"},{"floor":6.0,"key":"EssenceOfSteel"},{"floor":6.0,"key":"FairyPotion"},{"floor":8.0,"key":"ColorlessPotion"},{"floor":9.0,"key":"Fire Potion"},{"floor":10.0,"key":"Energy Potion"},{"floor":11.0,"key":"AttackPotion"},{"floor":11.0,"key":"Elixir"},{"floor":13.0,"key":"SteroidPotion"},{"floor":15.0,"key":"Swift Potion"},{"floor":16.0,"key":"sneckomod:DiceRollPotion"},{"floor":16.0,"key":"EssenceOfSteel"},{"floor":19.0,"key":"DistilledChaos"},{"floor":21.0,"key":"REME_GoldPotion"},{"floor":21.0,"key":"FearPotion"},{"floor":23,"key":"Fire Potion"},{"floor":23,"key":"SkillPotion"},{"floor":25,"key":"Doom Potion"},{"floor":27,"key":"Fruit Juice"},{"floor":27,"key":"Block Potion"},{"floor":28,"key":"CultistPotion"},{"floor":28,"key":"GamblersBrew"},{"floor":31,"key":"LifebloodPotion"},{"floor":32,"key":"Languid Potion"},{"floor":33,"key":"PowerPotion"},{"floor":42,"key":"SteroidPotion"},{"floor":43,"key":"champ:CounterPotion"},{"floor":48,"key":"Doom Potion"},{"floor":48,"key":"ColorlessPotion"},{"floor":52,"key":"EssenceOfSteel"}],"is_trial":false,"path_per_floor":["R","M","M","?","?","E","T","$","M","E","M","?","E","?","M","B",null,"R","M","$","?","$","E","T","?","M","E","M","E","R","E","M","B",null,"R","$","M","?","?","?","T","E","M","?","E","R","$","E","M","B",null,"E","$","R","B","B",null],"character_chosen":"THE_SNECKO","items_purchased":["Replay:Bandana","ReplayTheSpireMod:CursedCoin","Snack Pack","Nunchaku","expansioncontent:StudyTheSpire","BargainBundle","Fruit Juice","Dexterity Potion","Weak Potion","Chemical X","sneckomod:UnknownBoss+1","Discovery+1","Counterbalance","REME_CardOfGreed","Replay:Wax Seal","Lee\u0027s Waffle","Akabeko"],"campfire_rested":0,"item_purchase_floors":[8,20,22,22,22,36,36,36,36,36,36,36,47,47,53,53,53],"current_hp_per_floor":[90,78,51,48,27,1,1,11,20,25,19,19,17,17,31,26,99,99,97,97,39,64,62,62,74,75,89,93,86,86,85,84,92,107,107,112,109,65,53,53,53,62,53,53,60,70,85,80,86,122,122,118,129,129,129,129],"gold":100,"neow_bonus":"RANDOM_COMMON_RELIC","is_daily":false,"chose_seed":false,"campfire_upgraded":8,"win_rate":0.0,"timestamp":1613023406,"path_taken":["R","M","M","?","?","E","T","$","M","E","M","?","E","?","M","BOSS","R","M","$","?","$","E","T","?","M","E","M","E","R","E","M","BOSS","R","$","M","?","?","?","T","E","?","?","E","R","?","E","M","BOSS","E","$","R","BOSS","BOSS"],"items_purchased_type":["Relic","Relic","Relic","Relic","Card","Relic","Potion","Potion","Potion","Relic","Card","Card","Relic","Relic","Relic","Relic","Relic"],"build_version":"2020-12-18","purchased_purges":3,"victory":true,"max_hp_per_floor":[90,90,90,90,90,90,90,90,90,90,90,90,90,90,99,99,99,99,102,102,102,102,102,102,102,102,107,107,107,107,107,107,107,107,107,112,112,112,112,112,112,112,112,112,112,122,122,122,122,122,122,122,129,129,129,129],"card_choices":[{"not_picked":["hexamod:ThirdSeal","hexamod:FirstSeal"],"picked":"hexamod:FourthSeal","floor":2.0},{"not_picked":["sneckomod:UnknownCommonSkill","sneckomod:DiceBlock"],"picked":"sneckomod:Unknown1Cost","floor":2.0},{"not_picked":["sneckomod:UnknownDraw","sneckomod:UnknownExhaust"],"picked":"sneckomod:UnknownUncommonAttack","floor":3.0},{"not_picked":["sneckomod:DiceBlock","sneckomod:ImprovisedGuard"],"picked":"sneckomod:UnknownWeak","floor":6.0},{"not_picked":["sneckomod:SoulRoll","sneckomod:SnakeSap"],"picked":"sneckomod:UnknownRareSkill","floor":8.0},{"not_picked":["sneckomod:SoulRoll","sneckomod:UnknownUncommonSkill"],"picked":"sneckomod:UnknownUncommonPower","floor":9.0},{"not_picked":["sneckomod:Unknown1Cost","sneckomod:Nope"],"picked":"sneckomod:UnknownDraw","floor":10.0},{"not_picked":["sneckomod:SoulDraw","sneckomod:Restock"],"picked":"sneckomod:SoulRoll","floor":11.0},{"not_picked":["sneckomod:UnknownBlock","sneckomod:DiceCrush"],"picked":"sneckomod:SerpentIdol","floor":13.0},{"not_picked":["sneckomod:DiceCrush","sneckomod:QuickMove"],"picked":"sneckomod:Rotation","floor":15.0},{"not_picked":["sneckomod:Cheat","sneckomod:SerpentMind"],"picked":"sneckomod:SoulExchange","floor":16.0},{"not_picked":["CurseOfTheBell","downfall:Malfunctioning"],"picked":"Sickly","floor":17.0},{"not_picked":["CurseOfTheBell","downfall:Aged"],"picked":"Shame","floor":17.0},{"not_picked":["downfall:Malfunctioning","Languid"],"picked":"Sickly","floor":17.0},{"not_picked":["sneckomod:Unknown2Cost+1","sneckomod:UnknownClassTHE_BRONZE_AUTOMATON+1"],"picked":"sneckomod:PureSnecko+1","floor":19.0},{"not_picked":["sneckomod:UnknownDraw+1","sneckomod:ImprovisedAttack"],"picked":"sneckomod:Nope+1","floor":20.0},{"not_picked":[],"picked":"J.A.X.","floor":21.0},{"not_picked":["sneckomod:UnknownUncommonAttack","sneckomod:IronFang+1"],"picked":"sneckomod:ImprovisedAttack+1","floor":21.0},{"not_picked":["sneckomod:SoulExchange+1","sneckomod:UnknownClassTHE_BRONZE_AUTOMATON+1"],"picked":"sneckomod:CheapStock+1","floor":22},{"not_picked":["sneckomod:UnknownCommonAttack+1","sneckomod:DiceBlock+1"],"picked":"sneckomod:Restock+1","floor":23},{"not_picked":["sneckomod:UnknownClassRED+1","sneckomod:SoulRoll+1"],"picked":"sneckomod:WideSting","floor":26},{"not_picked":["sneckomod:MasterEye","sneckomod:UnknownUncommonAttack"],"picked":"sneckomod:QuickMove+1","floor":27},{"not_picked":["sneckomod:UnknownDraw+1","sneckomod:TrashToTreasure+1"],"picked":"sneckomod:UnknownClassHEXA_GHOST_PURPLE+1","floor":28},{"not_picked":["sneckomod:QuickBite","sneckomod:DefensiveFlair+1"],"picked":"sneckomod:SoulDraw+1","floor":29},{"not_picked":["sneckomod:QuickMove+1","sneckomod:UnknownClassRED+1"],"picked":"sneckomod:Unknown3Cost+1","floor":31},{"not_picked":["sneckomod:UnknownBlock+1","sneckomod:UnknownStrike"],"picked":"sneckomod:SlitherStrike+1","floor":32},{"not_picked":["sneckomod:UnlimitedRolls","sneckomod:UnknownRareAttack"],"picked":"sneckomod:Unknown3Cost+1","floor":33},{"not_picked":["sneckomod:SoulRoll+1","sneckomod:QuickBite+1"],"picked":"sneckomod:DiceCrush","floor":37},{"not_picked":["sneckomod:Rotation+1","sneckomod:DiceBlock+1"],"picked":"sneckomod:UnknownVulnerable+1","floor":37},{"not_picked":["sneckomod:IronFang","sneckomod:SoulRoll+1"],"picked":"sneckomod:UnknownClassHEXA_GHOST_PURPLE+1","floor":38},{"not_picked":["sneckomod:SoulDraw+1","sneckomod:ImprovisedGuard+1"],"picked":"sneckomod:UnknownClassHEXA_GHOST_PURPLE+1","floor":39},{"not_picked":["sneckomod:RainOfDice+1","sneckomod:MorePower"],"picked":"sneckomod:SnakeSap+1","floor":42},{"not_picked":["sneckomod:UnknownExhaust+1","sneckomod:UnknownClassHEXA_GHOST_PURPLE+1"],"picked":"sneckomod:UnknownX+1","floor":43},{"not_picked":["sneckomod:UnknownClassHEXA_GHOST_PURPLE+1","sneckomod:MasterEye"],"picked":"sneckomod:UnknownDraw+1","floor":45},{"not_picked":["sneckomod:Nope+1","sneckomod:UnknownCommonSkill+1"],"picked":"sneckomod:PureSnecko+1","floor":48},{"not_picked":["sneckomod:RainOfDice+1","sneckomod:SoulRoll+1"],"picked":"sneckomod:SoulCleanse+1","floor":49},{"not_picked":["sneckomod:PureSnecko+1","sneckomod:SoulRoll+1"],"picked":"sneckomod:SoulCleanse+1","floor":52}],"player_experience":975159,"relics_obtained":[{"floor":6.0,"key":"reliquary:TridentHead"},{"floor":7.0,"key":"Pantograph"},{"floor":10.0,"key":"MealTicket"},{"floor":13.0,"key":"Grinning Jar"},{"floor":21.0,"key":"MutagenicStrength"},{"floor":23,"key":"Replay:Kaleidoscope"},{"floor":24,"key":"Replay:Arrowhead"},{"floor":25,"key":"downfall:GremlinSack"},{"floor":27,"key":"Garlic"},{"floor":29,"key":"reliquary:BoilingFlask"},{"floor":31,"key":"Ginger"},{"floor":38,"key":"hexamod:Sixitude"},{"floor":39,"key":"Girya"},{"floor":42,"key":"Replay:WaspNest"},{"floor":44,"key":"Ring of Chaos"},{"floor":44,"key":"Ring of Misfortune"},{"floor":45,"key":"Gremlin Food"},{"floor":48,"key":"Ancient Tea Set"},{"floor":52,"key":"Thread and Needle"}],"event_choices":[{"damage_healed":0.0,"max_hp_gain":0.0,"max_hp_loss":0.0,"gold_gain":0.0,"event_name":"Scrap Ooze","player_choice":"Success","floor":4.0,"gold_loss":0.0,"damage_taken":3.0,"relics_obtained":["reliquary:RoseTintedGlasses"]},{"damage_healed":0.0,"max_hp_gain":0.0,"max_hp_loss":0.0,"gold_gain":0.0,"event_name":"Big Fish","player_choice":"Box","floor":12.0,"gold_loss":0.0,"damage_taken":0.0,"relics_obtained":["Replay:Towering Pillar of Hats"],"cards_obtained":["Regret"]},{"cards_removed":["Regret"],"damage_healed":0.0,"max_hp_gain":0.0,"max_hp_loss":0.0,"gold_gain":0.0,"event_name":"The Cleric","player_choice":"Card Removal","floor":14.0,"gold_loss":0.0,"damage_taken":0.0}],"is_beta":true,"boss_relics":[{"not_picked":["Snecko Eye","SacredBark"],"picked":"Replay:Ancient Bell"},{"not_picked":["Bag of Marbles","Blue Doll"],"picked":"Vajra"},{"not_picked":["reliquary:FeatherDuster","reliquary:PurpleTingedLeaf"],"picked":"Toxic Egg 2"},{"not_picked":["Lizard Tail","StoneCalendar"],"picked":"Torii"},{"not_picked":["Honey Jar","reliquary:KinkedSpring"],"picked":"SlaversCollar"}],"items_purged_floors":[20,22,36],"is_endless":false,"potions_floor_spawned":[6,9,11,13,16,21,23,27,28,32,42,43,48],"ascension_level":1}}