{"host":"3po7ngt2j61s4rmj","time":1613015540,"event":{"mods":["BaseMod","Minty Spire (QoL Compilation)","Relic Stats","Replay The Spire","StSLib"],"gold_per_floor":[114,130,145,145,159,159,194,194,194,194,194,194,194,213,213,224,224,300,300,317,367,367,89,89,89],"floor_reached":24,"language":"ENG","playtime":1939,"items_purged":[],"score":488,"play_id":"b7468b64-ed50-4b2b-9db4-3faa372db9c6","local_time":"20210210205220","is_ascension_mode":true,"campfire_choices":[{"data":"Reinforced Body","floor":6,"key":"SMITH"},{"floor":10,"key":"REST"},{"data":"Pot Of Greed","floor":13,"key":"SMITH"},{"data":"Hologram","floor":15,"key":"SMITH"},{"data":"Pot Of Greed","floor":17,"key":"SMITH"}],"circlet_count":0,"master_deck":["AscendersBane","Strike_B","Strike_B+1","Defend_B","Defend_B","Dualcast","ReplayTheSpireMod:Calculation Training+1","FIFO Queue","Reinforced Body+1","Heatsinks","Cold Snap","Pot Of Greed+1","Pot Of Greed+1","Hologram+1","Doom and Gloom","All For One","Overencumbered","ReplayTheSpireMod:Splinters","Scrape","Overencumbered","Regret","Pot Of Greed","Self Repair","Conserve Battery","Cold Snap","Thinking Ahead"],"relics":["Cracked Core","Replay:Baseball","Toy Ornithopter","Grinning Jar","Kintsugi","Mummified Hand","ReplayTheSpireMod:CursedCoin"],"acts_visited":["Exordium","TheCity"],"potions_floor_usage":[7,7,24],"damage_taken":[{"damage":1,"enemies":"Cultist","floor":1,"turns":3},{"damage":0,"enemies":"2 Louse","floor":2,"turns":1},{"damage":4,"enemies":"Jaw Worm","floor":3,"turns":4},{"damage":1,"enemies":"3 Louse","floor":5,"turns":5},{"damage":26,"enemies":"3 Sentries","floor":7,"turns":7},{"damage":8,"enemies":"Large Slime","floor":14,"turns":5},{"damage":15,"enemies":"Exordium Wildlife","floor":16,"turns":5},{"damage":17,"enemies":"The Guardian","floor":18,"turns":16},{"damage":41,"enemies":"Spheric Guardian","floor":20,"turns":8},{"damage":21,"enemies":"Shell Parasite","floor":24,"turns":5}],"seed_played":"-1368213632166526388","potions_obtained":[{"floor":1,"key":"Fire Potion"},{"floor":2,"key":"PowerPotion"},{"floor":5,"key":"Fire Potion"},{"floor":20,"key":"Dexterity Potion"}],"is_trial":false,"path_per_floor":["M","M","M","?","M","R","E","PTL","PTL","R","T","?","R","M","R","M","R","B",null,"M","?","?","$","M"],"character_chosen":"DEFECT","items_purchased":["ReplayTheSpireMod:CursedCoin","Self Repair","Conserve Battery","Cold Snap","Thinking Ahead","LiquidMemories"],"campfire_rested":1,"item_purchase_floors":[23,23,23,23,23,23],"current_hp_per_floor":[63,63,59,38,37,37,11,11,11,32,32,55,55,47,47,32,32,15,57,16,16,16,16,0,0],"gold":89,"neow_bonus":"RANDOM_COMMON_RELIC","is_daily":false,"chose_seed":false,"campfire_upgraded":4,"win_rate":0.0,"timestamp":1613015540,"path_taken":["M","M","?","?","M","R","E","PTL","PTL","R","T","?","R","M","R","?","R","BOSS","M","?","?","$","M"],"items_purchased_type":["Relic","Card","Card","Card","Card","Potion"],"build_version":"2020-12-22","purchased_purges":0,"victory":false,"max_hp_per_floor":[71,71,71,71,71,71,71,71,71,71,71,71,71,71,71,71,71,71,71,71,71,71,71,71,71],"relic_stats":{"counters":[10,59],"Mummified Hand":[3],"obtain_stats":[{"Replay:Baseball":0,"Mummified Hand":22,"ReplayTheSpireMod:CursedCoin":23,"Grinning Jar":11,"Kintsugi":19,"Cracked Core":0,"Toy Ornithopter":7},{"Replay:Baseball":0,"Mummified Hand":9,"ReplayTheSpireMod:CursedCoin":9,"Grinning Jar":5,"Kintsugi":8,"Cracked Core":0,"Toy Ornithopter":5},{"Replay:Baseball":0,"Mummified Hand":54,"ReplayTheSpireMod:CursedCoin":54,"Grinning Jar":20,"Kintsugi":46,"Cracked Core":0,"Toy Ornithopter":20}],"Toy Ornithopter":5},"card_choices":[{"not_picked":["Hologram","Steam Power"],"picked":"ReplayTheSpireMod:Calculation Training","floor":1},{"not_picked":["Auto Shields","White Noise"],"picked":"FIFO Queue","floor":2},{"not_picked":["ReplayTheSpireMod:Reroute Power","ReplayTheSpireMod:Repulse"],"picked":"Reinforced Body","floor":3},{"not_picked":["Panic Button","Turbo"],"picked":"Heatsinks","floor":5},{"not_picked":["Fusion","Doom and Gloom"],"picked":"Cold Snap","floor":7},{"not_picked":["BasicCrystalCard","Go for the Eyes"],"picked":"Hologram","floor":14},{"not_picked":["Redo","ReplaySort"],"picked":"Doom and Gloom","floor":16},{"not_picked":["ReplayTheSpireMod:Omega Cannon","Multi-Cast"],"picked":"All For One","floor":18},{"not_picked":["Force Field+1","Rip and Tear"],"picked":"Scrape","floor":20}],"player_experience":894756,"relics_obtained":[{"floor":7,"key":"Toy Ornithopter"},{"floor":11,"key":"Grinning Jar"}],"event_choices":[{"damage_healed":0,"gold_gain":0,"player_choice":"Entered Light","damage_taken":21,"max_hp_gain":0,"max_hp_loss":0,"event_name":"Shining Light","floor":4,"gold_loss":0,"cards_upgraded":["Strike_B","ReplayTheSpireMod:Calculation Training"]},{"damage_healed":23,"gold_gain":0,"player_choice":"Banana","damage_taken":0,"max_hp_gain":0,"max_hp_loss":0,"event_name":"Big Fish","floor":12,"gold_loss":0},{"damage_healed":0,"gold_gain":50,"player_choice":"Stole From Cult","damage_taken":0,"max_hp_gain":0,"max_hp_loss":0,"event_name":"Nest","floor":21,"gold_loss":0}],"is_beta":false,"boss_relics":[{"not_picked":["Runic Dome","SlaversCollar"],"picked":"Kintsugi"}],"items_purged_floors":[],"is_endless":false,"potions_floor_spawned":[1,2,3,5,20],"killed_by":"Shell Parasite","ascension_level":20}}