{"host":"3y9j540ftq0by6cq","time":1613050847,"event":{"mods":["BaseMod","Minty Spire (QoL Compilation)","StSLib"],"gold_per_floor":[119,138,153,167,81,112,124,175,211,298,329,360,372,404,416,542,554,589,600,259,296,318,318,57,81,129,138,161,189,224,244,244,349,349,375,402,427,121,130,169,188,197,197,41,41,82,91,119,119,119],"floor_reached":51,"language":"ZHT","playtime":3214,"items_purged":[],"score":841,"play_id":"d827348b-e3df-4bfa-98db-1e93bb6566da","local_time":"20210211214047","daily_mods":["Draft","Red Cards","Heirloom"],"is_ascension_mode":false,"campfire_choices":[{"data":"Rage","floor":7,"key":"SMITH"},{"data":"Armaments","floor":15,"key":"SMITH"},{"data":"Mayhem","floor":23,"key":"SMITH"},{"floor":27,"key":"REST"},{"data":"Fire Breathing","floor":32,"key":"SMITH"},{"floor":42,"key":"REST"},{"floor":47,"key":"REST"},{"data":"Barricade","floor":49,"key":"SMITH"}],"circlet_count":0,"master_deck":["Rampage","Reckless Charge+1","Battle Trance","Entrench","Wild Strike","Wild Strike","Disarm","Rage+1","Shrug It Off","Iron Wave","Armaments+1","Seeing Red","Infernal Blade","Reckless Charge","Flex","Power Through","Metallicize","Shrug It Off","Finesse","Iron Wave+1","Flame Barrier","Reckless Charge","Shrug It Off","Twin Strike","Immolate","Ghostly Armor+1","Metallicize","Metallicize","Mayhem+1","Finesse","Cleave","Wild Strike","Body Slam","Rage","Iron Wave","Impervious","Fire Breathing+1","Shrug It Off","Inflame+1","Shrug It Off","Impervious","Body Slam+1","Dark Shackles","Deep Breath","Good Instincts","Ghostly Armor","Feel No Pain","Good Instincts","Anger","Writhe","Anger","Warcry","Intimidate","Seeing Red+1","Entrench","Barricade+1"],"relics":["Burning Blood","Calipers","MawBank","CeramicFish","Toy Ornithopter","Sozu","Red Mask","Dream Catcher","Potion Belt","Whetstone","Black Star","Bag of Preparation","Boot","Omamori","StrikeDummy","HandDrill","Eternal Feather","Shuriken"],"acts_visited":["Exordium","TheCity","TheBeyond"],"potions_floor_usage":[6,50],"damage_taken":[{"damage":5,"enemies":"Small Slimes","floor":1,"turns":2},{"damage":0,"enemies":"2 Louse","floor":2,"turns":2},{"damage":0,"enemies":"Cultist","floor":3,"turns":2},{"damage":0,"enemies":"Exordium Wildlife","floor":4,"turns":3},{"damage":13,"enemies":"3 Sentries","floor":6,"turns":8},{"damage":9,"enemies":"Gremlin Nob","floor":8,"turns":4},{"damage":0,"enemies":"2 Fungi Beasts","floor":11,"turns":3},{"damage":0,"enemies":"Looter","floor":12,"turns":2},{"damage":4,"enemies":"Exordium Wildlife","floor":14,"turns":4},{"damage":55,"enemies":"Slime Boss","floor":16,"turns":19},{"damage":8,"enemies":"3 Byrds","floor":18,"turns":6},{"damage":6,"enemies":"2 Thieves","floor":19,"turns":4},{"damage":0,"enemies":"Masked Bandits","floor":21,"turns":3},{"damage":18,"enemies":"Snake Plant","floor":22,"turns":5},{"damage":25,"enemies":"Sentry and Sphere","floor":25,"turns":7},{"damage":0,"enemies":"Centurion and Healer","floor":28,"turns":8},{"damage":0,"enemies":"Snake Plant","floor":29,"turns":3},{"damage":16,"enemies":"Book of Stabbing","floor":30,"turns":7},{"damage":6,"enemies":"Cultist and Chosen","floor":31,"turns":6},{"damage":26,"enemies":"Automaton","floor":33,"turns":11},{"damage":14,"enemies":"3 Darklings","floor":35,"turns":7},{"damage":1,"enemies":"Orb Walker","floor":37,"turns":4},{"damage":52,"enemies":"Reptomancer","floor":40,"turns":9},{"damage":0,"enemies":"Writhing Mass","floor":41,"turns":9},{"damage":23,"enemies":"Nemesis","floor":46,"turns":9},{"damage":12,"enemies":"3 Darklings","floor":48,"turns":6},{"damage":63,"enemies":"Donu and Deca","floor":50,"turns":14}],"seed_played":"5868487095311502512","potions_obtained":[{"floor":1,"key":"Explosive Potion"},{"floor":4,"key":"BloodPotion"},{"floor":11,"key":"SpeedPotion"},{"floor":12,"key":"Ancient Potion"}],"is_trial":true,"path_per_floor":["M","M","M","M","$","E","R","E","T","?","M","M","?","M","R","B",null,"M","M","$","?","M","R","$","M","T","R","M","M","E","M","R","B",null,"M","?","M","$","?","E","M","R","T","$","?","E","R","M","R","B",null],"character_chosen":"IRONCLAD","items_purchased":["Finesse","Metallicize","Mayhem","Wild Strike","Finesse","Body Slam","Dream Catcher","Rage","Feel No Pain","Good Instincts","Anger","Bag of Preparation","HandDrill"],"campfire_rested":3,"item_purchase_floors":[5,20,20,20,20,24,24,24,38,38,38,38,44],"current_hp_per_floor":[80,80,80,80,80,73,73,70,70,59,65,71,76,78,78,29,80,78,78,78,80,68,68,68,49,49,73,79,80,70,70,70,50,80,72,62,67,67,80,34,40,64,64,64,64,47,80,74,80,44],"gold":119,"neow_bonus":"","is_daily":false,"chose_seed":false,"campfire_upgraded":5,"win_rate":0.0,"timestamp":1613050847,"path_taken":["M","M","M","M","$","E","R","E","T","?","M","M","?","M","R","BOSS","M","?","$","?","M","R","$","M","T","R","M","M","E","M","R","BOSS","M","?","M","$","?","E","M","R","T","?","?","E","R","?","R","BOSS"],"items_purchased_type":["Card","Card","Card","Card","Card","Card","Relic","Card","Card","Card","Card","Relic","Relic"],"build_version":"2020-12-22","purchased_purges":0,"victory":true,"max_hp_per_floor":[80,80,80,80,80,80,80,80,80,80,80,80,80,80,80,80,80,80,80,80,80,80,80,80,80,80,80,80,80,80,80,80,80,80,80,80,80,80,80,80,80,80,80,80,80,80,80,80,80,80],"card_choices":[{"not_picked":["Searing Blow","Twin Strike"],"picked":"Rampage","floor":0},{"not_picked":["Shrug It Off","Wild Strike"],"picked":"Reckless Charge","floor":0},{"not_picked":["Havoc","Headbutt"],"picked":"Battle Trance","floor":0},{"not_picked":["Wild Strike","Thunderclap"],"picked":"Entrench","floor":0},{"not_picked":["True Grit","Headbutt"],"picked":"Wild Strike","floor":0},{"not_picked":["Uppercut","Rupture"],"picked":"Wild Strike","floor":0},{"not_picked":["Twin Strike","Sword Boomerang"],"picked":"Disarm","floor":0},{"not_picked":["Shrug It Off","Sentinel"],"picked":"Rage","floor":0},{"not_picked":["Burning Pact","Flex"],"picked":"Shrug It Off","floor":0},{"not_picked":["Perfected Strike","Heavy Blade"],"picked":"Iron Wave","floor":0},{"not_picked":["Heavy Blade","Shrug It Off"],"picked":"Armaments","floor":0},{"not_picked":["Sentinel","Sword Boomerang"],"picked":"Seeing Red","floor":0},{"not_picked":["Spot Weakness","Sword Boomerang"],"picked":"Infernal Blade","floor":0},{"not_picked":["Perfected Strike","Infernal Blade"],"picked":"Reckless Charge","floor":0},{"not_picked":["Warcry","Pommel Strike"],"picked":"Flex","floor":0},{"not_picked":["Disarm","Reckless Charge"],"picked":"Power Through","floor":1},{"not_picked":["Pommel Strike","Sentinel"],"picked":"Metallicize","floor":2},{"not_picked":["Flex","Blood for Blood"],"picked":"Shrug It Off","floor":3},{"not_picked":["Uppercut","Sever Soul"],"picked":"Warcry","floor":4},{"not_picked":["Offering","Limit Break"],"picked":"Iron Wave","floor":6},{"not_picked":["Entrench","Warcry"],"picked":"Flame Barrier","floor":8},{"not_picked":["Intimidate","Evolve"],"picked":"Reckless Charge","floor":11},{"not_picked":["Sentinel","Armaments"],"picked":"Shrug It Off","floor":12},{"not_picked":["Armaments","Shockwave"],"picked":"Twin Strike","floor":14},{"not_picked":["Feed","Exhume"],"picked":"Immolate","floor":16},{"not_picked":["Searing Blow+1","Thunderclap"],"picked":"Ghostly Armor+1","floor":18},{"not_picked":["Anger","Carnage+1"],"picked":"Metallicize","floor":19},{"not_picked":["Searing Blow","Burning Pact"],"picked":"Cleave","floor":21},{"not_picked":["Clash","Flex"],"picked":"Wild Strike","floor":22},{"not_picked":["Sentinel","Sever Soul"],"picked":"Iron Wave","floor":25},{"not_picked":["Sever Soul","Clash+1"],"picked":"Impervious","floor":27},{"not_picked":["Dark Embrace+1","Warcry"],"picked":"Fire Breathing","floor":28},{"not_picked":["Clash","Twin Strike"],"picked":"Shrug It Off","floor":29},{"not_picked":["Heavy Blade","Offering"],"picked":"Inflame+1","floor":30},{"not_picked":["Warcry","Blood for Blood"],"picked":"Shrug It Off","floor":31},{"not_picked":["Berserk","Barricade"],"picked":"Impervious","floor":33},{"not_picked":["True Grit+1","Flame Barrier+1"],"picked":"Body Slam+1","floor":35},{"not_picked":["Forethought","Purity"],"picked":"Dark Shackles","floor":36},{"not_picked":["Flash of Steel","The Bomb"],"picked":"Deep Breath","floor":36},{"not_picked":["Dramatic Entrance","Master of Strategy"],"picked":"Good Instincts","floor":36},{"not_picked":["Hemokinesis","Clash+1"],"picked":"Ghostly Armor","floor":37},{"not_picked":["Burning Pact","Disarm"],"picked":"Anger","floor":40},{"not_picked":["Dropkick+1","Sword Boomerang"],"picked":"Warcry","floor":41},{"not_picked":["Wild Strike+1","Rupture"],"picked":"Intimidate","floor":42},{"not_picked":["Flex+1","True Grit"],"picked":"Seeing Red+1","floor":46},{"not_picked":["Havoc","Pummel+1"],"picked":"Entrench","floor":47},{"not_picked":["Seeing Red+1","Pummel+1"],"picked":"Barricade","floor":48}],"player_experience":67309,"relics_obtained":[{"floor":6,"key":"MawBank"},{"floor":8,"key":"CeramicFish"},{"floor":9,"key":"Toy Ornithopter"},{"floor":21,"key":"Red Mask"},{"floor":26,"key":"Potion Belt"},{"floor":30,"key":"Whetstone"},{"floor":40,"key":"Boot"},{"floor":40,"key":"Omamori"},{"floor":43,"key":"StrikeDummy"},{"floor":46,"key":"Eternal Feather"},{"floor":46,"key":"Shuriken"}],"event_choices":[{"damage_healed":0,"gold_gain":75,"player_choice":"Gather Gold","damage_taken":11,"max_hp_gain":0,"max_hp_loss":0,"event_name":"World of Goop","floor":10,"gold_loss":0},{"cards_removed":["Warcry"],"damage_healed":5,"gold_gain":0,"player_choice":"Offered Common","damage_taken":0,"max_hp_gain":0,"max_hp_loss":0,"event_name":"Bonfire Elementals","floor":13,"gold_loss":0},{"cards_removed":["Warcry"],"damage_healed":5,"gold_gain":0,"player_choice":"Offered Special","damage_taken":0,"max_hp_gain":0,"max_hp_loss":0,"event_name":"Bonfire Elementals","floor":13,"gold_loss":0},{"damage_healed":0,"gold_gain":0,"player_choice":"Fought Bandits","damage_taken":0,"max_hp_gain":0,"max_hp_loss":0,"event_name":"Masked Bandits","floor":21,"gold_loss":0},{"damage_healed":0,"gold_gain":0,"player_choice":"Memory 3","damage_taken":10,"max_hp_gain":0,"max_hp_loss":0,"event_name":"SensoryStone","floor":36,"gold_loss":0},{"damage_healed":20,"gold_gain":0,"player_choice":"Writhe","damage_taken":0,"max_hp_gain":0,"max_hp_loss":0,"event_name":"Winding Halls","floor":39,"gold_loss":0,"cards_obtained":["Writhe"]},{"cards_removed":["Wild Strike"],"damage_healed":0,"gold_gain":0,"player_choice":"Removed Attack","damage_taken":0,"max_hp_gain":0,"max_hp_loss":0,"event_name":"Falling","floor":45,"gold_loss":0}],"is_beta":false,"boss_relics":[{"not_picked":["Empty Cage","Coffee Dripper"],"picked":"Sozu"},{"not_picked":["Black Blood","SacredBark"],"picked":"Black Star"}],"items_purged_floors":[],"is_endless":false,"potions_floor_spawned":[1,4,11,12,19,21,28,29,31,37,41,46],"ascension_level":0}}