{"host":"ls51t9cob9m2p2s9","time":1613060174,"event":{"mods":["2.2 Compatiblity","AchievementEnabler","Bard","BaseMod","Beaked The Cultist","Become a monster ???","Better Third Choice","Challenge The Spire","Colored Powertips","Conspire","Downfall","Gremlin Mod","Hermit","Highlight Path","Lobotomy","Marisa????????","Mimic Mod","Minty Spire (QoL Compilation)","Quick Restart","Random Character Button","Rare Cards Sparkle","Reliquary","Replay The Spire","Shop Mod","StSLib","The Disciple","The Hierophant","TheBandit","TheHeartMod","Thieving Mod","Uncapped","Wandering Minibosses"],"gold_per_floor":[118,325,234,245,245,245,44,44,44,44,55,55,75,75,75],"floor_reached":14,"language":"ENG","playtime":1252,"items_purged":[],"score":78,"play_id":"3b063bb4-0bec-4aa5-b1c9-116f37e5a22f","local_time":"20210211161614","is_ascension_mode":false,"campfire_choices":[{"floor":6,"key":"RECALL"},{"floor":8,"key":"REST"},{"data":"bard:SixFourTime","floor":10,"key":"SMITH"},{"data":"bard:HarmoniousVoice","floor":12,"key":"SMITH"}],"circlet_count":0,"master_deck":["bard:Strike","bard:Strike","bard:Strike","bard:Strike","bard:Defend","bard:Defend","bard:Defend","bard:Defend","bard:Riposte","bard:Inspire","BeautyBeast","bard:HideousLaughter","bard:Heroism","bard:SongBolt","bard:SongBolt","bard:Sift","GreedKing","bard:PhantasmalForce","bard:SixFourTime+1","bard:DervishDance","bard:Gamble","OSAHOGD","bard:HarmoniousVoice+1","PunishingBird","bard:LingeringEcho"],"relics":["bard:PitchPipe","bard:BagPipes","CogitoBucket","ReplayTheSpireMod:CursedCoin","MerchantsRug"],"acts_visited":["Exordium"],"potions_floor_usage":[],"damage_taken":[{"damage":0,"enemies":"2 Louse","floor":1,"turns":5},{"damage":0,"enemies":"Small Slimes","floor":4,"turns":2},{"damage":1,"enemies":"Cultist","floor":11,"turns":3},{"damage":19,"enemies":"3 Louse","floor":13,"turns":4},{"damage":95,"enemies":"Lagavulin","floor":14,"turns":2}],"seed_played":"7054267638961777370","potions_obtained":[{"floor":11,"key":"CultistPotion"},{"floor":13,"key":"Strength Potion"}],"is_trial":false,"path_per_floor":["M","?","$","M","?","R","$","R","T","R","M","R","M","E"],"character_chosen":"BARD","items_purchased":["ReplayTheSpireMod:CursedCoin","bard:SongBolt","MerchantsRug","bard:Sift","bard:SixFourTime","bard:DervishDance","bard:Gamble"],"campfire_rested":1,"item_purchase_floors":[3,3,3,3,7,7,7],"current_hp_per_floor":[70,42,42,42,42,42,42,63,63,63,62,62,43,0,0],"gold":75,"neow_bonus":"","is_daily":false,"chose_seed":false,"campfire_upgraded":2,"win_rate":0.0,"timestamp":1613060174,"path_taken":["M","?","$","M","?","R","$","R","T","R","?","R","M","E"],"items_purchased_type":["Relic","Card","Relic","Card","Card","Card","Card"],"build_version":"2020-12-22","purchased_purges":0,"victory":false,"max_hp_per_floor":[70,70,70,70,70,70,70,70,70,70,70,70,70,70,70],"card_choices":[{"not_picked":["VoidDream","Murderer"],"picked":"BeautyBeast","floor":1},{"not_picked":["bard:FirstStrike","bard:ThickOfTheFight"],"picked":"bard:HideousLaughter","floor":1},{"not_picked":["bard:PrismaticSpray","bard:Gamble"],"picked":"bard:Heroism","floor":2},{"not_picked":["Mercenary","Murderer"],"picked":"GreedKing","floor":4},{"not_picked":["bard:HideousLaughter","bard:SongBolt"],"picked":"bard:PhantasmalForce","floor":4},{"not_picked":["CrumblingArmor","Wellcheers"],"picked":"OSAHOGD","floor":11},{"not_picked":["bard:InspiringSong","bard:BottledSong"],"picked":"bard:HarmoniousVoice","floor":11},{"not_picked":["Murderer","Freischutz"],"picked":"PunishingBird","floor":13},{"not_picked":["bard:Silence","bard:BucklerBash"],"picked":"bard:LingeringEcho","floor":13}],"player_experience":436454,"relics_obtained":[],"event_choices":[{"cards_removed":["ReplayTheSpireMod:Splinters"],"damage_healed":0,"gold_gain":0,"player_choice":"Removed Curses","damage_taken":0,"max_hp_gain":0,"max_hp_loss":0,"event_name":"Fountain of Cleansing","floor":5,"gold_loss":0}],"is_beta":false,"boss_relics":[],"items_purged_floors":[],"is_endless":false,"potions_floor_spawned":[11,13],"killed_by":"Lagavulin","ascension_level":0}}