{"host":"dcj2yvrgcvh5dl2s","time":1613012375,"event":{"mods":["BaseMod","Bestiary","Better Note","Block Reminder","Colored Powertips","Curses Come First","DeckTracker","Minty Spire (QoL Compilation)","Quick Restart","Rare Cards Sparkle","Relic Stats","StSLib"],"gold_per_floor":[14,14,14,39,14,14,50,20,46,46,59,90,90,110,110,199,199,218,58,83,83,33,33,33],"floor_reached":23,"language":"ENG","playtime":5264,"items_purged":[],"score":374,"play_id":"e61bf0c3-ec98-46e9-90ab-cc9cabac3ee6","local_time":"20210211125935","is_ascension_mode":true,"campfire_choices":[{"data":"True Grit","floor":6.0,"key":"SMITH"},{"floor":13.0,"key":"REST"},{"data":"Body Slam","floor":15.0,"key":"SMITH"}],"circlet_count":0,"master_deck":["AscendersBane","Strike_R+1","Strike_R","Strike_R","Strike_R","Defend_R","Defend_R","Defend_R","Defend_R+1","Bash","Immolate+1","Body Slam+1","Spot Weakness","True Grit+1","Shrug It Off","Armaments","Inflame","Berserk+1","Demon Form","Entrench+1"],"relics":["Burning Blood","Golden Idol","CaptainsWheel","Whetstone","Odd Mushroom","Velvet Choker","Vajra"],"acts_visited":["Exordium","TheCity"],"potions_floor_usage":[],"damage_taken":[{"damage":7.0,"enemies":"Jaw Worm","floor":1.0,"turns":2.0},{"damage":3.0,"enemies":"2 Louse","floor":4.0,"turns":3.0},{"damage":35.0,"enemies":"Gremlin Nob","floor":7.0,"turns":4.0},{"damage":1.0,"enemies":"Cultist","floor":11.0,"turns":4.0},{"damage":10.0,"enemies":"The Mushroom Lair","floor":12.0,"turns":3.0},{"damage":6.0,"enemies":"Looter","floor":14.0,"turns":3.0},{"damage":19.0,"enemies":"Slime Boss","floor":16.0,"turns":7.0},{"damage":20.0,"enemies":"Shell Parasite","floor":18.0,"turns":5.0},{"damage":31.0,"enemies":"2 Thieves","floor":20.0,"turns":3.0},{"damage":38,"enemies":"Gremlin Leader","floor":23,"turns":5}],"seed_played":"-1719016838966592533","potions_obtained":[{"floor":8.0,"key":"Swift Potion"},{"floor":8.0,"key":"Regen Potion"},{"floor":11.0,"key":"GamblersBrew"},{"floor":12.0,"key":"Energy Potion"},{"floor":18.0,"key":"Fruit Juice"}],"is_trial":false,"path_per_floor":["M","?","?","M","$","R","E","?","T","$","M","?","R","M","R","B",null,"M","$","M","?","?","E"],"character_chosen":"IRONCLAD","items_purchased":["True Grit","Vajra"],"campfire_rested":1,"item_purchase_floors":[5,19],"current_hp_per_floor":[67,41,41,44,44,44,15,15,15,15,32,28,50,50,50,37,66,57,57,32,32,32,0,0],"gold":33,"neow_bonus":"THREE_RARE_CARDS","is_daily":false,"chose_seed":false,"campfire_upgraded":2,"win_rate":0.0,"timestamp":1613012375,"path_taken":["M","?","?","?","$","R","E","?","T","?","M","?","R","M","R","BOSS","M","$","M","?","?","E"],"items_purchased_type":["Card","Relic"],"build_version":"2020-12-22","purchased_purges":0,"victory":false,"max_hp_per_floor":[75,75,75,75,75,75,75,75,75,75,75,75,75,75,75,75,75,80,80,80,80,80,80,80],"relic_stats":{"counters":[10,39],"Golden Idol":52,"Whetstone":["Immolate","Strike_R"],"obtain_stats":[{"CaptainsWheel":7,"Golden Idol":2,"Velvet Choker":17,"Vajra":19,"Whetstone":9,"Odd Mushroom":12,"Burning Blood":0},{"CaptainsWheel":3,"Golden Idol":1,"Velvet Choker":7,"Vajra":8,"Whetstone":3,"Odd Mushroom":5,"Burning Blood":0},{"CaptainsWheel":9,"Golden Idol":2,"Velvet Choker":26,"Vajra":31,"Whetstone":9,"Odd Mushroom":16,"Burning Blood":0}],"Burning Blood":54},"card_choices":[{"not_picked":["Reaper","Berserk"],"picked":"Immolate","floor":0.0},{"not_picked":["Ghostly Armor","Combust"],"picked":"Body Slam","floor":1.0},{"not_picked":["Headbutt","Clash","Iron Wave"],"picked":"SKIP","floor":4.0},{"not_picked":["Havoc","Dual Wield"],"picked":"Shrug It Off","floor":7.0},{"not_picked":["Anger","Armaments","Iron Wave"],"picked":"SKIP","floor":11.0},{"not_picked":["Anger","Iron Wave"],"picked":"Armaments","floor":11.0},{"not_picked":["Anger","Entrench"],"picked":"Inflame","floor":12.0},{"not_picked":["Pommel Strike","Thunderclap"],"picked":"Berserk","floor":14.0},{"not_picked":["Bludgeon","Juggernaut"],"picked":"Demon Form","floor":16.0},{"not_picked":["Whirlwind","Clothesline"],"picked":"Entrench+1","floor":18.0},{"not_picked":["Flame Barrier","Rage","Reckless Charge"],"picked":"SKIP","floor":20.0}],"player_experience":2367979,"relics_obtained":[{"floor":7.0,"key":"CaptainsWheel"},{"floor":9.0,"key":"Whetstone"},{"floor":12.0,"key":"Odd Mushroom"}],"event_choices":[{"damage_healed":0.0,"max_hp_gain":0.0,"max_hp_loss":0.0,"gold_gain":0.0,"event_name":"Golden Idol","player_choice":"Take Damage","floor":2.0,"gold_loss":0.0,"damage_taken":26.0,"relics_obtained":["Golden Idol"]},{"damage_healed":0.0,"max_hp_gain":0.0,"max_hp_loss":0.0,"gold_gain":0.0,"cards_transformed":["Strike_R"],"event_name":"Transmorgrifier","player_choice":"Transformed","floor":3.0,"gold_loss":0.0,"damage_taken":0.0,"cards_obtained":["Spot Weakness"]},{"damage_healed":0.0,"max_hp_gain":0.0,"max_hp_loss":0.0,"gold_gain":0.0,"event_name":"The Woman in Blue","player_choice":"Bought 2 Potions","floor":8.0,"gold_loss":0.0,"damage_taken":0.0},{"damage_healed":0.0,"max_hp_gain":0.0,"max_hp_loss":0.0,"gold_gain":0.0,"event_name":"Mushrooms","player_choice":"Fought Mushrooms","floor":12.0,"gold_loss":0.0,"damage_taken":0.0},{"damage_healed":0.0,"max_hp_gain":0.0,"max_hp_loss":0.0,"gold_gain":0.0,"event_name":"Cursed Tome","player_choice":"Ignored","floor":21.0,"gold_loss":0.0,"damage_taken":0.0},{"damage_healed":0.0,"max_hp_gain":0.0,"max_hp_loss":0.0,"gold_gain":0.0,"event_name":"Designer","player_choice":"Upgraded Two","floor":22.0,"gold_loss":50.0,"damage_taken":0.0,"cards_upgraded":["Defend_R","Berserk"]}],"is_beta":false,"boss_relics":[{"not_picked":["Snecko Eye","Runic Dome"],"picked":"Velvet Choker"}],"items_purged_floors":[],"is_endless":false,"potions_floor_spawned":[11,12,18],"killed_by":"Gremlin Leader","ascension_level":20}}