{"host":"qheym18ww6mhskxf","time":1613059568,"event":{"mods":["100% Spire Juice","BaseMod","CapriCore","Friendly Minions","GungeonMod","KOR Keyword Fix","Kiyohime£¨?ýï£©","Minty Spire (QoL Compilation)","Prisma Mod","Quick Restart","Rare Cards Sparkle","Shop Mod","Spicy Shops","StSLib","Td1madao Mod","The Dragon Tamer","Username Fix"],"gold_per_floor":[116,41,41,41,41,41,72,102,102,128,157,20,20,55,55,158,158,183,183,183,196,152,152,175,175,199,216,257,267,267,302,302,404,404,427,427,446,12,0,38,69,110,148,96,123,86,421,434,434,538,538,557,568,84,103,116,116,152,0,0,39,51,85,85,96,96,197,197,210,210,230,180,198,198,224,238,273,24,59,74,102,53,53,155,155,171,171,184,34,63,95,95,126,159,1,35,52,80,97,97,199,199,215,0,11,25,40,40,40,84,127,127,158,158,182,32,32,158,158,174,198,63,86,110,110,140,174,213,238,279,2,36,52,52,173,173,196,79,93,32,95,126,126,170,206,228,263,297,342,377,377,508,508,533,321,346,346,362,400,400,433,468,468,468],"floor_reached":163,"language":"KOR","playtime":4556,"items_purged":["Survivor","Writhe","Strike_G+1","Defend_G+1","Defend_G+1","Strike_G+1","Strike_G+1","Strike_G+1","Defend_G+1","Defend_G+1","Defend_G+1"],"score":8416,"play_id":"19009bc0-a546-4490-8d74-347fe41fb9a9","local_time":"20210212010608","daily_mods":["Heirloom","Time Dilation","DeadlyEvents","Elite Swarm"],"is_ascension_mode":true,"campfire_choices":[{"data":"Defend_G","floor":6.0,"key":"SMITH"},{"data":"Defend_G","floor":13.0,"key":"SMITH"},{"floor":15.0,"key":"REST"},{"data":"PrismaMod:ChloeExcalibur","floor":23.0,"key":"SMITH"},{"data":"PrismaMod:ChloeExcalibur","floor":25.0,"key":"SMITH"},{"data":"After Image","floor":30.0,"key":"SMITH"},{"data":"Backstab","floor":32.0,"key":"SMITH"},{"data":"PrismaMod:ChloeCheapAttack","floor":49.0,"key":"SMITH"},{"data":"Dramatic Entrance","floor":57.0,"key":"SMITH"},{"data":"PrismaMod:ChloeCaladbolg","floor":66.0,"key":"SMITH"},{"data":"PrismaMod:ChloeCaladbolg","floor":74.0,"key":"SMITH"},{"data":"PrismaMod:ChloeCarnivalDefend","floor":83.0,"key":"SMITH"},{"data":"PrismaMod:ChloeCarnivalDefend","floor":92.0,"key":"SMITH"},{"data":"Adrenaline","floor":100.0,"key":"SMITH"},{"data":"PrismaMod:ChloeCarnivalDefend","floor":108.0,"key":"SMITH"},{"data":"PrismaMod:ChloeCarnivalDefend","floor":112.0,"key":"SMITH"},{"data":"PrismaMod:ChloeCarnivalDefend","floor":114.0,"key":"SMITH"},{"data":"Panacea","floor":143.0,"key":"SMITH"},{"data":"Envenom","floor":151.0,"key":"SMITH"},{"data":"Accuracy","floor":160.0,"key":"SMITH"}],"circlet_count":0,"master_deck":["PrismaMod:ChloeExcalibur+1","Backstab+1","PrismaMod:ChloeExcalibur+1","After Image+1","Blade Dance+1","PrismaMod:ChloeRhongomyniad+1","PrismaMod:ChloeCarnivalDefend+1","PrismaMod:ChloeCarnivalDefend+1","PrismaMod:ChloeGaeBolg+1","PrismaMod:ChloeCheapAttack+1","Dramatic Entrance+1","PrismaMod:ChloeCarnivalDefend+1","PrismaMod:ChloeCaladbolg+1","PrismaMod:ChloeCarnivalDefend+1","PrismaMod:ChloeCaladbolg+1","Adrenaline+1","PrismaMod:ChloeCarnivalDefend+1","PrismaMod:ChloeRhongomyniad+1","PrismaMod:ChloeCaladbolg+1","Panacea+1","Accuracy+1","Envenom+1"],"relics":["Ring of the Serpent","DemoMod:GundromedaStrain","PreservedInsect","MerchantsRug","CeramicFish","MutagenicStrength","DemoMod:WhiteGuonStone","Gremlin Horn","Nunchaku","DemoMod:RiddleOfLead","TwistedFunnel","Red Mask","Oddly Smooth Stone","Anchor","HandDrill","DemoMod:GlassGuonStoneRelic","Philosopher\u0027s Stone","DemoMod:ClearGuonStone","DemoMod:MeatBun","Medical Kit","DemoMod:Metronome","Coffee Dripper","ClockworkSouvenir","Membership Card","Bag of Marbles","Bronze Scales","Calipers","Akabeko","Bag of Preparation","Lantern","Runic Pyramid","Vajra","Pen Nib","Golden Idol","Snake Skull","InkBottle","Tiny Chest","Sling","Frozen Eye","Omamori","Turnip","White Beast Statue","Potion Belt","Paper Crane","WristBlade","Bottled Lightning","Art of War","TheAbacus"],"acts_visited":["Exordium","TheCity","TheBeyond","Exordium","TheCity","TheBeyond","Exordium","TheCity","TheBeyond","Exordium"],"potions_floor_usage":[],"damage_taken":[{"damage":0.0,"enemies":"Cultist","floor":1.0,"turns":3.0},{"damage":8.0,"enemies":"3 Sentries","floor":7.0,"turns":8.0},{"damage":16.0,"enemies":"Lagavulin","floor":8.0,"turns":5.0},{"damage":0.0,"enemies":"Gremlin Nob","floor":10.0,"turns":2.0},{"damage":6.0,"enemies":"3 Sentries","floor":11.0,"turns":6.0},{"damage":9.0,"enemies":"Lagavulin","floor":14.0,"turns":5.0},{"damage":36.0,"enemies":"Hexaghost","floor":16.0,"turns":12.0},{"damage":20.0,"enemies":"Shell Parasite","floor":18.0,"turns":10.0},{"damage":8.0,"enemies":"3 Byrds","floor":21.0,"turns":4.0},{"damage":0.0,"enemies":"Cultist and Chosen","floor":24.0,"turns":4.0},{"damage":0.0,"enemies":"Snake Plant","floor":27.0,"turns":3.0},{"damage":0.0,"enemies":"Slavers","floor":28.0,"turns":2.0},{"damage":0.0,"enemies":"Shelled Parasite and Fungi","floor":29.0,"turns":3.0},{"damage":0.0,"enemies":"Gremlin Leader","floor":31.0,"turns":1.0},{"damage":48.0,"enemies":"Champ","floor":33.0,"turns":9.0},{"damage":0.0,"enemies":"3 Shapes","floor":35.0,"turns":2.0},{"damage":0.0,"enemies":"3 Darklings","floor":37.0,"turns":2.0},{"damage":0.0,"enemies":"Giant Head","floor":40.0,"turns":4.0},{"damage":0.0,"enemies":"Nemesis","floor":41.0,"turns":3.0},{"damage":0.0,"enemies":"Giant Head","floor":42.0,"turns":6.0},{"damage":0.0,"enemies":"Writhing Mass","floor":45.0,"turns":2.0},{"damage":0.0,"enemies":"Nemesis","floor":47.0,"turns":1.0},{"damage":0.0,"enemies":"4 Shapes","floor":48.0,"turns":3.0},{"damage":2.0,"enemies":"Donu and Deca","floor":50.0,"turns":7.0},{"damage":0.0,"enemies":"Jaw Worm","floor":52.0,"turns":1.0},{"damage":0.0,"enemies":"2 Louse","floor":53.0,"turns":1.0},{"damage":0.0,"enemies":"Cultist","floor":55.0,"turns":1.0},{"damage":0.0,"enemies":"Looter","floor":56.0,"turns":1.0},{"damage":0.0,"enemies":"Gremlin Nob","floor":58.0,"turns":1.0},{"damage":0.0,"enemies":"Lagavulin","floor":61.0,"turns":1.0},{"damage":0.0,"enemies":"2 Fungi Beasts","floor":62.0,"turns":1.0},{"damage":0.0,"enemies":"3 Sentries","floor":63.0,"turns":1.0},{"damage":0.0,"enemies":"Blue Slaver","floor":65.0,"turns":1.0},{"damage":0.0,"enemies":"Slime Boss","floor":67.0,"turns":1.0},{"damage":0.0,"enemies":"2 Thieves","floor":69.0,"turns":1.0},{"damage":0.0,"enemies":"Spheric Guardian","floor":71.0,"turns":1.0},{"damage":0.0,"enemies":"Centurion and Healer","floor":73.0,"turns":1.0},{"damage":0.0,"enemies":"Gremlin Leader","floor":75.0,"turns":1.0},{"damage":0.0,"enemies":"Shelled Parasite and Fungi","floor":76.0,"turns":1.0},{"damage":0.0,"enemies":"Book of Stabbing","floor":77.0,"turns":1.0},{"damage":0.0,"enemies":"Gremlin Leader","floor":79.0,"turns":1.0},{"damage":0.0,"enemies":"Snecko","floor":80.0,"turns":1.0},{"damage":0.0,"enemies":"Slavers","floor":81.0,"turns":1.0},{"damage":0.0,"enemies":"Automaton","floor":84.0,"turns":1.0},{"damage":0.0,"enemies":"3 Darklings","floor":86.0,"turns":1.0},{"damage":0.0,"enemies":"3 Shapes","floor":88.0,"turns":1.0},{"damage":0.0,"enemies":"Reptomancer","floor":90.0,"turns":1.0},{"damage":0.0,"enemies":"Giant Head","floor":91.0,"turns":2.0},{"damage":0.0,"enemies":"Nemesis","floor":93.0,"turns":1.0},{"damage":0.0,"enemies":"Reptomancer","floor":94.0,"turns":1.0},{"damage":0.0,"enemies":"Giant Head","floor":96.0,"turns":2.0},{"damage":0.0,"enemies":"Nemesis","floor":98.0,"turns":1.0},{"damage":0.0,"enemies":"3 Darklings","floor":99.0,"turns":1.0},{"damage":0.0,"enemies":"Awakened One","floor":101.0,"turns":3.0},{"damage":0.0,"enemies":"Cultist","floor":103.0,"turns":1.0},{"damage":0.0,"enemies":"2 Louse","floor":105.0,"turns":1.0},{"damage":0.0,"enemies":"Jaw Worm","floor":106.0,"turns":1.0},{"damage":0.0,"enemies":"Exordium Thugs","floor":107.0,"turns":1.0},{"damage":0.0,"enemies":"Lagavulin","floor":110.0,"turns":1.0},{"damage":0.0,"enemies":"Gremlin Nob","floor":111.0,"turns":1.0},{"damage":0.0,"enemies":"3 Sentries","floor":113.0,"turns":1.0},{"damage":0.0,"enemies":"Lots of Slimes","floor":115.0,"turns":1.0},{"damage":0.0,"enemies":"Slime Boss","floor":118.0,"turns":1.0},{"damage":0.0,"enemies":"Chosen","floor":120.0,"turns":1.0},{"damage":0.0,"enemies":"Spheric Guardian","floor":121.0,"turns":1.0},{"damage":0.0,"enemies":"3 Cultists","floor":123.0,"turns":1.0},{"damage":0.0,"enemies":"Centurion and Healer","floor":124.0,"turns":1.0},{"damage":0.0,"enemies":"Sentry and Sphere","floor":126.0,"turns":1.0},{"damage":0.0,"enemies":"Book of Stabbing","floor":127.0,"turns":1.0},{"damage":0.0,"enemies":"Gremlin Leader","floor":128.0,"turns":1.0},{"damage":0.0,"enemies":"Shelled Parasite and Fungi","floor":129.0,"turns":1.0},{"damage":0.0,"enemies":"Slavers","floor":130.0,"turns":1.0},{"damage":0.0,"enemies":"Gremlin Leader","floor":132.0,"turns":1.0},{"damage":0.0,"enemies":"3 Cultists","floor":133.0,"turns":1.0},{"damage":0.0,"enemies":"Automaton","floor":135.0,"turns":2.0},{"damage":0.0,"enemies":"Orb Walker","floor":137.0,"turns":1.0},{"damage":0.0,"enemies":"3 Shapes","floor":139.0,"turns":1.0},{"damage":0.0,"enemies":"Mind Bloom Boss Battle","floor":141.0,"turns":1.0},{"damage":0.0,"enemies":"Reptomancer","floor":142.0,"turns":1.0},{"damage":0.0,"enemies":"Giant Head","floor":144.0,"turns":1.0},{"damage":0.0,"enemies":"Reptomancer","floor":145.0,"turns":1.0},{"damage":0.0,"enemies":"Writhing Mass","floor":146.0,"turns":1.0},{"damage":0.0,"enemies":"Giant Head","floor":147.0,"turns":2.0},{"damage":0.0,"enemies":"Nemesis","floor":148.0,"turns":1.0},{"damage":0.0,"enemies":"Giant Head","floor":149.0,"turns":1.0},{"damage":0.0,"enemies":"Nemesis","floor":150.0,"turns":1.0},{"damage":0.0,"enemies":"Time Eater","floor":152.0,"turns":2.0},{"damage":0.0,"enemies":"Cultist","floor":154.0,"turns":1.0},{"damage":0.0,"enemies":"Small Slimes","floor":156.0,"turns":1.0},{"damage":0.0,"enemies":"2 Louse","floor":158.0,"turns":1.0},{"damage":0.0,"enemies":"Lagavulin","floor":159.0,"turns":1.0},{"damage":0.0,"enemies":"3 Sentries","floor":161.0,"turns":1.0},{"damage":0.0,"enemies":"Lagavulin","floor":162.0,"turns":1.0},{"damage":0,"enemies":"3 Sentries","floor":163,"turns":1}],"seed_played":"-4603889542562032017","potions_obtained":[{"floor":1.0,"key":"Fire Potion"},{"floor":10.0,"key":"SkillPotion"},{"floor":11.0,"key":"Swift Potion"},{"floor":14.0,"key":"Dexterity Potion"},{"floor":21.0,"key":"SkillPotion"},{"floor":27.0,"key":"Energy Potion"},{"floor":28.0,"key":"DuplicationPotion"},{"floor":33.0,"key":"LiquidMemories"},{"floor":41.0,"key":"Poison Potion"},{"floor":47.0,"key":"ColorlessPotion"},{"floor":50.0,"key":"Regen Potion"},{"floor":54.0,"key":"Block Potion"},{"floor":54.0,"key":"Fruit Juice"},{"floor":54.0,"key":"Weak Potion"},{"floor":55.0,"key":"Energy Potion"},{"floor":56.0,"key":"Ancient Potion"},{"floor":65.0,"key":"Block Potion"},{"floor":71.0,"key":"SpeedPotion"},{"floor":73.0,"key":"DemoMod:LeadSkinPotion"},{"floor":75.0,"key":"Strength Potion"},{"floor":81.0,"key":"SpeedPotion"},{"floor":86.0,"key":"SteroidPotion"},{"floor":88.0,"key":"SneckoOil"},{"floor":91.0,"key":"Poison Potion"},{"floor":96.0,"key":"Weak Potion"},{"floor":98.0,"key":"Block Potion"},{"floor":105.0,"key":"Regen Potion"},{"floor":106.0,"key":"DemoMod:LeadSkinPotion"},{"floor":107.0,"key":"BlessingOfTheForge"},{"floor":118.0,"key":"PowerPotion"},{"floor":123.0,"key":"Dexterity Potion"},{"floor":127.0,"key":"FearPotion"},{"floor":130.0,"key":"ColorlessPotion"},{"floor":132.0,"key":"Poison Potion"},{"floor":139.0,"key":"DuplicationPotion"},{"floor":140.0,"key":"SmokeBomb"},{"floor":140.0,"key":"Swift Potion"},{"floor":140.0,"key":"BlessingOfTheForge"},{"floor":140.0,"key":"Swift Potion"},{"floor":140.0,"key":"LiquidBronze"},{"floor":141.0,"key":"AttackPotion"},{"floor":142.0,"key":"DistilledChaos"},{"floor":144.0,"key":"Block Potion"},{"floor":145.0,"key":"Ancient Potion"},{"floor":146.0,"key":"Block Potion"},{"floor":156.0,"key":"EntropicBrew"},{"floor":159.0,"key":"Energy Potion"},{"floor":161.0,"key":"Explosive Potion"}],"is_trial":true,"path_per_floor":["M","$","?","$","?","R","E","E","T","E","E","$","R","E","R","B",null,"M","?","?","M","$","R","M","R","T","M","E","M","R","E","R","B",null,"M","?","M","$","?","E","E","E","T","$","M","$","E","M","R","B",null,"M","M","$","M","M","R","E","$","T","E","M","E","$","M","R","B",null,"M","?","M","$","M","R","E","M","E","$","E","M","E","$","R","B",null,"M","?","M","$","E","E","R","E","E","$","E","$","E","M","R","B",null,"M","$","M","M","M","R","?","E","E","R","E","R","M","$","R","B",null,"M","M","$","M","M","R","M","E","E","M","E","$","E","M","R","B",null,"M","$","M","$","?","E","R","E","E","M","E","E","E","E","R","B",null,"M","$","M","?","M","E","R","E","E","E"],"character_chosen":"THE_SILENT","items_purchased":["MerchantsRug","CeramicFish","Backstab","TwistedFunnel","DemoMod:GreenGuonStone","PrismaMod:ChloeCarnivalDefend","HandDrill","PrismaMod:ChloeCheapAttack","DemoMod:ClearGuonStone","DemoMod:MeatBun","Dramatic Entrance","Cauldron","PrismaMod:ChloeCaladbolg","Medical Kit","ClockworkSouvenir","Membership Card","Bag of Marbles","Bronze Scales","Calipers","Akabeko","Bag of Preparation","Lantern","Vajra","Pen Nib","Snake Skull","InkBottle","Tiny Chest","Sling","Frozen Eye","Omamori","White Beast Statue","Potion Belt","DollysMirror","Panacea","Cauldron","Paper Crane","Bottled Lightning","Art of War","TheAbacus"],"campfire_rested":1,"item_purchase_floors":[12,12,22,38,38,38,44,46,54,54,54,54,59,59,72,78,82,82,82,89,89,95,104,104,116,116,116,122,122,131,138,138,138,138,140,140,155,155,155],"current_hp_per_floor":[63,63,68,68,68,68,60,44,44,54,48,48,48,46,73,37,78,58,58,58,50,50,50,50,50,50,50,50,50,50,50,50,2,102,102,102,102,102,102,102,102,102,102,102,102,102,102,102,102,100,102,102,102,112,112,112,112,112,112,112,112,112,112,112,112,112,112,112,112,112,112,112,112,112,112,112,112,112,112,112,112,112,112,112,112,112,112,112,112,112,112,112,112,112,112,112,112,112,112,112,112,112,112,112,112,112,112,112,104,104,104,104,104,104,104,104,104,104,104,104,104,104,104,104,104,104,104,104,104,104,104,104,104,104,104,104,104,104,104,104,104,104,104,104,104,104,104,104,104,104,104,104,104,104,104,104,104,104,104,104,104,104,104,104],"gold":468,"neow_bonus":"","is_daily":false,"chose_seed":false,"campfire_upgraded":19,"win_rate":0.0,"timestamp":1613059568,"path_taken":["M","?","?","$","?","R","?","E","T","E","?","?","R","E","R","BOSS","M","?","?","M","$","R","M","R","T","M","E","M","R","E","R","BOSS","M","?","?","$","?","E","?","E","T","$","?","$","E","M","R","BOSS","M","M","$","?","M","R","E","$","T","E","M","E","$","M","R","BOSS","M","?","M","$","M","R","E","M","E","$","E","M","E","$","R","BOSS","M","?","M","$","?","E","R","E","E","$","E","$","E","M","R","BOSS","M","$","M","M","M","R","?","E","E","R","E","R","M","$","R","BOSS","M","M","$","M","M","R","M","E","E","M","E","$","E","M","R","BOSS","M","$","M","$","?","E","R","E","E","?","E","?","?","?","R","BOSS","M","$","M","?","M","E","R","E","E","?"],"items_purchased_type":["Relic","Relic","Card","Relic","Relic","Card","Relic","Card","Relic","Relic","Card","Relic","Card","Relic","Relic","Relic","Relic","Relic","Relic","Relic","Relic","Relic","Relic","Relic","Relic","Relic","Relic","Relic","Relic","Relic","Relic","Relic","Relic","Card","Relic","Relic","Relic","Relic","Relic"],"build_version":"2020-12-22","purchased_purges":11,"victory":false,"max_hp_per_floor":[70,70,75,75,75,75,75,75,75,85,85,85,85,92,92,92,92,92,92,92,92,92,92,92,92,92,92,92,92,92,92,92,92,102,102,102,102,102,102,102,102,102,102,102,102,102,102,102,102,102,102,102,102,112,112,112,112,112,112,112,112,112,112,112,112,112,112,112,112,112,112,112,112,112,112,112,112,112,112,112,112,112,112,112,112,112,112,112,112,112,112,112,112,112,112,112,112,112,112,112,112,112,112,112,112,112,112,112,104,104,104,104,104,104,104,104,104,104,104,104,104,104,104,104,104,104,104,104,104,104,104,104,104,104,104,104,104,104,104,104,104,104,104,104,104,104,104,104,104,104,104,104,104,104,104,104,104,104,104,104,104,104,104,104],"card_choices":[{"not_picked":["Blur","PiercingWail","Masterful Stab"],"picked":"SKIP","floor":1.0},{"not_picked":["Venomology","PrismaMod:ChloeExhaustThree","A Thousand Cuts"],"picked":"SKIP","floor":7.0},{"not_picked":["PrismaMod:ChloeReshuffleDiscard","PrismaMod:ChloeCarnivalAOEAttack","Venomology"],"picked":"SKIP","floor":8.0},{"not_picked":["PrismaMod:ChloeReshuffleDiscard","PrismaMod:ChloeCarnivalAOEAttack","Venomology"],"picked":"SKIP","floor":8.0},{"not_picked":["PrismaMod:ChloeAnySkillTrace","PrismaMod:ChloeExhaustThree","Bullet Time"],"picked":"SKIP","floor":10.0},{"not_picked":["PrismaMod:ChloeDevil","PrismaMod:ChloeAnyAttackTrace","PrismaMod:ChloeExhaustThree"],"picked":"SKIP","floor":11.0},{"not_picked":["Doppelganger","Bullet Time","PrismaMod:ChloeAnyPowerTrace"],"picked":"SKIP","floor":14.0},{"not_picked":["Sucker Punch","PrismaMod:ChloeDiscardRecovery+1"],"picked":"PrismaMod:ChloeExcalibur","floor":18.0},{"not_picked":["PrismaMod:ChloeChristmas","Dagger Throw","Dash"],"picked":"SKIP","floor":21.0},{"not_picked":["Calculated Gamble+1","Cloak And Dagger"],"picked":"PrismaMod:ChloeExcalibur","floor":24.0},{"not_picked":["PrismaMod:ChloeMordred","PrismaMod:ChloeUncommonAttack+1","Dodge and Roll"],"picked":"SKIP","floor":27.0},{"not_picked":["PrismaMod:ChloeExhaustThree","Night Terror"],"picked":"After Image","floor":28.0},{"not_picked":["Escape Plan+1","Bane","PrismaMod:ChloeMordred"],"picked":"SKIP","floor":29.0},{"not_picked":["PrismaMod:ChloeAnyCommonTrace","Doppelganger","PrismaMod:ChloeReshuffleDiscard"],"picked":"SKIP","floor":31.0},{"not_picked":["PrismaMod:ChloeMordred","Choke"],"picked":"Blade Dance+1","floor":35.0},{"not_picked":["Concentrate+1","PrismaMod:ChloeDiscardRecovery+1"],"picked":"PrismaMod:ChloeRhongomyniad+1","floor":37.0},{"not_picked":["PrismaMod:ChloeCarnivalAOEAttack","PrismaMod:ChloeAnySkillTrace"],"picked":"PrismaMod:ChloeCarnivalDefend","floor":40.0},{"not_picked":["Tools of the Trade","PrismaMod:ChloeDoubleRelicSpeed","PrismaMod:ChloeAnyUncommonTrace"],"picked":"SKIP","floor":41.0},{"not_picked":["Doppelganger","Malaise","Night Terror"],"picked":"SKIP","floor":42.0},{"not_picked":["Skewer","Predator+1"],"picked":"PrismaMod:ChloeGaeBolg+1","floor":45.0},{"not_picked":["PrismaMod:ChloeAnyUncommonTrace","PrismaMod:ChloeAnyRareTrace","Burst"],"picked":"SKIP","floor":47.0},{"not_picked":["Underhanded Strike+1","PrismaMod:ChloeCheapDefend+1","Blade Dance+1"],"picked":"SKIP","floor":48.0},{"not_picked":["Underhanded Strike","Dodge and Roll","Quick Slash"],"picked":"SKIP","floor":52.0},{"not_picked":["Dagger Throw","PrismaMod:ChloeChristmas","Outmaneuver"],"picked":"SKIP","floor":53.0},{"not_picked":["PrismaMod:ChloeRhongomyniad","Dagger Spray","PrismaMod:ChloeCheapAttackTwo"],"picked":"SKIP","floor":55.0},{"not_picked":["Dagger Throw","Flying Knee","PrismaMod:ChloeUncommonAttack"],"picked":"SKIP","floor":56.0},{"not_picked":["Envenom","Unload"],"picked":"PrismaMod:ChloeCarnivalDefend","floor":58.0},{"not_picked":["PrismaMod:ChloeExhaustThree","Corpse Explosion"],"picked":"PrismaMod:ChloeCarnivalDefend","floor":61.0},{"not_picked":["Prepared","PrismaMod:ChloeEyeOfTheEuryale","Well Laid Plans"],"picked":"SKIP","floor":62.0},{"not_picked":["Venomology","PrismaMod:ChloeAnyCommonTrace","Envenom"],"picked":"SKIP","floor":63.0},{"not_picked":["Dodge and Roll","Blade Dance","Underhanded Strike"],"picked":"SKIP","floor":65.0},{"not_picked":["Finisher","PrismaMod:ChloeExcalibur","PrismaMod:ChloeUncommonDefend+1"],"picked":"SKIP","floor":69.0},{"not_picked":["Flying Knee+1","Poisoned Stab"],"picked":"PrismaMod:ChloeCaladbolg","floor":71.0},{"not_picked":["Acrobatics","Endless Agony","PrismaMod:ChloeDiscardRecovery+1"],"picked":"SKIP","floor":73.0},{"not_picked":["Envenom","PrismaMod:ChloeAnyRareTrace","PrismaMod:ChloeAnyPowerTrace"],"picked":"SKIP","floor":75.0},{"not_picked":["Deadly Poison","Flechettes+1","PrismaMod:ChloeCheapDefendTwo+1"],"picked":"SKIP","floor":76.0},{"not_picked":["Die Die Die","Wraith Form v2","PrismaMod:ChloeAnyAttackTrace"],"picked":"SKIP","floor":77.0},{"not_picked":["PrismaMod:ChloeHalloween","Tools of the Trade","Unload"],"picked":"SKIP","floor":79.0},{"not_picked":["Dagger Spray","Deflect+1","Well Laid Plans"],"picked":"SKIP","floor":80.0},{"not_picked":["PrismaMod:ChloeCarnivalAttack","Burst","Malaise"],"picked":"SKIP","floor":81.0},{"not_picked":["PrismaMod:ChloeCheapDefendTwo+1","Flying Knee+1","Endless Agony+1"],"picked":"SKIP","floor":86.0},{"not_picked":["Poisoned Stab+1","Blade Dance","Skewer+1"],"picked":"SKIP","floor":88.0},{"not_picked":["Burst","PrismaMod:ChloeDoubleRelicSpeed","Die Die Die"],"picked":"SKIP","floor":90.0},{"not_picked":["PrismaMod:ChloeAnySkillTrace","Doppelganger","Glass Knife"],"picked":"SKIP","floor":91.0},{"not_picked":["PrismaMod:ChloeAnyPowerTrace","PrismaMod:ChloeExhaustThree","PrismaMod:ChloeAnyAttackTrace"],"picked":"SKIP","floor":93.0},{"not_picked":["PrismaMod:ChloeAnyAttackTrace","Tools of the Trade","A Thousand Cuts"],"picked":"SKIP","floor":94.0},{"not_picked":["Grand Finale","PrismaMod:ChloeAnySkillTrace"],"picked":"Adrenaline","floor":96.0},{"not_picked":["Unload","PrismaMod:ChloeAnyCommonTrace","PrismaMod:ChloeAnySkillTrace"],"picked":"SKIP","floor":98.0},{"not_picked":["Poisoned Stab+1","PrismaMod:ChloeUncommonAOEAttack+1","Acrobatics"],"picked":"SKIP","floor":99.0},{"not_picked":["Dagger Spray","PrismaMod:ChloeCommonAOEAttack","Endless Agony"],"picked":"SKIP","floor":103.0},{"not_picked":["Blade Dance","PrismaMod:ChloeDiscardRecovery","Deflect"],"picked":"SKIP","floor":105.0},{"not_picked":["Finisher","Riddle With Holes","PrismaMod:ChloeCheapDefend"],"picked":"SKIP","floor":106.0},{"not_picked":["Masterful Stab","Underhanded Strike","PrismaMod:ChloeCommonAOEAttack"],"picked":"SKIP","floor":107.0},{"not_picked":["Burst","Storm of Steel","PrismaMod:ChloeCarnivalAOEAttack"],"picked":"SKIP","floor":110.0},{"not_picked":["PrismaMod:ChloeAnyPowerTrace","PrismaMod:ChloeAnyUncommonTrace"],"picked":"PrismaMod:ChloeCarnivalDefend","floor":111.0},{"not_picked":["Venomology","Corpse Explosion","PrismaMod:ChloeAnyAttackTrace"],"picked":"SKIP","floor":113.0},{"not_picked":["Predator","PrismaMod:ChloeCheapAttack","Slice"],"picked":"SKIP","floor":115.0},{"not_picked":["PrismaMod:ChloeCommonAOEAttack","PrismaMod:ChloeUncommonDefend+1","PrismaMod:ChloeCheapAttack"],"picked":"SKIP","floor":120.0},{"not_picked":["PrismaMod:ChloeExhaustOne","Catalyst+1","PrismaMod:ChloeMordred"],"picked":"SKIP","floor":121.0},{"not_picked":["PiercingWail","Backflip","Cloak And Dagger"],"picked":"SKIP","floor":123.0},{"not_picked":["PrismaMod:ChloeUncommonAOEAttack","PrismaMod:ChloeDiscardRecovery","Caltrops"],"picked":"SKIP","floor":124.0},{"not_picked":["Cloak And Dagger+1","Quick Slash"],"picked":"PrismaMod:ChloeRhongomyniad+1","floor":126.0},{"not_picked":["PrismaMod:ChloeReshuffleDiscard","Storm of Steel","PrismaMod:ChloeCarnivalAOEAttack"],"picked":"SKIP","floor":127.0},{"not_picked":["Unload","PrismaMod:ChloeExhaustThree","PrismaMod:ChloeCarnivalAttack"],"picked":"SKIP","floor":128.0},{"not_picked":["Catalyst","Slice","Deadly Poison+1"],"picked":"SKIP","floor":129.0},{"not_picked":["Unload","PrismaMod:ChloeAnyUncommonTrace","PrismaMod:ChloeCarnivalAOEAttack"],"picked":"SKIP","floor":130.0},{"not_picked":["Doppelganger","PrismaMod:ChloeHalloween","Die Die Die"],"picked":"SKIP","floor":132.0},{"not_picked":["PrismaMod:ChloeEyeOfTheEuryale","Endless Agony","Dagger Spray"],"picked":"SKIP","floor":133.0},{"not_picked":["PiercingWail","Cloak And Dagger+1","Noxious Fumes"],"picked":"SKIP","floor":137.0},{"not_picked":["Prepared","Predator+1","Expertise"],"picked":"SKIP","floor":139.0},{"not_picked":["PrismaMod:ChloeAnySkillTrace","Storm of Steel","Glass Knife"],"picked":"SKIP","floor":142.0},{"not_picked":["Corpse Explosion","Venomology","PrismaMod:ChloeAnySkillTrace"],"picked":"SKIP","floor":144.0},{"not_picked":["PrismaMod:ChloeDoubleRelicSpeed","PrismaMod:ChloeAnyUncommonTrace","Storm of Steel"],"picked":"SKIP","floor":145.0},{"not_picked":["PrismaMod:ChloeChristmas+1","Quick Slash"],"picked":"Accuracy","floor":146.0},{"not_picked":["PrismaMod:ChloeGreatTracePools","PrismaMod:ChloeUnlimitedBladeWorks","Glass Knife"],"picked":"SKIP","floor":147.0},{"not_picked":["Venomology","Night Terror","PrismaMod:ChloeUnlimitedBladeWorks"],"picked":"SKIP","floor":148.0},{"not_picked":["PrismaMod:ChloeCarnivalAttack","PrismaMod:ChloeGreatTracePools"],"picked":"Envenom","floor":149.0},{"not_picked":["PrismaMod:ChloeAnyPowerTrace","PrismaMod:ChloeExhaustThree","PrismaMod:ChloeReshuffleDiscard"],"picked":"SKIP","floor":150.0},{"not_picked":["Slice","Quick Slash","Dagger Spray"],"picked":"SKIP","floor":154.0},{"not_picked":["PrismaMod:ChloeDemonicTutor","Deadly Poison","PrismaMod:ChloeMaid"],"picked":"SKIP","floor":156.0},{"not_picked":["PrismaMod:ChloeExhaustTwo","Catalyst","Deflect"],"picked":"SKIP","floor":158.0},{"not_picked":["Storm of Steel","PrismaMod:ChloeAnySkillTrace","Night Terror"],"picked":"SKIP","floor":159.0},{"not_picked":["PrismaMod:ChloeAnyCommonTrace","PrismaMod:ChloeExhaustThree","PrismaMod:ChloeGreatTracePools"],"picked":"SKIP","floor":161.0},{"not_picked":["PrismaMod:ChloeUnlimitedBladeWorks","Envenom","PrismaMod:ChloeDevil"],"picked":"SKIP","floor":162.0}],"player_experience":482336,"relics_obtained":[{"floor":7.0,"key":"Whetstone"},{"floor":8.0,"key":"Meat on the Bone"},{"floor":9.0,"key":"PreservedInsect"},{"floor":10.0,"key":"Pear"},{"floor":11.0,"key":"Boot"},{"floor":14.0,"key":"DemoMod:MonsterBlood"},{"floor":26.0,"key":"DemoMod:WhiteGuonStone"},{"floor":28.0,"key":"Gremlin Horn"},{"floor":31.0,"key":"Nunchaku"},{"floor":40.0,"key":"MealTicket"},{"floor":41.0,"key":"MawBank"},{"floor":42.0,"key":"Oddly Smooth Stone"},{"floor":43.0,"key":"Anchor"},{"floor":47.0,"key":"Old Coin"},{"floor":60.0,"key":"DemoMod:Metronome"},{"floor":136.0,"key":"Art of War"},{"floor":136.0,"key":"DemoMod:ChaffGrenade"},{"floor":136.0,"key":"Turnip"},{"floor":141.0,"key":"DemoMod:PartiallyEatenCheese"}],"event_choices":[{"damage_healed":0.0,"max_hp_gain":5.0,"max_hp_loss":0.0,"gold_gain":0.0,"event_name":"Big Fish","player_choice":"Donut","floor":3.0,"gold_loss":0.0,"damage_taken":0.0},{"damage_healed":0.0,"max_hp_gain":0.0,"max_hp_loss":0.0,"gold_gain":0.0,"event_name":"Living Wall","player_choice":"Grow","floor":5.0,"gold_loss":0.0,"damage_taken":0.0,"cards_upgraded":["Neutralize"]},{"damage_healed":0.0,"max_hp_gain":0.0,"max_hp_loss":0.0,"gold_gain":0.0,"event_name":"Drug Dealer","player_choice":"Inject Mutagens","floor":19.0,"gold_loss":0.0,"damage_taken":0.0,"relics_obtained":["MutagenicStrength"]},{"damage_healed":0.0,"max_hp_gain":0.0,"max_hp_loss":0.0,"gold_gain":0.0,"event_name":"Back to Basics","player_choice":"Simplicity","floor":20.0,"gold_loss":0.0,"damage_taken":0.0,"cards_upgraded":["Strike_G","Strike_G","Strike_G","Defend_G","Defend_G","Defend_G"]},{"damage_healed":0.0,"max_hp_gain":0.0,"max_hp_loss":0.0,"gold_gain":0.0,"event_name":"SensoryStone","player_choice":"Memory 1","floor":36.0,"gold_loss":0.0,"damage_taken":0.0},{"damage_healed":0.0,"max_hp_gain":0.0,"max_hp_loss":0.0,"gold_gain":0.0,"event_name":"Tomb of Lord Red Mask","player_choice":"Paid","floor":39.0,"gold_loss":12.0,"damage_taken":0.0,"relics_obtained":["Red Mask"]},{"damage_healed":0.0,"max_hp_gain":0.0,"max_hp_loss":0.0,"gold_gain":0.0,"event_name":"The Mausoleum","player_choice":"Opened","floor":70.0,"gold_loss":0.0,"damage_taken":0.0,"relics_obtained":["DemoMod:LamentConfigurum"]},{"cards_removed":["Strike_G"],"damage_healed":0.0,"max_hp_gain":0.0,"max_hp_loss":0.0,"gold_gain":0.0,"event_name":"Bonfire Elementals","player_choice":"Offered Basic","floor":87.0,"gold_loss":0.0,"damage_taken":0.0},{"damage_healed":0.0,"max_hp_gain":0.0,"max_hp_loss":8.0,"gold_gain":0.0,"event_name":"Golden Idol","player_choice":"Lose Max HP","floor":109.0,"gold_loss":0.0,"damage_taken":0.0,"relics_obtained":["Golden Idol"]},{"damage_healed":0.0,"max_hp_gain":0.0,"max_hp_loss":0.0,"gold_gain":0.0,"event_name":"MindBloom","player_choice":"Fight","floor":141.0,"gold_loss":0.0,"damage_taken":0.0},{"cards_removed":["Neutralize"],"damage_healed":0.0,"max_hp_gain":0.0,"max_hp_loss":0.0,"gold_gain":0.0,"event_name":"Bonfire Elementals","player_choice":"Offered Basic","floor":157.0,"gold_loss":0.0,"damage_taken":0.0}],"is_beta":false,"boss_relics":[{"not_picked":["Ectoplasm","Snecko Eye"],"picked":"SacredBark"},{"not_picked":["Black Star","Runic Pyramid"],"picked":"DemoMod:RiddleOfLead"},{"not_picked":["Tiny House","Busted Crown"],"picked":"Philosopher\u0027s Stone"},{"not_picked":["Tiny House","Calling Bell"],"picked":"Coffee Dripper"},{"not_picked":["HoveringKite","Fusion Hammer"],"picked":"Ring of the Serpent"},{"not_picked":["Busted Crown","Cursed Key"],"picked":"Runic Pyramid"},{"not_picked":["Snecko Eye","Runic Dome"],"picked":"Sozu"},{"not_picked":["Astrolabe","Black Star"],"picked":"Calling Bell"},{"not_picked":["HoveringKite","Empty Cage"],"picked":"WristBlade"}],"items_purged_floors":[2,72,78,78,89,95,104,122,131,131,155],"is_endless":true,"potions_floor_spawned":[1,10,11,14,21,27,28,29,33,37,41,47,50,52,55,56,65,71,73,75,81,86,88,91,96,98,105,106,107,118,121,123,127,130,132,139,141,142,144,145,146,147,148,149,150,152,154,156,158,159,161,162],"killed_by":"3 Sentries","ascension_level":9}}