{"host":"7ij4m6ehapfophuy","time":1613087181,"event":{"mods":["BaseMod","Bestiary","Curses Come First","Filter the Spire","Minty Spire (QoL Compilation)","Relic Stats","StSLib","ojb\u0027s Better Paths Mod"],"gold_per_floor":[115,6,6,21,37,37,72,87,87,117,137,162,162,162,162,236,236,251,261,56,56,73,73,83,83,83,109,124,136,136,146,146,225,225,240,240,265,115,133,133,161,161,170,170,170,170,70,111,111,111,111,111,111,54,79,79,79],"floor_reached":56,"language":"ENG","playtime":5684,"items_purged":["Doubt","Shame"],"score":2230,"play_id":"28871733-168a-42c9-bcf2-00c28c793970","local_time":"20210211184621","is_ascension_mode":true,"campfire_choices":[{"data":"Doom and Gloom","floor":6.0,"key":"SMITH"},{"floor":13.0,"key":"DIG"},{"floor":15.0,"key":"DIG"},{"floor":23.0,"key":"DIG"},{"floor":25.0,"key":"DIG"},{"floor":32.0,"key":"DIG"},{"floor":40.0,"key":"DIG"},{"floor":42.0,"key":"DIG"},{"floor":44.0,"key":"DIG"},{"floor":45.0,"key":"DIG"},{"floor":49.0,"key":"RECALL"},{"floor":53.0,"key":"DIG"}],"circlet_count":0,"master_deck":["AscendersBane","Strike_B","Strike_B","Strike_B","Defend_B","Defend_B","Defend_B","Zap","Dualcast","Doom and Gloom+1","Conserve Battery","Core Surge","Sweeping Beam","Echo Form","Hello World","Heatsinks","Heatsinks","Compile Driver","Loop","Sunder","All For One","Hologram+1","Capacitor+1","Capacitor","Stack+1","Capacitor"],"relics":["Snecko Eye","White Beast Statue","Girya","Shovel","Kunai","Pen Nib","Lantern","Mummified Hand","Symbiotic Virus","Cursed Key","Toy Ornithopter","Mercury Hourglass","TungstenRod","Gambling Chip","Oddly Smooth Stone","Darkstone Periapt","SlaversCollar","WingedGreaves","CeramicFish","Calipers","FossilizedHelix","Meat on the Bone","Boot","Bottled Flame","Bag of Marbles"],"acts_visited":["Exordium","TheCity","TheBeyond","TheEnding"],"potions_floor_usage":[],"damage_taken":[{"damage":18.0,"enemies":"Cultist","floor":1.0,"turns":5.0},{"damage":7.0,"enemies":"2 Louse","floor":4.0,"turns":3.0},{"damage":0.0,"enemies":"Jaw Worm","floor":5.0,"turns":1.0},{"damage":0.0,"enemies":"3 Sentries","floor":7.0,"turns":2.0},{"damage":0.0,"enemies":"3 Louse","floor":8.0,"turns":1.0},{"damage":4.0,"enemies":"Gremlin Nob","floor":10.0,"turns":3.0},{"damage":6.0,"enemies":"2 Fungi Beasts","floor":11.0,"turns":3.0},{"damage":6.0,"enemies":"Lagavulin","floor":12.0,"turns":5.0},{"damage":25.0,"enemies":"Hexaghost","floor":16.0,"turns":9.0},{"damage":0.0,"enemies":"Chosen","floor":18.0,"turns":3.0},{"damage":18.0,"enemies":"Spheric Guardian","floor":19.0,"turns":4.0},{"damage":0.0,"enemies":"Centurion and Healer","floor":22.0,"turns":3.0},{"damage":3.0,"enemies":"Snecko","floor":24.0,"turns":3.0},{"damage":24.0,"enemies":"Book of Stabbing","floor":27.0,"turns":5.0},{"damage":0.0,"enemies":"Sentry and Sphere","floor":28.0,"turns":2.0},{"damage":0.0,"enemies":"Cultist and Chosen","floor":29.0,"turns":2.0},{"damage":21.0,"enemies":"Centurion and Healer","floor":31.0,"turns":2.0},{"damage":0.0,"enemies":"Collector","floor":33.0,"turns":6.0},{"damage":0.0,"enemies":"3 Shapes","floor":35.0,"turns":2.0},{"damage":0.0,"enemies":"Mind Bloom Boss Battle","floor":37.0,"turns":2.0},{"damage":8.0,"enemies":"Orb Walker","floor":39.0,"turns":2.0},{"damage":16.0,"enemies":"Maw","floor":41.0,"turns":5.0},{"damage":0.0,"enemies":"Reptomancer","floor":48.0,"turns":4.0},{"damage":74.0,"enemies":"Time Eater","floor":50.0,"turns":10.0},{"damage":0.0,"enemies":"Donu and Deca","floor":51.0,"turns":6.0},{"damage":40.0,"enemies":"Shield and Spear","floor":55.0,"turns":5.0},{"damage":105,"enemies":"The Heart","floor":56,"turns":3}],"seed_played":"3231179015424057915","potions_obtained":[{"floor":4.0,"key":"Fire Potion"},{"floor":5.0,"key":"LiquidMemories"},{"floor":7.0,"key":"Strength Potion"},{"floor":8.0,"key":"Strength Potion"},{"floor":10.0,"key":"SpeedPotion"},{"floor":12.0,"key":"Regen Potion"},{"floor":16.0,"key":"Swift Potion"},{"floor":18.0,"key":"FairyPotion"},{"floor":19.0,"key":"SkillPotion"},{"floor":22.0,"key":"AttackPotion"},{"floor":27.0,"key":"SkillPotion"},{"floor":28.0,"key":"GamblersBrew"},{"floor":29.0,"key":"SteroidPotion"},{"floor":31.0,"key":"Block Potion"},{"floor":33.0,"key":"FocusPotion"},{"floor":35.0,"key":"Swift Potion"},{"floor":39.0,"key":"Block Potion"},{"floor":41.0,"key":"SkillPotion"},{"floor":48.0,"key":"GamblersBrew"},{"floor":55.0,"key":"SteroidPotion"}],"is_trial":false,"path_per_floor":["M","$","?","M","M","R","E","M","T","E","M","E","R","T","R","B",null,"M","M","$","?","M","R","M","R","T","E","M","M","?","M","R","B",null,"M","?","?","$","M","R","M","R","T","R","R","?","$","E","R","B","B",null,"R","$","E","B"],"character_chosen":"DEFECT","items_purchased":["EntropicBrew","Toy Ornithopter","Heatsinks","Capacitor","Energy Potion"],"campfire_rested":0,"item_purchase_floors":[2,20,20,38,54],"current_hp_per_floor":[46,46,46,39,39,39,39,39,39,35,29,23,23,23,23,13,57,57,39,39,39,44,44,41,41,41,22,22,27,27,11,11,16,57,62,62,62,62,59,59,48,48,54,54,54,54,54,59,59,35,47,70,70,70,47,0,0],"gold":79,"neow_bonus":"BOSS_RELIC","is_daily":false,"chose_seed":false,"campfire_upgraded":1,"win_rate":0.0,"timestamp":1613087181,"path_taken":["M","?","?","?","M","R","E","M","T","E","M","E","R","?","R","BOSS","M","M","$","?","M","R","M","R","T","E","M","M","?","M","R","BOSS","M","?","?","$","?","R","M","R","T","R","R","?","$","E","R","BOSS","BOSS","R","$","E","BOSS"],"items_purchased_type":["Potion","Relic","Card","Card","Potion"],"build_version":"2020-12-22","purchased_purges":2,"victory":false,"max_hp_per_floor":[71,71,71,71,71,71,71,71,71,71,71,71,71,71,71,71,71,71,71,71,71,71,71,71,71,71,71,71,71,71,71,71,71,71,71,71,71,71,71,71,71,71,77,77,77,77,77,77,77,77,77,77,77,77,77,77,77],"relic_stats":{"Darkstone Periapt":6,"counters":[27,101],"CeramicFish":27,"Pen Nib":[23],"Cursed Key":2,"Boot":[3],"Mercury Hourglass":[212],"Shovel":10,"Mummified Hand":[185],"Gambling Chip":[57],"Snecko Eye":[218,231,234,192],"Kunai":[55],"obtain_stats":[{"Darkstone Periapt":32,"Lantern":13,"Calipers":42,"CeramicFish":40,"Cursed Key":17,"Boot":48,"Shovel":9,"Mummified Hand":14,"Gambling Chip":26,"WingedGreaves":37,"Kunai":10,"Cracked Core":0,"Girya":7,"Oddly Smooth Stone":27,"Pen Nib":12,"White Beast Statue":3,"Mercury Hourglass":23,"SlaversCollar":34,"Bottled Flame":53,"Snecko Eye":0,"Bag of Marbles":55,"Symbiotic Virus":15,"Toy Ornithopter":20,"TungstenRod":25,"FossilizedHelix":44,"Meat on the Bone":45},{"Darkstone Periapt":17,"Lantern":8,"Calipers":22,"CeramicFish":21,"Cursed Key":9,"Boot":23,"Shovel":5,"Mummified Hand":8,"Gambling Chip":13,"WingedGreaves":20,"Kunai":6,"Cracked Core":0,"Girya":4,"Oddly Smooth Stone":14,"Pen Nib":8,"White Beast Statue":1,"Mercury Hourglass":12,"SlaversCollar":18,"Bottled Flame":25,"Snecko Eye":0,"Bag of Marbles":26,"Symbiotic Virus":8,"Toy Ornithopter":11,"TungstenRod":13,"FossilizedHelix":22,"Meat on the Bone":22},{"Darkstone Periapt":56,"Lantern":23,"Calipers":73,"CeramicFish":68,"Cursed Key":32,"Boot":77,"Shovel":12,"Mummified Hand":23,"Gambling Chip":45,"WingedGreaves":66,"Kunai":15,"Cracked Core":0,"Girya":11,"Oddly Smooth Stone":50,"Pen Nib":23,"White Beast Statue":5,"Mercury Hourglass":42,"SlaversCollar":62,"Bottled Flame":93,"Snecko Eye":0,"Bag of Marbles":98,"Symbiotic Virus":23,"Toy Ornithopter":39,"TungstenRod":45,"FossilizedHelix":73,"Meat on the Bone":73}],"Toy Ornithopter":55,"TungstenRod":52,"Meat on the Bone":36},"card_choices":[{"not_picked":["Coolheaded","Storm"],"picked":"Genetic Algorithm","floor":1.0},{"not_picked":["Sweeping Beam","Heatsinks"],"picked":"Doom and Gloom","floor":4.0},{"not_picked":["Beam Cell","Aggregate"],"picked":"Conserve Battery","floor":5.0},{"not_picked":["Stack","Gash","Steam"],"picked":"SKIP","floor":7.0},{"not_picked":["Darkness","Turbo"],"picked":"Core Surge","floor":8.0},{"not_picked":["White Noise","Recycle","Steam Power"],"picked":"SKIP","floor":10.0},{"not_picked":["Storm","Darkness"],"picked":"Sweeping Beam","floor":11.0},{"not_picked":["Turbo","Coolheaded","Reprogram"],"picked":"SKIP","floor":12.0},{"not_picked":["Multi-Cast","Machine Learning"],"picked":"Echo Form","floor":16.0},{"not_picked":["Conserve Battery","Leap"],"picked":"Hello World","floor":18.0},{"not_picked":["Beam Cell+1","Compile Driver"],"picked":"Heatsinks","floor":19.0},{"not_picked":["Cold Snap+1","Fusion","Rebound"],"picked":"SKIP","floor":22.0},{"not_picked":["Barrage","Rip and Tear"],"picked":"Sunder","floor":24.0},{"not_picked":["Ball Lightning","Aggregate"],"picked":"All For One","floor":27.0},{"not_picked":["Auto Shields","Beam Cell"],"picked":"Hologram+1","floor":28.0},{"not_picked":["Compile Driver","Steam"],"picked":"Capacitor+1","floor":29.0},{"not_picked":["Compile Driver","Gash","FTL+1"],"picked":"SKIP","floor":31.0},{"not_picked":["Thunder Strike","Fission"],"picked":"Multi-Cast","floor":33.0},{"not_picked":["Barrage","Streamline","Gash"],"picked":"SKIP","floor":35.0},{"not_picked":["Leap","Chill","Sweeping Beam"],"picked":"SKIP","floor":39.0},{"not_picked":["All For One","Steam Power"],"picked":"Stack+1","floor":41.0},{"not_picked":["Rip and Tear","Conserve Battery"],"picked":"Capacitor","floor":48.0},{"not_picked":["Lockon","Chaos","Streamline"],"picked":"SKIP","floor":55.0}],"player_experience":1090373,"relics_obtained":[{"floor":7.0,"key":"Girya"},{"floor":9.0,"key":"Shovel"},{"floor":10.0,"key":"Kunai"},{"floor":12.0,"key":"Pen Nib"},{"floor":13.0,"key":"Lantern"},{"floor":14.0,"key":"Mummified Hand"},{"floor":15.0,"key":"Symbiotic Virus"},{"floor":23.0,"key":"Mercury Hourglass"},{"floor":25.0,"key":"TungstenRod"},{"floor":26.0,"key":"Gambling Chip"},{"floor":27.0,"key":"Oddly Smooth Stone"},{"floor":32.0,"key":"Darkstone Periapt"},{"floor":37.0,"key":"WingedGreaves"},{"floor":40.0,"key":"CeramicFish"},{"floor":42.0,"key":"Calipers"},{"floor":44.0,"key":"FossilizedHelix"},{"floor":45.0,"key":"Meat on the Bone"},{"floor":48.0,"key":"Boot"},{"floor":53.0,"key":"Bottled Flame"},{"floor":55.0,"key":"Bag of Marbles"}],"event_choices":[{"cards_removed":["Genetic Algorithm"],"damage_healed":0.0,"max_hp_gain":0.0,"max_hp_loss":0.0,"gold_gain":0.0,"event_name":"WeMeetAgain","player_choice":"Gave Card","floor":3.0,"gold_loss":0.0,"damage_taken":0.0,"relics_obtained":["White Beast Statue"]},{"damage_healed":0.0,"max_hp_gain":0.0,"max_hp_loss":0.0,"gold_gain":0.0,"cards_transformed":["Strike_B","Defend_B"],"event_name":"Drug Dealer","player_choice":"Became Test Subject","floor":21.0,"gold_loss":0.0,"damage_taken":0.0,"cards_obtained":["Compile Driver","Loop"]},{"damage_healed":0.0,"max_hp_gain":0.0,"max_hp_loss":0.0,"gold_gain":0.0,"event_name":"Vampires","player_choice":"Ignored","floor":30.0,"gold_loss":0.0,"damage_taken":0.0},{"cards_removed":["Multi-Cast"],"damage_healed":0.0,"max_hp_gain":0.0,"max_hp_loss":0.0,"gold_gain":0.0,"event_name":"Falling","player_choice":"Removed Skill","floor":36.0,"gold_loss":0.0,"damage_taken":0.0},{"damage_healed":0.0,"max_hp_gain":0.0,"max_hp_loss":0.0,"gold_gain":0.0,"event_name":"MindBloom","player_choice":"Fight","floor":37.0,"gold_loss":0.0,"damage_taken":0.0},{"damage_healed":0.0,"max_hp_gain":0.0,"max_hp_loss":0.0,"gold_gain":0.0,"event_name":"Match and Keep!","player_choice":"0 cards matched","floor":46.0,"gold_loss":0.0,"damage_taken":0.0,"cards_obtained":[]}],"is_beta":false,"boss_relics":[{"not_picked":["Busted Crown","Coffee Dripper"],"picked":"Cursed Key"},{"not_picked":["Philosopher\u0027s Stone","Runic Pyramid"],"picked":"SlaversCollar"}],"items_purged_floors":[38,47],"is_endless":false,"potions_floor_spawned":[4,5,7,8,10,11,12,16,18,19,22,24,27,28,29,31,33,35,37,39,41,48,55],"killed_by":"The Heart","ascension_level":20}}