{"host":"7gewg82ormp6yt4e","time":1613055442,"event":{"mods":["BaseMod","Block Reminder","Colored Map","DeckTracker","Highlight Path","Minty Spire (QoL Compilation)","Relic Stats","StSLib","ojb\u0027s Info Mod"],"gold_per_floor":[117,130,150,32,32,32,61,61,88,88,98,98,98,132,132,208,208,227,236,3,3,53,53,73,73,99,99,113,139,139,166,166,248,248,274,274,316,216,243,243,243],"floor_reached":40,"language":"JPN","playtime":2111,"items_purged":["Writhe","Strike_P"],"score":1006,"play_id":"b51f6854-484d-494b-b94e-a319042f30ec","local_time":"20210211235722","is_ascension_mode":true,"campfire_choices":[{"data":"Wallop","floor":6,"key":"SMITH"},{"data":"WaveOfTheHand","floor":10,"key":"SMITH"},{"data":"CrushJoints","floor":12,"key":"SMITH"},{"data":"Eruption","floor":15,"key":"SMITH"},{"data":"Ragnarok","floor":23,"key":"SMITH"},{"data":"Evaluate","floor":25,"key":"SMITH"},{"floor":30,"key":"REST"},{"data":"Vigilance","floor":32,"key":"SMITH"}],"circlet_count":0,"master_deck":["AscendersBane","Strike_P","Defend_P","Defend_P","Defend_P","Eruption+1","Vigilance+1","Evaluate+1","Wallop+1","Wallop+1","WaveOfTheHand+1","BattleHymn+1","CrushJoints+1","InnerPeace","Crescendo","Ragnarok+1","EmptyBody","Sanctity","LessonLearned","Prostrate+1","Evaluate+1","Apotheosis","Bandage Up","Purity"],"relics":["HolyWater","Damaru","Regal Pillow","NlothsMask","Bronze Scales","TungstenRod","CeramicFish","Toolbox","Happy Flower","StrikeDummy","Strawberry","Empty Cage"],"acts_visited":["Exordium","TheCity","TheBeyond"],"potions_floor_usage":[7,16,29,31,37],"damage_taken":[{"damage":0,"enemies":"Cultist","floor":1,"turns":3},{"damage":1,"enemies":"2 Louse","floor":2,"turns":3},{"damage":2,"enemies":"Small Slimes","floor":3,"turns":4},{"damage":0,"enemies":"Lagavulin","floor":7,"turns":4},{"damage":1,"enemies":"Blue Slaver","floor":11,"turns":5},{"damage":0,"enemies":"Gremlin Nob","floor":14,"turns":3},{"damage":1,"enemies":"Hexaghost","floor":16,"turns":7},{"damage":7,"enemies":"Shell Parasite","floor":18,"turns":3},{"damage":13,"enemies":"2 Thieves","floor":24,"turns":4},{"damage":0,"enemies":"Centurion and Healer","floor":28,"turns":2},{"damage":22,"enemies":"Book of Stabbing","floor":29,"turns":3},{"damage":0,"enemies":"Gremlin Leader","floor":31,"turns":5},{"damage":49,"enemies":"Champ","floor":33,"turns":10},{"damage":0,"enemies":"Orb Walker","floor":35,"turns":2},{"damage":7,"enemies":"3 Darklings","floor":37,"turns":5},{"damage":53,"enemies":"Giant Head","floor":40,"turns":6}],"seed_played":"-4509121404119352902","potions_obtained":[{"floor":2,"key":"Dexterity Potion"},{"floor":3,"key":"SteroidPotion"},{"floor":7,"key":"SmokeBomb"},{"floor":14,"key":"Dexterity Potion"},{"floor":18,"key":"StancePotion"},{"floor":28,"key":"Explosive Potion"},{"floor":33,"key":"SpeedPotion"},{"floor":35,"key":"Fire Potion"},{"floor":37,"key":"BlessingOfTheForge"}],"is_trial":false,"path_per_floor":["M","M","M","$","?","R","E","?","T","R","M","R","?","E","R","B",null,"M","?","$","?","?","R","M","R","T","?","M","E","R","E","R","B",null,"M","?","M","$","?","E"],"character_chosen":"WATCHER","items_purchased":["WaveOfTheHand","BattleHymn","Toolbox"],"campfire_rested":1,"item_purchase_floors":[4,4,20],"current_hp_per_floor":[61,60,58,58,58,58,58,58,58,58,57,57,52,52,52,51,64,57,57,57,57,57,57,44,44,44,44,44,22,57,64,64,15,60,60,60,53,53,44,0,0],"gold":243,"neow_bonus":"RANDOM_COMMON_RELIC","is_daily":false,"chose_seed":false,"campfire_upgraded":7,"win_rate":0.0,"timestamp":1613055442,"path_taken":["M","M","?","?","?","R","E","?","T","R","?","R","?","E","R","BOSS","M","?","$","?","?","R","?","R","T","?","?","E","R","E","R","BOSS","M","?","M","$","?","E"],"items_purchased_type":["Card","Card","Relic"],"build_version":"2020-12-22","purchased_purges":2,"victory":false,"max_hp_per_floor":[68,68,68,68,68,68,68,68,68,68,68,68,68,68,68,68,68,68,68,68,68,68,68,68,68,68,68,68,68,68,75,75,75,75,75,75,75,75,75,75,75],"relic_stats":{"Regal Pillow":15,"Happy Flower":[11],"counters":[16,69],"Bronze Scales":[132],"CeramicFish":72,"obtain_stats":[{"Regal Pillow":7,"Happy Flower":26,"CeramicFish":19,"Damaru":0,"Empty Cage":34,"Bronze Scales":13,"Strawberry":31,"HolyWater":17,"Toolbox":20,"PureWater":0,"StrikeDummy":29,"TungstenRod":14,"NlothsMask":8},{"Regal Pillow":4,"Happy Flower":9,"CeramicFish":8,"Damaru":0,"Empty Cage":13,"Bronze Scales":5,"Strawberry":12,"HolyWater":7,"Toolbox":8,"PureWater":0,"StrikeDummy":11,"TungstenRod":6,"NlothsMask":4},{"Regal Pillow":14,"Happy Flower":36,"CeramicFish":32,"Damaru":0,"Empty Cage":56,"Bronze Scales":19,"Strawberry":46,"HolyWater":29,"Toolbox":32,"PureWater":0,"StrikeDummy":41,"TungstenRod":22,"NlothsMask":14}],"TungstenRod":17},"card_choices":[{"not_picked":["PathToVictory","Swivel"],"picked":"Evaluate","floor":1},{"not_picked":["SashWhip","BowlingBash"],"picked":"Wallop","floor":2},{"not_picked":["Wireheading","Nirvana"],"picked":"Wallop","floor":3},{"not_picked":["LikeWater","BattleHymn"],"picked":"CrushJoints","floor":7},{"not_picked":["Evaluate","CrushJoints"],"picked":"InnerPeace","floor":11},{"not_picked":["LikeWater","Evaluate"],"picked":"Crescendo","floor":14},{"not_picked":["DeusExMachina","Alpha"],"picked":"Ragnarok","floor":16},{"not_picked":["CrushJoints","ForeignInfluence"],"picked":"EmptyBody","floor":18},{"not_picked":["Wireheading","Evaluate"],"picked":"Sanctity","floor":24},{"not_picked":["FlyingSleeves","CutThroughFate","FlurryOfBlows+1"],"picked":"SKIP","floor":28},{"not_picked":["Vengeance","Perseverance","FollowUp"],"picked":"SKIP","floor":29},{"not_picked":["Nirvana","Judgement","EmptyFist"],"picked":"SKIP","floor":31},{"not_picked":["Alpha","Judgement"],"picked":"LessonLearned","floor":33},{"not_picked":["ThirdEye","Nirvana"],"picked":"Prostrate+1","floor":35},{"not_picked":["Omniscience","FollowUp+1"],"picked":"Evaluate+1","floor":37},{"not_picked":["Flash of Steel","Dark Shackles"],"picked":"Apotheosis","floor":39},{"not_picked":["Blind","PanicButton"],"picked":"Bandage Up","floor":39},{"not_picked":["Swift Strike","Deep Breath"],"picked":"Purity","floor":39}],"player_experience":2840250,"relics_obtained":[{"floor":7,"key":"Regal Pillow"},{"floor":14,"key":"TungstenRod"},{"floor":26,"key":"Happy Flower"},{"floor":29,"key":"StrikeDummy"},{"floor":31,"key":"Strawberry"}],"event_choices":[{"damage_healed":0,"gold_gain":0,"player_choice":"Grow","damage_taken":0,"max_hp_gain":0,"max_hp_loss":0,"event_name":"Living Wall","floor":5,"gold_loss":0,"cards_upgraded":["Wallop"]},{"damage_healed":0,"gold_gain":0,"player_choice":"Trade","damage_taken":0,"relics_obtained":["NlothsMask"],"max_hp_gain":0,"max_hp_loss":0,"event_name":"FaceTrader","floor":8,"gold_loss":0},{"damage_healed":0,"gold_gain":0,"player_choice":"Success","damage_taken":5,"relics_obtained":["Bronze Scales"],"max_hp_gain":0,"max_hp_loss":0,"event_name":"Scrap Ooze","floor":13,"gold_loss":0},{"damage_healed":0,"gold_gain":0,"player_choice":"Opened","damage_taken":0,"relics_obtained":["CeramicFish"],"max_hp_gain":0,"max_hp_loss":0,"event_name":"The Mausoleum","floor":19,"gold_loss":0,"cards_obtained":["Writhe"]},{"damage_healed":0,"gold_gain":50,"player_choice":"Stole From Cult","damage_taken":0,"max_hp_gain":0,"max_hp_loss":0,"event_name":"Nest","floor":22,"gold_loss":0},{"cards_removed":["Strike_P"],"damage_healed":0,"gold_gain":0,"player_choice":"Offered Basic","damage_taken":0,"max_hp_gain":0,"max_hp_loss":0,"event_name":"Bonfire Elementals","floor":27,"gold_loss":0},{"damage_healed":0,"gold_gain":0,"player_choice":"Ignored","damage_taken":0,"max_hp_gain":0,"max_hp_loss":0,"event_name":"Tomb of Lord Red Mask","floor":36,"gold_loss":0},{"damage_healed":0,"gold_gain":0,"player_choice":"Memory 3","damage_taken":10,"max_hp_gain":0,"max_hp_loss":0,"event_name":"SensoryStone","floor":39,"gold_loss":0}],"is_beta":false,"boss_relics":[{"not_picked":["Tiny House","Calling Bell"],"picked":"HolyWater"},{"not_picked":["SacredBark","Black Star"],"picked":"Empty Cage"}],"items_purged_floors":[20,38],"is_endless":false,"potions_floor_spawned":[2,3,7,14,18,28,33,35,37],"killed_by":"Giant Head","ascension_level":20}}