{"host":"lly094a91h6n5nv5","time":1613024123,"event":{"mods":["AchievementEnabler","BaseMod","Block Reminder","Colored Map","Minty Spire (QoL Compilation)"],"gold_per_floor":[53,53,109,144,205,205,244,244,267,267,340,340,340,434,434,562,571,605,165,190,190],"floor_reached":20,"language":"ENG","playtime":1612,"items_purged":["Strike_R"],"score":255,"play_id":"19833322-3a3e-478f-8f5a-8971f9de501f","local_time":"20210211001523","is_ascension_mode":true,"campfire_choices":[{"data":"HandOfGreed","floor":6.0,"key":"SMITH"},{"data":"Flex","floor":8.0,"key":"SMITH"},{"floor":13.0,"key":"REST"},{"data":"Cleave","floor":15.0,"key":"SMITH"}],"circlet_count":0,"master_deck":["Strike_R","Strike_R","Strike_R","Strike_R","Defend_R","Defend_R","Defend_R","Defend_R","Bash","HandOfGreed+1","Flex+1","Pommel Strike","Headbutt","Limit Break+1","Cleave+1","CurseOfTheBell","Spot Weakness","True Grit+1","Uppercut+1"],"relics":["Burning Blood","Golden Idol","Boot","Akabeko","CeramicFish","Juzu Bracelet","Calling Bell","Happy Flower","Molten Egg 2","Prayer Wheel","Gambling Chip"],"acts_visited":["TheCity"],"potions_floor_usage":[16,16],"damage_taken":[{"damage":11.0,"enemies":"Small Slimes","floor":1.0,"turns":5.0},{"damage":7.0,"enemies":"2 Louse","floor":3.0,"turns":4.0},{"damage":8.0,"enemies":"Jaw Worm","floor":4.0,"turns":4.0},{"damage":5.0,"enemies":"2 Fungi Beasts","floor":5.0,"turns":4.0},{"damage":32.0,"enemies":"Gremlin Nob","floor":7.0,"turns":4.0},{"damage":13.0,"enemies":"3 Louse","floor":11.0,"turns":4.0},{"damage":20.0,"enemies":"3 Sentries","floor":14.0,"turns":7.0},{"damage":17,"enemies":"Hexaghost","floor":16,"turns":9},{"damage":20,"enemies":"Spheric Guardian","floor":18,"turns":4},{"damage":44,"enemies":"3 Byrds","floor":20,"turns":3}],"seed_played":"4764924572197730230","potions_obtained":[{"floor":1.0,"key":"BlessingOfTheForge"},{"floor":5.0,"key":"Strength Potion"},{"floor":14.0,"key":"EssenceOfSteel"}],"is_trial":false,"path_per_floor":["M","?","M","M","M","R","E","R","T","?","M","?","R","E","R","B",null,"M","$","M"],"character_chosen":"IRONCLAD","items_purchased":["Uppercut+1","Gambling Chip"],"campfire_rested":1,"item_purchase_floors":[19,19],"current_hp_per_floor":[67,67,66,64,65,65,39,39,39,39,32,14,36,22,22,11,58,44,44,0,0],"gold":190,"neow_bonus":"RANDOM_COLORLESS_2","is_daily":false,"chose_seed":false,"campfire_upgraded":3,"win_rate":0.0,"timestamp":1613024123,"path_taken":["M","?","M","M","M","R","E","R","T","?","M","?","R","E","R","BOSS","M","$","M"],"items_purchased_type":["Card","Relic"],"build_version":"2020-12-22","purchased_purges":1,"victory":false,"max_hp_per_floor":[80,74,74,74,74,74,74,74,74,74,74,74,74,74,74,74,74,74,74,74,74],"card_choices":[{"not_picked":["Magnetism","The Bomb"],"picked":"HandOfGreed","floor":0.0},{"not_picked":["Wild Strike","Bloodletting"],"picked":"Flex","floor":1.0},{"not_picked":["Anger","Wild Strike"],"picked":"Pommel Strike","floor":3.0},{"not_picked":["Wild Strike","Twin Strike"],"picked":"Headbutt","floor":4.0},{"not_picked":["Hemokinesis","Armaments","Combust"],"picked":"SKIP","floor":5.0},{"not_picked":["Shrug It Off","Thunderclap"],"picked":"Limit Break","floor":7.0},{"not_picked":["Armaments","Anger"],"picked":"Cleave","floor":11.0},{"not_picked":["Body Slam","Fire Breathing","Dark Embrace"],"picked":"SKIP","floor":14.0},{"not_picked":["Clothesline+1","Armaments"],"picked":"Spot Weakness","floor":18},{"not_picked":["Thunderclap+1","Twin Strike+1"],"picked":"True Grit+1","floor":18}],"player_experience":197999,"relics_obtained":[{"floor":7.0,"key":"Boot"},{"floor":9.0,"key":"Akabeko"},{"floor":14.0,"key":"Juzu Bracelet"},{"floor":17,"key":"Happy Flower"},{"floor":17,"key":"Molten Egg 2"},{"floor":17,"key":"Prayer Wheel"}],"event_choices":[{"damage_healed":0.0,"max_hp_gain":0.0,"max_hp_loss":6.0,"gold_gain":0.0,"event_name":"Golden Idol","player_choice":"Lose Max HP","floor":2.0,"gold_loss":0.0,"damage_taken":0.0,"relics_obtained":["Golden Idol"]},{"damage_healed":0.0,"max_hp_gain":0.0,"max_hp_loss":0.0,"gold_gain":0.0,"event_name":"Living Wall","player_choice":"Grow","floor":10.0,"gold_loss":0.0,"damage_taken":0.0,"cards_upgraded":["Limit Break"]},{"damage_healed":0.0,"max_hp_gain":0.0,"max_hp_loss":0.0,"gold_gain":0.0,"event_name":"Scrap Ooze","player_choice":"Success","floor":12.0,"gold_loss":0.0,"damage_taken":18.0,"relics_obtained":["CeramicFish"]}],"is_beta":false,"boss_relics":[{"not_picked":["Empty Cage","Black Star"],"picked":"Calling Bell"}],"items_purged_floors":[19],"is_endless":false,"potions_floor_spawned":[1,5,14],"killed_by":"3 Byrds","ascension_level":8}}