{"host":"p0hktren06injwdf","time":1613078006,"event":{"mods":["AchievementEnabler","BaseMod","Colored Map","DeckTracker","Minty Spire (QoL Compilation)","Permanent Neow","StSLib","SuperFastMode"],"gold_per_floor":[367,382,401,80,95,121,121,121,171,204,224,12,12,30,30,108,108,123,48,48,48,48,48,83,83,83,42,61,86,86,102,102,175,175,186,186,61,130,130,130,144,178,204,204,204,224,224,238,238,238,238,238,238,76,102,102],"floor_reached":57,"language":"KOR","playtime":1603,"items_purged":["Defend_P","Defend_P","Strike_P"],"score":2802,"play_id":"d4f56471-af07-4d09-97bc-61b0cc245ff9","local_time":"20210212061326","is_ascension_mode":true,"campfire_choices":[{"data":"Eruption","floor":7.0,"key":"SMITH"},{"data":"EmptyFist","floor":15.0,"key":"SMITH"},{"data":"Adaptation","floor":23.0,"key":"SMITH"},{"data":"Scrawl","floor":25.0,"key":"SMITH"},{"data":"MentalFortress","floor":32.0,"key":"SMITH"},{"data":"Vault","floor":40.0,"key":"SMITH"},{"floor":45.0,"key":"RECALL"},{"data":"MentalFortress","floor":47.0,"key":"SMITH"},{"floor":49.0,"key":"REST"},{"data":"MentalFortress","floor":53.0,"key":"SMITH"}],"circlet_count":0,"master_deck":["AscendersBane","Strike_P","Strike_P+1","Defend_P+1","Defend_P+1","Eruption+1","Vigilance","FearNoEvil","MentalFortress+1","FollowUp","Adaptation+1","Scrawl+1","TalkToTheHand+1","EmptyFist+1","MentalFortress+1","Tantrum","Adaptation","FlurryOfBlows","Decay","Vault+1","Wallop","MentalFortress+1","DeusExMachina","Flash of Steel"],"relics":["PureWater","Mercury Hourglass","Whetstone","War Paint","VioletLotus","Incense Burner","Meat on the Bone","Thread and Needle","Kunai","Sozu","Sundial","Bag of Marbles","Bronze Scales","Bird Faced Urn"],"acts_visited":["Exordium","TheCity","TheBeyond","TheEnding"],"potions_floor_usage":[55,56],"damage_taken":[{"damage":0.0,"enemies":"Jaw Worm","floor":1.0,"turns":3.0},{"damage":4.0,"enemies":"Small Slimes","floor":2.0,"turns":6.0},{"damage":0.0,"enemies":"Cultist","floor":3.0,"turns":3.0},{"damage":10.0,"enemies":"Blue Slaver","floor":5.0,"turns":4.0},{"damage":12.0,"enemies":"Lagavulin","floor":6.0,"turns":7.0},{"damage":15.0,"enemies":"3 Sentries","floor":10.0,"turns":5.0},{"damage":0.0,"enemies":"Large Slime","floor":11.0,"turns":4.0},{"damage":3.0,"enemies":"Looter","floor":14.0,"turns":2.0},{"damage":0.0,"enemies":"Slime Boss","floor":16.0,"turns":4.0},{"damage":5.0,"enemies":"Shell Parasite","floor":18.0,"turns":3.0},{"damage":4.0,"enemies":"Gremlin Leader","floor":24.0,"turns":3.0},{"damage":0.0,"enemies":"Chosen","floor":28.0,"turns":3.0},{"damage":21.0,"enemies":"Slavers","floor":29.0,"turns":5.0},{"damage":0.0,"enemies":"Centurion and Healer","floor":31.0,"turns":8.0},{"damage":23.0,"enemies":"Collector","floor":33.0,"turns":10.0},{"damage":0.0,"enemies":"Orb Walker","floor":35.0,"turns":3.0},{"damage":0.0,"enemies":"3 Darklings","floor":41.0,"turns":3.0},{"damage":0.0,"enemies":"Reptomancer","floor":42.0,"turns":4.0},{"damage":10.0,"enemies":"Writhing Mass","floor":46.0,"turns":4.0},{"damage":21.0,"enemies":"Jaw Worm Horde","floor":48.0,"turns":3.0},{"damage":12.0,"enemies":"Donu and Deca","floor":50.0,"turns":4.0},{"damage":24.0,"enemies":"Awakened One","floor":51.0,"turns":8.0},{"damage":42,"enemies":"Shield and Spear","floor":55,"turns":6},{"damage":36,"enemies":"The Heart","floor":56,"turns":10}],"seed_played":"-6244438233615558334","potions_obtained":[{"floor":1.0,"key":"Swift Potion"},{"floor":3.0,"key":"Strength Potion"},{"floor":11.0,"key":"LiquidMemories"},{"floor":16.0,"key":"Ancient Potion"},{"floor":24.0,"key":"Swift Potion"},{"floor":33.0,"key":"BlessingOfTheForge"}],"is_trial":false,"path_per_floor":["M","M","M","$","M","E","R","?","T","E","M","$","?","M","R","B",null,"M","?","?","?","?","R","E","R","T","$","M","E","T","M","R","B",null,"M","?","$","T","$","R","M","E","T","?","R","M","R","M","R","B","B",null,"R","$","E","B",null],"character_chosen":"WATCHER","items_purchased":["Adaptation","Scrawl","Adaptation","FlurryOfBlows","MentalFortress","Bronze Scales"],"campfire_rested":1,"item_purchase_floors":[4,4,12,12,27,54],"current_hp_per_floor":[61,57,57,57,47,35,35,35,35,20,20,20,20,17,17,17,51,46,46,46,29,29,29,25,25,25,25,37,28,28,40,40,29,58,58,54,54,54,54,54,54,54,54,54,54,44,44,35,55,43,31,58,58,58,28,14],"gold":102,"neow_bonus":"TWO_FIFTY_GOLD","is_daily":false,"chose_seed":false,"campfire_upgraded":8,"win_rate":0.0,"timestamp":1613078006,"path_taken":["M","M","M","$","M","E","R","?","T","E","M","$","?","M","R","BOSS","M","?","?","?","?","R","E","R","T","$","M","E","?","M","R","BOSS","M","?","$","?","$","R","M","E","T","?","R","M","R","M","R","BOSS","BOSS","R","$","E","BOSS"],"items_purchased_type":["Card","Card","Card","Card","Card","Relic"],"build_version":"2020-12-22","purchased_purges":3,"victory":true,"max_hp_per_floor":[62,62,62,62,62,62,62,62,62,62,62,62,62,62,62,62,62,62,62,62,67,67,67,67,67,67,67,67,67,67,67,67,67,67,67,67,67,67,67,67,67,67,67,67,67,67,67,67,67,67,67,67,67,67,67,67],"card_choices":[{"not_picked":["CutThroughFate","ForeignInfluence"],"picked":"FearNoEvil","floor":1.0},{"not_picked":["ReachHeaven","InnerPeace"],"picked":"MentalFortress","floor":2.0},{"not_picked":["Halt","InnerPeace"],"picked":"FollowUp","floor":3.0},{"not_picked":["Crescendo","ReachHeaven"],"picked":"TalkToTheHand","floor":5.0},{"not_picked":["SashWhip","Evaluate"],"picked":"EmptyFist","floor":6.0},{"not_picked":["PathToVictory","ReachHeaven"],"picked":"MentalFortress","floor":10.0},{"not_picked":["Perseverance","Ragnarok"],"picked":"Tantrum","floor":11.0},{"not_picked":["Study","Prostrate","Collect"],"picked":"SKIP","floor":14.0},{"not_picked":["Wish","Devotion"],"picked":"Vault","floor":16.0},{"not_picked":["FlurryOfBlows","WaveOfTheHand+1","Fasting2"],"picked":"SKIP","floor":18.0},{"not_picked":["Collect","Halt","Crescendo"],"picked":"SKIP","floor":24.0},{"not_picked":["Pray","FlurryOfBlows","PathToVictory"],"picked":"SKIP","floor":28.0},{"not_picked":["ClearTheMind","Alpha","Consecrate"],"picked":"SKIP","floor":29.0},{"not_picked":["CutThroughFate","Worship","FollowUp"],"picked":"SKIP","floor":31.0},{"not_picked":["SashWhip","PathToVictory","FlurryOfBlows"],"picked":"SKIP","floor":35.0},{"not_picked":["ThirdEye","FollowUp","SashWhip"],"picked":"SKIP","floor":41.0},{"not_picked":["Tantrum","Consecrate+1"],"picked":"DeusExMachina","floor":42.0},{"not_picked":["Apotheosis","Dramatic Entrance"],"picked":"Flash of Steel","floor":44.0},{"not_picked":["Collect","PathToVictory+1","FollowUp"],"picked":"SKIP","floor":46.0},{"not_picked":["EmptyBody+1","Vengeance","CrushJoints+1"],"picked":"SKIP","floor":48.0},{"not_picked":["ConjureBlade","ReachHeaven+1","LikeWater"],"picked":"SKIP","floor":55}],"player_experience":1035501,"relics_obtained":[{"floor":6.0,"key":"Mercury Hourglass"},{"floor":9.0,"key":"Whetstone"},{"floor":10.0,"key":"War Paint"},{"floor":24.0,"key":"Incense Burner"},{"floor":26.0,"key":"Meat on the Bone"},{"floor":29.0,"key":"Thread and Needle"},{"floor":30.0,"key":"Kunai"},{"floor":38.0,"key":"Sundial"},{"floor":42.0,"key":"Bag of Marbles"},{"floor":55,"key":"Bird Faced Urn"}],"event_choices":[{"damage_healed":0.0,"max_hp_gain":0.0,"max_hp_loss":0.0,"gold_gain":0.0,"event_name":"Scrap Ooze","player_choice":"Fled","floor":8.0,"gold_loss":0.0,"damage_taken":0.0},{"damage_healed":0.0,"max_hp_gain":0.0,"max_hp_loss":0.0,"gold_gain":0.0,"event_name":"Wheel of Change","player_choice":"Cursed","floor":13.0,"gold_loss":0.0,"damage_taken":0.0,"cards_obtained":["Decay"]},{"cards_removed":["Strike_P"],"damage_healed":0.0,"max_hp_gain":0.0,"max_hp_loss":0.0,"gold_gain":0.0,"event_name":"Beggar","player_choice":"Gave Gold","floor":19.0,"gold_loss":75.0,"damage_taken":0.0},{"damage_healed":0.0,"max_hp_gain":0.0,"max_hp_loss":0.0,"gold_gain":0.0,"event_name":"The Library","player_choice":"Read","floor":20.0,"gold_loss":0.0,"damage_taken":0.0,"cards_obtained":["Wallop"]},{"damage_healed":0.0,"max_hp_gain":5.0,"max_hp_loss":0.0,"gold_gain":0.0,"event_name":"Forgotten Altar","player_choice":"Shed Blood","floor":21.0,"gold_loss":0.0,"damage_taken":22.0},{"damage_healed":0.0,"max_hp_gain":0.0,"max_hp_loss":0.0,"gold_gain":0.0,"event_name":"Vampires","player_choice":"Ignored","floor":22.0,"gold_loss":0.0,"damage_taken":0.0},{"damage_healed":0.0,"max_hp_gain":0.0,"max_hp_loss":0.0,"gold_gain":0.0,"event_name":"The Woman in Blue","player_choice":"Bought 0 Potions","floor":36.0,"gold_loss":0.0,"damage_taken":0.0},{"damage_healed":0.0,"max_hp_gain":0.0,"max_hp_loss":0.0,"gold_gain":0.0,"event_name":"SensoryStone","player_choice":"Memory 1","floor":44.0,"gold_loss":0.0,"damage_taken":0.0}],"is_beta":false,"boss_relics":[{"not_picked":["Tiny House","Cursed Key"],"picked":"VioletLotus"},{"not_picked":["Black Star","Runic Pyramid"],"picked":"Sozu"}],"items_purged_floors":[4,12,37],"is_endless":false,"potions_floor_spawned":[1,3,11,16,24,33,35,42],"ascension_level":20}}