{"host":"dztixnx9b0gu6w9i","time":1613086133,"event":{"mods":["BaseMod","Bestiary","Minty Spire (QoL Compilation)","Relic Stats","Slay the Relics Exporter","SpireBot","ojb\u0027s Better Paths Mod","ojb\u0027s Info Mod"],"gold_per_floor":[112,58,58,74,94,94,124,136,136,146,71,71,86,117,117,190,190,208,24,24,24,44,59,73,73,142,57,85,113,113,133,133,207,207,223,234,303,316,330,358,33,33,33,33,60,60,85,111,111,111,111,111,111,3,32,32],"floor_reached":57,"language":"ENG","playtime":7404,"items_purged":["Defend_B","Strike_B"],"score":2780,"play_id":"751af3cb-ed67-4329-bf3f-c4d54fc09491","local_time":"20210211182853","is_ascension_mode":true,"campfire_choices":[{"data":"Sweeping Beam","floor":6,"key":"SMITH"},{"data":"Doom and Gloom","floor":12,"key":"SMITH"},{"data":"Genetic Algorithm","floor":15,"key":"SMITH"},{"floor":25,"key":"REST"},{"data":"Chill","floor":30,"key":"SMITH"},{"data":"Barrage","floor":32,"key":"SMITH"},{"floor":49,"key":"RECALL"},{"data":"Seek","floor":53,"key":"SMITH"}],"circlet_count":0,"master_deck":["AscendersBane","Dualcast","Genetic Algorithm","Ball Lightning","Sweeping Beam+1","Chill+1","Doom and Gloom+1","Self Repair","Genetic Algorithm+1","Ball Lightning","Compile Driver","Biased Cognition+1","Barrage+1","Defragment+1","Coolheaded","Glacier","Cold Snap","Hologram+1","Skim+1","Compile Driver","Defragment+1","Compile Driver","White Noise","Core Surge","Fission","Barrage","Coolheaded","Seek+1","Master of Strategy","Tempest","Coolheaded+1"],"relics":["Cracked Core","Tiny Chest","Mango","Shuriken","Frozen Egg 2","Inserter","Ice Cream","Lizard Tail","Red Mask","War Paint","Pandora\u0027s Box","Ornamental Fan","Juzu Bracelet","Frozen Eye","Centennial Puzzle","HornCleat","PreservedInsect","Gambling Chip","Orichalcum","Eternal Feather"],"acts_visited":["Exordium","TheCity","TheBeyond","TheEnding"],"potions_floor_usage":[7,7,14,16,22,56,56],"damage_taken":[{"damage":1,"enemies":"Cultist","floor":1,"turns":4},{"damage":2,"enemies":"Jaw Worm","floor":4,"turns":3},{"damage":0,"enemies":"Small Slimes","floor":5,"turns":2},{"damage":17,"enemies":"Lagavulin","floor":7,"turns":6},{"damage":0,"enemies":"Exordium Thugs","floor":8,"turns":3},{"damage":18,"enemies":"Red Slaver","floor":10,"turns":3},{"damage":7,"enemies":"Exordium Wildlife","floor":13,"turns":3},{"damage":6,"enemies":"Gremlin Nob","floor":14,"turns":3},{"damage":30,"enemies":"Slime Boss","floor":16,"turns":9},{"damage":29,"enemies":"3 Byrds","floor":18,"turns":5},{"damage":9,"enemies":"Shell Parasite","floor":22,"turns":5},{"damage":5,"enemies":"Cultist and Chosen","floor":23,"turns":5},{"damage":36,"enemies":"Shelled Parasite and Fungi","floor":24,"turns":5},{"damage":10,"enemies":"Masked Bandits","floor":28,"turns":5},{"damage":48,"enemies":"Slavers","floor":29,"turns":8},{"damage":5,"enemies":"Snake Plant","floor":31,"turns":6},{"damage":9,"enemies":"Champ","floor":33,"turns":14},{"damage":1,"enemies":"3 Darklings","floor":35,"turns":6},{"damage":0,"enemies":"3 Shapes","floor":36,"turns":8},{"damage":0,"enemies":"Sphere and 2 Shapes","floor":38,"turns":8},{"damage":0,"enemies":"4 Shapes","floor":39,"turns":10},{"damage":6,"enemies":"Giant Head","floor":40,"turns":12},{"damage":0,"enemies":"Mind Bloom Boss Battle","floor":47,"turns":9},{"damage":0,"enemies":"Nemesis","floor":48,"turns":9},{"damage":3,"enemies":"Time Eater","floor":50,"turns":18},{"damage":0,"enemies":"Donu and Deca","floor":51,"turns":16},{"damage":5,"enemies":"Shield and Spear","floor":55,"turns":12},{"damage":45,"enemies":"The Heart","floor":56,"turns":11}],"seed_played":"2693753150226689294","potions_obtained":[{"floor":1,"key":"FocusPotion"},{"floor":3,"key":"PowerPotion"},{"floor":7,"key":"SneckoOil"},{"floor":8,"key":"DuplicationPotion"},{"floor":18,"key":"Block Potion"},{"floor":29,"key":"Block Potion"},{"floor":31,"key":"LiquidMemories"},{"floor":35,"key":"EntropicBrew"},{"floor":39,"key":"FocusPotion"}],"is_trial":false,"path_per_floor":["M","$","?","M","M","R","E","M","T","M","$","R","M","E","R","B",null,"M","$","T","?","M","M","M","R","T","?","?","E","R","M","R","B",null,"M","M","T","M","M","E","$","?","T","?","T","?","?","E","R","B","B",null,"R","$","E","B",null],"character_chosen":"DEFECT","items_purchased":["Ball Lightning","Defragment+1","Frozen Eye","Centennial Puzzle","CultistPotion"],"campfire_rested":1,"item_purchase_floors":[2,19,41,41,54],"current_hp_per_floor":[63,63,63,61,61,61,58,58,58,47,47,47,40,41,41,11,67,45,45,45,45,43,45,16,41,41,41,38,49,49,51,51,49,76,82,85,85,85,85,85,85,85,85,85,85,75,82,85,85,85,85,85,85,85,85,40],"gold":32,"neow_bonus":"RANDOM_COMMON_RELIC","is_daily":false,"chose_seed":false,"campfire_upgraded":6,"win_rate":0.0,"timestamp":1613086133,"path_taken":["M","?","?","M","?","R","E","M","T","M","$","R","M","E","R","BOSS","M","$","?","?","M","M","M","R","T","?","?","E","R","M","R","BOSS","M","M","?","M","M","E","?","?","T","?","?","?","?","E","R","BOSS","BOSS","R","$","E","BOSS"],"items_purchased_type":["Card","Card","Relic","Relic","Potion"],"build_version":"2020-12-22","purchased_purges":2,"victory":true,"max_hp_per_floor":[71,71,71,71,71,71,85,85,85,85,85,85,85,85,85,85,85,85,85,85,85,85,85,85,85,85,85,85,85,85,85,85,85,85,85,85,85,85,85,85,85,85,85,85,85,85,85,85,85,85,85,85,85,85,85,85],"relic_stats":{"Inserter":[83],"counters":[28,208],"Eternal Feather":0,"PreservedInsect":127,"Juzu Bracelet":2,"War Paint":["Hologram","Skim"],"Orichalcum":[126],"Lizard Tail":42,"Centennial Puzzle":[9],"Shuriken":[33],"Ornamental Fan":[80],"Gambling Chip":[16],"Tiny Chest":3,"Pandora\u0027s Box":["Defragment","Compile Driver","Cold Snap","White Noise","Core Surge","Fission"],"obtain_stats":[{"Ice Cream":20,"Inserter":17,"Mango":7,"Eternal Feather":55,"PreservedInsect":45,"Juzu Bracelet":40,"Frozen Egg 2":14,"War Paint":29,"Orichalcum":48,"Frozen Eye":41,"Lizard Tail":27,"Centennial Puzzle":41,"HornCleat":43,"Shuriken":9,"Ornamental Fan":37,"Gambling Chip":47,"Tiny Chest":0,"Pandora\u0027s Box":34,"Red Mask":28,"Cracked Core":0},{"Ice Cream":10,"Inserter":9,"Mango":4,"Eternal Feather":27,"PreservedInsect":22,"Juzu Bracelet":22,"Frozen Egg 2":8,"War Paint":15,"Orichalcum":24,"Frozen Eye":22,"Lizard Tail":13,"Centennial Puzzle":22,"HornCleat":22,"Shuriken":5,"Ornamental Fan":19,"Gambling Chip":23,"Tiny Chest":0,"Pandora\u0027s Box":17,"Red Mask":14,"Cracked Core":0},{"Ice Cream":41,"Inserter":36,"Mango":15,"Eternal Feather":197,"PreservedInsect":133,"Juzu Bracelet":133,"Frozen Egg 2":27,"War Paint":69,"Orichalcum":151,"Frozen Eye":133,"Lizard Tail":56,"Centennial Puzzle":133,"HornCleat":133,"Shuriken":18,"Ornamental Fan":103,"Gambling Chip":142,"Tiny Chest":0,"Pandora\u0027s Box":89,"Red Mask":61,"Cracked Core":0}]},"card_choices":[{"not_picked":["Coolheaded","Steam"],"picked":"Genetic Algorithm","floor":1},{"not_picked":["Steam","Darkness"],"picked":"Sweeping Beam","floor":4},{"not_picked":["Leap","Reinforced Body"],"picked":"Chill","floor":5},{"not_picked":["Redo","Undo"],"picked":"Doom and Gloom","floor":7},{"not_picked":["Beam Cell","Steam Power"],"picked":"Self Repair","floor":8},{"not_picked":["Rip and Tear","Recycle"],"picked":"Genetic Algorithm","floor":10},{"not_picked":["Beam Cell","Stack"],"picked":"Ball Lightning","floor":13},{"not_picked":["Lockon","Hologram"],"picked":"Compile Driver","floor":14},{"not_picked":["Buffer+1","Electrodynamics+1"],"picked":"Biased Cognition+1","floor":16},{"not_picked":["Gash","Stack"],"picked":"Barrage","floor":18},{"not_picked":["Recycle","Leap"],"picked":"Coolheaded","floor":22},{"not_picked":["Auto Shields","Melter"],"picked":"Glacier","floor":23},{"not_picked":["Hologram","Turbo"],"picked":"Cold Snap","floor":24},{"not_picked":["Darkness","Go for the Eyes"],"picked":"Hologram","floor":28},{"not_picked":["Barrage","Rebound"],"picked":"Skim","floor":29},{"not_picked":["Heatsinks+1","FTL"],"picked":"Compile Driver","floor":31},{"not_picked":["Rebound","Darkness"],"picked":"Barrage","floor":35},{"not_picked":["Beam Cell","Sweeping Beam","Hello World+1"],"picked":"SKIP","floor":36},{"not_picked":["Cold Snap","Rebound","Steam+1"],"picked":"SKIP","floor":38},{"not_picked":["Recycle","Hologram"],"picked":"Coolheaded","floor":39},{"not_picked":["Multi-Cast","Sunder"],"picked":"Seek","floor":40},{"not_picked":["Madness","Trip"],"picked":"Master of Strategy","floor":46},{"not_picked":["Darkness","Fission"],"picked":"Tempest","floor":48},{"not_picked":["Steam Power","Tempest"],"picked":"Coolheaded+1","floor":55}],"player_experience":8570904,"relics_obtained":[{"floor":7,"key":"Mango"},{"floor":9,"key":"Shuriken"},{"floor":14,"key":"Frozen Egg 2"},{"floor":20,"key":"Ice Cream"},{"floor":28,"key":"Red Mask"},{"floor":29,"key":"War Paint"},{"floor":37,"key":"Ornamental Fan"},{"floor":40,"key":"Juzu Bracelet"},{"floor":43,"key":"HornCleat"},{"floor":45,"key":"PreservedInsect"},{"floor":47,"key":"Gambling Chip"},{"floor":48,"key":"Orichalcum"},{"floor":55,"key":"Eternal Feather"}],"event_choices":[{"damage_healed":0,"gold_gain":0,"player_choice":"Got Potions","damage_taken":0,"max_hp_gain":0,"max_hp_loss":0,"event_name":"Lab","floor":3,"gold_loss":0},{"damage_healed":0,"gold_gain":0,"player_choice":"Ignored","damage_taken":0,"max_hp_gain":0,"max_hp_loss":0,"event_name":"Vampires","floor":21,"gold_loss":0},{"damage_healed":0,"gold_gain":0,"player_choice":"Obtained Relic","damage_taken":0,"relics_obtained":["Lizard Tail"],"max_hp_gain":0,"max_hp_loss":0,"event_name":"Addict","floor":27,"gold_loss":85},{"damage_healed":0,"gold_gain":0,"player_choice":"Fought Bandits","damage_taken":0,"max_hp_gain":0,"max_hp_loss":0,"event_name":"Masked Bandits","floor":28,"gold_loss":0},{"cards_removed":["Cold Snap"],"damage_healed":0,"gold_gain":0,"player_choice":"Removed Attack","damage_taken":0,"max_hp_gain":0,"max_hp_loss":0,"event_name":"Falling","floor":42,"gold_loss":0},{"cards_removed":["Zap"],"damage_healed":0,"gold_gain":0,"player_choice":"Purged","damage_taken":0,"max_hp_gain":0,"max_hp_loss":0,"event_name":"Purifier","floor":44,"gold_loss":0},{"damage_healed":0,"gold_gain":0,"player_choice":"Memory 3","damage_taken":10,"max_hp_gain":0,"max_hp_loss":0,"event_name":"SensoryStone","floor":46,"gold_loss":0},{"damage_healed":0,"gold_gain":0,"player_choice":"Fight","damage_taken":0,"max_hp_gain":0,"max_hp_loss":0,"event_name":"MindBloom","floor":47,"gold_loss":0}],"is_beta":false,"boss_relics":[{"not_picked":["Cursed Key","Runic Dome"],"picked":"Inserter"},{"not_picked":["Empty Cage","Astrolabe"],"picked":"Pandora\u0027s Box"}],"items_purged_floors":[11,19],"is_endless":false,"potions_floor_spawned":[1,7,8,13,18,29,31,35,39,40,48],"ascension_level":20}}