{"host":"tehwqczjgu3fth90","time":1613004955,"event":{"mods":["AchievementEnabler","BaseMod","BetterRewards","Colored Powertips","Highlight Path","Infinite Spire","Minty Spire (QoL Compilation)","Shop Mod","StSLib","The Bug Knight","The Runesmith"],"gold_per_floor":[118,118,132,132,50,50,60,71,71,71,71,71,86,86,86,86,86],"floor_reached":16,"language":"ENG","playtime":702,"items_purged":[],"score":90,"play_id":"ffb8f957-6c45-453f-a726-cbab75d98c86","local_time":"20210210185555","is_ascension_mode":false,"campfire_choices":[{"data":"Intimidate","floor":6.0,"key":"SMITH"},{"data":"infinitespire:OneForAll","floor":12,"key":"SMITH"},{"floor":15,"key":"REST"}],"circlet_count":0,"master_deck":["Strike_R","Strike_R","Strike_R","Strike_R","Strike_R","Defend_R","Defend_R","Defend_R","Defend_R","Bash","Pommel Strike","Intimidate+1","Inflame+1","infinitespire:OneForAll+1","Twin Strike","Flex"],"relics":["Burning Blood","Question Card"],"acts_visited":["Exordium"],"potions_floor_usage":[8],"damage_taken":[{"damage":5.0,"enemies":"Cultist","floor":1.0,"turns":4.0},{"damage":3.0,"enemies":"2 Louse","floor":3.0,"turns":4.0},{"damage":12.0,"enemies":"Small Slimes","floor":7.0,"turns":4.0},{"damage":15,"enemies":"Gremlin Gang","floor":8,"turns":10},{"damage":7,"enemies":"Looter","floor":13,"turns":3},{"damage":90,"enemies":"Hexaghost","floor":16,"turns":9}],"seed_played":"-5907356401569070783","potions_obtained":[{"floor":3.0,"key":"SkillPotion"},{"floor":7.0,"key":"AttackPotion"},{"floor":8,"key":"Dexterity Potion"},{"floor":10,"key":"HeartOfIron"}],"is_trial":false,"path_per_floor":["M","?","M","?","$","R","M","M","T","?","$","R","M","?","R","B"],"character_chosen":"IRONCLAD","items_purchased":["Inflame"],"campfire_rested":1,"item_purchase_floors":[5],"current_hp_per_floor":[88,88,88,88,88,88,82,73,73,73,73,73,72,72,88,0,0],"gold":86,"neow_bonus":"TEN_PERCENT_HP_BONUS","is_daily":false,"chose_seed":false,"campfire_upgraded":2,"win_rate":0.0,"timestamp":1613004955,"path_taken":["M","?","M","?","$","R","M","M","T","?","$","R","?","?","R","BOSS"],"items_purchased_type":["Card"],"build_version":"2020-12-22","purchased_purges":0,"victory":false,"max_hp_per_floor":[88,88,88,88,88,88,88,88,88,88,88,88,88,88,88,88,88],"card_choices":[{"not_picked":["Heavy Blade","Dropkick"],"picked":"Pommel Strike","floor":1.0},{"not_picked":["Ghostly Armor","Clash"],"picked":"Intimidate","floor":3.0},{"not_picked":["Thunderclap","Heavy Blade"],"picked":"infinitespire:OneForAll","floor":7.0},{"not_picked":["Body Slam","Combust"],"picked":"Twin Strike","floor":8},{"not_picked":["Armaments","Clash","Thunderclap"],"picked":"Flex","floor":13}],"player_experience":480554,"relics_obtained":[{"floor":9,"key":"Question Card"}],"event_choices":[{"damage_healed":0.0,"max_hp_gain":0.0,"max_hp_loss":0.0,"gold_gain":0.0,"event_name":"Liars Game","player_choice":"Ignored","floor":2.0,"gold_loss":0.0,"damage_taken":0.0},{"damage_healed":0.0,"max_hp_gain":0.0,"max_hp_loss":0.0,"gold_gain":0.0,"event_name":"The Cleric","player_choice":"Leave","floor":4.0,"gold_loss":0.0,"damage_taken":0.0},{"damage_healed":0,"gold_gain":0,"player_choice":"Got Potions","damage_taken":0,"max_hp_gain":0,"max_hp_loss":0,"event_name":"Lab","floor":10,"gold_loss":0},{"damage_healed":0,"gold_gain":0,"player_choice":"Grow","damage_taken":0,"max_hp_gain":0,"max_hp_loss":0,"event_name":"Living Wall","floor":14,"gold_loss":0,"cards_upgraded":["Inflame"]}],"is_beta":false,"boss_relics":[],"items_purged_floors":[],"is_endless":false,"potions_floor_spawned":[3,7,8],"killed_by":"Hexaghost","ascension_level":0}}