{"host":"121m0oxswv9tg9hk","time":1613081084,"event":{"mods":["AchievementEnabler","BaseMod","Better Third Choice","Downfall","Minty Spire (QoL Compilation)","StSLib"],"gold_per_floor":[99,99,99,99,99,126,138,150,197,226,238,260,307,374,402,516,528,440,469,493,525,537,60,83,83,100,111,143,163,196,196,210,313,313,313,328,346,346,358,99,173,1,36,36,48,65,65,84,100,100],"floor_reached":51,"language":"ENG","playtime":5343,"items_purged":["Guardian:Defend_Guardian+1","Guardian:Strike_Guardian+1"],"score":1174,"play_id":"2fe9b9b5-6132-4185-8d2b-0322a885a6cc","local_time":"20210211230444","is_ascension_mode":true,"campfire_choices":[{"data":"Guardian:TwinSlam","floor":1,"key":"SMITH"},{"floor":11,"key":"REST"},{"data":"Guardian:SentryBeam","floor":18,"key":"SMITH"},{"data":"Guardian:SentryBeam","floor":35,"key":"SMITH"},{"data":"Juggernaut","floor":47,"key":"SMITH"}],"circlet_count":0,"master_deck":["AscendersBane","Guardian:Strike_Guardian+1","Guardian:Strike_Guardian+1","Guardian:Defend_Guardian+1","Guardian:Defend_Guardian+1","Guardian:CurlUp","Guardian:TwinSlam+1","Guardian:PiercingHide","Guardian:Clone","Guardian:DecasProtection","Juggernaut+1","Adrenaline","Guardian:SentryBeam+1","Guardian:BronzeArmor","Guardian:Harden","Guardian:PiercingHide","Guardian:BodySlam","Guardian:SphericShield","Guardian:BronzeOrb","Guardian:DecasProtection+1","Guardian:FuturePlans","Guardian:PiercingHide","Guardian:FloatingOrbs","Guardian:PolyBeam","Guardian:SentryBeam+1","Guardian:ArmoredProtocol","Guardian:CompilePackage+1","Guardian:FloatingOrbs","Guardian:SentryBeam","Pain","Guardian:Clone+1","Doubt","Guardian:VentSteam+1","Guardian:Emergency+1"],"relics":["Guardian:ModeShifter","downfall:HeartsMalice","Bag of Marbles","MawBank","Juzu Bracelet","Blue Candle","Incense Burner","Black Star","downfall:HeartBlessingGreen","Torii","Oddly Smooth Stone","Toxic Egg 2","Smiling Mask","hexamod:CandleOfCauterizing","Toy Ornithopter","Empty Cage","WarpedTongs","Regal Pillow","Mummified Hand","Potion Belt","Vajra","Pear"],"acts_visited":["Exordium","TheCity","TheBeyond"],"potions_floor_usage":[14,16,28,50,50],"damage_taken":[{"damage":0,"enemies":"Jaw Worm","floor":2,"turns":1},{"damage":0,"enemies":"Small Slimes","floor":3,"turns":1},{"damage":0,"enemies":"2 Louse","floor":4,"turns":1},{"damage":18,"enemies":"3 Sentries","floor":6,"turns":8},{"damage":15,"enemies":"Gremlin Nob","floor":9,"turns":5},{"damage":9,"enemies":"Lots of Slimes","floor":10,"turns":4},{"damage":6,"enemies":"Large Slime","floor":12,"turns":6},{"damage":4,"enemies":"Lagavulin","floor":13,"turns":8},{"damage":4,"enemies":"Exordium Thugs","floor":14,"turns":5},{"damage":1,"enemies":"Blue Slaver","floor":15,"turns":3},{"damage":14,"enemies":"IC_STATUS_ARCHETYPE","floor":16,"turns":11},{"damage":0,"enemies":"3 Byrds","floor":19,"turns":4},{"damage":2,"enemies":"Shell Parasite","floor":20,"turns":6},{"damage":0,"enemies":"Centurion and Healer","floor":21,"turns":11},{"damage":0,"enemies":"downfall:FleeingMerchant","floor":23,"turns":4},{"damage":0,"enemies":"Sentry and Sphere","floor":26,"turns":6},{"damage":8,"enemies":"3 Cultists","floor":27,"turns":6},{"damage":0,"enemies":"Gremlin Leader","floor":28,"turns":9},{"damage":0,"enemies":"Snecko","floor":29,"turns":6},{"damage":0,"enemies":"Slavers","floor":30,"turns":7},{"damage":1,"enemies":"Chosen and Byrds","floor":32,"turns":6},{"damage":27,"enemies":"SI_MIRROR_ARCHETYPE","floor":33,"turns":10},{"damage":17,"enemies":"3 Shapes","floor":36,"turns":5},{"damage":0,"enemies":"Orb Walker","floor":37,"turns":4},{"damage":8,"enemies":"Writhing Mass","floor":39,"turns":6},{"damage":1,"enemies":"downfall:FleeingMerchant","floor":40,"turns":4},{"damage":1,"enemies":"downfall:FleeingMerchant","floor":42,"turns":4},{"damage":2,"enemies":"Nemesis","floor":43,"turns":7},{"damage":1,"enemies":"Maw","floor":45,"turns":6},{"damage":2,"enemies":"3 Darklings","floor":46,"turns":4},{"damage":0,"enemies":"Sphere and 2 Shapes","floor":48,"turns":3},{"damage":1,"enemies":"4 Shapes","floor":49,"turns":4},{"damage":37,"enemies":"DF_ARCHETYPE_ORBS","floor":50,"turns":7}],"seed_played":"5519551818671624093","potions_obtained":[{"floor":9,"key":"ColorlessPotion"},{"floor":13,"key":"Strength Potion"},{"floor":14,"key":"SteroidPotion"},{"floor":16,"key":"EntropicBrew"},{"floor":27,"key":"Guardian:BlockOnCardUsePotion"},{"floor":28,"key":"PowerPotion"},{"floor":31,"key":"CultistPotion"},{"floor":43,"key":"BlessingOfTheForge"},{"floor":46,"key":"SteroidPotion"},{"floor":48,"key":"CultistPotion"}],"is_trial":false,"path_per_floor":["R","M","M","M","?","E","T","?","E","M","R","M","E","M","M","B",null,"R","M","M","M","?","$","T","?","M","M","E","M","E","?","M","B",null,"R","M","M","?","M","$","T","$","E","?","M","M","R","M","M","B",null],"character_chosen":"GUARDIAN","items_purchased":["Torii","Guardian:PiercingHide","Guardian:FloatingOrbs","Regal Pillow","Guardian:Clone+1","Potion Belt"],"campfire_rested":1,"item_purchase_floors":[23,23,23,40,40,42],"current_hp_per_floor":[72,72,72,72,61,43,43,43,28,19,43,37,33,29,28,14,64,64,64,62,62,62,62,62,62,62,54,54,54,54,54,53,26,67,67,50,50,50,42,41,41,40,48,90,89,87,87,87,86,58],"gold":100,"neow_bonus":"THREE_ENEMY_KILL","is_daily":false,"chose_seed":false,"campfire_upgraded":4,"win_rate":0.0,"timestamp":1613081084,"path_taken":["R","M","M","M","?","E","T","?","E","M","R","M","E","M","M","BOSS","R","M","M","M","?","$","T","?","M","M","E","M","E","?","M","BOSS","R","M","M","?","M","$","T","?","E","?","M","M","R","M","M","BOSS"],"items_purchased_type":["Relic","Card","Card","Relic","Card","Relic"],"build_version":"2020-12-22","purchased_purges":2,"victory":true,"max_hp_per_floor":[80,80,80,80,80,80,80,80,80,80,80,80,80,80,80,80,80,80,80,80,80,80,80,80,80,80,80,80,80,80,80,80,80,80,80,80,80,80,80,80,80,80,90,90,90,90,90,90,90,90],"card_choices":[{"not_picked":["Guardian:Gem_Red","Guardian:PrismaticBarrier"],"picked":"Guardian:PiercingHide","floor":2},{"not_picked":["Guardian:RefractedBeam","Guardian:TemporalStrike"],"picked":"Guardian:Clone","floor":3},{"not_picked":["Guardian:Recover","Guardian:Emergency"],"picked":"Guardian:DecasProtection","floor":4},{"not_picked":["Guardian:CrystalBeam","Guardian:Gem_Cyan"],"picked":"Guardian:SentryBeam","floor":6},{"not_picked":["Guardian:AncientConstruct","Guardian:Preprogram"],"picked":"Guardian:BronzeArmor","floor":9},{"not_picked":["Guardian:CrystalBeam","Guardian:ChargeCore"],"picked":"Guardian:Gem_Purple","floor":10},{"not_picked":["Guardian:Orbwalk","Guardian:VentSteam"],"picked":"Guardian:Harden","floor":12},{"not_picked":["Guardian:Incinerate","Guardian:GatlingBeam"],"picked":"Guardian:Gem_Purple","floor":13},{"not_picked":["Guardian:CrystalBeam","Guardian:TemporalStrike"],"picked":"Guardian:PiercingHide","floor":14},{"not_picked":["Guardian:ShieldCharger","Guardian:FloatingOrbs"],"picked":"Guardian:BodySlam","floor":15},{"not_picked":["Guardian:FierceBash","Guardian:HyperBeam_Guardian"],"picked":"Guardian:SphericShield","floor":16},{"not_picked":["Guardian:PrismaticBarrier","Guardian:RollAttack+1"],"picked":"Guardian:BronzeOrb","floor":19},{"not_picked":["Guardian:Reroute+1","Guardian:Incinerate"],"picked":"Guardian:DecasProtection+1","floor":20},{"not_picked":["Guardian:DecasProtection","Guardian:ArmoredProtocol"],"picked":"Guardian:Gem_Cyan","floor":21},{"not_picked":["Guardian:Incinerate","Guardian:DecasProtection"],"picked":"Guardian:FuturePlans","floor":23},{"not_picked":["Guardian:VentSteam","Guardian:TemporalShield"],"picked":"Guardian:SentryBeam","floor":26},{"not_picked":["Guardian:RollAttack+1","Guardian:Gem_Lightblue"],"picked":"Guardian:ArmoredProtocol","floor":27},{"not_picked":["Guardian:RollAttack","Guardian:Gem_Crimson"],"picked":"Guardian:CompilePackage+1","floor":28},{"not_picked":["Guardian:Preprogram+1","Guardian:ArmoredProtocol"],"picked":"Guardian:FloatingOrbs","floor":29},{"not_picked":["Guardian:Gem_Red","Guardian:RevengeProtocol","Guardian:Recover+1"],"picked":"SKIP","floor":30},{"not_picked":["Guardian:GuardianWhirl+1","Guardian:Incinerate+1"],"picked":"Guardian:SentryBeam","floor":32},{"not_picked":["Guardian:ConstructionForm","Guardian:SphericShield+1"],"picked":"Guardian:Gem_Synthetic","floor":33},{"not_picked":["Guardian:ChargeCore+1","Guardian:FloatingOrbs+1"],"picked":"Guardian:Gem_Crimson","floor":36},{"not_picked":["Guardian:RollAttack","Guardian:BronzeOrb"],"picked":"Guardian:Gem_White","floor":37},{"not_picked":["Guardian:Incinerate","Guardian:TemporalShield+1","Guardian:Gem_Lightblue"],"picked":"SKIP","floor":39},{"not_picked":["Guardian:Reroute","Guardian:PrismaticBeam+1","Guardian:TemporalStrike+1"],"picked":"SKIP","floor":40},{"not_picked":["Guardian:GuardianWhirl","Guardian:Incinerate","Guardian:ChargeCore"],"picked":"SKIP","floor":42},{"not_picked":["Guardian:PolyBeam","Guardian:Gem_Crimson","Guardian:RollAttack"],"picked":"SKIP","floor":43},{"not_picked":["Guardian:RevengeProtocol","Guardian:GuardianWhirl+1","Guardian:PrimingBeam+1"],"picked":"SKIP","floor":45},{"not_picked":["Guardian:RollAttack+1","Guardian:WalkerClaw"],"picked":"Guardian:VentSteam+1","floor":46},{"not_picked":["Guardian:PiercingHide+1","Guardian:ArmoredProtocol+1","Guardian:RefractedBeam+1"],"picked":"SKIP","floor":48},{"not_picked":["Guardian:SentryBeam+1","Guardian:Planning+1"],"picked":"Guardian:Emergency+1","floor":49}],"player_experience":2678161,"relics_obtained":[{"floor":6,"key":"MawBank"},{"floor":7,"key":"Juzu Bracelet"},{"floor":9,"key":"Blue Candle"},{"floor":13,"key":"Incense Burner"},{"floor":24,"key":"Oddly Smooth Stone"},{"floor":28,"key":"Toxic Egg 2"},{"floor":28,"key":"Smiling Mask"},{"floor":30,"key":"hexamod:CandleOfCauterizing"},{"floor":30,"key":"Toy Ornithopter"},{"floor":41,"key":"Mummified Hand"},{"floor":43,"key":"Vajra"},{"floor":43,"key":"Pear"}],"event_choices":[{"damage_healed":0,"gold_gain":1,"player_choice":"Card Relic Card ","damage_taken":11,"max_hp_gain":0,"max_hp_loss":0,"event_name":"betterThird:BetterScrap","floor":5,"gold_loss":0,"cards_obtained":["Juggernaut","Adrenaline"]}],"is_beta":false,"boss_relics":[{"not_picked":["Velvet Choker","Calling Bell"],"picked":"Black Star"},{"not_picked":["SlaversCollar","sneckomod:SneckoTalon"],"picked":"Empty Cage"}],"items_purged_floors":[23,40],"is_endless":false,"potions_floor_spawned":[9,13,14,16,19,21,27,28,33,37,43,46,48,49],"ascension_level":11}}