{"host":"htqwg582tjjtn9p7","time":1613079938,"event":{"mods":["2.2 Compatiblity","AchievementEnabler","Act Like it!","Aspiration","BaseMod","Better Third Choice","Colored Map","Conspire","Curses Come First","Displayed Cursed Tome","Energized Spire","Force Act Four","Fox Events","GifTheSpireLib","Hermit","Highlight Path","JesterMod","Mad Scientist","Minty Spire (QoL Compilation)","Pale of the Ancients","Permanent Neow","Random Character Button","Relic Stats","Reliquary","Replay The Spire","Robot Space Explorer","Somnambulant","Spicy Shops","Spikes Relics","StSLib","Stuff the Spire","The Blue Laboratory","The Bug Knight","The Forsaken","The Gatherer","The Judge","The Jungle","The Marked","The Runesmith","The Servant 0.9.4","Uncapped"],"gold_per_floor":[118,118,128,48,0,0,28,41,41,41,67,67,82,102,102,202,202,212,64,79,79,79,108,108,142,165,190,209,226,151,165,165,261,261,276,176,176,186,201,233,233,268,268,268,39,39,54,74,74,74,89,100,100,100,100,115,115,169,169,169],"floor_reached":61,"language":"ENG","playtime":2477,"items_purged":["Strike_P","Strike_P"],"score":2422,"play_id":"0ded27e7-c318-4c1d-98cd-ce946702d690","local_time":"20210211224538","is_ascension_mode":true,"campfire_choices":[{"data":"Enlightenment","floor":6.0,"key":"SMITH"},{"floor":10.0,"key":"REST"},{"floor":12.0,"key":"REST"},{"data":"BowlingBash","floor":15.0,"key":"SMITH"},{"floor":24,"key":"REST"},{"data":"Tactician","floor":32,"key":"SMITH"},{"data":"Corpse Explosion","floor":41,"key":"SMITH"},{"data":"TalkToTheHand","floor":44,"key":"SMITH"},{"data":"Noxious Fumes","floor":49,"key":"SMITH"},{"data":"Reflex","floor":55,"key":"SMITH"},{"floor":57,"key":"RECALL"}],"circlet_count":0,"master_deck":["Strike_P+1","Strike_P+1","Defend_P","Defend_P+1","Defend_P+1","Defend_P+1","Vigilance+1","BowlingBash+1","Consecrate","LessonLearned","Enlightenment+1","BowlingBash","FlurryOfBlows+1","Vault+1","Choke+1","TalkToTheHand+1","Deflect","Tactician+1","Evaluate+1","Deflect+1","TalkToTheHand+1","Deflect+1","Blade Dance+1","Flying Knee","Corpse Explosion+1","CutThroughFate","Adrenaline+1","Reflex+1","Reflex+1","Noxious Fumes+1","Noxious Fumes+1","Prepared+1","Flying Knee"],"relics":["aspiration:PoetsPen_weak","Omamori","Replay:Bottled Flurry","Boot","aspiration:SilentSkillbook","Orrery","MutagenicStrength","Pear","reliquary:TuningFork","RollingBoulder","Replay:Ancient Bell","StuffTheSpire:GrapeVine","White Beast Statue","StuffTheSpire:Wildfire","reliquary:Stiletto","Nunchaku","RetroEgg","OrangePellets","paleoftheancients:Timepiece","paleoftheancients:KeyRelic","Ice Cream","Gremlin Horn","paleoftheancients:SoulOfTheIroncluck","HollowMod:StagPassRelic","conspire:DecoderRing","aspiration:Lifesprig"],"acts_visited":["Exordium","TheCity","TheBeyond","TheBeyond"],"potions_floor_usage":[25,42,50,50,50],"damage_taken":[{"damage":3.0,"enemies":"Small Slimes","floor":1.0,"turns":2.0},{"damage":2.0,"enemies":"Jaw Worm","floor":3.0,"turns":2.0},{"damage":20.0,"enemies":"3 Sentries","floor":7.0,"turns":5.0},{"damage":0.0,"enemies":"2 Louse","floor":8.0,"turns":1.0},{"damage":32.0,"enemies":"Lagavulin","floor":11.0,"turns":5.0},{"damage":2.0,"enemies":"Lots of Slimes","floor":13.0,"turns":3.0},{"damage":0.0,"enemies":"Red Slaver","floor":14.0,"turns":1.0},{"damage":4.0,"enemies":"Fading Forest","floor":16.0,"turns":11.0},{"damage":17.0,"enemies":"2 Thieves","floor":18.0,"turns":3.0},{"damage":0.0,"enemies":"3 Byrds","floor":20.0,"turns":3.0},{"damage":15.0,"enemies":"Gremlin Leader","floor":23.0,"turns":5.0},{"damage":0,"enemies":"Book of Stabbing","floor":25,"turns":6},{"damage":12,"enemies":"Gremlin Leader","floor":27,"turns":6},{"damage":0,"enemies":"Centurion and Healer","floor":28,"turns":2},{"damage":0,"enemies":"Cultist and Chosen","floor":29,"turns":5},{"damage":7,"enemies":"Sentry and Sphere","floor":31,"turns":4},{"damage":27,"enemies":"Pondfish","floor":33,"turns":8},{"damage":0,"enemies":"3 Shapes","floor":35,"turns":4},{"damage":0,"enemies":"Orb Walker","floor":38,"turns":2},{"damage":0,"enemies":"Transient","floor":39,"turns":5},{"damage":0,"enemies":"Giant Head","floor":40,"turns":3},{"damage":12,"enemies":"Reptomancer","floor":42,"turns":5},{"damage":0,"enemies":"Sphere and 2 Shapes","floor":47,"turns":3},{"damage":0,"enemies":"Jaw Worm Horde","floor":48,"turns":3},{"damage":57,"enemies":"Time Eater","floor":50,"turns":9},{"damage":17,"enemies":"Time Eater","floor":51,"turns":6},{"damage":0,"enemies":"Time Eater","floor":52,"turns":4},{"damage":0,"enemies":"Time Eater","floor":56,"turns":5},{"damage":0,"enemies":"paleoftheancients:N","floor":60,"turns":5}],"seed_played":"401447461500505630","potions_obtained":[{"floor":7.0,"key":"blueLaboratory:PyrophylliteBrew"},{"floor":8.0,"key":"Fire Potion"},{"floor":13.0,"key":"Dexterity Potion"},{"floor":23,"key":"blueLaboratory:Moonshine"},{"floor":25,"key":"BottledMiracle"},{"floor":29,"key":"BlessingOfTheForge"},{"floor":31,"key":"blueLaboratory:BottledTrinity"},{"floor":35,"key":"blueLaboratory:Moonshine"},{"floor":42,"key":"BlessingOfTheForge"},{"floor":51,"key":"blueLaboratory:FruitPunch"},{"floor":52,"key":"Languid Potion"},{"floor":56,"key":"Weak Potion"}],"is_trial":false,"path_per_floor":["M","?","M","$","?","R","E","M","T","R","E","R","M","M","R","B",null,"M","$","M","?","?","E","R","E","T","E","M","M","$","M","R","B",null,"M","$","?","M","M","E","R","E","T","R","$","?","M","M","R","B","M","M","?","T","R","M","R","T","?","B",null],"character_chosen":"WATCHER","items_purchased":["LessonLearned","Orrery","Noxious Fumes","OrangePellets"],"campfire_rested":3,"item_purchase_floors":[4,19,45,45],"current_hp_per_floor":[62,48,46,46,52,52,32,32,32,55,23,46,44,44,44,48,71,54,54,54,54,54,39,62,72,72,60,60,60,60,53,53,26,73,73,73,73,73,73,73,73,61,61,61,61,61,61,61,61,64,66,75,75,75,75,80,80,80,80,83],"gold":169,"neow_bonus":"BOSS_RELIC","is_daily":false,"chose_seed":false,"campfire_upgraded":7,"win_rate":0.0,"timestamp":1613079938,"path_taken":["M","?","M","$","?","R","E","M","T","R","E","R","M","M","R","BOSS","M","$","M","?","?","E","R","E","T","E","M","?","?","M","R","BOSS","M","$","?","M","M","E","R","E","T","R","$","?","M","M","R","BOSS","M","M","?","T","R","M","R","T","?","BOSS"],"items_purchased_type":["Card","Relic","Card","Relic"],"build_version":"2020-12-22","purchased_purges":2,"victory":true,"max_hp_per_floor":[72,72,72,72,78,78,78,78,78,78,78,78,78,78,78,78,78,78,78,78,78,78,78,78,88,88,88,88,88,88,88,88,88,88,88,88,84,84,84,84,84,84,84,84,84,84,84,84,84,84,84,84,84,84,84,84,84,84,84,84],"relic_stats":{"OrangePellets":[7],"Nunchaku":[27],"Gremlin Horn":[6,8],"counters":[29,126],"Boot":[234],"obtain_stats":[{"Ice Cream":50,"aspiration:Lifesprig":58,"Gremlin Horn":50,"RetroEgg":43,"aspiration:PoetsPen_weak":0,"StuffTheSpire:GrapeVine":34,"Boot":11,"HollowMod:StagPassRelic":53,"Nunchaku":42,"conspire:DecoderRing":54,"RollingBoulder":27,"Replay:Bottled Flurry":9,"paleoftheancients:KeyRelic":50,"Pear":25,"StuffTheSpire:Wildfire":34,"Omamori":7,"Replay:Ancient Bell":34,"White Beast Statue":34,"paleoftheancients:Timepiece":50,"OrangePellets":45,"MutagenicStrength":21,"Orrery":19,"aspiration:SilentSkillbook":17,"reliquary:Stiletto":40,"reliquary:TuningFork":26,"PureWater":0,"paleoftheancients:SoulOfTheIroncluck":51},{"Ice Cream":25,"aspiration:Lifesprig":28,"Gremlin Horn":25,"RetroEgg":22,"aspiration:PoetsPen_weak":0,"StuffTheSpire:GrapeVine":17,"Boot":5,"HollowMod:StagPassRelic":27,"Nunchaku":22,"conspire:DecoderRing":27,"RollingBoulder":13,"Replay:Bottled Flurry":4,"paleoftheancients:KeyRelic":25,"Pear":12,"StuffTheSpire:Wildfire":17,"Omamori":3,"Replay:Ancient Bell":17,"White Beast Statue":17,"paleoftheancients:Timepiece":25,"OrangePellets":22,"MutagenicStrength":10,"Orrery":9,"aspiration:SilentSkillbook":8,"reliquary:Stiletto":21,"reliquary:TuningFork":12,"PureWater":0,"paleoftheancients:SoulOfTheIroncluck":26},{"Ice Cream":106,"aspiration:Lifesprig":121,"Gremlin Horn":106,"RetroEgg":91,"aspiration:PoetsPen_weak":0,"StuffTheSpire:GrapeVine":72,"Boot":15,"HollowMod:StagPassRelic":116,"Nunchaku":91,"conspire:DecoderRing":116,"RollingBoulder":53,"Replay:Bottled Flurry":10,"paleoftheancients:KeyRelic":106,"Pear":47,"StuffTheSpire:Wildfire":72,"Omamori":9,"Replay:Ancient Bell":72,"White Beast Statue":72,"paleoftheancients:Timepiece":106,"OrangePellets":91,"MutagenicStrength":36,"Orrery":33,"aspiration:SilentSkillbook":30,"reliquary:Stiletto":86,"reliquary:TuningFork":47,"PureWater":0,"paleoftheancients:SoulOfTheIroncluck":112}]},"card_choices":[{"not_picked":["Vengeance","Protect"],"picked":"BowlingBash","floor":1.0},{"not_picked":["Vengeance","SashWhip"],"picked":"Consecrate","floor":3.0},{"not_picked":["FlyingSleeves","Evaluate","Replay:ManipulateFuture"],"picked":"SKIP","floor":7.0},{"not_picked":["SpiritShield","Crescendo","PathToVictory"],"picked":"SKIP","floor":8.0},{"not_picked":["ReachHeaven","Replay:Anticipation","Evaluate"],"picked":"SKIP","floor":11.0},{"not_picked":["Replay:BluntJabs","Collect"],"picked":"BowlingBash","floor":13.0},{"not_picked":["Crescendo","Conclude"],"picked":"FlurryOfBlows","floor":14.0},{"not_picked":["Brilliance","Blasphemy"],"picked":"Vault","floor":16.0},{"not_picked":["ReplayTheSpireMod:Speed Training","StuffTheSpire:Sprint","Halt"],"picked":"Choke+1","floor":18.0},{"not_picked":["Underhanded Strike","Dagger Throw","ClearTheMind"],"picked":"TalkToTheHand+1","floor":19.0},{"not_picked":["Bane","Choke","Replay:Vibes"],"picked":"Deflect","floor":19.0},{"not_picked":["Replay:AtTheReady","LikeWater","ThirdEye"],"picked":"Tactician","floor":19.0},{"not_picked":["FlyingSleeves","Crescendo","Study"],"picked":"Evaluate+1","floor":19.0},{"not_picked":["EmptyBody","Poisoned Stab+1","JustLucky"],"picked":"Deflect+1","floor":20.0},{"not_picked":["Replay:Vibes","Flying Knee","Doppelganger"],"picked":"TalkToTheHand","floor":23},{"not_picked":["PiercingWail","Perseverance","aspiration:Lunge"],"picked":"Deflect+1","floor":25},{"not_picked":["Conclude","Predator","Replay:Cycle"],"picked":"Blade Dance+1","floor":27},{"not_picked":["Worship","FlyingSleeves","Protect"],"picked":"Flying Knee","floor":28},{"not_picked":["StuffTheSpire:BumpUp+1","Prepared","Dodge and Roll"],"picked":"Corpse Explosion","floor":29},{"not_picked":["ClearTheMind","Halt","CutThroughFate","Replay:ManipulateFuture"],"picked":"SKIP","floor":31},{"not_picked":["ClearTheMind","Halt","Replay:ManipulateFuture"],"picked":"CutThroughFate","floor":31},{"not_picked":["Tools of the Trade","Envenom","Burst"],"picked":"Adrenaline","floor":33},{"not_picked":["WordoMod:Petrified","Decay","Sickly"],"picked":"WordoMod:FoggyMind","floor":34},{"not_picked":["Normality","CurseOfTheBell","ReplayTheSpireMod:Restless Dread"],"picked":"WordoMod:Infected","floor":34},{"not_picked":["conspire:NecroticWound","AbeCurse","Injury"],"picked":"StuffTheSpire:WarCurse","floor":34},{"not_picked":["EmptyBody+1","TalkToTheHand","StuffTheSpire:Sprint"],"picked":"Reflex","floor":35},{"not_picked":["Bane","FollowUp","Replay:ManipulateFuture+1","CutThroughFate"],"picked":"SKIP","floor":38},{"not_picked":["Indignation","Well Laid Plans+1","Consecrate+1","Prostrate"],"picked":"SKIP","floor":39},{"not_picked":["Night Terror","Caltrops","Choke"],"picked":"Reflex+1","floor":40},{"not_picked":["ThirdEye","Deflect","PiercingWail+1","Deadly Poison"],"picked":"SKIP","floor":42},{"not_picked":["StuffTheSpire:BumpUp+1","Replay:AtTheReady","Swivel"],"picked":"Prepared+1","floor":47},{"not_picked":["Bane+1","Acrobatics+1","EmptyMind","JustLucky+1"],"picked":"SKIP","floor":48},{"not_picked":["StuffTheSpire:MirrorStance","Replay:Cycle+1","SandsOfTime","SashWhip"],"picked":"SKIP","floor":51},{"not_picked":["Replay:Anticipation+1","Poisoned Stab","Replay:BluntJabs","Sucker Punch+1"],"picked":"SKIP","floor":52},{"not_picked":["Predator","StuffTheSpire:Injection+1","Venomology"],"picked":"Flying Knee","floor":56}],"player_experience":2021918,"relics_obtained":[{"floor":7.0,"key":"Omamori"},{"floor":9.0,"key":"Replay:Bottled Flurry"},{"floor":11.0,"key":"Boot"},{"floor":25,"key":"Pear"},{"floor":26,"key":"reliquary:TuningFork"},{"floor":27,"key":"RollingBoulder"},{"floor":40,"key":"reliquary:Stiletto"},{"floor":42,"key":"Nunchaku"},{"floor":43,"key":"RetroEgg"},{"floor":51,"key":"paleoftheancients:SoulOfTheIroncluck"},{"floor":54,"key":"conspire:DecoderRing"},{"floor":58,"key":"aspiration:Lifesprig"}],"event_choices":[{"damage_healed":62.0,"max_hp_gain":0.0,"max_hp_loss":72.0,"gold_gain":0.0,"event_name":"betterThird:BetterShining","player_choice":"Upgrade","floor":2.0,"gold_loss":0.0,"damage_taken":14.0,"cards_upgraded":["Defend_P","Eruption"]},{"damage_healed":0.0,"max_hp_gain":0.0,"max_hp_loss":0.0,"gold_gain":0.0,"event_name":"betterThird:BetterSerpent","player_choice":"RENOUNCE","floor":5.0,"gold_loss":48.0,"damage_taken":48.0,"cards_obtained":["Enlightenment"]},{"damage_healed":0.0,"max_hp_gain":0.0,"max_hp_loss":0.0,"gold_gain":0.0,"event_name":"Drug Dealer","player_choice":"Inject Mutagens","floor":21.0,"gold_loss":0.0,"damage_taken":0.0,"relics_obtained":["MutagenicStrength"]},{"cards_removed":["Eruption"],"damage_healed":0.0,"max_hp_gain":0.0,"max_hp_loss":0.0,"gold_gain":0.0,"event_name":"Bonfire Elementals","player_choice":"Offered Basic","floor":22.0,"gold_loss":0.0,"damage_taken":0.0},{"damage_healed":0,"gold_gain":0,"player_choice":"Max HP","damage_taken":0,"max_hp_gain":0,"max_hp_loss":4,"event_name":"Winding Halls","floor":37,"gold_loss":0},{"damage_healed":0,"gold_gain":0,"player_choice":"Memory 1","damage_taken":0,"max_hp_gain":0,"max_hp_loss":0,"event_name":"SensoryStone","floor":46,"gold_loss":0},{"damage_healed":0,"gold_gain":0,"player_choice":"Gave Potion","damage_taken":0,"relics_obtained":["HollowMod:StagPassRelic"],"max_hp_gain":0,"max_hp_loss":0,"event_name":"WeMeetAgain","floor":53,"gold_loss":0}],"is_beta":false,"boss_relics":[{"not_picked":["Painkiller Herb","Ring of Chaos"],"picked":"aspiration:SilentSkillbook"},{"not_picked":["SacredBark","energizedSpire:MagnifyingGlass"],"picked":"Replay:Ancient Bell"},{"not_picked":["Regal Pillow","Replay:Bandana"],"picked":"StuffTheSpire:GrapeVine"},{"not_picked":["conspire:DeflatedDodgeball","Sundial"],"picked":"White Beast Statue"},{"not_picked":["Pocketwatch","Replay:Arrowhead"],"picked":"StuffTheSpire:Wildfire"}],"items_purged_floors":[30,36],"is_endless":false,"potions_floor_spawned":[7,8,13,23,25,29,31,35,38,39,40,42,47,48,51,52,56],"ascension_level":9}}