{"host":"ydg0vn0pu4pubmdt","time":1613034527,"event":{"mods":["AchievementEnabler","BaseMod","Colored Map","Gold Saver","Minty Spire (QoL Compilation)","Quick Restart","SuperFastMode"],"gold_per_floor":[111,386,43,62,4,4,14,39,91,91,91],"floor_reached":10,"language":"KOR","playtime":239,"items_purged":[],"score":132,"play_id":"c06c60b3-75b5-4a00-83bf-8ca4d85d68af","local_time":"20210211180847","is_ascension_mode":true,"campfire_choices":[{"data":"Dagger Spray","floor":6.0,"key":"SMITH"}],"circlet_count":0,"master_deck":["AscendersBane","Strike_G","Strike_G","Strike_G","Strike_G","Strike_G","Defend_G","Defend_G","Defend_G","Defend_G","Defend_G","Survivor","Neutralize","Regret","Prepared","Dagger Spray+1","All Out Attack","Wraith Form v2"],"relics":["Ring of the Snake","Tingsha","Snake Skull","Regal Pillow"],"acts_visited":["Exordium"],"potions_floor_usage":[8,8],"damage_taken":[{"damage":1.0,"enemies":"Small Slimes","floor":1.0,"turns":4.0},{"damage":4.0,"enemies":"Cultist","floor":4.0,"turns":5.0},{"damage":3.0,"enemies":"2 Louse","floor":7.0,"turns":2.0},{"damage":46,"enemies":"Lagavulin","floor":8,"turns":6},{"damage":5,"enemies":"3 Sentries","floor":10,"turns":2}],"seed_played":"-8306342560767517917","potions_obtained":[{"floor":0.0,"key":"DuplicationPotion"},{"floor":0.0,"key":"GamblersBrew"}],"is_trial":false,"path_per_floor":["M","?","$","M","$","R","M","E","T","E"],"character_chosen":"THE_SILENT","items_purchased":["Tingsha","Dagger Spray"],"campfire_rested":0,"item_purchase_floors":[3,5],"current_hp_per_floor":[58,58,58,54,54,54,51,5,5,0,0],"gold":91,"neow_bonus":"THREE_SMALL_POTIONS","is_daily":false,"chose_seed":false,"campfire_upgraded":1,"win_rate":0.0,"timestamp":1613034527,"path_taken":["M","?","$","?","?","R","?","E","T","E"],"items_purchased_type":["Relic","Card"],"build_version":"2020-12-22","purchased_purges":0,"victory":false,"max_hp_per_floor":[66,66,66,66,66,66,66,66,66,66,66],"card_choices":[{"not_picked":["PiercingWail","Sucker Punch","Flechettes"],"picked":"SKIP","floor":1.0},{"not_picked":["Deadly Poison","Slice"],"picked":"Prepared","floor":4.0},{"not_picked":["Expertise","Sucker Punch"],"picked":"All Out Attack","floor":7.0},{"not_picked":["Reflex","Riddle With Holes"],"picked":"Wraith Form v2","floor":8}],"player_experience":542237,"relics_obtained":[{"floor":8,"key":"Snake Skull"},{"floor":9,"key":"Regal Pillow"}],"event_choices":[{"damage_healed":0.0,"max_hp_gain":0.0,"max_hp_loss":0.0,"gold_gain":275.0,"event_name":"Golden Shrine","player_choice":"Desecrate","floor":2.0,"gold_loss":0.0,"damage_taken":0.0,"cards_obtained":["Regret"]}],"is_beta":false,"boss_relics":[],"items_purged_floors":[],"is_endless":false,"potions_floor_spawned":[4,7],"killed_by":"3 Sentries","ascension_level":20}}