{"host":"1bzbl1adcbkdzqlf","time":1613010882,"event":{"mods":["BaseMod","Minty Spire (QoL Compilation)","Slay the Relics Exporter"],"gold_per_floor":[117,134,146,164,164,164,195,208,233,6,26,26,44,62,62,159,159,179,202,222,233,246,246,272,272,272,272,299,199,214,229,229,332,332,345,355,409,425,443,443,469,469,469,500,137,155,4,19,19,19],"floor_reached":51,"language":"ENG","playtime":4108,"items_purged":["Doubt","Pain","Decay"],"score":1157,"play_id":"1fd05659-4045-49ea-9e8b-b6516af392b8","local_time":"20210210203442","is_ascension_mode":true,"campfire_choices":[{"data":"Inflame","floor":6,"key":"SMITH"},{"floor":12,"key":"REST"},{"data":"Uppercut","floor":15,"key":"SMITH"},{"floor":23,"key":"REST"},{"floor":32,"key":"REST"},{"floor":40,"key":"REST"},{"data":"Fiend Fire","floor":49,"key":"SMITH"}],"circlet_count":0,"master_deck":["AscendersBane","Strike_R","Strike_R","Strike_R","Strike_R","Defend_R","Defend_R","Defend_R","Defend_R","Bash","Inflame+1","Thunderclap","Sword Boomerang","Havoc","Fiend Fire+1","Uppercut+1","Inflame","Pummel","Iron Wave","Limit Break","Pommel Strike+1","Dual Wield+1","Flex","Feed","Reaper","Necronomicurse","True Grit+1","Dark Embrace","Whirlwind+1","Reaper","Flame Barrier","Flex+1","Havoc+1","Headbutt+1","Madness","Madness","Shockwave+1","Sword Boomerang+1"],"relics":["Cursed Key","Ancient Tea Set","Regal Pillow","Anchor","Mark of Pain","Nunchaku","Oddly Smooth Stone","Self Forming Clay","Necronomicon","Bronze Scales","Runic Dome","Dead Branch","Pen Nib","Bag of Preparation","Meat on the Bone","HornCleat","Red Skull"],"acts_visited":["Exordium","TheCity","TheBeyond"],"potions_floor_usage":[4,7,16,16,20,21,22,28,36,36,44,46,50],"damage_taken":[{"damage":0,"enemies":"Small Slimes","floor":1,"turns":2},{"damage":0,"enemies":"Cultist","floor":2,"turns":2},{"damage":2,"enemies":"Jaw Worm","floor":3,"turns":2},{"damage":9,"enemies":"Large Slime","floor":4,"turns":4},{"damage":25,"enemies":"3 Sentries","floor":7,"turns":6},{"damage":3,"enemies":"Blue Slaver","floor":8,"turns":3},{"damage":3,"enemies":"3 Louse","floor":11,"turns":3},{"damage":0,"enemies":"Exordium Wildlife","floor":13,"turns":2},{"damage":0,"enemies":"Blue Slaver","floor":14,"turns":2},{"damage":18,"enemies":"Hexaghost","floor":16,"turns":4},{"damage":10,"enemies":"2 Thieves","floor":18,"turns":3},{"damage":0,"enemies":"Spheric Guardian","floor":20,"turns":2},{"damage":24,"enemies":"Snake Plant","floor":21,"turns":3},{"damage":19,"enemies":"Shelled Parasite and Fungi","floor":22,"turns":3},{"damage":3,"enemies":"Gremlin Leader","floor":24,"turns":4},{"damage":22,"enemies":"Slavers","floor":28,"turns":4},{"damage":16,"enemies":"Centurion and Healer","floor":30,"turns":4},{"damage":8,"enemies":"Cultist and Chosen","floor":31,"turns":5},{"damage":48,"enemies":"Collector","floor":33,"turns":4},{"damage":24,"enemies":"3 Shapes","floor":35,"turns":3},{"damage":16,"enemies":"3 Darklings","floor":36,"turns":5},{"damage":63,"enemies":"2 Orb Walkers","floor":37,"turns":6},{"damage":8,"enemies":"Spire Growth","floor":38,"turns":3},{"damage":32,"enemies":"Jaw Worm Horde","floor":39,"turns":3},{"damage":47,"enemies":"Reptomancer","floor":41,"turns":3},{"damage":39,"enemies":"Nemesis","floor":44,"turns":5},{"damage":14,"enemies":"Writhing Mass","floor":46,"turns":3},{"damage":0,"enemies":"Sphere and 2 Shapes","floor":48,"turns":5},{"damage":27,"enemies":"Awakened One","floor":50,"turns":6}],"seed_played":"-5067301353786951094","potions_obtained":[{"floor":2,"key":"Explosive Potion"},{"floor":3,"key":"Weak Potion"},{"floor":11,"key":"DuplicationPotion"},{"floor":13,"key":"Swift Potion"},{"floor":16,"key":"Regen Potion"},{"floor":18,"key":"BlessingOfTheForge"},{"floor":21,"key":"Strength Potion"},{"floor":24,"key":"SkillPotion"},{"floor":33,"key":"Fire Potion"},{"floor":35,"key":"Fire Potion"},{"floor":41,"key":"SpeedPotion"},{"floor":44,"key":"SkillPotion"},{"floor":48,"key":"EssenceOfSteel"}],"is_trial":false,"path_per_floor":["M","M","M","M","?","R","E","M","T","$","M","R","M","M","R","B",null,"M","T","M","M","M","R","E","?","T","?","E","$","M","M","R","B",null,"M","M","?","M","M","R","E","?","T","E","$","M","$","M","R","B",null],"character_chosen":"IRONCLAD","items_purchased":["Anchor","HornCleat","Red Skull"],"campfire_rested":4,"item_purchase_floors":[10,45,47],"current_hp_per_floor":[72,72,70,61,61,61,36,33,33,33,30,69,69,69,69,51,73,63,63,63,44,25,64,61,61,61,45,26,26,29,21,61,27,71,85,81,38,58,32,73,75,63,63,72,72,92,92,92,92,65],"gold":19,"neow_bonus":"BOSS_RELIC","is_daily":false,"chose_seed":false,"campfire_upgraded":3,"win_rate":0.0,"timestamp":1613010882,"path_taken":["M","M","M","M","?","R","E","M","T","$","M","R","M","M","R","BOSS","M","?","?","M","M","R","E","?","T","?","E","$","M","M","R","BOSS","M","M","?","M","M","R","E","?","T","E","$","M","?","M","R","BOSS"],"items_purchased_type":["Relic","Relic","Relic"],"build_version":"2020-12-22","purchased_purges":3,"victory":true,"max_hp_per_floor":[80,80,80,80,80,80,80,80,80,80,80,80,80,80,80,80,80,80,80,80,80,80,80,80,80,80,80,83,83,86,86,86,86,86,86,89,89,89,89,89,92,92,92,92,92,92,92,92,92,92],"card_choices":[{"not_picked":["Sword Boomerang","Warcry"],"picked":"Inflame","floor":1},{"not_picked":["Wild Strike","Flex"],"picked":"Thunderclap","floor":2},{"not_picked":["Iron Wave","Perfected Strike"],"picked":"Sword Boomerang","floor":3},{"not_picked":["Perfected Strike","Second Wind","Warcry"],"picked":"SKIP","floor":4},{"not_picked":["Warcry","Headbutt"],"picked":"Fiend Fire","floor":7},{"not_picked":["Warcry","Rupture"],"picked":"Uppercut","floor":8},{"not_picked":["Hemokinesis","Anger"],"picked":"Inflame","floor":11},{"not_picked":["Thunderclap","Intimidate"],"picked":"Pummel","floor":13},{"not_picked":["Body Slam","Hemokinesis"],"picked":"Iron Wave","floor":14},{"not_picked":["Double Tap","Offering"],"picked":"Limit Break","floor":16},{"not_picked":["Twin Strike","Wild Strike"],"picked":"Pommel Strike+1","floor":18},{"not_picked":["Flex","Warcry+1"],"picked":"Dual Wield+1","floor":20},{"not_picked":["Clash","Perfected Strike"],"picked":"Flex","floor":21},{"not_picked":["Cleave","Twin Strike"],"picked":"Feed","floor":22},{"not_picked":["Blood for Blood","Combust"],"picked":"Reaper","floor":24},{"not_picked":["Wild Strike","Clothesline"],"picked":"True Grit+1","floor":28},{"not_picked":["Heavy Blade","Rage+1"],"picked":"Dark Embrace","floor":30},{"not_picked":["Havoc","Perfected Strike+1"],"picked":"Whirlwind+1","floor":31},{"not_picked":["Bludgeon","Feed"],"picked":"Reaper","floor":33},{"not_picked":["Pommel Strike","Twin Strike"],"picked":"Flame Barrier","floor":35},{"not_picked":["Shrug It Off+1","Dual Wield+1"],"picked":"Flex+1","floor":36},{"not_picked":["Iron Wave","Perfected Strike"],"picked":"Havoc+1","floor":38},{"not_picked":["Searing Blow","Heavy Blade+1"],"picked":"Headbutt+1","floor":39},{"not_picked":["Barricade","Searing Blow+1","Flex"],"picked":"SKIP","floor":41},{"not_picked":["Havoc+1","Dropkick"],"picked":"Shockwave+1","floor":44},{"not_picked":["Warcry","Wild Strike+1"],"picked":"Sword Boomerang+1","floor":46},{"not_picked":["Perfected Strike","Whirlwind","Disarm"],"picked":"SKIP","floor":48}],"player_experience":424601,"relics_obtained":[{"floor":7,"key":"Ancient Tea Set"},{"floor":9,"key":"Regal Pillow"},{"floor":19,"key":"Nunchaku"},{"floor":24,"key":"Oddly Smooth Stone"},{"floor":26,"key":"Self Forming Clay"},{"floor":27,"key":"Necronomicon"},{"floor":28,"key":"Bronze Scales"},{"floor":37,"key":"Dead Branch"},{"floor":41,"key":"Pen Nib"},{"floor":43,"key":"Bag of Preparation"},{"floor":44,"key":"Meat on the Bone"}],"event_choices":[{"damage_healed":0,"gold_gain":0,"cards_transformed":["Strike_R"],"player_choice":"Transformed","damage_taken":0,"max_hp_gain":0,"max_hp_loss":0,"event_name":"Transmorgrifier","floor":5,"gold_loss":0,"cards_obtained":["Havoc"]},{"cards_removed":["Regret"],"damage_healed":0,"gold_gain":0,"player_choice":"Elegance","damage_taken":0,"max_hp_gain":0,"max_hp_loss":0,"event_name":"Back to Basics","floor":25,"gold_loss":0},{"damage_healed":0,"gold_gain":0,"player_choice":"Obtained Book","damage_taken":16,"max_hp_gain":0,"max_hp_loss":0,"event_name":"Cursed Tome","floor":27,"gold_loss":0},{"damage_healed":0,"gold_gain":0,"player_choice":"Fight","damage_taken":0,"max_hp_gain":0,"max_hp_loss":0,"event_name":"Mysterious Sphere","floor":37,"gold_loss":0},{"damage_healed":0,"gold_gain":0,"player_choice":"Embrace Madness","damage_taken":12,"max_hp_gain":0,"max_hp_loss":0,"event_name":"Winding Halls","floor":42,"gold_loss":0,"cards_obtained":["Madness","Madness"]}],"is_beta":false,"boss_relics":[{"not_picked":["Sozu","Fusion Hammer"],"picked":"Mark of Pain"},{"not_picked":["Velvet Choker","SacredBark"],"picked":"Runic Dome"}],"items_purged_floors":[10,29,45],"is_endless":false,"potions_floor_spawned":[2,3,11,13,16,18,21,24,33,35,41,44,48],"ascension_level":11}}