{"host":"q0qnzbgdx8oqogg9","time":1613069341,"event":{"mods":["BaseMod","Minty Spire (QoL Compilation)","StSLib"],"gold_per_floor":[367,86,261,276,6,60,114,114,114,128,186,186,186,186,186,263,263,276,375,23,23,34,34,68,68,92,108,108,141,180,222,222,222,222],"floor_reached":33,"language":"ENG","playtime":1138,"items_purged":["Parasite","Doubt"],"score":479,"play_id":"8fa033e1-7034-499b-b717-ed02229b7126","local_time":"20210211134901","is_ascension_mode":true,"campfire_choices":[{"floor":13.0,"key":"REST"},{"data":"Zap","floor":15.0,"key":"SMITH"},{"data":"Biased Cognition","floor":23.0,"key":"SMITH"},{"data":"HandOfGreed","floor":25.0,"key":"SMITH"},{"floor":32.0,"key":"REST"}],"circlet_count":0,"master_deck":["AscendersBane","Strike_B+1","Strike_B+1","Defend_B+1","Defend_B+1","Defend_B+1","Defend_B+1","Zap+1","Dualcast","Beam Cell","Conserve Battery+1","Steam","HandOfGreed+1","Ball Lightning+1","Reinforced Body","Steam","Static Discharge","Biased Cognition+1","Go for the Eyes+1","Coolheaded+1","Coolheaded","Leap","Redo","Zap","Auto Shields"],"relics":["Cracked Core","OrangePellets","Molten Egg 2","Bottled Flame","Empty Cage","DataDisk","ClockworkSouvenir","War Paint","White Beast Statue"],"acts_visited":["Exordium","TheCity"],"potions_floor_usage":[],"damage_taken":[{"damage":0.0,"enemies":"2 Louse","floor":1.0,"turns":2.0},{"damage":6.0,"enemies":"Cultist","floor":4.0,"turns":3.0},{"damage":18.0,"enemies":"Lagavulin","floor":6.0,"turns":8.0},{"damage":7.0,"enemies":"Small Slimes","floor":7.0,"turns":5.0},{"damage":13.0,"enemies":"Blue Slaver","floor":10.0,"turns":3.0},{"damage":14.0,"enemies":"3 Louse","floor":11.0,"turns":5.0},{"damage":20.0,"enemies":"The Guardian","floor":16.0,"turns":10.0},{"damage":16.0,"enemies":"Chosen","floor":18.0,"turns":4.0},{"damage":3.0,"enemies":"Shell Parasite","floor":22.0,"turns":8.0},{"damage":7.0,"enemies":"Cultist and Chosen","floor":24.0,"turns":7.0},{"damage":0.0,"enemies":"Snecko","floor":27.0,"turns":4.0},{"damage":31.0,"enemies":"Slavers","floor":29.0,"turns":5.0},{"damage":0.0,"enemies":"Centurion and Healer","floor":30.0,"turns":10.0},{"damage":0.0,"enemies":"3 Cultists","floor":31.0,"turns":6.0},{"damage":30,"enemies":"Automaton","floor":33,"turns":6}],"seed_played":"6823070157110248882","potions_obtained":[{"floor":1.0,"key":"ColorlessPotion"},{"floor":6.0,"key":"Strength Potion"},{"floor":7.0,"key":"SpeedPotion"},{"floor":8.0,"key":"EssenceOfSteel"},{"floor":8.0,"key":"CultistPotion"},{"floor":22.0,"key":"DistilledChaos"},{"floor":30.0,"key":"AttackPotion"},{"floor":31.0,"key":"Ancient Potion"}],"is_trial":false,"path_per_floor":["M","$","?","M","$","E","M","?","T","M","M","?","R","?","R","B",null,"M","?","$","?","M","R","M","R","T","M","?","E","M","M","R","B"],"character_chosen":"DEFECT","items_purchased":["OrangePellets","Conserve Battery","HandOfGreed","DataDisk","ClockworkSouvenir","Coolheaded"],"campfire_rested":2,"item_purchase_floors":[2,2,5,20,20,20],"current_hp_per_floor":[64,64,64,58,58,40,33,33,33,20,6,6,26,48,48,28,58,42,42,42,42,39,39,32,32,32,32,32,1,1,1,21,0,0],"gold":222,"neow_bonus":"TWO_FIFTY_GOLD","is_daily":false,"chose_seed":false,"campfire_upgraded":3,"win_rate":0.0,"timestamp":1613069341,"path_taken":["M","$","?","M","$","E","M","?","T","M","?","?","R","?","R","BOSS","M","?","$","?","M","R","M","R","T","M","?","E","M","M","R","BOSS"],"items_purchased_type":["Relic","Card","Card","Relic","Relic","Card"],"build_version":"2020-12-22","purchased_purges":2,"victory":false,"max_hp_per_floor":[71,68,68,68,68,68,68,68,68,68,68,68,68,68,68,68,68,68,68,68,68,68,68,68,68,68,68,68,68,68,68,68,68,68],"card_choices":[{"not_picked":["Leap","Coolheaded"],"picked":"Beam Cell","floor":1.0},{"not_picked":["Thunder Strike","Hello World"],"picked":"Steam","floor":4.0},{"not_picked":["Doom and Gloom+1","Go for the Eyes+1"],"picked":"Ball Lightning+1","floor":6.0},{"not_picked":["Sweeping Beam+1","Rebound+1"],"picked":"Reinforced Body","floor":7.0},{"not_picked":["Turbo","Darkness"],"picked":"Steam","floor":10.0},{"not_picked":["Double Energy","Steam"],"picked":"Static Discharge","floor":11.0},{"not_picked":["Multi-Cast","Thunder Strike+1"],"picked":"Biased Cognition","floor":16.0},{"not_picked":["Storm","Hologram+1"],"picked":"Go for the Eyes+1","floor":18.0},{"not_picked":["Rebound+1","Hello World"],"picked":"Coolheaded","floor":22.0},{"not_picked":["Sweeping Beam+1","Go for the Eyes+1","Chaos"],"picked":"SKIP","floor":24.0},{"not_picked":["Streamline+1","Steam"],"picked":"Leap","floor":27.0},{"not_picked":["Compile Driver+1","Tempest"],"picked":"Auto Shields","floor":29.0},{"not_picked":["Gash+1","Rip and Tear+1","Chaos+1"],"picked":"SKIP","floor":30.0},{"not_picked":["Barrage+1","Fusion","Steam"],"picked":"SKIP","floor":31.0}],"player_experience":361978,"relics_obtained":[{"floor":6.0,"key":"Molten Egg 2"},{"floor":9.0,"key":"Bottled Flame"},{"floor":26.0,"key":"War Paint"},{"floor":29.0,"key":"White Beast Statue"}],"event_choices":[{"damage_healed":0.0,"max_hp_gain":0.0,"max_hp_loss":0.0,"gold_gain":175.0,"event_name":"Liars Game","player_choice":"AGREE","floor":3.0,"gold_loss":0.0,"damage_taken":0.0,"cards_obtained":["Doubt"]},{"damage_healed":0.0,"max_hp_gain":0.0,"max_hp_loss":0.0,"gold_gain":0.0,"event_name":"Lab","player_choice":"Got Potions","floor":8.0,"gold_loss":0.0,"damage_taken":0.0},{"damage_healed":0.0,"max_hp_gain":0.0,"max_hp_loss":0.0,"gold_gain":0.0,"event_name":"Shining Light","player_choice":"Ignored","floor":12.0,"gold_loss":0.0,"damage_taken":0.0},{"damage_healed":22.0,"max_hp_gain":0.0,"max_hp_loss":0.0,"gold_gain":0.0,"event_name":"Big Fish","player_choice":"Banana","floor":14.0,"gold_loss":0.0,"damage_taken":0.0},{"damage_healed":0.0,"max_hp_gain":0.0,"max_hp_loss":0.0,"gold_gain":99.0,"event_name":"Nest","player_choice":"Stole From Cult","floor":19.0,"gold_loss":0.0,"damage_taken":0.0},{"damage_healed":0.0,"max_hp_gain":0.0,"max_hp_loss":0.0,"gold_gain":0.0,"event_name":"Back to Basics","player_choice":"Simplicity","floor":21.0,"gold_loss":0.0,"damage_taken":0.0,"cards_upgraded":["Strike_B","Strike_B","Defend_B","Defend_B","Defend_B","Defend_B"]},{"damage_healed":0.0,"max_hp_gain":0.0,"max_hp_loss":0.0,"gold_gain":0.0,"event_name":"Match and Keep!","player_choice":"2 cards matched","floor":28.0,"gold_loss":0.0,"damage_taken":0.0,"cards_obtained":["Redo","Zap"]}],"is_beta":false,"boss_relics":[{"not_picked":["Philosopher\u0027s Stone","Ectoplasm"],"picked":"Empty Cage"}],"items_purged_floors":[2,5],"is_endless":false,"potions_floor_spawned":[1,6,7,18,22,24,30,31],"killed_by":"Automaton","ascension_level":14}}