{"host":"mi0eibewekhugwl1","time":1613031136,"event":{"mods":["AchievementEnabler","BaseMod","Colored Map","Colored Powertips","DeckTracker","Keyboard Shortcuts","Minty Spire (QoL Compilation)","Quick Restart","Rare Cards Sparkle","Relic Stats","StSLib","SuperFastMode","everything is the same but u backflip on backflip"],"gold_per_floor":[110,35,53,66,81,81,97,97,97,97,110,110,110],"floor_reached":12,"language":"KOR","playtime":218,"items_purged":[],"score":144,"play_id":"8937b627-4ae4-4d17-8913-cb640f5cfac9","local_time":"20210211171216","is_ascension_mode":true,"campfire_choices":[{"data":"Bouncing Flask","floor":6,"key":"SMITH"},{"floor":8,"key":"REST"}],"circlet_count":0,"master_deck":["AscendersBane","Strike_G","Strike_G","Strike_G","Defend_G","Defend_G","Defend_G","Defend_G","Defend_G","Survivor","Neutralize","Blade Dance","Dagger Spray","Bouncing Flask+1","Backflip"],"relics":["Ring of the Snake","Bag of Marbles"],"acts_visited":["Exordium"],"potions_floor_usage":[3,5,12,12],"damage_taken":[{"damage":0,"enemies":"Small Slimes","floor":1,"turns":4},{"damage":2,"enemies":"Jaw Worm","floor":3,"turns":3},{"damage":0,"enemies":"Cultist","floor":4,"turns":4},{"damage":11,"enemies":"Exordium Thugs","floor":5,"turns":3},{"damage":34,"enemies":"Large Slime","floor":7,"turns":8},{"damage":17,"enemies":"Exordium Wildlife","floor":11,"turns":4},{"damage":21,"enemies":"Gremlin Nob","floor":12,"turns":3}],"seed_played":"4642156894545209773","potions_obtained":[{"floor":0,"key":"CunningPotion"},{"floor":0,"key":"DistilledChaos"},{"floor":3,"key":"PowerPotion"},{"floor":11,"key":"Block Potion"}],"is_trial":false,"path_per_floor":["M","?","M","M","M","R","M","R","T","?","M","E"],"character_chosen":"THE_SILENT","items_purchased":[],"campfire_rested":1,"item_purchase_floors":[],"current_hp_per_floor":[59,59,57,57,46,46,12,31,31,24,7,0,0],"gold":110,"neow_bonus":"THREE_SMALL_POTIONS","is_daily":false,"chose_seed":false,"campfire_upgraded":1,"win_rate":0.0,"timestamp":1613031136,"path_taken":["M","?","M","M","M","R","M","R","T","?","M","E"],"items_purchased_type":[],"build_version":"2020-12-22","purchased_purges":0,"victory":false,"max_hp_per_floor":[66,66,66,66,66,66,66,66,66,66,66,66,66],"relic_stats":{"counters":[7,29],"obtain_stats":[{"Bag of Marbles":9,"Ring of the Snake":0},{"Bag of Marbles":5,"Ring of the Snake":0},{"Bag of Marbles":22,"Ring of the Snake":0}],"Ring of the Snake":[14]},"card_choices":[{"not_picked":["Underhanded Strike","Tactician"],"picked":"Blade Dance","floor":1},{"not_picked":["Flying Knee","Quick Slash"],"picked":"Dagger Spray","floor":3},{"not_picked":["All Out Attack","Dodge and Roll"],"picked":"Bouncing Flask","floor":4},{"not_picked":["Cloak And Dagger","Dagger Spray","Dagger Throw"],"picked":"SKIP","floor":5},{"not_picked":["Distraction","Poisoned Stab","All Out Attack"],"picked":"SKIP","floor":7},{"not_picked":["Finisher","Night Terror"],"picked":"Backflip","floor":11}],"player_experience":1796618,"relics_obtained":[{"floor":9,"key":"Bag of Marbles"}],"event_choices":[{"cards_removed":["Strike_G"],"damage_healed":0,"gold_gain":0,"player_choice":"Card Removal","damage_taken":0,"max_hp_gain":0,"max_hp_loss":0,"event_name":"The Cleric","floor":2,"gold_loss":75},{"cards_removed":["Strike_G"],"damage_healed":0,"gold_gain":0,"player_choice":"Card Removal","damage_taken":7,"max_hp_gain":0,"max_hp_loss":0,"event_name":"Golden Wing","floor":10,"gold_loss":0}],"is_beta":false,"boss_relics":[],"items_purged_floors":[],"is_endless":false,"potions_floor_spawned":[3,11],"killed_by":"Gremlin Nob","ascension_level":20}}