{"host":"rolltorest","time":1613080100,"event":{"mods":["BaseMod","Minty Spire (QoL Compilation)","Relic Stats","Slay the Relics Exporter","StSLib"],"gold_per_floor":[115,115,134,134,144,144,169,169,169,80,96,61,61,96,96,170,170,180,191,191,207,149,149,183,183,183],"floor_reached":25,"language":"ENG","playtime":685,"items_purged":[],"score":458,"play_id":"fb919399-3335-4f1f-8fd5-f98a9adcf5cd","local_time":"20210211134820","is_ascension_mode":true,"campfire_choices":[{"data":"Hologram","floor":6,"key":"SMITH"},{"floor":8,"key":"REST"},{"data":"Darkness","floor":13,"key":"SMITH"},{"data":"Leap","floor":15,"key":"SMITH"},{"floor":23,"key":"REST"}],"circlet_count":0,"master_deck":["AscendersBane","Strike_B","Defend_B","Defend_B+1","Defend_B","Defend_B+1","Zap+1","Dualcast","Hologram+1","Streamline+1","Rebound","Darkness+1","Leap+1","Machine Learning","Leap+1","Biased Cognition","Defragment","Chill","Doom and Gloom","Ball Lightning","Skim"],"relics":["Philosopher\u0027s Stone","Prayer Wheel","Pocketwatch","War Paint","Empty Cage","Bronze Scales","Lantern"],"acts_visited":["Exordium","TheCity"],"potions_floor_usage":[14,24],"damage_taken":[{"damage":1,"enemies":"2 Louse","floor":1,"turns":3},{"damage":11,"enemies":"Small Slimes","floor":3,"turns":3},{"damage":0,"enemies":"Cultist","floor":5,"turns":3},{"damage":14,"enemies":"Lagavulin","floor":7,"turns":5},{"damage":17,"enemies":"Exordium Wildlife","floor":11,"turns":3},{"damage":7,"enemies":"Gremlin Nob","floor":14,"turns":3},{"damage":25,"enemies":"Hexaghost","floor":16,"turns":8},{"damage":17,"enemies":"Spheric Guardian","floor":18,"turns":4},{"damage":5,"enemies":"Shell Parasite","floor":19,"turns":7},{"damage":18,"enemies":"Shelled Parasite and Fungi","floor":21,"turns":5},{"damage":30,"enemies":"Gremlin Leader","floor":24,"turns":6},{"damage":0,"enemies":"Centurion and Healer","floor":25,"turns":1}],"seed_played":"-6535488700325382439","potions_obtained":[{"floor":3,"key":"PotionOfCapacity"},{"floor":7,"key":"AttackPotion"},{"floor":19,"key":"BlessingOfTheForge"}],"is_trial":false,"path_per_floor":["M","?","M","?","M","R","E","R","T","$","M","?","R","E","R","B",null,"M","M","?","M","?","R","E","M"],"character_chosen":"DEFECT","items_purchased":["Darkness"],"campfire_rested":2,"item_purchase_floors":[10],"current_hp_per_floor":[63,63,52,31,31,31,17,38,38,38,21,38,38,31,31,6,55,38,33,33,15,15,36,6,6,6],"gold":183,"neow_bonus":"BOSS_RELIC","is_daily":false,"chose_seed":false,"campfire_upgraded":3,"win_rate":0.0,"timestamp":1613080100,"path_taken":["M","?","M","?","M","R","E","R","T","$","M","?","R","E","R","BOSS","M","M","?","M","?","R","E","M"],"items_purchased_type":["Card"],"build_version":"2020-12-18","purchased_purges":0,"victory":false,"max_hp_per_floor":[71,71,71,71,71,71,71,71,71,71,71,71,71,71,71,71,71,71,71,71,71,71,71,71,71,71],"relic_stats":{"counters":[12,51],"Bronze Scales":[7],"Prayer Wheel":4,"War Paint":["Defend_B","Leap"],"obtain_stats":[{"Lantern":24,"Bronze Scales":22,"Philosopher\u0027s Stone":0,"Prayer Wheel":7,"War Paint":14,"Cracked Core":0,"Empty Cage":17,"Pocketwatch":9},{"Lantern":11,"Bronze Scales":10,"Philosopher\u0027s Stone":0,"Prayer Wheel":4,"War Paint":6,"Cracked Core":0,"Empty Cage":7,"Pocketwatch":4},{"Lantern":50,"Bronze Scales":44,"Philosopher\u0027s Stone":0,"Prayer Wheel":14,"War Paint":20,"Cracked Core":0,"Empty Cage":28,"Pocketwatch":14}],"Pocketwatch":[45]},"card_choices":[{"not_picked":["Compile Driver","Barrage"],"picked":"Hologram","floor":1},{"not_picked":["Barrage","Go for the Eyes"],"picked":"Streamline","floor":3},{"not_picked":["Barrage","Compile Driver","Stack"],"picked":"SKIP","floor":5},{"not_picked":["Steam Power","Double Energy"],"picked":"Rebound","floor":7},{"not_picked":["Recycle","White Noise"],"picked":"Leap","floor":11},{"not_picked":["Chaos","Conserve Battery"],"picked":"Machine Learning","floor":11},{"not_picked":["Skim","Steam Power"],"picked":"Leap","floor":14},{"not_picked":["Core Surge","Creative AI"],"picked":"Biased Cognition","floor":16},{"not_picked":["Steam","Conserve Battery"],"picked":"Defragment","floor":18},{"not_picked":["Streamline","Chaos"],"picked":"Chill","floor":18},{"not_picked":["Leap","Force Field"],"picked":"Doom and Gloom","floor":19},{"not_picked":["Loop","Barrage"],"picked":"Ball Lightning","floor":19},{"not_picked":["Recycle","Rainbow"],"picked":"Skim","floor":21},{"not_picked":["Darkness","Beam Cell","Fusion"],"picked":"SKIP","floor":21},{"not_picked":["Gash","Tempest","Conserve Battery"],"picked":"SKIP","floor":24}],"player_experience":1956151,"relics_obtained":[{"floor":7,"key":"Prayer Wheel"},{"floor":9,"key":"Pocketwatch"},{"floor":14,"key":"War Paint"},{"floor":24,"key":"Lantern"}],"event_choices":[{"damage_healed":0,"gold_gain":0,"player_choice":"Grow","damage_taken":0,"max_hp_gain":0,"max_hp_loss":0,"event_name":"Living Wall","floor":2,"gold_loss":0,"cards_upgraded":["Zap"]},{"damage_healed":0,"gold_gain":0,"player_choice":"Entered Light","damage_taken":21,"max_hp_gain":0,"max_hp_loss":0,"event_name":"Shining Light","floor":4,"gold_loss":0,"cards_upgraded":["Defend_B","Streamline"]},{"damage_healed":17,"gold_gain":0,"player_choice":"Healed","damage_taken":0,"max_hp_gain":0,"max_hp_loss":0,"event_name":"The Cleric","floor":12,"gold_loss":35},{"cards_removed":["Strike_B"],"damage_healed":0,"gold_gain":0,"player_choice":"Elegance","damage_taken":0,"max_hp_gain":0,"max_hp_loss":0,"event_name":"Back to Basics","floor":20,"gold_loss":0},{"damage_healed":0,"gold_gain":0,"player_choice":"Paid Gold","damage_taken":0,"relics_obtained":["Bronze Scales"],"max_hp_gain":0,"max_hp_loss":0,"event_name":"WeMeetAgain","floor":22,"gold_loss":58}],"is_beta":true,"boss_relics":[{"not_picked":["Cursed Key","Busted Crown"],"picked":"Empty Cage"}],"items_purged_floors":[],"is_endless":false,"potions_floor_spawned":[3,7,11,19],"killed_by":"Centurion and Healer","ascension_level":20}}