{"host":"zsnmfqgcm92hlreo","time":1613015380,"event":{"mods":["AchievementEnabler","BaseMod","Bestiary","Block Reminder","Colored Map","Colored Powertips","Filter the Spire","Minty Spire (QoL Compilation)","Permanent Neow","Quick Restart","Relic Stats","StSLib","Weighted Paths"],"gold_per_floor":[115,133,133,45,60,60,92,92,115,134,149,179,189,224,224,300,300,314,314,327,342,0,31,43,72,131,175,222,260,272,295,307,396,408,440,452,476,498,252,252,263,291,291,291,305,305,336,351,351,351,351],"floor_reached":50,"language":"ENG","playtime":1672,"items_purged":["Decay","Strike_R"],"score":1368,"play_id":"8972fb09-b581-4278-94c4-7c6c9e9879f7","local_time":"20210210214940","is_ascension_mode":true,"campfire_choices":[{"data":"Pommel Strike","floor":6.0,"key":"SMITH"},{"floor":8.0,"key":"REST"},{"data":"Whirlwind","floor":15.0,"key":"SMITH"},{"floor":24,"key":"REST"},{"floor":30,"key":"REST"},{"data":"Uppercut","floor":32,"key":"SMITH"},{"floor":40,"key":"REST"},{"floor":49,"key":"REST"}],"circlet_count":0,"master_deck":["AscendersBane","Strike_R","Strike_R","Strike_R+1","Strike_R+1","Defend_R","Defend_R","Defend_R","Defend_R","Bash","Uppercut+1","Clothesline","Whirlwind+1","Pommel Strike+1","Perfected Strike","Fiend Fire","Armaments","Juggernaut","Wild Strike+1","Writhe","Pommel Strike+1","Inflame","Pommel Strike+1","Immolate+1","Spot Weakness","Sever Soul+1","Clothesline+1","Corruption","Heavy Blade+1","Decay","Inflame+1","Dark Embrace","Uppercut+1","Perfected Strike+1","Fire Breathing+1","Juggernaut","Perfected Strike+1"],"relics":["Snecko Eye","Happy Flower","Whetstone","PreservedInsect","Blood Vial","Philosopher\u0027s Stone","Molten Egg 2","Strange Spoon","MawBank","Ancient Tea Set","Tiny Chest","Red Mask","Charon\u0027s Ashes","Fusion Hammer","Blue Candle","Akabeko","Thread and Needle"],"acts_visited":["Exordium","TheCity","TheBeyond"],"potions_floor_usage":[23,29,33,35,39,42,46],"damage_taken":[{"damage":15.0,"enemies":"Small Slimes","floor":1.0,"turns":3.0},{"damage":4.0,"enemies":"Cultist","floor":2.0,"turns":3.0},{"damage":4.0,"enemies":"2 Louse","floor":5.0,"turns":2.0},{"damage":14.0,"enemies":"Lagavulin","floor":7.0,"turns":6.0},{"damage":10.0,"enemies":"Large Slime","floor":10.0,"turns":3.0},{"damage":11.0,"enemies":"Gremlin Gang","floor":11.0,"turns":3.0},{"damage":2.0,"enemies":"Gremlin Nob","floor":12.0,"turns":2.0},{"damage":1.0,"enemies":"Exordium Wildlife","floor":13.0,"turns":2.0},{"damage":5.0,"enemies":"3 Sentries","floor":14.0,"turns":3.0},{"damage":0.0,"enemies":"Slime Boss","floor":16.0,"turns":5.0},{"damage":2.0,"enemies":"Chosen","floor":18.0,"turns":3.0},{"damage":23.0,"enemies":"2 Thieves","floor":20.0,"turns":3.0},{"damage":0.0,"enemies":"Snake Plant","floor":21.0,"turns":1.0},{"damage":0,"enemies":"Slavers","floor":23,"turns":1},{"damage":0,"enemies":"Cultist and Chosen","floor":25,"turns":3},{"damage":11,"enemies":"Book of Stabbing","floor":27,"turns":2},{"damage":0,"enemies":"Masked Bandits","floor":28,"turns":2},{"damage":33,"enemies":"Slavers","floor":29,"turns":3},{"damage":13,"enemies":"Centurion and Healer","floor":31,"turns":2},{"damage":16,"enemies":"Champ","floor":33,"turns":7},{"damage":13,"enemies":"3 Shapes","floor":35,"turns":2},{"damage":4,"enemies":"3 Darklings","floor":37,"turns":2},{"damage":0,"enemies":"Transient","floor":38,"turns":6},{"damage":8,"enemies":"Jaw Worm Horde","floor":41,"turns":3},{"damage":49,"enemies":"Nemesis","floor":42,"turns":5},{"damage":22,"enemies":"Maw","floor":45,"turns":3},{"damage":14,"enemies":"Giant Head","floor":47,"turns":4},{"damage":11,"enemies":"Sphere and 2 Shapes","floor":48,"turns":3},{"damage":53,"enemies":"Awakened One","floor":50,"turns":3}],"seed_played":"-876406378314160255","potions_obtained":[{"floor":2.0,"key":"SneckoOil"},{"floor":11.0,"key":"Fire Potion"},{"floor":13.0,"key":"AttackPotion"},{"floor":16.0,"key":"Fruit Juice"},{"floor":18.0,"key":"SteroidPotion"},{"floor":21.0,"key":"LiquidMemories"},{"floor":23,"key":"PowerPotion"},{"floor":28,"key":"DistilledChaos"},{"floor":33,"key":"Block Potion"},{"floor":37,"key":"BloodPotion"},{"floor":42,"key":"BloodPotion"},{"floor":47,"key":"Ancient Potion"}],"is_trial":false,"path_per_floor":["M","M","?","$","M","R","E","R","T","M","M","E","M","E","R","B",null,"M","?","M","M","$","E","R","M","T","E","?","E","R","M","R","B",null,"M","?","M","M","$","R","M","E","T","T","M","?","E","M","R","B"],"character_chosen":"IRONCLAD","items_purchased":["Whirlwind","Strange Spoon","Inflame","Pommel Strike+1","Fruit Juice","Uppercut+1"],"campfire_rested":5,"item_purchase_floors":[4,22,22,22,39,39],"current_hp_per_floor":[53,49,49,49,45,45,31,53,53,43,32,30,29,24,24,31,68,68,68,47,49,49,51,75,77,77,68,70,39,63,52,52,38,70,59,59,57,59,64,85,77,47,47,47,27,44,32,23,48,0,0],"gold":351,"neow_bonus":"BOSS_RELIC","is_daily":false,"chose_seed":false,"campfire_upgraded":3,"win_rate":0.0,"timestamp":1613015380,"path_taken":["M","M","?","?","M","R","E","R","T","?","M","E","M","E","R","BOSS","M","?","M","M","$","E","R","M","T","E","?","E","R","M","R","BOSS","M","?","?","M","$","R","M","E","T","?","M","?","E","M","R","BOSS"],"items_purchased_type":["Card","Relic","Card","Card","Potion","Card"],"build_version":"2020-12-22","purchased_purges":2,"victory":false,"max_hp_per_floor":[75,75,75,75,75,75,75,75,75,75,75,75,75,75,75,80,80,80,80,80,80,80,80,80,80,80,80,80,80,80,80,80,80,80,80,80,80,80,85,85,85,85,85,85,85,85,85,85,85,85,85],"relic_stats":{"Blood Vial":38,"Strange Spoon":[14],"Happy Flower":[25],"counters":[29,90],"Blue Candle":[2],"Snecko Eye":[154,158,147,151],"Tiny Chest":1,"PreservedInsect":340,"Charon\u0027s Ashes":[136],"Whetstone":["Strike_R","Strike_R"],"MawBank":192,"obtain_stats":[{"Happy Flower":7,"Blue Candle":42,"Thread and Needle":47,"PreservedInsect":12,"Charon\u0027s Ashes":29,"Whetstone":9,"MawBank":23,"Ancient Tea Set":26,"Burning Blood":0,"Akabeko":44,"Blood Vial":14,"Strange Spoon":22,"Snecko Eye":0,"Philosopher\u0027s Stone":17,"Molten Egg 2":19,"Tiny Chest":27,"Fusion Hammer":34,"Red Mask":28},{"Happy Flower":4,"Blue Candle":25,"Thread and Needle":27,"PreservedInsect":7,"Charon\u0027s Ashes":18,"Whetstone":4,"MawBank":14,"Ancient Tea Set":15,"Burning Blood":0,"Akabeko":25,"Blood Vial":9,"Strange Spoon":13,"Snecko Eye":0,"Philosopher\u0027s Stone":10,"Molten Egg 2":11,"Tiny Chest":16,"Fusion Hammer":20,"Red Mask":17},{"Happy Flower":14,"Blue Candle":77,"Thread and Needle":84,"PreservedInsect":22,"Charon\u0027s Ashes":50,"Whetstone":14,"MawBank":40,"Ancient Tea Set":43,"Burning Blood":0,"Akabeko":77,"Blood Vial":27,"Strange Spoon":39,"Snecko Eye":0,"Philosopher\u0027s Stone":32,"Molten Egg 2":35,"Tiny Chest":45,"Fusion Hammer":59,"Red Mask":47}]},"card_choices":[{"not_picked":["Cleave","Clothesline"],"picked":"Uppercut","floor":1.0},{"not_picked":["Sword Boomerang","Wild Strike"],"picked":"Clothesline","floor":2.0},{"not_picked":["Reckless Charge","Havoc"],"picked":"Pommel Strike","floor":5.0},{"not_picked":["Sword Boomerang","Searing Blow","Whirlwind"],"picked":"SKIP","floor":7.0},{"not_picked":["Entrench","Twin Strike"],"picked":"Perfected Strike","floor":10.0},{"not_picked":["Cleave","Ghostly Armor","Thunderclap"],"picked":"SKIP","floor":11.0},{"not_picked":["Second Wind","Pommel Strike"],"picked":"Fiend Fire","floor":12.0},{"not_picked":["Clothesline","Seeing Red"],"picked":"Armaments","floor":13.0},{"not_picked":["Cleave","Dark Embrace","Pommel Strike"],"picked":"SKIP","floor":14.0},{"not_picked":["Berserk","Fiend Fire"],"picked":"Juggernaut","floor":16.0},{"not_picked":["Clothesline","Seeing Red+1"],"picked":"Wild Strike+1","floor":18.0},{"not_picked":["Havoc","Thunderclap+1"],"picked":"Pommel Strike+1","floor":20.0},{"not_picked":["Dropkick+1","Thunderclap+1","Warcry+1"],"picked":"SKIP","floor":21.0},{"not_picked":["Fiend Fire+1","Blood for Blood+1"],"picked":"Immolate+1","floor":23},{"not_picked":["Metallicize+1","Headbutt+1"],"picked":"Spot Weakness","floor":25},{"not_picked":["Clash+1","Battle Trance"],"picked":"Sever Soul+1","floor":27},{"not_picked":["Thunderclap+1","Havoc","Evolve"],"picked":"SKIP","floor":29},{"not_picked":["Sentinel","Rage+1"],"picked":"Clothesline+1","floor":31},{"not_picked":["Juggernaut","Double Tap"],"picked":"Corruption","floor":33},{"not_picked":["Sentinel","True Grit"],"picked":"Heavy Blade+1","floor":35},{"not_picked":["Dropkick+1","Power Through"],"picked":"Inflame+1","floor":37},{"not_picked":["Combust","Rage"],"picked":"Dark Embrace","floor":38},{"not_picked":["True Grit","Power Through","Warcry"],"picked":"SKIP","floor":41},{"not_picked":["Hemokinesis+1","Ghostly Armor+1"],"picked":"Perfected Strike+1","floor":42},{"not_picked":["Sword Boomerang+1","Rage"],"picked":"Fire Breathing+1","floor":45},{"not_picked":["Cleave+1","Hemokinesis+1"],"picked":"Juggernaut","floor":47},{"not_picked":["Headbutt+1","Warcry"],"picked":"Perfected Strike+1","floor":48}],"player_experience":1080360,"relics_obtained":[{"floor":7.0,"key":"Happy Flower"},{"floor":9.0,"key":"Whetstone"},{"floor":12.0,"key":"PreservedInsect"},{"floor":14.0,"key":"Blood Vial"},{"floor":23,"key":"MawBank"},{"floor":26,"key":"Ancient Tea Set"},{"floor":27,"key":"Tiny Chest"},{"floor":28,"key":"Red Mask"},{"floor":29,"key":"Charon\u0027s Ashes"},{"floor":42,"key":"Blue Candle"},{"floor":44,"key":"Akabeko"},{"floor":47,"key":"Thread and Needle"}],"event_choices":[{"damage_healed":0.0,"max_hp_gain":0.0,"max_hp_loss":0.0,"gold_gain":0.0,"event_name":"Wheel of Change","player_choice":"Cursed","floor":3.0,"gold_loss":0.0,"damage_taken":0.0,"cards_obtained":["Decay"]},{"damage_healed":0.0,"max_hp_gain":0.0,"max_hp_loss":0.0,"gold_gain":0.0,"event_name":"The Mausoleum","player_choice":"Opened","floor":19.0,"gold_loss":0.0,"damage_taken":0.0,"relics_obtained":["Molten Egg 2"],"cards_obtained":["Writhe"]},{"damage_healed":0,"gold_gain":0,"player_choice":"Fought Bandits","damage_taken":0,"max_hp_gain":0,"max_hp_loss":0,"event_name":"Masked Bandits","floor":28,"gold_loss":0},{"damage_healed":0,"gold_gain":0,"player_choice":"Cursed","damage_taken":0,"max_hp_gain":0,"max_hp_loss":0,"event_name":"Wheel of Change","floor":36,"gold_loss":0,"cards_obtained":["Decay"]},{"damage_healed":0,"gold_gain":0,"player_choice":"Ignored","damage_taken":0,"max_hp_gain":0,"max_hp_loss":0,"event_name":"Mysterious Sphere","floor":46,"gold_loss":0}],"is_beta":false,"boss_relics":[{"not_picked":["Tiny House","Runic Cube"],"picked":"Philosopher\u0027s Stone"},{"not_picked":["SacredBark","Coffee Dripper"],"picked":"Fusion Hammer"}],"items_purged_floors":[22,39],"is_endless":false,"potions_floor_spawned":[2,11,13,16,18,21,23,28,33,37,42,47],"killed_by":"Awakened One","ascension_level":20}}