{"host":"prxrhpgaxnj4om9r","time":1613056075,"event":{"mods":["AchievementEnabler","BaseMod","DeckTracker","Keyboard Shortcuts","Minty Spire (QoL Compilation)"],"gold_per_floor":[115,129,129,139,100,129,151,151,174,19,29,29,29,55,55,160,160,170,91,119,130,130,145,145,235,260,272,272],"floor_reached":27,"language":"KOR","playtime":1279,"items_purged":[],"score":256,"play_id":"91067d0e-8187-4ed1-80a2-a90f7d2ad30e","local_time":"20210212000755","is_ascension_mode":true,"campfire_choices":[{"data":"Zap","floor":8,"key":"SMITH"},{"floor":12,"key":"REST"},{"data":"Defragment","floor":15,"key":"SMITH"},{"floor":24,"key":"REST"}],"circlet_count":0,"master_deck":["Strike_B","Strike_B","Strike_B","Defend_B","Defend_B","Defend_B","Defend_B","Zap+1","Dualcast","Multi-Cast","Sweeping Beam","Hologram","Aggregate","Double Energy","Auto Shields","Defragment+1","Streamline","Static Discharge","Doom and Gloom","Seek","Go for the Eyes+1","Beam Cell","Compile Driver","Sweeping Beam+1","Recycle","Conserve Battery","Echo Form","Discovery"],"relics":["Cracked Core","Lantern","Odd Mushroom","Dream Catcher","Art of War","Pen Nib","Sozu","Red Mask","Nilry\u0027s Codex","MawBank"],"acts_visited":["Exordium","TheCity"],"potions_floor_usage":[6,6,16],"damage_taken":[{"damage":1,"enemies":"Jaw Worm","floor":1,"turns":4},{"damage":0,"enemies":"2 Louse","floor":2,"turns":2},{"damage":11,"enemies":"Small Slimes","floor":4,"turns":3},{"damage":0,"enemies":"3 Sentries","floor":6,"turns":2},{"damage":23,"enemies":"The Mushroom Lair","floor":7,"turns":5},{"damage":10,"enemies":"Gremlin Gang","floor":11,"turns":4},{"damage":15,"enemies":"Lagavulin","floor":14,"turns":7},{"damage":16,"enemies":"The Guardian","floor":16,"turns":8},{"damage":15,"enemies":"2 Thieves","floor":18,"turns":3},{"damage":19,"enemies":"Masked Bandits","floor":20,"turns":4},{"damage":7,"enemies":"Spheric Guardian","floor":21,"turns":3},{"damage":15,"enemies":"Snake Plant","floor":23,"turns":4},{"damage":8,"enemies":"Snecko","floor":27,"turns":2}],"seed_played":"-6318680511048279466","potions_obtained":[{"floor":1,"key":"FocusPotion"},{"floor":4,"key":"PowerPotion"},{"floor":14,"key":"ColorlessPotion"}],"is_trial":false,"path_per_floor":["M","M","?","M","$","E","?","R","T","$","M","R","T","E","R","B",null,"M","$","?","M","?","M","R","?","T","M"],"character_chosen":"DEFECT","items_purchased":["Double Energy","Dream Catcher","Beam Cell","Compile Driver"],"campfire_rested":2,"item_purchase_floors":[5,10,19,19],"current_hp_per_floor":[74,74,74,63,63,63,40,40,40,40,30,52,52,37,37,21,75,60,60,41,34,18,3,25,7,7,0,0],"gold":272,"neow_bonus":"TRANSFORM_CARD","is_daily":false,"chose_seed":false,"campfire_upgraded":2,"win_rate":0.0,"timestamp":1613056075,"path_taken":["M","M","?","M","$","E","?","R","T","$","M","R","?","E","R","BOSS","M","$","?","M","?","M","R","?","T","?"],"items_purchased_type":["Card","Relic","Card","Card"],"build_version":"2020-12-22","purchased_purges":0,"victory":false,"max_hp_per_floor":[75,75,75,75,75,75,75,75,75,75,75,75,75,75,75,75,75,75,75,75,75,75,75,75,75,75,75,75],"card_choices":[{"not_picked":["Barrage","Skim"],"picked":"Sweeping Beam","floor":1},{"not_picked":["Ball Lightning","Redo"],"picked":"Hologram","floor":2},{"not_picked":["Tempest","Steam Power"],"picked":"Aggregate","floor":4},{"not_picked":["Rip and Tear","Turbo"],"picked":"Auto Shields","floor":6},{"not_picked":["Leap","Sunder"],"picked":"Defragment","floor":7},{"not_picked":["Compile Driver","Conserve Battery"],"picked":"Streamline","floor":11},{"not_picked":["Streamline","Leap"],"picked":"Static Discharge","floor":12},{"not_picked":["Aggregate","Barrage"],"picked":"Doom and Gloom","floor":14},{"not_picked":["Rainbow","Reboot"],"picked":"Seek","floor":16},{"not_picked":["Conserve Battery","Gash"],"picked":"Go for the Eyes+1","floor":18},{"not_picked":["Streamline","Compile Driver"],"picked":"Sweeping Beam+1","floor":20},{"not_picked":["Compile Driver","Hologram"],"picked":"Recycle","floor":21},{"not_picked":["Undo","Heatsinks"],"picked":"Conserve Battery","floor":23},{"not_picked":["Barrage","Recycle"],"picked":"Echo Form","floor":24}],"player_experience":390664,"relics_obtained":[{"floor":6,"key":"Lantern"},{"floor":7,"key":"Odd Mushroom"},{"floor":13,"key":"Art of War"},{"floor":14,"key":"Pen Nib"},{"floor":20,"key":"Red Mask"},{"floor":22,"key":"Nilry\u0027s Codex"},{"floor":26,"key":"MawBank"}],"event_choices":[{"damage_healed":0,"gold_gain":0,"player_choice":"Ignored","damage_taken":0,"max_hp_gain":0,"max_hp_loss":0,"event_name":"Golden Wing","floor":3,"gold_loss":0},{"damage_healed":0,"gold_gain":0,"player_choice":"Fought Mushrooms","damage_taken":0,"max_hp_gain":0,"max_hp_loss":0,"event_name":"Mushrooms","floor":7,"gold_loss":0},{"damage_healed":0,"gold_gain":0,"player_choice":"Fought Bandits","damage_taken":0,"max_hp_gain":0,"max_hp_loss":0,"event_name":"Masked Bandits","floor":20,"gold_loss":0},{"damage_healed":0,"gold_gain":0,"player_choice":"Obtained Book","damage_taken":16,"max_hp_gain":0,"max_hp_loss":0,"event_name":"Cursed Tome","floor":22,"gold_loss":0},{"damage_healed":0,"gold_gain":90,"player_choice":"GOLD CARD ","damage_taken":18,"max_hp_gain":0,"max_hp_loss":0,"event_name":"Knowing Skull","floor":25,"potions_obtained":[],"gold_loss":0,"cards_obtained":["Discovery"]}],"is_beta":false,"boss_relics":[{"not_picked":["Velvet Choker","Runic Dome"],"picked":"Sozu"}],"items_purged_floors":[],"is_endless":false,"potions_floor_spawned":[1,4,14,20,23],"killed_by":"Snecko","ascension_level":1}}