{"host":"o9lehcdjc4u6j9un","time":1613029511,"event":{"mods":["Aspiration","BaseMod","Colored Map","Downfall","Hermit","Marisa£®ÏF”Í°°ƒß¿Ì…≥£©","Minty Spire (QoL Compilation)","Reimu£®≤©¿ˆ¡È√Œ£©","Remilia£®¿Ÿ√◊¿Ú—«£©","StSLib","The Alterego","The Runesmith","The Senshi","The Servant 0.9.4","Yakumo Yukari mod","Youmu£®ªÍ∆«—˝√Œ£©"],"gold_per_floor":[110,10,10,10,10,38,38,56,103,134,134,36,56,56,56,161,161,173,189,389,407,407,407,438,8,8,33,33,66,66,66,66,66,66],"floor_reached":33,"language":"ZHS","playtime":1680,"items_purged":["Runesmith:Strike_RS","Runesmith:Strike_RS"],"score":375,"play_id":"2e0f5968-082e-49c9-b174-1e3151b6ca1c","local_time":"20210211154511","is_ascension_mode":true,"campfire_choices":[{"data":"Runesmith:RunicBlueprint","floor":7.0,"key":"SMITH"},{"data":"Runesmith:CraftFirestone","floor":15.0,"key":"SMITH"},{"data":"Runesmith:OneForEveryone","floor":23,"key":"SMITH"},{"data":"Die Die Die","floor":28,"key":"SMITH"},{"data":"J.A.X.","floor":32,"key":"SMITH"}],"circlet_count":0,"master_deck":["Runesmith:Defend_RS","Runesmith:Defend_RS","Runesmith:Defend_RS","Runesmith:CraftFirestone+1","Runesmith:Fortify","Runesmith:OneForEveryone+1","Runesmith:ShiftingStrike","Die Die Die+1","Dash","Defend_G","Runesmith:RunicBlueprint+1","Runesmith:CraftIncendium","Runesmith:MakeshiftArmor","Runesmith:Overpower","Runesmith:HeatedChisel","Runesmith:Reinforce","Runesmith:LastStand","Runesmith:Overpower","Runesmith:PoweredAnvil","Runesmith:HammerTime+1","Runesmith:FissionHammer","Runesmith:Firestorm","J.A.X.+1"],"relics":["Runesmith:BrokenRuby","Ginger","aspiration:BabyByrd","aspiration:Nostalgia","Ring of the Snake","Mastiff:ReiMu","RuthlessExorcism:ReiMu","aspiration:DSix","RedLine:ReiMu","aspiration:HummingbirdHeart","Gremlin Horn","theSenshi:SailorFukuRelic","HornCleat","Peace Pipe","FossilizedHelix"],"acts_visited":["Exordium","TheCity"],"potions_floor_usage":[33],"damage_taken":[{"damage":0.0,"enemies":"2 Louse","floor":1.0,"turns":3.0},{"damage":4.0,"enemies":"Lagavulin","floor":6.0,"turns":6.0},{"damage":0.0,"enemies":"Cultist","floor":8.0,"turns":3.0},{"damage":4.0,"enemies":"3 Sentries","floor":10.0,"turns":5.0},{"damage":5.0,"enemies":"Jaw Worm","floor":13.0,"turns":2.0},{"damage":17.0,"enemies":"Hexaghost","floor":16.0,"turns":8.0},{"damage":0.0,"enemies":"3 Byrds","floor":18.0,"turns":3.0},{"damage":10.0,"enemies":"Spheric Guardian","floor":19.0,"turns":2.0},{"damage":0,"enemies":"Cultist and Chosen","floor":21,"turns":4},{"damage":0,"enemies":"Gremlin Leader","floor":24,"turns":3},{"damage":4,"enemies":"Book of Stabbing","floor":27,"turns":4},{"damage":0,"enemies":"Gremlin Leader","floor":29,"turns":3},{"damage":61,"enemies":"Collector","floor":33,"turns":7}],"seed_played":"4449163274619650395","potions_obtained":[{"floor":10.0,"key":"Regen Potion"},{"floor":16.0,"key":"FearPotion"},{"floor":19.0,"key":"ColorlessPotion"}],"is_trial":false,"path_per_floor":["M","$","?","?","$","E","R","M","T","E","T","$","M","?","R","B",null,"M","M","?","M","?","R","E","$","T","E","R","E","?","T","R","B"],"character_chosen":"RUNESMITH_CLASS","items_purchased":["Runesmith:ShiftingStrike","Runesmith:Overpower","Runesmith:HeatedChisel","Runesmith:FissionHammer","Gremlin Horn"],"campfire_rested":0,"item_purchase_floors":[2,12,12,25,25],"current_hp_per_floor":[49,49,49,49,49,45,45,45,45,41,41,41,36,41,41,24,75,75,65,65,65,65,65,65,65,65,61,61,61,61,61,61,0,0],"gold":66,"neow_bonus":"ONE_RARE_RELIC","is_daily":false,"chose_seed":false,"campfire_upgraded":5,"win_rate":0.0,"timestamp":1613029511,"path_taken":["M","$","?","?","$","E","R","?","T","E","?","?","?","?","R","BOSS","M","M","?","?","?","R","E","$","T","E","R","E","?","?","R","BOSS"],"items_purchased_type":["Card","Card","Card","Card","Relic"],"build_version":"2020-12-22","purchased_purges":2,"victory":false,"max_hp_per_floor":[70,70,70,70,70,70,70,70,70,70,70,70,70,75,75,75,75,75,75,75,75,75,75,75,75,75,75,75,75,75,75,75,75,75],"card_choices":[{"not_picked":["Runesmith:EnergizedChisel","Runesmith:ShiftingStrike"],"picked":"Runesmith:OneForEveryone","floor":1.0},{"not_picked":["Runesmith:HeatExchange","Runesmith:MakeshiftArmor"],"picked":"Runesmith:RunicBlueprint","floor":6.0},{"not_picked":["Runesmith:Repurpose","Runesmith:Firewall"],"picked":"Runesmith:CraftIncendium","floor":8.0},{"not_picked":["Runesmith:Duplicate","Runesmith:CraftProtectio"],"picked":"Runesmith:MakeshiftArmor","floor":10.0},{"not_picked":["Runesmith:EnergizedChisel","Runesmith:MakeshiftArmor"],"picked":"Runesmith:Reinforce","floor":13.0},{"not_picked":["Runesmith:ReplicatingBarrier","Runesmith:UnlimitedPower"],"picked":"Runesmith:LastStand","floor":16.0},{"not_picked":["Runesmith:EarthShield+1","Runesmith:Refine"],"picked":"Runesmith:Overpower","floor":18.0},{"not_picked":["Runesmith:MakeshiftArmor","Runesmith:NanitesCloud"],"picked":"Runesmith:PoweredAnvil","floor":19.0},{"not_picked":["Runesmith:ChiselStab","Runesmith:Overpower"],"picked":"Runesmith:HammerTime+1","floor":21},{"not_picked":["Runesmith:MakeshiftArmor+1","Runesmith:Overpower","Runesmith:LithiumIon"],"picked":"SKIP","floor":24},{"not_picked":["Runesmith:RunicBlueprint","Runesmith:PerfectChisel","Runesmith:ElementalConversion"],"picked":"SKIP","floor":27},{"not_picked":["Runesmith:PerfectChisel","Runesmith:MakeshiftArmor+1"],"picked":"Runesmith:Firestorm","floor":29}],"player_experience":234374,"relics_obtained":[{"floor":6.0,"key":"aspiration:Nostalgia"},{"floor":9.0,"key":"Mastiff:ReiMu"},{"floor":10.0,"key":"RuthlessExorcism:ReiMu"},{"floor":11.0,"key":"aspiration:DSix"},{"floor":24,"key":"aspiration:HummingbirdHeart"},{"floor":26,"key":"theSenshi:SailorFukuRelic"},{"floor":27,"key":"HornCleat"},{"floor":29,"key":"Peace Pipe"},{"floor":31,"key":"FossilizedHelix"}],"event_choices":[{"damage_healed":0.0,"max_hp_gain":5.0,"max_hp_loss":0.0,"gold_gain":0.0,"event_name":"Big Fish","player_choice":"Donut","floor":14.0,"gold_loss":0.0,"damage_taken":0.0},{"damage_healed":0,"gold_gain":250,"player_choice":"Bet on Owner","damage_taken":0,"max_hp_gain":0,"max_hp_loss":0,"event_name":"The Joust","floor":20,"gold_loss":50},{"damage_healed":0,"gold_gain":0,"player_choice":"Ignored","damage_taken":0,"max_hp_gain":0,"max_hp_loss":0,"event_name":"Ghosts","floor":22,"gold_loss":0},{"damage_healed":0,"gold_gain":0,"player_choice":"Obtain J.A.X.","damage_taken":0,"max_hp_gain":0,"max_hp_loss":0,"event_name":"Drug Dealer","floor":30,"gold_loss":0,"cards_obtained":["J.A.X."]}],"is_beta":false,"boss_relics":[{"not_picked":["Cursed Key","Runic Dome"],"picked":"RedLine:ReiMu"}],"items_purged_floors":[2,25],"is_endless":false,"potions_floor_spawned":[10,16,19,21,27],"killed_by":"Collector","ascension_level":1}}