{"host":"g907ck67u7c3hrs6","time":1613033475,"event":{"mods":["BaseMod","Colored Map","DeckTracker","Highlight Path","Keyboard Shortcuts","Minty Spire (QoL Compilation)","Permanent Neow","Say the Spire","SuperFastMode"],"gold_per_floor":[111,111,128,140,158,187,219,230,230,62,76,109,128,159,159,260,260,279,38,38,137,137,172,205,205,205,232,261,186,186,198,198,297,297,307,307,353,196,196,224,224,255,255,255,274,274,274,47,47,47],"floor_reached":51,"language":"KOR","playtime":1539,"items_purged":["Strike_R"],"score":832,"play_id":"79734698-21a4-496f-b6ce-edb63e06d5a8","local_time":"20210211175115","daily_mods":["Heirloom","Flight"],"is_ascension_mode":false,"campfire_choices":[{"data":"Evolve","floor":15,"key":"SMITH"},{"data":"Corruption","floor":25,"key":"SMITH"},{"data":"Hemokinesis","floor":32,"key":"SMITH"},{"data":"Demon Form","floor":44,"key":"SMITH"},{"data":"Pommel Strike","floor":46,"key":"SMITH"},{"data":"Bash","floor":47,"key":"SMITH"},{"data":"Wild Strike","floor":49,"key":"SMITH"}],"circlet_count":0,"master_deck":["Strike_R","Strike_R","Defend_R","Defend_R","Defend_R","Defend_R","Bash+1","Wild Strike","Hemokinesis+1","Wild Strike+1","Pommel Strike+1","Evolve+1","Corruption+1","Warcry+1","Limit Break+1","Shockwave+1","Shockwave+1","Reaper","Burning Pact+1","Impervious+1","Entrench+1","PiercingWail+1","Shrug It Off+1","Impervious+1","Shrug It Off+1","Demon Form+1","Blood for Blood+1","Intimidate+1","Exhume+1"],"relics":["Burning Blood","Magic Flower","Vajra","Pear","Darkstone Periapt","Toxic Egg 2","Lantern","Happy Flower","Mark of Pain","Gremlin Horn","Omamori","Blood Vial","Kunai","MealTicket","Bottled Flame","SlaversCollar","Turnip","Orichalcum","Juzu Bracelet","Paper Frog","Ancient Tea Set"],"acts_visited":["Exordium","TheCity","TheBeyond"],"potions_floor_usage":[23,27,33,37,50,50,50],"damage_taken":[{"damage":5,"enemies":"Jaw Worm","floor":1,"turns":4},{"damage":0,"enemies":"Small Slimes","floor":3,"turns":4},{"damage":0,"enemies":"2 Louse","floor":4,"turns":2},{"damage":7,"enemies":"2 Fungi Beasts","floor":5,"turns":3},{"damage":24,"enemies":"3 Sentries","floor":6,"turns":7},{"damage":32,"enemies":"Lagavulin","floor":7,"turns":6},{"damage":17,"enemies":"Exordium Thugs","floor":8,"turns":3},{"damage":2,"enemies":"3 Louse","floor":11,"turns":3},{"damage":10,"enemies":"Gremlin Nob","floor":12,"turns":4},{"damage":14,"enemies":"Gremlin Gang","floor":13,"turns":4},{"damage":17,"enemies":"3 Sentries","floor":14,"turns":6},{"damage":33,"enemies":"The Guardian","floor":16,"turns":8},{"damage":4,"enemies":"Chosen","floor":18,"turns":3},{"damage":26,"enemies":"Slavers","floor":23,"turns":3},{"damage":44,"enemies":"Book of Stabbing","floor":24,"turns":6},{"damage":8,"enemies":"Gremlin Leader","floor":27,"turns":4},{"damage":8,"enemies":"Slavers","floor":28,"turns":4},{"damage":10,"enemies":"Shell Parasite","floor":31,"turns":2},{"damage":73,"enemies":"Champ","floor":33,"turns":11},{"damage":15,"enemies":"Orb Walker","floor":35,"turns":3},{"damage":91,"enemies":"2 Orb Walkers","floor":37,"turns":8},{"damage":45,"enemies":"Reptomancer","floor":40,"turns":6},{"damage":31,"enemies":"Giant Head","floor":42,"turns":9},{"damage":17,"enemies":"3 Darklings","floor":45,"turns":5},{"damage":24,"enemies":"Time Eater","floor":50,"turns":8}],"seed_played":"-8005213325886084308","potions_obtained":[{"floor":4,"key":"Regen Potion"},{"floor":5,"key":"FearPotion"},{"floor":8,"key":"FearPotion"},{"floor":27,"key":"Fruit Juice"},{"floor":31,"key":"AttackPotion"},{"floor":33,"key":"ElixirPotion"},{"floor":37,"key":"Explosive Potion"},{"floor":41,"key":"CultistPotion"},{"floor":42,"key":"SteroidPotion"}],"is_trial":true,"path_per_floor":["M","?","M","M","M","E","E","M","T","$","M","E","M","E","R","B",null,"M","$","?","?","?","E","E","R","T","E","E","?","?","M","R","B",null,"M","?","?","$","?","E","?","E","T","R","M","R","R","$","R","B",null],"character_chosen":"IRONCLAD","items_purchased":["Apotheosis+1","Gremlin Horn","Demon Form","Ancient Tea Set"],"campfire_rested":0,"item_purchase_floors":[10,19,38,48],"current_hp_per_floor":[80,68,77,80,80,75,52,44,44,44,51,50,45,37,37,13,90,90,90,90,90,90,73,53,53,53,62,66,66,66,68,68,15,95,89,89,25,40,83,49,49,42,42,42,37,37,37,52,52,75],"gold":47,"neow_bonus":"","is_daily":false,"chose_seed":false,"campfire_upgraded":7,"win_rate":0.0,"timestamp":1613033475,"path_taken":["M","?","M","M","M","E","E","M","T","$","M","E","M","E","R","BOSS","M","$","?","?","?","E","E","R","T","E","E","?","?","?","R","BOSS","M","?","?","$","?","E","?","E","T","R","M","R","R","$","R","BOSS"],"items_purchased_type":["Card","Relic","Card","Relic"],"build_version":"2020-12-22","purchased_purges":1,"victory":true,"max_hp_per_floor":[80,80,80,80,80,90,90,90,90,90,90,90,90,90,90,90,90,90,90,90,90,90,90,90,90,90,95,95,95,95,95,95,95,95,95,95,95,95,83,83,83,83,83,83,83,83,83,83,83,83],"card_choices":[{"not_picked":["Cleave","Rupture"],"picked":"Wild Strike","floor":1},{"not_picked":["Seeing Red","Armaments"],"picked":"Hemokinesis","floor":3},{"not_picked":["Thunderclap","Rupture"],"picked":"Wild Strike","floor":4},{"not_picked":["Havoc","Body Slam"],"picked":"Pommel Strike","floor":5},{"not_picked":["Bloodletting","Intimidate"],"picked":"Evolve","floor":6},{"not_picked":["Armaments","Offering"],"picked":"Corruption","floor":7},{"not_picked":["Headbutt","Perfected Strike","Body Slam"],"picked":"SKIP","floor":8},{"not_picked":["Combust","Sword Boomerang","Headbutt"],"picked":"SKIP","floor":11},{"not_picked":["Hemokinesis","Sword Boomerang","Rupture"],"picked":"SKIP","floor":12},{"not_picked":["Hemokinesis","Sword Boomerang","Rupture"],"picked":"SKIP","floor":12},{"not_picked":["Twin Strike","Feel No Pain"],"picked":"Warcry+1","floor":13},{"not_picked":["Body Slam","Anger","Cleave"],"picked":"SKIP","floor":14},{"not_picked":["Berserk","Offering+1"],"picked":"Limit Break+1","floor":16},{"not_picked":["Iron Wave","Body Slam"],"picked":"Shockwave+1","floor":18},{"not_picked":["Heavy Blade","Second Wind+1"],"picked":"Reaper","floor":23},{"not_picked":["Reckless Charge","Havoc+1"],"picked":"Burning Pact+1","floor":24},{"not_picked":["Heavy Blade","Anger+1"],"picked":"Impervious+1","floor":27},{"not_picked":["Hemokinesis","Sword Boomerang"],"picked":"Entrench+1","floor":28},{"not_picked":["Perfected Strike","Havoc+1"],"picked":"Shrug It Off+1","floor":31},{"not_picked":["Double Tap+1","Fiend Fire"],"picked":"Impervious+1","floor":33},{"not_picked":["Dual Wield+1","Clash+1","Thunderclap+1"],"picked":"SKIP","floor":35},{"not_picked":["Evolve","Warcry+1"],"picked":"Shrug It Off+1","floor":37},{"not_picked":["Carnage","Anger"],"picked":"Blood for Blood+1","floor":40},{"not_picked":["Inflame","Combust+1"],"picked":"Intimidate+1","floor":42},{"not_picked":["Searing Blow","Wild Strike+1"],"picked":"Exhume+1","floor":45}],"player_experience":282979,"relics_obtained":[{"floor":6,"key":"Pear"},{"floor":7,"key":"Darkstone Periapt"},{"floor":9,"key":"Toxic Egg 2"},{"floor":12,"key":"Lantern"},{"floor":14,"key":"Happy Flower"},{"floor":23,"key":"Omamori"},{"floor":24,"key":"Blood Vial"},{"floor":26,"key":"Kunai"},{"floor":27,"key":"MealTicket"},{"floor":28,"key":"Bottled Flame"},{"floor":37,"key":"Turnip"},{"floor":40,"key":"Orichalcum"},{"floor":42,"key":"Juzu Bracelet"},{"floor":43,"key":"Paper Frog"}],"event_choices":[{"damage_healed":0,"gold_gain":0,"player_choice":"Success","damage_taken":12,"relics_obtained":["Vajra"],"max_hp_gain":0,"max_hp_loss":0,"event_name":"Scrap Ooze","floor":2,"gold_loss":0},{"damage_healed":0,"gold_gain":0,"player_choice":"Read","damage_taken":0,"max_hp_gain":0,"max_hp_loss":0,"event_name":"The Library","floor":20,"gold_loss":0,"cards_obtained":["Shockwave"]},{"damage_healed":0,"gold_gain":99,"player_choice":"Stole From Cult","damage_taken":0,"max_hp_gain":0,"max_hp_loss":0,"event_name":"Nest","floor":21,"gold_loss":0},{"damage_healed":0,"gold_gain":0,"player_choice":"Ignored","damage_taken":0,"max_hp_gain":0,"max_hp_loss":0,"event_name":"Ghosts","floor":22,"gold_loss":0},{"cards_removed":["Strike_R"],"damage_healed":0,"gold_gain":0,"player_choice":"Gave Gold","damage_taken":0,"max_hp_gain":0,"max_hp_loss":0,"event_name":"Beggar","floor":29,"gold_loss":75},{"cards_removed":["Apotheosis"],"damage_healed":0,"gold_gain":0,"player_choice":"Took Card","damage_taken":0,"max_hp_gain":0,"max_hp_loss":0,"event_name":"NoteForYourself","floor":30,"gold_loss":0,"cards_obtained":["PiercingWail"]},{"cards_removed":["Strike_R"],"damage_healed":0,"gold_gain":0,"player_choice":"Removed Attack","damage_taken":0,"max_hp_gain":0,"max_hp_loss":0,"event_name":"Falling","floor":36,"gold_loss":0},{"damage_healed":0,"gold_gain":0,"player_choice":"Fight","damage_taken":0,"max_hp_gain":0,"max_hp_loss":0,"event_name":"Mysterious Sphere","floor":37,"gold_loss":0},{"damage_healed":83,"gold_gain":0,"player_choice":"Heal","damage_taken":0,"max_hp_gain":0,"max_hp_loss":12,"event_name":"The Moai Head","floor":39,"gold_loss":0},{"damage_healed":0,"gold_gain":0,"player_choice":"Got Potions","damage_taken":0,"max_hp_gain":0,"max_hp_loss":0,"event_name":"Lab","floor":41,"gold_loss":0}],"is_beta":false,"boss_relics":[{"not_picked":["Velvet Choker","Runic Pyramid"],"picked":"Mark of Pain"},{"not_picked":["Runic Cube","Philosopher\u0027s Stone"],"picked":"SlaversCollar"}],"items_purged_floors":[48],"is_endless":false,"potions_floor_spawned":[4,5,8,11,12,13,18,27,31,33,37,42],"ascension_level":0}}