{"host":"2wfkxmfk74kgfdwc","time":1613028084,"event":{"mods":["BaseMod","Bossed Relics","Colored Map","Colored Powertips","Minty Spire (QoL Compilation)","Permanent Neow","Quick Restart","Relic Filter Mod","Relic Stats","Reliquary","Spire Arcade","StSLib","óô»ðÖ¸ÄÏ"],"gold_per_floor":[116,116,116,116,132,212,238,248,302,314,339,371,383,430,289,405,417,441,378,440,420,450,495,184,216,216,216,216,248,262,22,22,123,123,137,1136,1136,789,807,682,714,726,726,726,726,754,754,151,151,151],"floor_reached":51,"language":"ZHS","playtime":2321,"items_purged":["Strike_R","Normality","Normality","Strike_R"],"score":1202,"play_id":"7f520e11-0730-4e4e-ac0a-a81e9a91e1dd","local_time":"20210211152124","is_ascension_mode":true,"campfire_choices":[{"data":"Apotheosis","floor":10.0,"key":"SMITH"},{"data":"True Grit","floor":27.0,"key":"SMITH"},{"data":"Berserk","floor":32.0,"key":"SMITH"},{"floor":45,"key":"REST"},{"data":"Dark Embrace","floor":49,"key":"SMITH"}],"circlet_count":0,"master_deck":["Strike_R","Strike_R","Defend_R","Defend_R","Defend_R","Defend_R","Bash","Apotheosis+1","Body Slam","Shrug It Off","Second Wind","Berserk+1","True Grit+1","Shrug It Off+1","Feel No Pain","Metallicize+1","Body Slam","Madness","Madness","Sentinel","Dark Embrace+1","Shrug It Off+1","Sentinel+1"],"relics":["Burning Blood","Bag of Preparation","Meat on the Bone","MawBank","Singing Bowl","Strawberry","Tiny House","Pocketwatch","Mummified Hand","reliquary:Knoch","reliquary:PurpleTingedLeaf","Charon\u0027s Ashes","Matryoshka","Sozu","PreservedInsect","Kunai","Boot","Regal Pillow","Centennial Puzzle","Dream Catcher","Gremlin Horn","Medical Kit","Ancient Tea Set","Happy Flower"],"acts_visited":["Exordium","TheCity","TheBeyond"],"potions_floor_usage":[39],"damage_taken":[{"damage":7.0,"enemies":"2 Louse","floor":1.0,"turns":3.0},{"damage":4.0,"enemies":"Small Slimes","floor":5.0,"turns":4.0},{"damage":48.0,"enemies":"3 Sentries","floor":7.0,"turns":9.0},{"damage":2.0,"enemies":"Jaw Worm","floor":8.0,"turns":5.0},{"damage":0.0,"enemies":"2 Fungi Beasts","floor":11.0,"turns":4.0},{"damage":0.0,"enemies":"Red Slaver","floor":12.0,"turns":5.0},{"damage":4.0,"enemies":"Lagavulin","floor":14.0,"turns":6.0},{"damage":53.0,"enemies":"The Guardian","floor":16.0,"turns":13.0},{"damage":4.0,"enemies":"Chosen","floor":18.0,"turns":6.0},{"damage":8.0,"enemies":"2 Thieves","floor":21.0,"turns":5.0},{"damage":22.0,"enemies":"3 Cultists","floor":22.0,"turns":8.0},{"damage":7.0,"enemies":"Book of Stabbing","floor":23.0,"turns":7.0},{"damage":29.0,"enemies":"Gremlin Leader","floor":25.0,"turns":10.0},{"damage":27.0,"enemies":"Slavers","floor":29.0,"turns":9.0},{"damage":0.0,"enemies":"Snake Plant","floor":30.0,"turns":5.0},{"damage":12.0,"enemies":"Collector","floor":33.0,"turns":10.0},{"damage":0.0,"enemies":"Orb Walker","floor":35.0,"turns":3.0},{"damage":21,"enemies":"3 Darklings","floor":39,"turns":8},{"damage":14,"enemies":"Nemesis","floor":41,"turns":10},{"damage":41,"enemies":"Transient","floor":42,"turns":5},{"damage":0,"enemies":"Reptomancer","floor":46,"turns":5},{"damage":10,"enemies":"Time Eater","floor":50,"turns":8}],"seed_played":"7683697873777300904","potions_obtained":[{"floor":7.0,"key":"Weak Potion"},{"floor":12.0,"key":"FairyPotion"},{"floor":29.0,"key":"AttackPotion"},{"floor":30.0,"key":"SpeedPotion"}],"is_trial":false,"path_per_floor":["M","?","?","?","M","?","E","M","T","R","M","M","?","E","R","B",null,"M","?","?","M","M","E","$","E","T","R","$","E","M","$","R","B",null,"M","?","?","$","M","R","E","M","T","?","R","E","T","$","R","B",null],"character_chosen":"IRONCLAD","items_purchased":["Second Wind","Mummified Hand","Feel No Pain","Matryoshka","Sentinel","PreservedInsect","Dark Embrace","Medical Kit","Ancient Tea Set","Happy Flower"],"campfire_rested":1,"item_purchase_floors":[15,24,24,31,38,38,38,48,48,48],"current_hp_per_floor":[71,71,71,64,66,66,24,40,40,40,46,52,52,63,63,28,68,70,70,70,68,54,55,55,44,44,44,44,41,50,50,50,52,80,89,89,78,78,68,68,62,43,43,43,86,94,94,94,94,95],"gold":151,"neow_bonus":"RANDOM_COLORLESS_2","is_daily":false,"chose_seed":false,"campfire_upgraded":4,"win_rate":0.0,"timestamp":1613028084,"path_taken":["M","?","?","?","M","?","E","M","T","R","M","M","?","E","R","BOSS","M","?","?","?","M","E","$","E","T","R","$","E","M","$","R","BOSS","M","?","?","$","M","R","E","M","T","?","R","E","?","$","R","BOSS"],"items_purchased_type":["Card","Relic","Card","Relic","Card","Relic","Card","Relic","Relic","Relic"],"build_version":"2020-12-22","purchased_purges":4,"victory":true,"max_hp_per_floor":[72,72,72,72,72,72,72,72,72,72,72,72,72,81,81,81,81,81,81,81,81,83,85,85,85,85,85,85,87,87,87,87,89,89,91,91,91,91,93,93,93,95,95,95,95,95,95,95,95,95],"relic_stats":{"Regal Pillow":15,"Singing Bowl":16,"Gremlin Horn":[0,0],"Happy Flower":[2],"counters":[22,148],"Charon\u0027s Ashes":[256],"PreservedInsect":111,"Bag of Preparation":[42],"MawBank":180,"Boot":[0],"Medical Kit":[0],"Burning Blood":132,"Sozu":3,"Centennial Puzzle":[3],"Dream Catcher":0,"Mummified Hand":[34],"Kunai":[2],"obtain_stats":[{"Regal Pillow":43,"Tiny House":17,"Singing Bowl":13,"Gremlin Horn":47,"Happy Flower":48,"Charon\u0027s Ashes":29,"PreservedInsect":38,"Bag of Preparation":3,"MawBank":9,"Boot":43,"Medical Kit":48,"Ancient Tea Set":48,"Burning Blood":0,"Sozu":34,"Centennial Puzzle":46,"Dream Catcher":47,"Matryoshka":31,"Mummified Hand":24,"Strawberry":14,"reliquary:Knoch":25,"Kunai":41,"reliquary:PurpleTingedLeaf":26,"Meat on the Bone":7,"Pocketwatch":23},{"Regal Pillow":20,"Tiny House":8,"Singing Bowl":6,"Gremlin Horn":21,"Happy Flower":21,"Charon\u0027s Ashes":14,"PreservedInsect":17,"Bag of Preparation":1,"MawBank":4,"Boot":20,"Medical Kit":21,"Ancient Tea Set":21,"Burning Blood":0,"Sozu":16,"Centennial Puzzle":21,"Dream Catcher":21,"Matryoshka":15,"Mummified Hand":12,"Strawberry":7,"reliquary:Knoch":13,"Kunai":19,"reliquary:PurpleTingedLeaf":13,"Meat on the Bone":3,"Pocketwatch":12},{"Regal Pillow":135,"Tiny House":49,"Singing Bowl":30,"Gremlin Horn":140,"Happy Flower":140,"Charon\u0027s Ashes":94,"PreservedInsect":112,"Bag of Preparation":3,"MawBank":21,"Boot":135,"Medical Kit":140,"Ancient Tea Set":140,"Burning Blood":0,"Sozu":109,"Centennial Puzzle":140,"Dream Catcher":140,"Matryoshka":99,"Mummified Hand":75,"Strawberry":36,"reliquary:Knoch":85,"Kunai":130,"reliquary:PurpleTingedLeaf":85,"Meat on the Bone":16,"Pocketwatch":75}],"Meat on the Bone":60,"Pocketwatch":[26]},"card_choices":[{"not_picked":["Transmutation","Magnetism"],"picked":"Apotheosis","floor":0.0},{"not_picked":["Headbutt","Warcry","Infernal Blade"],"picked":"SKIP","floor":1.0},{"not_picked":["Twin Strike","Clothesline","Havoc"],"picked":"SKIP","floor":5.0},{"not_picked":["Flame Barrier","Thunderclap","Clothesline"],"picked":"SKIP","floor":7.0},{"not_picked":["Havoc","Clash","Flex"],"picked":"SKIP","floor":8.0},{"not_picked":["Second Wind","Heavy Blade"],"picked":"Body Slam","floor":11.0},{"not_picked":["Havoc","Iron Wave"],"picked":"Shrug It Off","floor":12.0},{"not_picked":["Juggernaut","Body Slam","Barricade"],"picked":"Singing Bowl","floor":14.0},{"not_picked":["Barricade","Demon Form"],"picked":"Berserk","floor":16.0},{"not_picked":["Body Slam","Sword Boomerang"],"picked":"True Grit","floor":18.0},{"not_picked":["Body Slam","Pommel Strike"],"picked":"Shrug It Off+1","floor":21.0},{"not_picked":["Thunderclap+1","Flex+1","Perfected Strike"],"picked":"Singing Bowl","floor":22.0},{"not_picked":["Dual Wield","Flame Barrier","Heavy Blade"],"picked":"Singing Bowl","floor":23.0},{"not_picked":["Fiend Fire","Rage+1"],"picked":"Metallicize+1","floor":25.0},{"not_picked":["Thunderclap","Hemokinesis+1","Carnage"],"picked":"Singing Bowl","floor":29.0},{"not_picked":["Fire Breathing+1","Iron Wave"],"picked":"Body Slam","floor":30.0},{"not_picked":["Corruption","Limit Break","Fiend Fire"],"picked":"Singing Bowl","floor":33.0},{"not_picked":["Twin Strike","Shrug It Off+1","Battle Trance"],"picked":"Singing Bowl","floor":35.0},{"not_picked":["Whirlwind","Anger","Ghostly Armor"],"picked":"Singing Bowl","floor":39},{"not_picked":["Thunderclap+1","Iron Wave+1"],"picked":"Shrug It Off+1","floor":41},{"not_picked":["Sword Boomerang","Sever Soul","Perfected Strike+1"],"picked":"Singing Bowl","floor":42},{"not_picked":["Twin Strike+1","Dropkick+1"],"picked":"Sentinel+1","floor":46}],"player_experience":20489,"relics_obtained":[{"floor":7.0,"key":"Meat on the Bone"},{"floor":9.0,"key":"MawBank"},{"floor":14.0,"key":"Strawberry"},{"floor":23.0,"key":"Pocketwatch"},{"floor":25.0,"key":"reliquary:Knoch"},{"floor":26.0,"key":"reliquary:PurpleTingedLeaf"},{"floor":29.0,"key":"Charon\u0027s Ashes"},{"floor":41,"key":"Kunai"},{"floor":43,"key":"Boot"},{"floor":43,"key":"Regal Pillow"},{"floor":46,"key":"Centennial Puzzle"},{"floor":47,"key":"Dream Catcher"},{"floor":47,"key":"Gremlin Horn"}],"event_choices":[{"damage_healed":0.0,"max_hp_gain":0.0,"max_hp_loss":0.0,"gold_gain":0.0,"event_name":"Shining Light","player_choice":"Ignored","floor":2.0,"gold_loss":0.0,"damage_taken":0.0},{"damage_healed":0.0,"max_hp_gain":0.0,"max_hp_loss":0.0,"gold_gain":0.0,"event_name":"Big Fish","player_choice":"Box","floor":3.0,"gold_loss":0.0,"damage_taken":0.0,"relics_obtained":["Bag of Preparation"],"cards_obtained":["Regret"]},{"cards_removed":["Regret"],"damage_healed":0.0,"max_hp_gain":0.0,"max_hp_loss":0.0,"gold_gain":0.0,"event_name":"Golden Wing","player_choice":"Card Removal","floor":4.0,"gold_loss":0.0,"damage_taken":7.0},{"damage_healed":0.0,"max_hp_gain":0.0,"max_hp_loss":0.0,"gold_gain":0.0,"event_name":"Dead Adventurer","player_choice":"Searched \u00271\u0027 times","floor":13.0,"gold_loss":0.0,"damage_taken":0.0,"relics_obtained":["Singing Bowl"]},{"cards_removed":["Strike_R"],"damage_healed":0.0,"max_hp_gain":0.0,"max_hp_loss":0.0,"gold_gain":0.0,"event_name":"Beggar","player_choice":"Gave Gold","floor":19.0,"gold_loss":75.0,"damage_taken":0.0},{"damage_healed":0.0,"max_hp_gain":0.0,"max_hp_loss":0.0,"gold_gain":100.0,"event_name":"The Joust","player_choice":"Bet on Murderer","floor":20.0,"gold_loss":50.0,"damage_taken":0.0},{"damage_healed":0.0,"max_hp_gain":0.0,"max_hp_loss":0.0,"gold_gain":999.0,"event_name":"MindBloom","player_choice":"Gold","floor":36.0,"gold_loss":0.0,"damage_taken":0.0,"cards_obtained":["Normality","Normality"]},{"damage_healed":0,"gold_gain":0,"player_choice":"Embrace Madness","damage_taken":11,"max_hp_gain":0,"max_hp_loss":0,"event_name":"Winding Halls","floor":37,"gold_loss":0,"cards_obtained":["Madness","Madness"]},{"damage_healed":0,"gold_gain":0,"player_choice":"Ignored","damage_taken":0,"max_hp_gain":0,"max_hp_loss":0,"event_name":"Tomb of Lord Red Mask","floor":44,"gold_loss":0}],"is_beta":false,"boss_relics":[{"not_picked":["reliquary:Ember","Ectoplasm"],"picked":"Tiny House"},{"not_picked":["SlaversCollar","Coffee Dripper"],"picked":"Sozu"}],"items_purged_floors":[15,38,40,48],"is_endless":false,"potions_floor_spawned":[7,12,29,30,33,39,41,46],"ascension_level":8}}