{"host":"duy7hn61njv7ibc3","time":1613049471,"event":{"mods":["2.2 Compatiblity","AchievementEnabler","BaseMod","Colored Powertips","Faster Ascension Climbing","GifTheSpireLib","Minty Spire (QoL Compilation)","Permanent Neow","Quick Restart","Relic Filter","Remove Card Discount Mod","StSLib","Stuff the Spire","Uncapped"],"gold_per_floor":[119,1203,1203,1218,1238,1267,1267,1267,1267,1300,1300,1315,1350,1315,1315,1392,3392,3405,3405,3422,3422,3433,3433,3468,3468,3518,3551,2936,2936,2951,2970,2970,3047,3047,3061,3074,2434,2454,2504,2537,2537,2537],"floor_reached":41,"language":"ENG","playtime":1471,"items_purged":["Strike_P","Strike_P","Defend_P","Defend_P","Regret","Strike_P","Strike_P","Eruption"],"score":1133,"play_id":"50df7995-e2bb-43a4-ab37-1864099ac068","local_time":"20210211151751","is_ascension_mode":true,"campfire_choices":[{"data":"WindmillStrike","floor":8.0,"key":"SMITH"},{"data":"Brilliance","floor":11.0,"key":"SMITH"},{"floor":15.0,"key":"RECALL"},{"data":"Brilliance","floor":23,"key":"SMITH"},{"data":"Pray","floor":25,"key":"SMITH"},{"data":"Devotion","floor":29,"key":"SMITH"},{"data":"DeusExMachina","floor":32,"key":"SMITH"}],"circlet_count":0,"master_deck":["AscendersBane","Defend_P","Defend_P","Vigilance","Brilliance+1","Tantrum","Pray+1","WindmillStrike+1","Devotion+1","Brilliance+1","Indignation","ReachHeaven","DeusExMachina+1","Brilliance","LikeWater"],"relics":["HolyWater","NeowsBlessing","Chemical X","Damaru","Pen Nib","StuffTheSpire:RedRose","Bird Faced Urn","Turnip","Tiny Chest","Letter Opener","Enchiridion","Dream Catcher","Incense Burner","TungstenRod","Kunai","CeramicFish","Eternal Feather","Sling","Strawberry","StuffTheSpire:Mouthbags"],"acts_visited":["Exordium","TheCity","TheBeyond"],"potions_floor_usage":[33],"damage_taken":[{"damage":0.0,"enemies":"Small Slimes","floor":1.0,"turns":1.0},{"damage":0.0,"enemies":"2 Louse","floor":4.0,"turns":1.0},{"damage":0.0,"enemies":"Cultist","floor":5.0,"turns":1.0},{"damage":42.0,"enemies":"3 Sentries","floor":6.0,"turns":4.0},{"damage":20.0,"enemies":"Lagavulin","floor":10.0,"turns":4.0},{"damage":4.0,"enemies":"2 Fungi Beasts","floor":12.0,"turns":2.0},{"damage":34.0,"enemies":"Gremlin Nob","floor":13.0,"turns":4.0},{"damage":3.0,"enemies":"Slime Boss","floor":16.0,"turns":3.0},{"damage":26.0,"enemies":"Spheric Guardian","floor":18.0,"turns":3.0},{"damage":91,"enemies":"Shell Parasite","floor":20,"turns":4},{"damage":11,"enemies":"Sentry and Sphere","floor":22,"turns":3},{"damage":62,"enemies":"Book of Stabbing","floor":24,"turns":3},{"damage":70,"enemies":"Gremlin Leader","floor":27,"turns":4},{"damage":106,"enemies":"Shelled Parasite and Fungi","floor":30,"turns":3},{"damage":33,"enemies":"Snake Plant","floor":31,"turns":3},{"damage":25,"enemies":"Automaton","floor":33,"turns":5},{"damage":0,"enemies":"3 Shapes","floor":35,"turns":2},{"damage":16,"enemies":"Orb Walker","floor":36,"turns":2},{"damage":43,"enemies":"Jaw Worm Horde","floor":38,"turns":3},{"damage":17,"enemies":"Reptomancer","floor":40,"turns":3}],"seed_played":"-8568284991786896900","potions_obtained":[{"floor":1.0,"key":"LiquidBronze"},{"floor":5.0,"key":"FearPotion"},{"floor":20,"key":"BottledMiracle"}],"is_trial":false,"path_per_floor":["M","$","?","M","M","E","?","R","T","E","R","M","E","?","R","B",null,"M","?","M","?","M","R","E","R","T","E","$","R","M","M","R","B",null,"M","M","$","M","T","E","?"],"character_chosen":"WATCHER","items_purchased":["Brilliance","Tantrum","Pray","LikeWater","Chemical X","Damaru","Pen Nib","TungstenRod","Kunai","CeramicFish","Eternal Feather","Sling","Energy Potion"],"campfire_rested":0,"item_purchase_floors":[2,2,2,2,2,2,2,28,28,37,37,37,37],"current_hp_per_floor":[61,61,61,61,61,19,14,14,14,55,55,51,19,36,36,35,60,36,15,38,38,33,33,26,26,26,2,2,2,17,47,47,28,58,62,48,48,9,16,5,0,0],"gold":2537,"neow_bonus":"THREE_ENEMY_KILL","is_daily":false,"chose_seed":false,"campfire_upgraded":6,"win_rate":0.0,"timestamp":1613049471,"path_taken":["M","$","?","M","M","E","?","R","T","E","R","M","E","?","R","BOSS","M","?","M","?","M","R","E","R","T","E","$","R","M","M","R","BOSS","M","M","$","M","?","E","?"],"items_purchased_type":["Card","Card","Card","Card","Relic","Relic","Relic","Relic","Relic","Relic","Relic","Relic","Potion"],"build_version":"2020-12-22","purchased_purges":8,"victory":false,"max_hp_per_floor":[68,68,68,68,68,68,68,68,68,68,68,68,68,68,68,68,68,68,68,68,68,68,68,68,68,68,68,68,68,68,68,68,68,68,68,68,68,68,75,75,75,75],"card_choices":[{"not_picked":["EmptyFist","FlyingSleeves","FlurryOfBlows"],"picked":"SKIP","floor":1.0},{"not_picked":["Evaluate","FlurryOfBlows","EmptyFist"],"picked":"SKIP","floor":4.0},{"not_picked":["CarveReality","SashWhip"],"picked":"WindmillStrike","floor":5.0},{"not_picked":["Blasphemy","FlyingSleeves","ClearTheMind"],"picked":"SKIP","floor":6.0},{"not_picked":["ThirdEye","EmptyFist","CutThroughFate"],"picked":"SKIP","floor":10.0},{"not_picked":["Halt","FlyingSleeves","CrushJoints"],"picked":"SKIP","floor":12.0},{"not_picked":["LikeWater","FollowUp"],"picked":"Devotion","floor":13.0},{"not_picked":["Vault","Scrawl"],"picked":"Brilliance","floor":16.0},{"not_picked":["DeceiveReality","FollowUp"],"picked":"Indignation","floor":18.0},{"not_picked":["TalkToTheHand","Halt"],"picked":"ReachHeaven","floor":20},{"not_picked":["Evaluate+1","PathToVictory","Crescendo"],"picked":"SKIP","floor":22},{"not_picked":["TalkToTheHand","JustLucky","ThirdEye"],"picked":"SKIP","floor":24},{"not_picked":["DeceiveReality","CrushJoints","InnerPeace"],"picked":"SKIP","floor":27},{"not_picked":["Tantrum","ForeignInfluence","FlurryOfBlows"],"picked":"SKIP","floor":30},{"not_picked":["Evaluate","FollowUp"],"picked":"DeusExMachina","floor":31},{"not_picked":["Alpha","Judgement"],"picked":"Brilliance","floor":33},{"not_picked":["FollowUp","Nirvana","Halt"],"picked":"SKIP","floor":35},{"not_picked":["Tantrum","EmptyFist","Halt"],"picked":"SKIP","floor":36},{"not_picked":["CrushJoints+1","Protect","BowlingBash"],"picked":"SKIP","floor":38},{"not_picked":["SandsOfTime+1","EmptyBody","InnerPeace+1"],"picked":"SKIP","floor":40}],"player_experience":46962,"relics_obtained":[{"floor":9.0,"key":"Turnip"},{"floor":10.0,"key":"Tiny Chest"},{"floor":13.0,"key":"Letter Opener"},{"floor":19,"key":"Enchiridion"},{"floor":24,"key":"Dream Catcher"},{"floor":27,"key":"Incense Burner"},{"floor":39,"key":"Strawberry"},{"floor":40,"key":"StuffTheSpire:Mouthbags"}],"event_choices":[{"damage_healed":0.0,"max_hp_gain":0.0,"max_hp_loss":0.0,"gold_gain":0.0,"event_name":"Scrap Ooze","player_choice":"Success","floor":7.0,"gold_loss":0.0,"damage_taken":5.0,"relics_obtained":["Bird Faced Urn"]},{"damage_healed":17.0,"max_hp_gain":0.0,"max_hp_loss":0.0,"gold_gain":0.0,"event_name":"The Cleric","player_choice":"Healed","floor":14.0,"gold_loss":35.0,"damage_taken":0.0},{"damage_healed":0,"gold_gain":0,"player_choice":"Obtained Book","damage_taken":21,"max_hp_gain":0,"max_hp_loss":0,"event_name":"Cursed Tome","floor":19,"gold_loss":0},{"damage_healed":0,"gold_gain":0,"player_choice":"Got Potions","damage_taken":0,"max_hp_gain":0,"max_hp_loss":0,"event_name":"Lab","floor":21,"gold_loss":0}],"is_beta":false,"boss_relics":[{"not_picked":["StuffTheSpire:RunicConfusion","Fusion Hammer"],"picked":"Ectoplasm"},{"not_picked":["Philosopher\u0027s Stone","Tiny House"],"picked":"HolyWater"}],"items_purged_floors":[2,2,2,2,28,28,28,28],"is_endless":false,"potions_floor_spawned":[1,5,10,18,20,27,38],"ascension_level":20}}