{"host":"zdcz0a6aak4rnx0s","time":1613081890,"event":{"mods":["AchievementEnabler","BaseMod","Colored Map","Colored Powertips","Minty Spire (QoL Compilation)","StSLib"],"gold_per_floor":[219,219,10,29,46,46,46,61,61,61,61,33,48,59,59,59,59],"floor_reached":16,"language":"ENG","playtime":1744,"items_purged":["Strike_R"],"score":175,"play_id":"b60b1ceb-ee93-47f3-a996-9f250fd85047","local_time":"20210211161810","is_ascension_mode":true,"campfire_choices":[{"data":"Body Slam","floor":6.0,"key":"SMITH"},{"data":"Disarm","floor":10.0,"key":"SMITH"},{"data":"True Grit","floor":15,"key":"SMITH"}],"circlet_count":0,"master_deck":["AscendersBane","Strike_R","Strike_R","Strike_R","Defend_R","Defend_R","Defend_R","Defend_R","Bash","Body Slam+1","Fire Breathing","Shrug It Off","Disarm+1","Exhume","Cleave","True Grit+1"],"relics":["Burning Blood","MealTicket"],"acts_visited":["Exordium"],"potions_floor_usage":[16,16],"damage_taken":[{"damage":8.0,"enemies":"2 Louse","floor":1.0,"turns":4.0},{"damage":1.0,"enemies":"Cultist","floor":4.0,"turns":4.0},{"damage":7.0,"enemies":"Jaw Worm","floor":5.0,"turns":4.0},{"damage":6.0,"enemies":"Large Slime","floor":8.0,"turns":8.0},{"damage":11.0,"enemies":"Blue Slaver","floor":13.0,"turns":5.0},{"damage":32,"enemies":"Exordium Thugs","floor":14,"turns":7},{"damage":49,"enemies":"Slime Boss","floor":16,"turns":6}],"seed_played":"-2325504865628191293","potions_obtained":[{"floor":5.0,"key":"Swift Potion"},{"floor":14,"key":"Ancient Potion"}],"is_trial":false,"path_per_floor":["M","?","$","M","M","R","?","M","T","R","?","$","M","M","R","B"],"character_chosen":"IRONCLAD","items_purchased":["Fire Breathing","Shrug It Off","Cleave"],"campfire_rested":0,"item_purchase_floors":[3,3,12],"current_hp_per_floor":[66,75,75,75,74,74,74,74,74,74,79,80,75,49,49,0,0],"gold":59,"neow_bonus":"HUNDRED_GOLD","is_daily":false,"chose_seed":false,"campfire_upgraded":3,"win_rate":0.0,"timestamp":1613081890,"path_taken":["M","?","$","M","?","R","?","M","T","R","?","$","M","M","R","BOSS"],"items_purchased_type":["Card","Card","Card"],"build_version":"2020-12-22","purchased_purges":1,"victory":false,"max_hp_per_floor":[75,75,75,75,75,75,75,75,75,75,80,80,80,80,80,80,80],"card_choices":[{"not_picked":["Iron Wave","Warcry"],"picked":"Body Slam","floor":1.0},{"not_picked":["Burning Pact","True Grit","Rage"],"picked":"SKIP","floor":4.0},{"not_picked":["Cleave","Feel No Pain"],"picked":"Disarm","floor":5.0},{"not_picked":["Bloodletting","Sword Boomerang"],"picked":"Exhume","floor":8.0},{"not_picked":["Heavy Blade","Wild Strike","Searing Blow"],"picked":"SKIP","floor":13.0},{"not_picked":["Twin Strike","Spot Weakness"],"picked":"True Grit","floor":14}],"player_experience":1020128,"relics_obtained":[{"floor":9.0,"key":"MealTicket"}],"event_choices":[{"damage_healed":9.0,"max_hp_gain":0.0,"max_hp_loss":0.0,"gold_gain":0.0,"event_name":"Wheel of Change","player_choice":"Full Heal","floor":2.0,"gold_loss":0.0,"damage_taken":0.0},{"cards_removed":["Strike_R"],"damage_healed":0.0,"max_hp_gain":0.0,"max_hp_loss":0.0,"gold_gain":0.0,"event_name":"Living Wall","player_choice":"Forget","floor":7.0,"gold_loss":0.0,"damage_taken":0.0},{"damage_healed":0.0,"max_hp_gain":5.0,"max_hp_loss":0.0,"gold_gain":0.0,"event_name":"Big Fish","player_choice":"Donut","floor":11.0,"gold_loss":0.0,"damage_taken":0.0}],"is_beta":false,"boss_relics":[],"items_purged_floors":[3],"is_endless":false,"potions_floor_spawned":[5,14],"killed_by":"Slime Boss","ascension_level":18}}