{"host":"3n5xmnb54n2y5mb4","time":1613055961,"event":{"mods":["BaseMod","Colored Map","Colored Powertips","Downfall","Minty Spire (QoL Compilation)","Permanent Neow","StSLib","Unceasing Turn Reminder","everything is the same but u backflip on backflip"],"gold_per_floor":[17,17,92,267,49,49,67,32,32,32,52,81,96,122,122,225,225,236,236,211,222,241,282,301,301,301],"floor_reached":25,"language":"ENG","playtime":869,"items_purged":["Doubt"],"score":358,"play_id":"8e733184-7884-4b0e-a97a-072dcb3b28ea","local_time":"20210211100601","is_ascension_mode":true,"campfire_choices":[{"data":"Zap","floor":6,"key":"SMITH"},{"data":"Dualcast","floor":10,"key":"SMITH"},{"floor":15,"key":"REST"}],"circlet_count":0,"master_deck":["AscendersBane","Strike_B","Strike_B","Strike_B","Strike_B","Defend_B","Defend_B","Defend_B","Defend_B","Zap+1","Dualcast+1","FTL","Electrodynamics","Beam Cell","Reboot","Ball Lightning","Genetic Algorithm","Thunder Strike","Compile Driver+1","Gash","Defragment+1","Beam Cell+1","Hologram"],"relics":["FrozenCore","Juzu Bracelet","White Beast Statue","StrikeDummy","Omamori","Potion Belt","CeramicFish"],"acts_visited":["Exordium","TheCity"],"potions_floor_usage":[13,14,16,18,22,23,25],"damage_taken":[{"damage":6,"enemies":"Small Slimes","floor":1,"turns":4},{"damage":0,"enemies":"Cultist","floor":7,"turns":3},{"damage":10,"enemies":"2 Louse","floor":11,"turns":2},{"damage":10,"enemies":"3 Sentries","floor":12,"turns":4},{"damage":7,"enemies":"Exordium Thugs","floor":13,"turns":2},{"damage":8,"enemies":"Gremlin Nob","floor":14,"turns":3},{"damage":36,"enemies":"The Guardian","floor":16,"turns":10},{"damage":9,"enemies":"Shell Parasite","floor":18,"turns":5},{"damage":10,"enemies":"3 Byrds","floor":21,"turns":5},{"damage":2,"enemies":"Centurion and Healer","floor":22,"turns":5},{"damage":31,"enemies":"Slavers","floor":23,"turns":3},{"damage":24,"enemies":"Chosen and Byrds","floor":24,"turns":6},{"damage":19,"enemies":"Snecko","floor":25,"turns":4}],"seed_played":"-2002063505805069611","potions_obtained":[{"floor":1,"key":"FearPotion"},{"floor":11,"key":"champ:CounterPotion"},{"floor":13,"key":"EssenceOfSteel"},{"floor":14,"key":"sneckomod:MuddlingPotion"},{"floor":16,"key":"hexamod:SoulburnPotion"},{"floor":18,"key":"Fire Potion"},{"floor":21,"key":"Dexterity Potion"},{"floor":22,"key":"Explosive Potion"},{"floor":23,"key":"Energy Potion"},{"floor":24,"key":"FocusPotion"}],"is_trial":false,"path_per_floor":["M","?","?","?","$","R","M","?","T","R","M","E","M","E","R","B",null,"M","?","$","M","M","E","M","M"],"character_chosen":"DEFECT","items_purchased":["Electrodynamics","Gash"],"campfire_rested":1,"item_purchase_floors":[5,20],"current_hp_per_floor":[76,76,65,65,65,65,65,87,87,87,77,67,60,52,78,42,77,68,68,68,58,56,25,1,0,0],"gold":301,"neow_bonus":"TWENTY_PERCENT_HP_BONUS","is_daily":false,"chose_seed":false,"campfire_upgraded":2,"win_rate":0.0,"timestamp":1613055961,"path_taken":["M","?","?","?","$","R","M","?","T","R","M","E","M","E","R","BOSS","M","?","$","M","M","E","M","M"],"items_purchased_type":["Card","Card"],"build_version":"2020-12-22","purchased_purges":1,"victory":false,"max_hp_per_floor":[89,89,89,89,89,89,89,89,89,89,89,89,89,89,89,89,89,89,89,89,89,89,89,89,89,89],"card_choices":[{"not_picked":["Sunder","Chill"],"picked":"FTL","floor":1},{"not_picked":["Fusion","Glacier"],"picked":"Beam Cell","floor":7},{"not_picked":["Force Field","Hello World","Leap"],"picked":"SKIP","floor":11},{"not_picked":["Cold Snap","Auto Shields"],"picked":"Reboot","floor":12},{"not_picked":["Turbo","Cold Snap"],"picked":"Ball Lightning","floor":13},{"not_picked":["Rebound","Beam Cell"],"picked":"Genetic Algorithm","floor":14},{"not_picked":["Creative AI","Hyperbeam"],"picked":"Thunder Strike","floor":16},{"not_picked":["Chill","Turbo+1"],"picked":"Compile Driver+1","floor":18},{"not_picked":["BootSequence+1","Steam+1"],"picked":"Defragment+1","floor":21},{"not_picked":["Rebound","Conserve Battery","Stack"],"picked":"SKIP","floor":22},{"not_picked":["Chill","Leap"],"picked":"Beam Cell+1","floor":23},{"not_picked":["Coolheaded","Ball Lightning"],"picked":"Hologram","floor":24}],"player_experience":1043821,"relics_obtained":[{"floor":2,"key":"Juzu Bracelet"},{"floor":9,"key":"White Beast Statue"},{"floor":12,"key":"StrikeDummy"},{"floor":14,"key":"Omamori"},{"floor":23,"key":"CeramicFish"}],"event_choices":[{"damage_healed":0,"gold_gain":0,"player_choice":"Relic","damage_taken":0,"max_hp_gain":0,"max_hp_loss":0,"event_name":"Wheel of Change","floor":2,"gold_loss":0},{"damage_healed":0,"gold_gain":75,"player_choice":"Gather Gold","damage_taken":11,"max_hp_gain":0,"max_hp_loss":0,"event_name":"World of Goop","floor":3,"gold_loss":0},{"damage_healed":0,"gold_gain":175,"player_choice":"AGREE","damage_taken":0,"max_hp_gain":0,"max_hp_loss":0,"event_name":"Liars Game","floor":4,"gold_loss":0,"cards_obtained":["Doubt"]},{"damage_healed":22,"gold_gain":0,"player_choice":"Healed","damage_taken":0,"max_hp_gain":0,"max_hp_loss":0,"event_name":"The Cleric","floor":8,"gold_loss":35},{"damage_healed":0,"gold_gain":0,"player_choice":"Opened","damage_taken":0,"relics_obtained":["Potion Belt"],"max_hp_gain":0,"max_hp_loss":0,"event_name":"The Mausoleum","floor":19,"gold_loss":0,"cards_obtained":["Writhe"]}],"is_beta":false,"boss_relics":[{"not_picked":["Philosopher\u0027s Stone","Sozu"],"picked":"FrozenCore"}],"items_purged_floors":[5],"is_endless":false,"potions_floor_spawned":[1,11,12,13,14,16,18,21,22,23,24],"killed_by":"Snecko","ascension_level":11}}