{"host":"psh83vqabmtchp5z","time":1613020463,"event":{"mods":["AchievementEnabler","Aspiration","BaseMod","Better Altar","Better Match","Better Skull","Better Third Choice","Better Vampires","BetterRewards","Challenge The Spire","Conspire","Downfall","Gold Saver","Lobotomy","LobotomyExtend","Minty Spire (QoL Compilation)","Quick Restart","Relic Filter","Replay The Spire","Shop Mod","Spicy Shops","StSLib","óô»ðÖ¸ÄÏ"],"gold_per_floor":[1012,536,986,998,1015,1026,1053,1066,1095,1095,1107,1107,665,676,695,800,800,800,818,832,832,917,944,944,650,650,669,669,944,961,973,992,1089,1089,866,877,877,890,969,996,1047,1047,1076,1076,2594,2792,2792,2822,2854,2896],"floor_reached":51,"language":"ZHS","playtime":3936,"items_purged":["Writhe","sneckomod:Defend"],"score":1209,"play_id":"0b54cdf3-91a2-4e19-8b38-3ea87429d552","local_time":"20210211131423","is_ascension_mode":false,"campfire_choices":[{"floor":18.0,"key":"DIG"},{"data":"expansioncontent:StudyTheSpire","floor":26.0,"key":"SMITH"},{"floor":44.0,"key":"RECALL"}],"circlet_count":0,"master_deck":["sneckomod:Strike","sneckomod:Strike","sneckomod:Strike","sneckomod:Defend","sneckomod:Defend+1","sneckomod:TailWhip","sneckomod:SnekBite","sneckomod:Unknown","sneckomod:Unknown","expansioncontent:StudyTheSpire+1","sneckomod:MasterEye","sneckomod:SoulRoll+1","sneckomod:QuickBite+1","sneckomod:IronFang+1","downfall:Icky","downfall:Icky","downfall:Icky","sneckomod:UnknownDraw","sneckomod:QuickMove","sneckomod:SoulRoll","sneckomod:DiceBoulder+1","sneckomod:UnknownRareSkill","sneckomod:MasterEye","sneckomod:SnakeSap+1","sneckomod:SoulDraw","sneckomod:Restock","sneckomod:UnknownClassPURPLE+1","sneckomod:RainOfDice+1","sneckomod:UnendingSupply","sneckomod:RainOfDice+1","Master of Strategy+1","sneckomod:ImprovisedGuard+1","Regret","sneckomod:QuickMove+1","sneckomod:SnakeSap+1","sneckomod:UnknownBoss+1","sneckomod:UnlimitedRolls","ReplayTheSpireMod:Brewmster","sneckomod:UnknownDraw+1","sneckomod:SerpentIdol+1","sneckomod:SlitherStrike+1","sneckomod:TrashToTreasure+1","ReplayTheSpireMod:IOU","ReplayTheSpireMod:IOU","ReplayTheSpireMod:IOU","ReplayTheSpireMod:IOU","ReplayTheSpireMod:IOU","ReplayTheSpireMod:IOU","ReplayTheSpireMod:IOU","ReplayTheSpireMod:IOU","ReplayTheSpireMod:IOU","ReplayTheSpireMod:IOU","ReplayTheSpireMod:IOU","ReplayTheSpireMod:IOU","ReplayTheSpireMod:IOU","sneckomod:SoulDraw+1","sneckomod:RainOfDice+1","sneckomod:TrashToTreasure+1"],"relics":["sneckomod:SneckoSoul","Toy Ornithopter","Molten Egg 2","conspire:Boomerang","aspiration:FrozenJewel","conspire:TreasureMap","Bronze Scales","HandDrill","MealTicket","LetterFromLob","Centennial Puzzle","Replay:Wax Seal","Membership Card","Tiny Chest","Du-Vu Doll","War Paint","aspiration:PoetsPen_weak","Toxic Egg 2","Peace Pipe","InkBottle","Blue Doll","ReplayTheSpireMod:TigerMarble","aspiration:HummingbirdHeart","Ring of Chaos","Mummified Hand","downfall:TeleportStone","Letter Opener","Frozen Egg 2","Bottled Tornado","Replay:Bandana","Shuriken"],"acts_visited":["Exordium","TheCity","TheBeyond"],"potions_floor_usage":[49],"damage_taken":[{"damage":8.0,"enemies":"downfall:FleeingMerchant","floor":2.0,"turns":4.0},{"damage":0.0,"enemies":"2 Louse","floor":4.0,"turns":3.0},{"damage":8.0,"enemies":"Small Slimes","floor":5.0,"turns":3.0},{"damage":0.0,"enemies":"Cultist","floor":6.0,"turns":3.0},{"damage":1.0,"enemies":"Large Slime","floor":8.0,"turns":5.0},{"damage":2.0,"enemies":"3 Sentries","floor":9.0,"turns":5.0},{"damage":0.0,"enemies":"2 Fungi Beasts","floor":11.0,"turns":2.0},{"damage":0.0,"enemies":"Gremlin Gang","floor":14.0,"turns":4.0},{"damage":0.0,"enemies":"Exordium Thugs","floor":15.0,"turns":2.0},{"damage":0.0,"enemies":"SI_SHIV_ARCHETYPE","floor":16.0,"turns":3.0},{"damage":0.0,"enemies":"Spheric Guardian","floor":19.0,"turns":2.0},{"damage":29.0,"enemies":"conspire:HollyBat","floor":20.0,"turns":7.0},{"damage":0.0,"enemies":"conspire:MimicChest","floor":23.0,"turns":2.0},{"damage":6.0,"enemies":"downfall:FleeingMerchant","floor":25.0,"turns":4.0},{"damage":0.0,"enemies":"Centurion and Healer","floor":27.0,"turns":2.0},{"damage":0.0,"enemies":"3 Cultists","floor":30.0,"turns":2.0},{"damage":5.0,"enemies":"Snecko","floor":31.0,"turns":2.0},{"damage":0.0,"enemies":"Snake Plant","floor":32.0,"turns":2.0},{"damage":0.0,"enemies":"WA_ARCHETYPE_CALM","floor":33.0,"turns":4.0},{"damage":6.0,"enemies":"3 Darklings","floor":36.0,"turns":2.0},{"damage":1.0,"enemies":"3 Shapes","floor":38.0,"turns":5.0},{"damage":10.0,"enemies":"R_Hoarder","floor":40.0,"turns":5.0},{"damage":2.0,"enemies":"Nemesis","floor":43.0,"turns":3.0},{"damage":0.0,"enemies":"downfall:FleeingMerchant","floor":45.0,"turns":1.0},{"damage":0.0,"enemies":"3 Darklings","floor":48.0,"turns":2.0},{"damage":0,"enemies":"4 Shapes","floor":49,"turns":1},{"damage":0,"enemies":"DF_ARCHETYPE_ORBS","floor":50,"turns":1}],"seed_played":"3241066367416802509","potions_obtained":[{"floor":5.0,"key":"DistilledChaos"},{"floor":6.0,"key":"FearPotion"},{"floor":8.0,"key":"Guardian:BlockOnCardUsePotion"},{"floor":14.0,"key":"Doom Potion"},{"floor":16.0,"key":"Guardian:BlockOnCardUsePotion"},{"floor":20.0,"key":"FearPotion"},{"floor":23.0,"key":"Block Potion"},{"floor":27.0,"key":"FearPotion"},{"floor":31.0,"key":"AttackPotion"},{"floor":38.0,"key":"ColorlessPotion"},{"floor":49,"key":"conspire:TimeTravelPotion"}],"is_trial":false,"path_per_floor":["R","$","?","M","M","M","T","M","E","?","M","?","R","M","M","B",null,"R","M","M","M","?","?","T","$","R","M","T","?","M","M","M","B",null,"R","M","?","M","T","E","T","?","E","R","$","?","?","M","M","B",null],"character_chosen":"THE_SNECKO","items_purchased":["Molten Egg 2","conspire:Boomerang","expansioncontent:StudyTheSpire","sneckomod:MasterEye","sneckomod:SoulRoll","sneckomod:QuickBite+1","aspiration:FrozenJewel","conspire:TreasureMap","Bronze Scales","HandDrill","MealTicket","Membership Card","Tiny Chest","Du-Vu Doll","War Paint","Blue Doll","ReplayTheSpireMod:TigerMarble","Master of Strategy+1","Mummified Hand","ReplayTheSpireMod:Brewmster","Shuriken"],"campfire_rested":0,"item_purchase_floors":[1,1,1,1,1,1,1,1,2,2,2,13,13,13,13,25,25,25,35,35,45],"current_hp_per_floor":[90,82,82,82,74,74,74,73,76,81,81,81,81,81,86,86,95,95,95,66,66,52,57,57,66,66,66,66,66,66,61,61,61,95,95,89,89,88,88,95,95,95,93,93,95,95,95,95,95,95],"gold":2896,"neow_bonus":"RANDOM_COMMON_RELIC","is_daily":false,"chose_seed":false,"campfire_upgraded":1,"win_rate":0.0,"timestamp":1613020463,"path_taken":["R","$","?","M","M","M","T","M","E","?","M","?","R","?","M","BOSS","R","M","M","M","?","?","T","$","R","M","?","?","M","?","M","BOSS","R","M","?","M","?","E","T","?","E","R","$","?","?","M","M","BOSS"],"items_purchased_type":["Relic","Relic","Card","Card","Card","Card","Relic","Relic","Relic","Relic","Relic","Relic","Relic","Relic","Relic","Relic","Relic","Card","Relic","Card","Relic"],"build_version":"2020-12-22","purchased_purges":2,"victory":true,"max_hp_per_floor":[90,90,90,90,90,90,90,90,90,95,95,95,95,95,95,95,95,95,95,95,95,95,95,95,95,95,95,95,95,95,95,95,95,95,95,95,95,95,95,95,95,95,95,95,95,95,95,95,95,95],"card_choices":[{"not_picked":["sneckomod:UnknownClassPURPLE","sneckomod:UnknownX"],"picked":"sneckomod:IronFang+1","floor":2.0},{"not_picked":["sneckomod:Unknown1Cost","sneckomod:CheapStock"],"picked":"sneckomod:UnknownDraw","floor":4.0},{"not_picked":["sneckomod:UnknownClassPURPLE","sneckomod:WideSting+1"],"picked":"sneckomod:QuickMove","floor":5.0},{"not_picked":["sneckomod:DiceBlock","sneckomod:Memorize","sneckomod:UnknownDexterity"],"picked":"SKIP","floor":6.0},{"not_picked":["sneckomod:SlitherStrike+1","sneckomod:QuickMove"],"picked":"sneckomod:SoulRoll","floor":8.0},{"not_picked":["sneckomod:UnknownUncommonSkill","sneckomod:SoulDraw"],"picked":"sneckomod:DiceBoulder+1","floor":9.0},{"not_picked":["sneckomod:UnknownUncommonSkill","sneckomod:IronFang+1"],"picked":"sneckomod:UnknownRareSkill","floor":11.0},{"not_picked":["sneckomod:CheapStock","sneckomod:QuickBite+1"],"picked":"sneckomod:SnakeSap+1","floor":14.0},{"not_picked":["sneckomod:UnknownStrength","sneckomod:UnknownDexterity"],"picked":"sneckomod:SoulDraw","floor":15.0},{"not_picked":["sneckomod:Unknown3Cost","sneckomod:UnknownRareAttack+1"],"picked":"sneckomod:Restock","floor":16.0},{"not_picked":["sneckomod:Unknown0Cost+1","sneckomod:SlitherStrike+1"],"picked":"sneckomod:UnknownClassPURPLE+1","floor":19.0},{"not_picked":["sneckomod:UnknownClassTHE_CHAMP_GRAY+1","sneckomod:SoulDraw+1"],"picked":"sneckomod:RainOfDice+1","floor":20.0},{"not_picked":["sneckomod:UnknownCommonAttack+1","sneckomod:WideSting+1"],"picked":"sneckomod:UnendingSupply","floor":23.0},{"not_picked":["sneckomod:WideSting+1","sneckomod:Nope+1"],"picked":"sneckomod:RainOfDice+1","floor":25.0},{"not_picked":["sneckomod:UnknownClassGREEN+1","sneckomod:DiceCrush+1"],"picked":"sneckomod:ImprovisedGuard+1","floor":27.0},{"not_picked":["sneckomod:UnknownUncommonSkill+1","sneckomod:UnknownDexterity+1"],"picked":"sneckomod:QuickMove+1","floor":30.0},{"not_picked":["sneckomod:Nope+1","sneckomod:Memorize+1"],"picked":"sneckomod:SnakeSap+1","floor":31.0},{"not_picked":["sneckomod:Nope+1","sneckomod:SlitherStrike+1"],"picked":"sneckomod:UnknownBoss+1","floor":32.0},{"not_picked":["sneckomod:Mudshield","sneckomod:UnknownBoss+1"],"picked":"sneckomod:UnlimitedRolls","floor":33.0},{"not_picked":["sneckomod:Unknown1Cost+1","sneckomod:UnknownColorless+1"],"picked":"sneckomod:UnknownDraw+1","floor":36.0},{"not_picked":["sneckomod:IronFang+1","sneckomod:UnknownClassPURPLE+1"],"picked":"sneckomod:SerpentIdol+1","floor":38.0},{"not_picked":["sneckomod:DiceBlock+1","sneckomod:UnknownDraw+1"],"picked":"sneckomod:SlitherStrike+1","floor":40.0},{"not_picked":["sneckomod:Memorize+1","sneckomod:MixItUp+1"],"picked":"sneckomod:TrashToTreasure+1","floor":43.0},{"not_picked":["sneckomod:UnknownStrike+1","sneckomod:UnknownClassPURPLE+1","sneckomod:IronFang+1"],"picked":"SKIP","floor":45.0},{"not_picked":["sneckomod:UnknownDexterity+1","sneckomod:SlitherStrike+1"],"picked":"sneckomod:SoulDraw+1","floor":46.0},{"not_picked":["sneckomod:SoulDraw+1","sneckomod:UnknownCommonSkill+1"],"picked":"sneckomod:RainOfDice+1","floor":48.0},{"not_picked":["sneckomod:SoulRoll+1","sneckomod:IronFang+1"],"picked":"sneckomod:TrashToTreasure+1","floor":49}],"player_experience":632129,"relics_obtained":[{"floor":4.0,"key":"LetterFromLob"},{"floor":7.0,"key":"Centennial Puzzle"},{"floor":9.0,"key":"Replay:Wax Seal"},{"floor":18.0,"key":"Toxic Egg 2"},{"floor":23.0,"key":"Peace Pipe"},{"floor":24.0,"key":"InkBottle"},{"floor":28.0,"key":"aspiration:HummingbirdHeart"},{"floor":39.0,"key":"Letter Opener"},{"floor":40.0,"key":"Frozen Egg 2"},{"floor":42.0,"key":"Bottled Tornado"},{"floor":43.0,"key":"Replay:Bandana"}],"event_choices":[{"damage_healed":0.0,"max_hp_gain":5.0,"max_hp_loss":0.0,"gold_gain":0.0,"event_name":"Big Fish","player_choice":"Donut","floor":10.0,"gold_loss":0.0,"damage_taken":0.0},{"damage_healed":0.0,"max_hp_gain":0.0,"max_hp_loss":0.0,"gold_gain":0.0,"event_name":"Lab","player_choice":"Got Potions","floor":47.0,"gold_loss":0.0,"damage_taken":0.0}],"is_beta":false,"boss_relics":[{"not_picked":["Painkiller Herb","ReplayTheSpireMod:DimensionalGlitch"],"picked":"aspiration:PoetsPen_weak"},{"not_picked":["SacredBark","Empty Cage"],"picked":"Ring of Chaos"}],"items_purged_floors":[1,25],"is_endless":false,"potions_floor_spawned":[5,6,8,14,16,20,23,27,31,38,40,49],"ascension_level":0}}