{"host":"824exx23qlyrdtjz","time":1613012433,"event":{"mods":["BaseMod","Colored Map","Downfall","Minty Spire (QoL Compilation)","StSLib"],"gold_per_floor":[99,99,99,99,199,199,199,230,130,10,24,24,41,41,61,160,160,160,171,186,286,286,297,297,315,332,346,381,281,295,295,295,295],"floor_reached":31,"language":"ENG","playtime":1377,"items_purged":[],"score":305,"play_id":"fd68855b-e243-4b16-97fa-a7e4fbef7a12","local_time":"20210210220033","is_ascension_mode":false,"campfire_choices":[{"floor":1,"key":"RECALL"},{"data":"Slimebound:HauntingLick","floor":9,"key":"SMITH"},{"data":"Slimebound:RejuvenatingLick","floor":12,"key":"SMITH"},{"data":"Slimebound:WasteNot","floor":18,"key":"SMITH"},{"data":"Slimebound:LeechLife","floor":29,"key":"SMITH"}],"circlet_count":0,"master_deck":["Slimebound:Strike_Slimebound","Slimebound:Tackle","Slimebound:Defend_Slimebound","Slimebound:Defend_Slimebound","Slimebound:Defend_Slimebound","Slimebound:Defend_Slimebound","Slimebound:Split","Slimebound:CorrosiveSpit","Slimebound:HauntingLick+1","Slimebound:HauntingLick","Slimebound:SplitLeeching","Slimebound:RejuvenatingLick+1","Slimebound:SplitLeeching","Slimebound:Gluttony","Slimebound:LivingWall","Slimebound:SlimeSpikes","Slimebound:LevelUp","Slimebound:SamplingLick","Slimebound:WasteNot+1","Slimebound:RainOfGoop","Slimebound:Recollect","Slimebound:SelfFormingGoo","Slimebound:TongueLash","J.A.X.","Slimebound:HauntingLick","Doubt","Slimebound:LeechLife+1","Slimebound:Grow+1","Slimebound:GoopSpray+1"],"relics":["Slimebound:AbsorbEndCombat","downfall:HeartsMalice","Mango","Centennial Puzzle","downfall:HeartBlessingRed","Cursed Key","MutagenicStrength","Nloth\u0027s Gift","Slimebound:MaxSlimesRelic","Torii","downfall:HeartBlessingGreen"],"acts_visited":["Exordium","TheCity"],"potions_floor_usage":[15,16,16,21,21,23,28,28],"damage_taken":[{"damage":0,"enemies":"2 Louse","floor":2,"turns":1},{"damage":0,"enemies":"Jaw Worm","floor":4,"turns":1},{"damage":0,"enemies":"Cultist","floor":6,"turns":1},{"damage":30,"enemies":"Lagavulin","floor":8,"turns":8},{"damage":0,"enemies":"downfall:FleeingMerchant","floor":10,"turns":4},{"damage":15,"enemies":"2 Fungi Beasts","floor":11,"turns":3},{"damage":3,"enemies":"Red Slaver","floor":13,"turns":4},{"damage":0,"enemies":"Lots of Slimes","floor":15,"turns":2},{"damage":14,"enemies":"IC_STATUS_ARCHETYPE","floor":16,"turns":9},{"damage":1,"enemies":"Shell Parasite","floor":19,"turns":6},{"damage":21,"enemies":"Shelled Parasite and Fungi","floor":20,"turns":4},{"damage":14,"enemies":"downfall:Augmenter","floor":21,"turns":6},{"damage":18,"enemies":"Cultist and Chosen","floor":23,"turns":7},{"damage":3,"enemies":"3 Cultists","floor":25,"turns":5},{"damage":5,"enemies":"Snecko","floor":26,"turns":6},{"damage":3,"enemies":"Snake Plant","floor":27,"turns":4},{"damage":3,"enemies":"Book of Stabbing","floor":28,"turns":6},{"damage":37,"enemies":"Cultist and Chosen","floor":30,"turns":8},{"damage":106,"enemies":"Gremlin Leader","floor":31,"turns":8}],"seed_played":"8297981711941314997","potions_obtained":[{"floor":8,"key":"Fire Potion"},{"floor":11,"key":"CultistPotion"},{"floor":13,"key":"Explosive Potion"},{"floor":16,"key":"BlessingOfTheForge"},{"floor":19,"key":"champ:CounterPotion"},{"floor":23,"key":"Fruit Juice"},{"floor":25,"key":"DistilledChaos"},{"floor":27,"key":"Ancient Potion"}],"is_trial":false,"path_per_floor":["R","M","?","M","?","M","T","E","R","$","M","R","M","?","M","B",null,"R","M","M","?","?","M","T","M","M","M","E","R","M","E"],"character_chosen":"SLIMEBOUND","items_purchased":["Slimebound:Gluttony","Slimebound:LivingWall"],"campfire_rested":0,"item_purchase_floors":[10,10],"current_hp_per_floor":[65,65,61,61,61,61,61,37,37,41,32,32,33,33,33,27,79,79,79,64,58,58,51,51,56,84,84,84,84,51,0,0,0],"gold":295,"neow_bonus":"THREE_ENEMY_KILL","is_daily":false,"chose_seed":false,"campfire_upgraded":4,"win_rate":0.0,"timestamp":1613012433,"path_taken":["R","M","?","M","?","M","T","E","R","$","M","R","M","?","M","BOSS","R","M","M","?","?","M","T","?","M","M","E","R","M","E"],"items_purchased_type":["Card","Card"],"build_version":"2020-12-22","purchased_purges":0,"victory":false,"max_hp_per_floor":[65,65,79,79,79,79,79,79,79,79,79,79,79,79,79,79,79,79,79,79,79,79,84,84,84,84,84,84,84,84,84,84,84],"card_choices":[{"not_picked":["Slimebound:PressTheAttack","Slimebound:GoopSpray"],"picked":"Slimebound:HauntingLick","floor":2},{"not_picked":["Slimebound:LeechingTouch","Slimebound:SlimeBrawl"],"picked":"Slimebound:HauntingLick","floor":4},{"not_picked":["Slimebound:FinishingTackle","Slimebound:ComboTackle"],"picked":"Slimebound:SplitLeeching","floor":6},{"not_picked":["Slimebound:GoopTackle","Slimebound:SlimeSlap"],"picked":"Slimebound:RejuvenatingLick","floor":8},{"not_picked":["Slimebound:PressTheAttack","Slimebound:ComboTackle"],"picked":"Slimebound:SplitLeeching","floor":10},{"not_picked":["Slimebound:FinishingTackle","Slimebound:ServeAndProtect"],"picked":"Slimebound:SlimeSpikes","floor":11},{"not_picked":["Slimebound:MinionMaster","Slimebound:HungryTackle"],"picked":"Slimebound:LevelUp","floor":13},{"not_picked":["Slimebound:SpikyOuterGoop","Slimebound:DisruptingSlam"],"picked":"Slimebound:SamplingLick","floor":15},{"not_picked":["Slimebound:LeechLife","Slimebound:OozeBath"],"picked":"Slimebound:WasteNot","floor":16},{"not_picked":["Slimebound:GoopSpray","Slimebound:Gluttony"],"picked":"Slimebound:RainOfGoop","floor":19},{"not_picked":["Slimebound:SplitMire","Slimebound:SplitAcid"],"picked":"Slimebound:Recollect","floor":20},{"not_picked":[],"picked":"J.A.X.","floor":21},{"not_picked":["Slimebound:DuplicatedForm","Slimebound:SlimeSpikes"],"picked":"Slimebound:HauntingLick","floor":21},{"not_picked":["Slimebound:LeechEnergy","Slimebound:DivideAndConquer+1","Slimebound:RollThrough"],"picked":"SKIP","floor":23},{"not_picked":["Slimebound:FlameTackle+1","Slimebound:ServeAndProtect"],"picked":"Slimebound:LeechLife","floor":25},{"not_picked":["Slimebound:PressTheAttack","Slimebound:SlimeSpikes"],"picked":"Slimebound:Grow+1","floor":26},{"not_picked":["Slimebound:Nibble+1","Slimebound:ItLooksTasty","Slimebound:Chomp"],"picked":"SKIP","floor":27},{"not_picked":["Slimebound:Prepare","Slimebound:FormOfPuddle+1","Slimebound:LeechLife"],"picked":"SKIP","floor":28},{"not_picked":["Slimebound:BestDefense","Slimebound:GrowthPunch"],"picked":"Slimebound:GoopSpray+1","floor":30}],"player_experience":207383,"relics_obtained":[{"floor":7,"key":"InkBottle"},{"floor":8,"key":"Centennial Puzzle"},{"floor":21,"key":"MutagenicStrength"},{"floor":24,"key":"Slimebound:MaxSlimesRelic"},{"floor":28,"key":"Torii"}],"event_choices":[{"damage_healed":0,"gold_gain":0,"player_choice":"Success","damage_taken":18,"relics_obtained":["Mango"],"max_hp_gain":0,"max_hp_loss":0,"event_name":"Scrap Ooze","floor":3,"gold_loss":0},{"damage_healed":0,"gold_gain":0,"player_choice":"Ignored","damage_taken":0,"max_hp_gain":0,"max_hp_loss":0,"event_name":"NoteForYourself","floor":14,"gold_loss":0}],"is_beta":false,"boss_relics":[{"not_picked":["Runic Dome","Pandora\u0027s Box"],"picked":"Cursed Key"}],"items_purged_floors":[],"is_endless":false,"potions_floor_spawned":[8,11,13,16,19,23,25,27],"killed_by":"Gremlin Leader","ascension_level":0}}