{"host":"m4pe905ae9bldoe7","time":1613039808,"event":{"mods":["BaseMod","Bestiary","Block Reminder","Downfall","Minty Spire (QoL Compilation)","StSLib"],"gold_per_floor":[119,294,294,308,258,277,295,295,316,316,316,339,359,359,399,414,6,25,25,25,156,156,171,185,260,2,25,25,44,77,77,101,101,101,101,136,151,151,282,282,300,300,360,378,51,51,94,106,118,28,28,28,51,76,76,76,76,76,3,37,37],"floor_reached":62,"language":"ENG","playtime":3574,"items_purged":["Doubt","Writhe"],"score":1326,"play_id":"31d12728-5740-44be-b1b0-c71c137200c8","local_time":"20210211113648","is_ascension_mode":false,"campfire_choices":[{"floor":8.0,"key":"REST"},{"floor":10.0,"key":"REST"},{"floor":14.0,"key":"REST"},{"data":"TalkToTheHand","floor":19.0,"key":"SMITH"},{"data":"FlyingSleeves","floor":20.0,"key":"SMITH"},{"floor":28.0,"key":"REST"},{"data":"Apotheosis","floor":33.0,"key":"SMITH"},{"floor":35.0,"key":"RECALL"},{"floor":38.0,"key":"REST"},{"floor":46.0,"key":"DIG"},{"floor":48.0,"key":"REST"},{"floor":52.0,"key":"DIG"},{"floor":55,"key":"DIG"},{"floor":58,"key":"DIG"}],"circlet_count":0,"master_deck":["Strike_P","Strike_P","Strike_P","Strike_P","Defend_P","Defend_P","Defend_P","Defend_P","Eruption","Vigilance","CurseOfTheBell","BowlingBash","FlyingSleeves+1","Crescendo","JustLucky","FearNoEvil","TalkToTheHand+1","EmptyFist+1","FearNoEvil+1","CutThroughFate+1","JustLucky+1","CrushJoints+1","Ragnarok+1","Consecrate+1","Consecrate+1","Apotheosis+1","Consecrate+1","BowlingBash+1","Consecrate+1","CarveReality+1","BowlingBash+1","FlurryOfBlows+1","Wallop+1","Indignation","Ragnarok+1","Halt+1","CrushJoints+1","Tantrum+1","Judgement","FlyingSleeves+1","FlyingSleeves+1","Consecrate+1","WindmillStrike+1","FlurryOfBlows+1","MentalFortress","ThirdEye+1"],"relics":["Calling Bell","Happy Flower","Shuriken","Turnip","Golden Idol","Letter Opener","Damaru","Molten Egg 2","Bottled Flame","Sozu","Tiny Chest","Eternal Feather","Vajra","Shovel","Akabeko","MawBank","Incense Burner","Gremlin Horn","HornCleat","Anchor","Blue Candle","Sundial"],"acts_visited":["Exordium","TheCity","TheBeyond","TheEnding"],"potions_floor_usage":[56],"damage_taken":[{"damage":1.0,"enemies":"Jaw Worm","floor":1.0,"turns":3.0},{"damage":10.0,"enemies":"Small Slimes","floor":4.0,"turns":4.0},{"damage":0.0,"enemies":"2 Louse","floor":6.0,"turns":3.0},{"damage":28.0,"enemies":"Exordium Thugs","floor":7.0,"turns":4.0},{"damage":14.0,"enemies":"Large Slime","floor":9.0,"turns":5.0},{"damage":13.0,"enemies":"Exordium Wildlife","floor":13.0,"turns":4.0},{"damage":15.0,"enemies":"Lagavulin","floor":15.0,"turns":5.0},{"damage":8.0,"enemies":"Looter","floor":16.0,"turns":3.0},{"damage":0.0,"enemies":"3 Louse","floor":18.0,"turns":2.0},{"damage":4.0,"enemies":"Hexaghost","floor":21.0,"turns":7.0},{"damage":2.0,"enemies":"Chosen","floor":23.0,"turns":3.0},{"damage":2.0,"enemies":"3 Byrds","floor":24.0,"turns":4.0},{"damage":18.0,"enemies":"Centurion and Healer","floor":27.0,"turns":4.0},{"damage":4.0,"enemies":"Chosen and Byrds","floor":29.0,"turns":3.0},{"damage":0.0,"enemies":"Book of Stabbing","floor":30.0,"turns":3.0},{"damage":0.0,"enemies":"Cultist and Chosen","floor":32.0,"turns":2.0},{"damage":34.0,"enemies":"Slavers","floor":36.0,"turns":3.0},{"damage":0.0,"enemies":"Snecko","floor":37.0,"turns":2.0},{"damage":42.0,"enemies":"Collector","floor":39.0,"turns":4.0},{"damage":18.0,"enemies":"3 Darklings","floor":41.0,"turns":2.0},{"damage":14.0,"enemies":"2 Orb Walkers","floor":43.0,"turns":3.0},{"damage":1.0,"enemies":"Orb Walker","floor":44.0,"turns":2.0},{"damage":41.0,"enemies":"Nemesis","floor":47.0,"turns":5.0},{"damage":30.0,"enemies":"Maw","floor":53.0,"turns":5.0},{"damage":0,"enemies":"Jaw Worm Horde","floor":54,"turns":2},{"damage":65,"enemies":"Awakened One","floor":56,"turns":9},{"damage":16,"enemies":"Shield and Spear","floor":60,"turns":3},{"damage":145,"enemies":"The Heart","floor":61,"turns":8}],"seed_played":"-6696696192581735643","potions_obtained":[{"floor":13.0,"key":"FearPotion"},{"floor":16.0,"key":"Energy Potion"},{"floor":18.0,"key":"FairyPotion"},{"floor":21.0,"key":"Ancient Potion"}],"is_trial":false,"path_per_floor":["M","?","?","M","?","M","M","R","M","R","T","T","M","R","E","M","$","M","R","R","B",null,"M","M","?","$","M","R","M","E","T","M","R","?","R","E","M","R","B",null,"M","?","?","M","$","R","E","R","T","$","T","R","M","M","R","B",null,"R","$","E","B",null],"character_chosen":"WATCHER","items_purchased":["Bottled Flame","CutThroughFate+1","JustLucky+1","Apotheosis","Consecrate+1","BowlingBash+1","Akabeko","Judgement","FlyingSleeves+1","Consecrate+1","MentalFortress"],"campfire_rested":6,"item_purchase_floors":[17,17,17,26,26,26,45,45,50,50,59],"current_hp_per_floor":[71,71,71,61,61,61,33,54,40,61,61,61,48,69,54,46,46,46,46,46,42,72,70,68,61,61,43,64,60,60,60,60,72,72,72,38,38,72,30,72,54,72,58,57,57,72,31,72,72,72,72,72,42,42,66,1,72,72,72,56,20],"gold":37,"neow_bonus":"BOSS_RELIC","is_daily":false,"chose_seed":false,"campfire_upgraded":3,"win_rate":0.0,"timestamp":1613039808,"path_taken":["M","?","?","M","?","M","M","R","M","R","T","T","M","R","E","M","$","M","R","R","BOSS","M","M","?","$","M","R","?","E","T","M","R","?","R","E","M","R","BOSS","M","?","?","M","$","R","E","R","T","$","?","R","M","?","R","BOSS","R","$","E","BOSS"],"items_purchased_type":["Relic","Card","Card","Card","Card","Card","Relic","Card","Card","Card","Card"],"build_version":"2020-12-22","purchased_purges":2,"victory":true,"max_hp_per_floor":[72,72,72,72,72,72,72,72,72,72,72,72,72,72,72,72,72,72,72,72,72,72,72,72,72,72,72,72,72,72,72,72,72,72,72,72,72,72,72,72,72,72,72,72,72,72,72,72,72,72,72,72,72,72,72,72,72,72,72,72,72],"card_choices":[{"not_picked":["Evaluate","Fasting2"],"picked":"BowlingBash","floor":1.0},{"not_picked":["Halt","WheelKick"],"picked":"FlyingSleeves","floor":4.0},{"not_picked":["ThirdEye","EmptyFist"],"picked":"Crescendo","floor":6.0},{"not_picked":["ThirdEye","Crescendo"],"picked":"JustLucky","floor":7.0},{"not_picked":["SpiritShield","WheelKick"],"picked":"FearNoEvil","floor":9.0},{"not_picked":["Halt","ThirdEye"],"picked":"TalkToTheHand","floor":13.0},{"not_picked":["JustLucky+1","Prostrate"],"picked":"EmptyFist+1","floor":15.0},{"not_picked":["Halt","WheelKick+1"],"picked":"FearNoEvil+1","floor":16.0},{"not_picked":["Crescendo","EmptyFist+1"],"picked":"CrushJoints+1","floor":18.0},{"not_picked":["Wish","Establishment"],"picked":"Ragnarok+1","floor":21.0},{"not_picked":["JustLucky+1","PathToVictory"],"picked":"Consecrate+1","floor":23.0},{"not_picked":["EmptyFist+1","JustLucky+1"],"picked":"Consecrate+1","floor":24.0},{"not_picked":["DeceiveReality","Study+1"],"picked":"Consecrate+1","floor":27.0},{"not_picked":["Perseverance","WheelKick+1"],"picked":"CarveReality+1","floor":29.0},{"not_picked":["CutThroughFate+1","SpiritShield"],"picked":"BowlingBash+1","floor":30.0},{"not_picked":["Study","FlurryOfBlows+1","ClearTheMind+1"],"picked":"SKIP","floor":32.0},{"not_picked":["Study","ClearTheMind+1"],"picked":"FlurryOfBlows+1","floor":32.0},{"not_picked":["ThirdEye+1","Establishment"],"picked":"Indignation","floor":36.0},{"not_picked":["SandsOfTime+1","ThirdEye","Halt"],"picked":"SKIP","floor":37.0},{"not_picked":["Brilliance+1","Judgement"],"picked":"Ragnarok+1","floor":39.0},{"not_picked":["Crescendo+1","SashWhip+1"],"picked":"Halt+1","floor":41.0},{"not_picked":["Halt","Worship"],"picked":"CrushJoints+1","floor":43.0},{"not_picked":["EmptyBody+1","Conclude+1"],"picked":"Tantrum+1","floor":44.0},{"not_picked":["Conclude+1","CrushJoints+1"],"picked":"FlyingSleeves+1","floor":47.0},{"not_picked":["EmptyFist+1","Consecrate+1"],"picked":"WindmillStrike+1","floor":53.0},{"not_picked":["FlyingSleeves+1","Consecrate+1"],"picked":"FlurryOfBlows+1","floor":54},{"not_picked":["Ragnarok+1","Protect+1"],"picked":"ThirdEye+1","floor":60}],"player_experience":558670,"relics_obtained":[{"floor":0.0,"key":"Happy Flower"},{"floor":0.0,"key":"Shuriken"},{"floor":0.0,"key":"Turnip"},{"floor":11.0,"key":"Letter Opener"},{"floor":12.0,"key":"Damaru"},{"floor":15.0,"key":"Molten Egg 2"},{"floor":30.0,"key":"Tiny Chest"},{"floor":31.0,"key":"Eternal Feather"},{"floor":36.0,"key":"Vajra"},{"floor":43.0,"key":"Shovel"},{"floor":46.0,"key":"MawBank"},{"floor":47.0,"key":"Incense Burner"},{"floor":51.0,"key":"Gremlin Horn"},{"floor":52.0,"key":"HornCleat"},{"floor":55,"key":"Anchor"},{"floor":58,"key":"Blue Candle"},{"floor":60,"key":"Sundial"}],"event_choices":[{"damage_healed":0.0,"max_hp_gain":0.0,"max_hp_loss":0.0,"gold_gain":175.0,"event_name":"Liars Game","player_choice":"AGREE","floor":2.0,"gold_loss":0.0,"damage_taken":0.0,"cards_obtained":["Doubt"]},{"damage_healed":0.0,"max_hp_gain":0.0,"max_hp_loss":0.0,"gold_gain":0.0,"event_name":"Golden Idol","player_choice":"Take Wound","floor":3.0,"gold_loss":0.0,"damage_taken":0.0,"relics_obtained":["Golden Idol"],"cards_obtained":["Injury"]},{"cards_removed":["Injury"],"damage_healed":0.0,"max_hp_gain":0.0,"max_hp_loss":0.0,"gold_gain":0.0,"event_name":"The Cleric","player_choice":"Card Removal","floor":5.0,"gold_loss":50.0,"damage_taken":0.0},{"damage_healed":0.0,"max_hp_gain":0.0,"max_hp_loss":0.0,"gold_gain":75.0,"event_name":"FaceTrader","player_choice":"Touch","floor":25.0,"gold_loss":0.0,"damage_taken":7.0},{"damage_healed":0.0,"max_hp_gain":0.0,"max_hp_loss":0.0,"gold_gain":0.0,"event_name":"The Library","player_choice":"Read","floor":34.0,"gold_loss":0.0,"damage_taken":0.0,"cards_obtained":["Wallop"]},{"damage_healed":18.0,"max_hp_gain":0.0,"max_hp_loss":0.0,"gold_gain":0.0,"event_name":"Winding Halls","player_choice":"Writhe","floor":42.0,"gold_loss":0.0,"damage_taken":0.0,"cards_obtained":["Writhe"]},{"damage_healed":0.0,"max_hp_gain":0.0,"max_hp_loss":0.0,"gold_gain":0.0,"event_name":"Mysterious Sphere","player_choice":"Fight","floor":43.0,"gold_loss":0.0,"damage_taken":0.0}],"is_beta":false,"boss_relics":[{"not_picked":["Tiny House","Velvet Choker"],"picked":"Sozu"},{"not_picked":["Coffee Dripper","SacredBark","Runic Dome"]}],"items_purged_floors":[17,45],"is_endless":false,"potions_floor_spawned":[13,16,18,21,23,29,30,36,39,41,54],"ascension_level":0}}