{"host":"kqjncq1jgqa58i7s","time":1613063215,"event":{"mods":["AchievementEnabler","BaseMod","Colored Map","Minty Spire (QoL Compilation)","Relic Stats"],"gold_per_floor":[112,128,140,157,157,157,192,192,192,227,227,254,269,284,284,365,374,396,396,396,410,424,424,459,63,63,75,87,118,55,94,106,118,118],"floor_reached":33,"language":"ENG","playtime":1258,"items_purged":["Strike_P"],"score":608,"play_id":"482e8e5f-8f2d-46e0-81a5-cd383864cb5e","local_time":"20210211180655","is_ascension_mode":true,"campfire_choices":[{"data":"CarveReality","floor":6.0,"key":"SMITH"},{"data":"Eruption","floor":8.0,"key":"SMITH"},{"data":"Vengeance","floor":11.0,"key":"SMITH"},{"data":"FlyingSleeves","floor":15.0,"key":"SMITH"},{"data":"Scrawl","floor":23.0,"key":"SMITH"},{"data":"Indignation","floor":27.0,"key":"SMITH"},{"floor":32.0,"key":"REST"}],"circlet_count":0,"master_deck":["AscendersBane","Strike_P","Strike_P","Defend_P","Defend_P","Defend_P","Defend_P","Eruption+1","Vigilance","FearNoEvil","FlyingSleeves+1","CarveReality+1","Prostrate","Vengeance+1","FlyingSleeves","Scrawl+1","CurseOfTheBell","Indignation+1","Ragnarok+1","InnerPeace+1"],"relics":["Busted Crown","Ornamental Fan","TeardropLocket","CeramicFish","Calling Bell","Strawberry","Letter Opener","Ice Cream","HornCleat","Molten Egg 2","Thread and Needle","MawBank"],"acts_visited":["Exordium","TheCity"],"potions_floor_usage":[],"damage_taken":[{"damage":0.0,"enemies":"Cultist","floor":1.0,"turns":3.0},{"damage":9.0,"enemies":"Small Slimes","floor":2.0,"turns":4.0},{"damage":0.0,"enemies":"2 Louse","floor":3.0,"turns":2.0},{"damage":6.0,"enemies":"Looter","floor":4.0,"turns":3.0},{"damage":0.0,"enemies":"Lagavulin","floor":7.0,"turns":3.0},{"damage":14.0,"enemies":"Gremlin Nob","floor":10.0,"turns":3.0},{"damage":3.0,"enemies":"Blue Slaver","floor":12.0,"turns":2.0},{"damage":1.0,"enemies":"Red Slaver","floor":13.0,"turns":3.0},{"damage":4.0,"enemies":"Exordium Thugs","floor":14.0,"turns":3.0},{"damage":22.0,"enemies":"The Guardian","floor":16.0,"turns":8.0},{"damage":6.0,"enemies":"3 Byrds","floor":18.0,"turns":3.0},{"damage":0.0,"enemies":"Chosen","floor":21.0,"turns":2.0},{"damage":0.0,"enemies":"Snake Plant","floor":22.0,"turns":1.0},{"damage":18.0,"enemies":"Gremlin Leader","floor":24.0,"turns":3.0},{"damage":12.0,"enemies":"Sentry and Sphere","floor":29.0,"turns":4.0},{"damage":5.0,"enemies":"Centurion and Healer","floor":31.0,"turns":2.0},{"damage":53,"enemies":"Champ","floor":33,"turns":6}],"seed_played":"5924645323140845110","potions_obtained":[{"floor":1.0,"key":"BlessingOfTheForge"},{"floor":4.0,"key":"LiquidMemories"},{"floor":7.0,"key":"Swift Potion"},{"floor":10.0,"key":"Ancient Potion"},{"floor":18.0,"key":"Swift Potion"},{"floor":29.0,"key":"Fire Potion"}],"is_trial":false,"path_per_floor":["M","M","M","M","?","R","E","R","T","E","R","M","M","M","R","B",null,"M","T","?","M","M","R","E","$","T","R","$","M","?","M","R","B"],"character_chosen":"WATCHER","items_purchased":["Thread and Needle"],"campfire_rested":1,"item_purchase_floors":[25],"current_hp_per_floor":[61,52,52,46,46,46,46,46,46,32,32,29,28,24,24,2,59,53,53,49,49,49,49,31,31,31,31,31,19,19,14,36,0,0],"gold":118,"neow_bonus":"BOSS_RELIC","is_daily":false,"chose_seed":false,"campfire_upgraded":6,"win_rate":0.0,"timestamp":1613063215,"path_taken":["M","M","?","?","?","R","E","R","T","E","R","M","M","M","R","BOSS","M","?","?","M","?","R","E","$","T","R","$","M","?","M","R","BOSS"],"items_purchased_type":["Relic"],"build_version":"2020-12-22","purchased_purges":1,"victory":false,"max_hp_per_floor":[68,68,68,68,68,68,68,68,68,68,68,68,68,68,68,68,75,75,75,75,75,75,75,75,75,75,75,75,75,75,75,75,75,75],"relic_stats":{"Busted Crown":34,"counters":[17,55],"Ornamental Fan":[92],"CeramicFish":63,"Letter Opener":[20],"MawBank":84,"obtain_stats":[{"Ice Cream":17,"CeramicFish":10,"Thread and Needle":25,"TeardropLocket":9,"Letter Opener":17,"MawBank":26,"Calling Bell":17,"Busted Crown":0,"HornCleat":19,"Ornamental Fan":7,"Strawberry":17,"Molten Egg 2":24,"PureWater":0},{"Ice Cream":10,"CeramicFish":6,"Thread and Needle":14,"TeardropLocket":5,"Letter Opener":10,"MawBank":14,"Calling Bell":10,"Busted Crown":0,"HornCleat":11,"Ornamental Fan":5,"Strawberry":10,"Molten Egg 2":14,"PureWater":0},{"Ice Cream":34,"CeramicFish":18,"Thread and Needle":43,"TeardropLocket":15,"Letter Opener":34,"MawBank":43,"Calling Bell":34,"Busted Crown":0,"HornCleat":37,"Ornamental Fan":15,"Strawberry":34,"Molten Egg 2":43,"PureWater":0}]},"card_choices":[{"not_picked":[],"picked":"FearNoEvil","floor":1.0},{"not_picked":["Halt"],"picked":"SKIP","floor":2.0},{"not_picked":[],"picked":"FlyingSleeves","floor":3.0},{"not_picked":[],"picked":"CarveReality","floor":4.0},{"not_picked":[],"picked":"Prostrate","floor":7.0},{"not_picked":[],"picked":"Vengeance","floor":10.0},{"not_picked":[],"picked":"FlyingSleeves","floor":12.0},{"not_picked":["Halt"],"picked":"SKIP","floor":13.0},{"not_picked":["EmptyFist"],"picked":"SKIP","floor":14.0},{"not_picked":[],"picked":"Scrawl","floor":16.0},{"not_picked":[],"picked":"Indignation","floor":18.0},{"not_picked":["Halt"],"picked":"SKIP","floor":21.0},{"not_picked":["JustLucky"],"picked":"SKIP","floor":22.0},{"not_picked":[],"picked":"Ragnarok+1","floor":24.0},{"not_picked":["EmptyBody"],"picked":"SKIP","floor":29.0},{"not_picked":[],"picked":"InnerPeace+1","floor":31.0}],"player_experience":1676595,"relics_obtained":[{"floor":7.0,"key":"Ornamental Fan"},{"floor":9.0,"key":"TeardropLocket"},{"floor":10.0,"key":"CeramicFish"},{"floor":17.0,"key":"Strawberry"},{"floor":17.0,"key":"Letter Opener"},{"floor":17.0,"key":"Ice Cream"},{"floor":19.0,"key":"HornCleat"},{"floor":24.0,"key":"Molten Egg 2"},{"floor":26.0,"key":"MawBank"}],"event_choices":[{"damage_healed":0.0,"max_hp_gain":0.0,"max_hp_loss":0.0,"gold_gain":0.0,"event_name":"Lab","player_choice":"Got Potions","floor":5.0,"gold_loss":0.0,"damage_taken":0.0},{"damage_healed":0.0,"max_hp_gain":0.0,"max_hp_loss":0.0,"gold_gain":0.0,"event_name":"The Woman in Blue","player_choice":"Bought 0 Potions","floor":20.0,"gold_loss":0.0,"damage_taken":0.0},{"cards_removed":["Strike_P"],"damage_healed":0.0,"max_hp_gain":0.0,"max_hp_loss":0.0,"gold_gain":0.0,"event_name":"Beggar","player_choice":"Gave Gold","floor":30.0,"gold_loss":75.0,"damage_taken":0.0}],"is_beta":false,"boss_relics":[{"not_picked":["Runic Pyramid","Runic Dome"],"picked":"Calling Bell"}],"items_purged_floors":[25],"is_endless":false,"potions_floor_spawned":[1,4,7,10,18,22,29],"killed_by":"Champ","ascension_level":20}}