{"host":"47ceihhszt3bzrh1","time":1613008762,"event":{"mods":["BaseMod","Colored Map","Downfall","Minty Spire (QoL Compilation)","Permanent Neow","Quick Restart","StSLib"],"gold_per_floor":[112,130,130,305,318,343,41,96,96,110,124,24,59,72,72,170,170,180,11,86,106,119,119,146,156,182,214,214,240,257,272,272,373,373,392,411,169,188,206,206,206,237,291,291,91,91,123,139,139,139],"floor_reached":51,"language":"ENG","playtime":2421,"items_purged":["Doubt","Strike_B","Strike_B","Defend_B"],"score":929,"play_id":"a3fa1e58-cbdb-4aad-be8f-2334b83a77ed","local_time":"20210210205922","is_ascension_mode":false,"campfire_choices":[{"data":"Dualcast","floor":15,"key":"SMITH"},{"data":"Rainbow","floor":23,"key":"SMITH"},{"data":"Defragment","floor":28,"key":"SMITH"},{"data":"Capacitor","floor":32,"key":"SMITH"},{"data":"Consume","floor":40,"key":"SMITH"},{"data":"Machine Learning","floor":44,"key":"SMITH"},{"data":"1","floor":49,"key":"LIFT"}],"circlet_count":0,"master_deck":["Defend_B","Defend_B","Zap","Dualcast+1","Finesse","Loop","FTL","Cold Snap+1","FTL+1","Melter+1","Cold Snap+1","Ball Lightning+1","Compile Driver+1","Rainbow+1","Buffer+1","Defragment+1","Aggregate+1","Ball Lightning+1","Defragment+1","Finesse","Cold Snap+1","Seek","Self Repair","Capacitor+1","Thunder Strike+1","Storm+1","Consume+1","Capacitor","Loop","Machine Learning+1","Cold Snap+1"],"relics":["Cracked Core","Molten Egg 2","Pen Nib","Lee\u0027s Waffle","Lantern","Eternal Feather","Toy Ornithopter","Astrolabe","Ancient Tea Set","PreservedInsect","Anchor","Mummified Hand","SacredBark","Pear","Bronze Scales","Girya"],"acts_visited":["Exordium","TheCity","TheBeyond"],"potions_floor_usage":[24,27,33,47,50,50,50],"damage_taken":[{"damage":2,"enemies":"Small Slimes","floor":1,"turns":3},{"damage":7,"enemies":"2 Louse","floor":2,"turns":2},{"damage":3,"enemies":"Jaw Worm","floor":5,"turns":4},{"damage":7,"enemies":"Lagavulin","floor":6,"turns":7},{"damage":18,"enemies":"3 Sentries","floor":8,"turns":7},{"damage":0,"enemies":"Large Slime","floor":10,"turns":4},{"damage":9,"enemies":"Red Slaver","floor":11,"turns":2},{"damage":10,"enemies":"Gremlin Nob","floor":13,"turns":3},{"damage":0,"enemies":"3 Louse","floor":14,"turns":3},{"damage":27,"enemies":"Hexaghost","floor":16,"turns":6},{"damage":0,"enemies":"Spheric Guardian","floor":18,"turns":3},{"damage":0,"enemies":"Shell Parasite","floor":21,"turns":4},{"damage":0,"enemies":"Chosen and Byrds","floor":22,"turns":4},{"damage":24,"enemies":"Slavers","floor":24,"turns":5},{"damage":21,"enemies":"Snake Plant","floor":25,"turns":4},{"damage":7,"enemies":"Book of Stabbing","floor":27,"turns":4},{"damage":0,"enemies":"Gremlin Leader","floor":29,"turns":4},{"damage":0,"enemies":"Sentry and Sphere","floor":30,"turns":1},{"damage":0,"enemies":"Chosen and Byrds","floor":31,"turns":4},{"damage":0,"enemies":"Collector","floor":33,"turns":8},{"damage":12,"enemies":"3 Shapes","floor":35,"turns":3},{"damage":0,"enemies":"Orb Walker","floor":36,"turns":2},{"damage":24,"enemies":"Jaw Worm Horde","floor":38,"turns":4},{"damage":0,"enemies":"Maw","floor":39,"turns":5},{"damage":4,"enemies":"Giant Head","floor":42,"turns":7},{"damage":0,"enemies":"Nemesis","floor":47,"turns":3},{"damage":0,"enemies":"Sphere and 2 Shapes","floor":48,"turns":3},{"damage":39,"enemies":"Time Eater","floor":50,"turns":5}],"seed_played":"1340230031422298537","potions_obtained":[{"floor":5,"key":"sneckomod:MuddlingPotion"},{"floor":6,"key":"Dexterity Potion"},{"floor":13,"key":"DistilledChaos"},{"floor":14,"key":"Strength Potion"},{"floor":22,"key":"Swift Potion"},{"floor":25,"key":"Block Potion"},{"floor":30,"key":"SkillPotion"},{"floor":35,"key":"SpeedPotion"},{"floor":48,"key":"hexamod:SoulburnPotion"}],"is_trial":false,"path_per_floor":["M","M","?","?","M","E","$","?","T","M","M","$","E","M","R","B",null,"M","$","?","M","M","R","E","M","T","E","R","E","M","M","R","B",null,"M","M","$","M","M","R","?","E","T","R","$","?","E","M","R","B",null],"character_chosen":"DEFECT","items_purchased":["FTL+1","Lee\u0027s Waffle","Defragment","Finesse","Consume","Capacitor","Swift Potion"],"campfire_rested":0,"item_purchase_floors":[7,7,19,19,37,37,45],"current_hp_per_floor":[73,66,59,59,56,49,82,64,64,64,55,55,45,45,54,27,82,82,82,74,74,74,82,58,37,37,35,50,57,57,64,79,82,82,70,77,77,60,67,82,78,88,88,88,88,88,88,88,88,71],"gold":139,"neow_bonus":"RANDOM_COLORLESS","is_daily":false,"chose_seed":false,"campfire_upgraded":6,"win_rate":0.0,"timestamp":1613008762,"path_taken":["M","M","?","?","M","E","$","?","T","M","?","$","E","M","R","BOSS","M","$","?","M","M","R","E","M","T","E","R","E","M","?","R","BOSS","M","M","$","M","M","R","?","E","T","R","$","?","E","M","R","BOSS"],"items_purchased_type":["Card","Relic","Card","Card","Card","Card","Potion"],"build_version":"2020-12-22","purchased_purges":4,"victory":true,"max_hp_per_floor":[75,75,75,75,75,75,82,82,82,82,82,82,82,82,82,82,82,82,82,82,82,82,82,82,82,82,82,82,82,82,82,82,82,82,82,82,82,82,82,82,78,88,88,88,88,88,88,88,88,88],"card_choices":[{"not_picked":["Swift Strike","Bandage Up"],"picked":"Finesse","floor":0},{"not_picked":["Barrage","Hologram"],"picked":"Loop","floor":1},{"not_picked":["Barrage","Gash"],"picked":"FTL","floor":2},{"not_picked":["Conserve Battery","Stack"],"picked":"Cold Snap+1","floor":5},{"not_picked":["Leap","Steam Power"],"picked":"Skim","floor":6},{"not_picked":["Stack","Go for the Eyes+1"],"picked":"Melter+1","floor":8},{"not_picked":["Heatsinks","Sweeping Beam+1"],"picked":"Cold Snap+1","floor":10},{"not_picked":["Beam Cell+1","Genetic Algorithm"],"picked":"Ball Lightning+1","floor":11},{"not_picked":["BootSequence","Aggregate","Skim"],"picked":"SKIP","floor":13},{"not_picked":["Stack","Coolheaded"],"picked":"Compile Driver+1","floor":14},{"not_picked":["Reboot","Amplify"],"picked":"Rainbow","floor":16},{"not_picked":["Conserve Battery","Cold Snap+1"],"picked":"Ball Lightning+1","floor":18},{"not_picked":["Barrage+1","Compile Driver+1","Coolheaded"],"picked":"SKIP","floor":21},{"not_picked":["Redo","Steam Power"],"picked":"Cold Snap+1","floor":22},{"not_picked":["All For One+1","Redo"],"picked":"Seek","floor":24},{"not_picked":["Streamline+1","Cold Snap+1"],"picked":"Self Repair","floor":25},{"not_picked":["Go for the Eyes+1","Stack","Hologram+1"],"picked":"SKIP","floor":27},{"not_picked":["Fission","Go for the Eyes+1","Beam Cell+1"],"picked":"SKIP","floor":29},{"not_picked":["Fusion+1","Cold Snap+1"],"picked":"Capacitor","floor":30},{"not_picked":["Leap","Barrage+1","Beam Cell+1"],"picked":"SKIP","floor":31},{"not_picked":["Biased Cognition","Reboot"],"picked":"Thunder Strike+1","floor":33},{"not_picked":["Steam Power+1","Hologram+1"],"picked":"Storm+1","floor":35},{"not_picked":["Compile Driver+1","Barrage+1","Steam+1"],"picked":"SKIP","floor":36},{"not_picked":["Ball Lightning+1","Beam Cell+1"],"picked":"Loop","floor":38},{"not_picked":["Sweeping Beam+1","White Noise","Coolheaded"],"picked":"SKIP","floor":39},{"not_picked":["Scrape+1","Ball Lightning+1"],"picked":"Machine Learning","floor":42},{"not_picked":["Streamline+1","Barrage+1"],"picked":"Cold Snap+1","floor":47},{"not_picked":["Beam Cell+1","Self Repair+1","Melter+1"],"picked":"SKIP","floor":48}],"player_experience":8120,"relics_obtained":[{"floor":6,"key":"Pen Nib"},{"floor":8,"key":"Lantern"},{"floor":9,"key":"Eternal Feather"},{"floor":13,"key":"Toy Ornithopter"},{"floor":24,"key":"Ancient Tea Set"},{"floor":26,"key":"PreservedInsect"},{"floor":27,"key":"Anchor"},{"floor":29,"key":"Mummified Hand"},{"floor":42,"key":"Pear"},{"floor":43,"key":"Bronze Scales"},{"floor":47,"key":"Girya"}],"event_choices":[{"damage_healed":0,"gold_gain":0,"player_choice":"Success","damage_taken":7,"relics_obtained":["Molten Egg 2"],"max_hp_gain":0,"max_hp_loss":0,"event_name":"Scrap Ooze","floor":3,"gold_loss":0},{"damage_healed":0,"gold_gain":175,"player_choice":"AGREE","damage_taken":0,"max_hp_gain":0,"max_hp_loss":0,"event_name":"Liars Game","floor":4,"gold_loss":0,"cards_obtained":["Doubt"]},{"damage_healed":0,"gold_gain":0,"player_choice":"Searched \u00272\u0027 times","damage_taken":0,"max_hp_gain":0,"max_hp_loss":0,"event_name":"Dead Adventurer","floor":8,"gold_loss":0},{"damage_healed":0,"gold_gain":75,"player_choice":"Touch","damage_taken":8,"max_hp_gain":0,"max_hp_loss":0,"event_name":"FaceTrader","floor":20,"gold_loss":0},{"damage_healed":0,"gold_gain":0,"player_choice":"Max HP","damage_taken":0,"max_hp_gain":0,"max_hp_loss":4,"event_name":"Winding Halls","floor":41,"gold_loss":0},{"cards_removed":["Skim"],"damage_healed":0,"gold_gain":0,"player_choice":"Removed Skill","damage_taken":0,"max_hp_gain":0,"max_hp_loss":0,"event_name":"Falling","floor":46,"gold_loss":0}],"is_beta":false,"boss_relics":[{"not_picked":["Busted Crown","Snecko Eye"],"picked":"Astrolabe"},{"not_picked":["Velvet Choker","Calling Bell"],"picked":"SacredBark"}],"items_purged_floors":[7,12,37,45],"is_endless":false,"potions_floor_spawned":[5,6,13,14,22,25,29,30,35,36,48],"ascension_level":0}}