{"host":"eft627g0ddukeijo","time":1613036260,"event":{"mods":["AchievementEnabler","BaseMod","Bestiary","Better Note","Block Reminder","Colored Powertips","Filter the Spire","Highlight Path","Minty Spire (QoL Compilation)","Permanent Neow","Quick Restart","Rare Cards Sparkle","Relic Stats","Slay-I","StSLib","Weighted Paths"],"gold_per_floor":[109,74,93,168,21,54,54,88,88,101,114,134,134,149,149,244,244,257,257,257,88,64,64,78,78,101,101,119,139,65,82,82,180,180,190,208,208,208,226,226,236,236,236,236,254,0,0,0,0,0,0,0,0,27,27,27],"floor_reached":55,"language":"ENG","playtime":2375,"items_purged":[],"score":1019,"play_id":"bea3da73-ad65-41df-ac71-27a6ef0497f2","local_time":"20210211183740","is_ascension_mode":true,"campfire_choices":[{"floor":7.0,"key":"REST"},{"floor":13.0,"key":"REST"},{"floor":15.0,"key":"RECALL"},{"floor":23.0,"key":"REST"},{"data":"Limit Break","floor":25.0,"key":"SMITH"},{"data":"Heavy Blade","floor":27.0,"key":"SMITH"},{"floor":32.0,"key":"REST"},{"data":"Whirlwind","floor":40.0,"key":"SMITH"},{"floor":42.0,"key":"REST"},{"data":"Pummel","floor":47.0,"key":"SMITH"},{"floor":49.0,"key":"REST"},{"data":"Disarm","floor":52.0,"key":"SMITH"}],"circlet_count":0,"master_deck":["Bash+1","Feed","Dropkick+1","Spot Weakness","Heavy Blade+1","Limit Break+1","Headbutt","Disarm+1","Body Slam+1","Shrug It Off","Shrug It Off","Whirlwind+1","Impervious","Pummel+1","Master of Strategy","Madness","Madness","Clothesline"],"relics":["Burning Blood","ClockworkSouvenir","Shuriken","Sundial","Eternal Feather","Pandora\u0027s Box","Spirit Poop","Orichalcum","Philosopher\u0027s Stone","Happy Flower","Whetstone","CaptainsWheel"],"acts_visited":["Exordium","TheCity","TheBeyond","TheEnding"],"potions_floor_usage":[],"damage_taken":[{"damage":1.0,"enemies":"Cultist","floor":1.0,"turns":4.0},{"damage":5.0,"enemies":"2 Louse","floor":3.0,"turns":3.0},{"damage":40.0,"enemies":"Lagavulin","floor":6.0,"turns":7.0},{"damage":30.0,"enemies":"Gremlin Nob","floor":8.0,"turns":4.0},{"damage":12.0,"enemies":"Jaw Worm","floor":10.0,"turns":3.0},{"damage":16.0,"enemies":"Exordium Wildlife","floor":11.0,"turns":5.0},{"damage":11.0,"enemies":"Looter","floor":12.0,"turns":2.0},{"damage":7.0,"enemies":"Large Slime","floor":14.0,"turns":8.0},{"damage":66.0,"enemies":"Hexaghost","floor":16.0,"turns":9.0},{"damage":31.0,"enemies":"2 Thieves","floor":18.0,"turns":3.0},{"damage":12.0,"enemies":"Shell Parasite","floor":24.0,"turns":4.0},{"damage":29.0,"enemies":"Shelled Parasite and Fungi","floor":28.0,"turns":5.0},{"damage":16.0,"enemies":"Snecko","floor":29.0,"turns":4.0},{"damage":28.0,"enemies":"Centurion and Healer","floor":31.0,"turns":8.0},{"damage":41.0,"enemies":"Collector","floor":33.0,"turns":6.0},{"damage":6.0,"enemies":"3 Shapes","floor":35.0,"turns":4.0},{"damage":6.0,"enemies":"Orb Walker","floor":36.0,"turns":4.0},{"damage":36.0,"enemies":"Spire Growth","floor":39.0,"turns":6.0},{"damage":31.0,"enemies":"Jaw Worm Horde","floor":41.0,"turns":4.0},{"damage":41.0,"enemies":"3 Darklings","floor":45.0,"turns":3.0},{"damage":92.0,"enemies":"Donu and Deca","floor":50.0,"turns":7.0},{"damage":36.0,"enemies":"Shield and Spear","floor":54.0,"turns":5.0},{"damage":118,"enemies":"The Heart","floor":55,"turns":6}],"seed_played":"-7651572465875066418","potions_obtained":[{"floor":3.0,"key":"FearPotion"},{"floor":8.0,"key":"EntropicBrew"},{"floor":11.0,"key":"FearPotion"},{"floor":29.0,"key":"Strength Potion"},{"floor":33.0,"key":"SmokeBomb"},{"floor":41.0,"key":"SneckoOil"},{"floor":45.0,"key":"Block Potion"}],"is_trial":false,"path_per_floor":["M","$","M","?","$","E","R","E","T","M","M","M","R","M","R","B",null,"M","?","?","$","$","R","M","R","T","R","M","M","$","M","R","B",null,"M","M","?","?","M","R","M","R","T","?","M","$","R","?","R","B",null,"R","$","E","B"],"character_chosen":"IRONCLAD","items_purchased":["Spot Weakness","ClockworkSouvenir","Shrug It Off","Orichalcum","Shrug It Off","Metallicize","FairyPotion","Whetstone"],"campfire_rested":6,"item_purchase_floors":[2,5,21,21,22,30,46,46],"current_hp_per_floor":[59,59,63,52,52,21,47,26,26,23,30,25,63,62,71,11,76,54,54,54,54,54,90,87,93,93,99,76,69,69,50,89,54,96,99,99,99,99,69,78,53,95,95,95,60,60,69,55,97,11,88,97,97,67,0,0],"gold":27,"neow_bonus":"THREE_RARE_CARDS","is_daily":false,"chose_seed":false,"campfire_upgraded":5,"win_rate":0.0,"timestamp":1613036260,"path_taken":["M","?","M","?","$","E","R","E","T","M","M","?","R","M","R","BOSS","M","?","?","$","?","R","M","R","T","R","M","?","?","M","R","BOSS","M","M","?","?","?","R","M","R","T","?","?","?","R","?","R","BOSS","R","$","E","BOSS"],"items_purchased_type":["Card","Relic","Card","Relic","Card","Card","Potion","Relic"],"build_version":"2020-12-22","purchased_purges":0,"victory":false,"max_hp_per_floor":[83,83,86,86,86,89,89,92,92,95,98,98,98,98,98,98,98,101,101,101,101,101,101,104,104,104,104,104,107,107,110,110,110,110,113,113,113,113,113,113,113,113,113,113,113,113,113,113,113,113,113,113,113,113,113,113],"relic_stats":{"Happy Flower":[7],"counters":[23,114],"Shuriken":[18],"Sundial":[20],"Eternal Feather":87,"Pandora\u0027s Box":["Whirlwind","Pummel","Havoc","Corruption","Heavy Blade","Burning Pact","Limit Break","Dark Embrace","Offering"],"Whetstone":["Bash","Dropkick"],"Orichalcum":[162],"obtain_stats":[{"CaptainsWheel":54,"Happy Flower":43,"Shuriken":6,"Sundial":8,"Spirit Poop":20,"Eternal Feather":9,"Pandora\u0027s Box":17,"Philosopher\u0027s Stone":34,"Whetstone":46,"Orichalcum":21,"Burning Blood":0,"ClockworkSouvenir":5},{"CaptainsWheel":22,"Happy Flower":19,"Shuriken":3,"Sundial":4,"Spirit Poop":10,"Eternal Feather":4,"Pandora\u0027s Box":9,"Philosopher\u0027s Stone":15,"Whetstone":20,"Orichalcum":10,"Burning Blood":0,"ClockworkSouvenir":2},{"CaptainsWheel":108,"Happy Flower":93,"Shuriken":14,"Sundial":18,"Spirit Poop":48,"Eternal Feather":18,"Pandora\u0027s Box":45,"Philosopher\u0027s Stone":75,"Whetstone":96,"Orichalcum":48,"Burning Blood":0,"ClockworkSouvenir":7}],"Burning Blood":132},"card_choices":[{"not_picked":["Immolate","Juggernaut"],"picked":"Feed","floor":0.0},{"not_picked":["Perfected Strike","Second Wind"],"picked":"Dropkick","floor":1.0},{"not_picked":["Sword Boomerang","Havoc"],"picked":"Heavy Blade","floor":3.0},{"not_picked":["Brutality","Sword Boomerang"],"picked":"Limit Break","floor":6.0},{"not_picked":["Spot Weakness","Ghostly Armor","Infernal Blade"],"picked":"SKIP","floor":8.0},{"not_picked":["Pommel Strike","Warcry"],"picked":"Headbutt","floor":10.0},{"not_picked":["Iron Wave","Perfected Strike","Warcry"],"picked":"SKIP","floor":11.0},{"not_picked":["True Grit","Pommel Strike","Combust"],"picked":"SKIP","floor":12.0},{"not_picked":["Iron Wave","Warcry"],"picked":"Disarm","floor":14.0},{"not_picked":["Intimidate+1","Heavy Blade"],"picked":"Body Slam+1","floor":18.0},{"not_picked":["Feel No Pain","Body Slam","Warcry"],"picked":"SKIP","floor":24.0},{"not_picked":["Cleave","Rampage+1","Dark Embrace"],"picked":"SKIP","floor":28.0},{"not_picked":["Wild Strike","Clothesline"],"picked":"Whirlwind","floor":29.0},{"not_picked":["Perfected Strike","Flex","Cleave+1"],"picked":"SKIP","floor":31.0},{"not_picked":["Demon Form","Brutality"],"picked":"Impervious","floor":33.0},{"not_picked":["Pommel Strike+1","Ghostly Armor+1"],"picked":"Pummel","floor":35.0},{"not_picked":["Dropkick","Armaments+1","Thunderclap"],"picked":"SKIP","floor":36.0},{"not_picked":["Clothesline","Anger+1","Body Slam"],"picked":"SKIP","floor":39.0},{"not_picked":["Bludgeon","Havoc+1","Cleave"],"picked":"SKIP","floor":41.0},{"not_picked":["Sentinel+1","Intimidate","Whirlwind+1"],"picked":"SKIP","floor":45.0},{"not_picked":["Thunderclap","Havoc+1"],"picked":"Clothesline","floor":54.0}],"player_experience":564990,"relics_obtained":[{"floor":6.0,"key":"Shuriken"},{"floor":8.0,"key":"Sundial"},{"floor":9.0,"key":"Eternal Feather"},{"floor":43.0,"key":"Happy Flower"},{"floor":54.0,"key":"CaptainsWheel"}],"event_choices":[{"damage_healed":0.0,"max_hp_gain":0.0,"max_hp_loss":0.0,"gold_gain":75.0,"event_name":"World of Goop","player_choice":"Gather Gold","floor":4.0,"gold_loss":0.0,"damage_taken":11.0},{"damage_healed":0.0,"max_hp_gain":0.0,"max_hp_loss":0.0,"gold_gain":0.0,"event_name":"Wheel of Change","player_choice":"Cursed","floor":19.0,"gold_loss":0.0,"damage_taken":0.0,"cards_obtained":["Decay"]},{"cards_removed":["Decay"],"damage_healed":0.0,"max_hp_gain":0.0,"max_hp_loss":0.0,"gold_gain":0.0,"event_name":"Bonfire Elementals","player_choice":"Offered Curse","floor":20.0,"gold_loss":0.0,"damage_taken":0.0,"relics_obtained":["Spirit Poop"]},{"cards_removed":["Metallicize"],"damage_healed":0.0,"max_hp_gain":0.0,"max_hp_loss":0.0,"gold_gain":0.0,"event_name":"Falling","player_choice":"Removed Power","floor":37.0,"gold_loss":0.0,"damage_taken":0.0},{"damage_healed":0.0,"max_hp_gain":0.0,"max_hp_loss":0.0,"gold_gain":0.0,"event_name":"Match and Keep!","player_choice":"1 cards matched","floor":38.0,"gold_loss":0.0,"damage_taken":0.0,"cards_obtained":["Impatience"]},{"damage_healed":0.0,"max_hp_gain":0.0,"max_hp_loss":0.0,"gold_gain":0.0,"cards_transformed":["Impatience"],"event_name":"Transmorgrifier","player_choice":"Transformed","floor":44.0,"gold_loss":0.0,"damage_taken":0.0,"cards_obtained":["Master of Strategy"]},{"damage_healed":0.0,"max_hp_gain":0.0,"max_hp_loss":0.0,"gold_gain":0.0,"event_name":"Winding Halls","player_choice":"Embrace Madness","floor":48.0,"gold_loss":0.0,"damage_taken":14.0,"cards_obtained":["Madness","Madness"]}],"is_beta":false,"boss_relics":[{"not_picked":["Sozu","Ectoplasm"],"picked":"Pandora\u0027s Box"},{"not_picked":["Snecko Eye","Mark of Pain"],"picked":"Philosopher\u0027s Stone"}],"items_purged_floors":[],"is_endless":false,"potions_floor_spawned":[3,8,10,11,29,31,33,36,41,45],"killed_by":"The Heart","ascension_level":9}}