{"host":"oehe2dxjvdgux73m","time":1613051165,"event":{"mods":["AchievementEnabler","BaseMod","Colored Map","Colored Powertips","DeckTracker","Keyboard Shortcuts","Minty Spire (QoL Compilation)","Permanent Neow","Quick Restart","StSLib","SuperFastMode"],"gold_per_floor":[116,128,0,18,18,18,50,50,77,77,91,14,25,39,39,116,116,127,80,80,80],"floor_reached":20,"language":"KOR","playtime":643,"items_purged":[],"score":352,"play_id":"e3c0100b-cc73-4f9f-8fcc-a7c0ef62df6f","local_time":"20210211224605","is_ascension_mode":true,"campfire_choices":[{"data":"Choke","floor":6.0,"key":"SMITH"},{"data":"Infinite Blades","floor":8.0,"key":"SMITH"},{"floor":15.0,"key":"REST"}],"circlet_count":0,"master_deck":["AscendersBane","Strike_G","Strike_G","Strike_G","Defend_G","Defend_G","Defend_G","Defend_G","Defend_G","Survivor","Neutralize","Escape Plan","Leg Sweep","Choke+1","Well Laid Plans","Infinite Blades+1","PiercingWail","Cloak And Dagger","Die Die Die","Prepared","Underhanded Strike","Escape Plan"],"relics":["Ring of the Snake","NeowsBlessing","Potion Belt","Calipers","Juzu Bracelet","Ninja Scroll","Empty Cage"],"acts_visited":["Exordium","TheCity"],"potions_floor_usage":[],"damage_taken":[{"damage":0.0,"enemies":"Small Slimes","floor":1.0,"turns":1.0},{"damage":0.0,"enemies":"Jaw Worm","floor":2.0,"turns":1.0},{"damage":0.0,"enemies":"Cultist","floor":4.0,"turns":1.0},{"damage":27.0,"enemies":"Lagavulin","floor":7.0,"turns":6.0},{"damage":3.0,"enemies":"2 Fungi Beasts","floor":11.0,"turns":3.0},{"damage":0.0,"enemies":"3 Louse","floor":13.0,"turns":3.0},{"damage":1.0,"enemies":"Exordium Wildlife","floor":14.0,"turns":3.0},{"damage":31.0,"enemies":"The Guardian","floor":16.0,"turns":16.0},{"damage":20.0,"enemies":"Shell Parasite","floor":18.0,"turns":4.0},{"damage":21.0,"enemies":"2 Thieves","floor":19.0,"turns":5.0},{"damage":13,"enemies":"Sentry and Sphere","floor":20,"turns":2}],"seed_played":"-8518678451611703862","potions_obtained":[{"floor":1.0,"key":"Fire Potion"},{"floor":7.0,"key":"Weak Potion"},{"floor":11.0,"key":"GamblersBrew"},{"floor":14.0,"key":"FearPotion"},{"floor":16.0,"key":"Poison Potion"}],"is_trial":false,"path_per_floor":["M","M","$","M","?","R","E","R","T","T","M","$","M","M","R","B",null,"M","M","M"],"character_chosen":"THE_SILENT","items_purchased":["Choke","Well Laid Plans","Die Die Die"],"campfire_rested":1,"item_purchase_floors":[3,3,12],"current_hp_per_floor":[59,59,59,59,48,48,21,21,21,21,18,18,18,17,36,5,51,31,10,0,0],"gold":80,"neow_bonus":"THREE_ENEMY_KILL","is_daily":false,"chose_seed":false,"campfire_upgraded":2,"win_rate":0.0,"timestamp":1613051165,"path_taken":["M","M","$","M","?","R","E","R","T","?","M","?","M","M","R","BOSS","M","M","M"],"items_purchased_type":["Card","Card","Card"],"build_version":"2020-12-22","purchased_purges":0,"victory":false,"max_hp_per_floor":[66,66,66,66,66,66,66,66,66,66,66,66,66,66,66,66,66,66,66,66,66],"card_choices":[{"not_picked":["Bane","Slice"],"picked":"Escape Plan","floor":1.0},{"not_picked":["Outmaneuver","Terror"],"picked":"Leg Sweep","floor":2.0},{"not_picked":["Quick Slash","Bouncing Flask"],"picked":"Infinite Blades","floor":4.0},{"not_picked":["Dodge and Roll","Sucker Punch"],"picked":"PiercingWail","floor":7.0},{"not_picked":["Flechettes","Crippling Poison"],"picked":"Cloak And Dagger","floor":11.0},{"not_picked":["Die Die Die","Setup","Outmaneuver"],"picked":"SKIP","floor":13.0},{"not_picked":["Infinite Blades","Caltrops"],"picked":"Prepared","floor":14.0},{"not_picked":["Eviscerate","Accuracy+1"],"picked":"Underhanded Strike","floor":18.0},{"not_picked":["Sucker Punch","Catalyst"],"picked":"Escape Plan","floor":19.0}],"player_experience":461843,"relics_obtained":[{"floor":7.0,"key":"Calipers"},{"floor":9.0,"key":"Juzu Bracelet"},{"floor":10.0,"key":"Ninja Scroll"}],"event_choices":[{"damage_healed":0.0,"max_hp_gain":0.0,"max_hp_loss":0.0,"gold_gain":0.0,"event_name":"Scrap Ooze","player_choice":"Success","floor":5.0,"gold_loss":0.0,"damage_taken":11.0,"relics_obtained":["Potion Belt"]}],"is_beta":false,"boss_relics":[{"not_picked":["Philosopher\u0027s Stone","Fusion Hammer"],"picked":"Empty Cage"}],"items_purged_floors":[],"is_endless":false,"potions_floor_spawned":[1,7,11,14,16],"killed_by":"Sentry and Sphere","ascension_level":20}}