{"host":"wrdw6zkxuilnr6rg","time":1612650978,"event":{"mods":["Act Like it!","BaseMod","Bestiary","Colored Powertips","Downfall","Hermit","Highlight Path","Minty Spire (QoL Compilation)","Quick Restart","Relic Stats","StSLib"],"gold_per_floor":[99,99,99,163,163,163,163,163,176,191,191,207,207,222,235,340,340,340,350,363,363,412,422,448,448,468,468,468,223,223,233,252,352,352,352,364,38,53,103,203,203,3,14,14,14,14,33,33,48,48,48,48],"floor_reached":50,"language":"ENG","playtime":3142,"items_purged":["Writhe","downfall:Bewildered"],"score":457,"play_id":"85590541-cafa-4fc0-9312-b5dad6c6abc1","local_time":"20210207013618","is_ascension_mode":false,"campfire_choices":[{"data":"hexamod:Float","floor":1.0,"key":"SMITH"},{"data":"hexamod:Sear","floor":6.0,"key":"SMITH"},{"data":"hexamod:SpectralSpark","floor":8.0,"key":"SMITH"},{"data":"hexamod:HeatShield","floor":11.0,"key":"SMITH"},{"data":"hexamod:SoulSteal","floor":13.0,"key":"SMITH"},{"data":"hexamod:VolcanoVisage","floor":18.0,"key":"SMITH"},{"data":"hexamod:FlamesFromBeyond","floor":27.0,"key":"SMITH"},{"floor":35.0,"key":"RECALL"},{"floor":42.0,"key":"REST"},{"data":"hexamod:GhostflameBarrier","floor":44.0,"key":"SMITH"},{"data":"hexamod:AdvancingGuard","floor":48,"key":"SMITH"}],"circlet_count":0,"master_deck":["hexamod:Strike","hexamod:Strike","hexamod:Strike","hexamod:Strike","hexamod:Defend+1","hexamod:Defend","hexamod:Defend","hexamod:Defend","hexamod:Sear+1","hexamod:Float+1","hexamod:SpectralSpark+1","hexamod:SpectersWail","hexamod:Hexaguard+1","Flash of Steel","hexamod:HeatShield+1","hexamod:SoulSteal+1","hexamod:FlamesFromBeyond+1","hexamod:TimeWarp","hexamod:DynamicBlow","hexamod:VolcanoVisage+1","hexamod:NightmareGuise+1","hexamod:FirstSeal","hexamod:PhantomFireball","hexamod:TimeWarp","hexamod:GhostflameBarrier+1","hexamod:PowerFromBeyond","CurseOfTheBell","hexamod:AdvancingGuard+1","expansioncontent:AwakenDeath","hexamod:Hexaguard","hexamod:Incineration+1","hexamod:PhantomCloak+1"],"relics":["hexamod:UnbrokenSoul","downfall:HeartsMalice","Blue Candle","Shuriken","Oddly Smooth Stone","War Paint","Mango","Bag of Marbles","sneckomod:BabySnecko","Calling Bell","Anchor","The Courier","TungstenRod","Medical Kit","Thread and Needle","downfall:HeartBlessingRed","downfall:HeartBlessingBlue"],"acts_visited":["Exordium","TheCity","TheBeyond"],"potions_floor_usage":[50,50,50],"damage_taken":[{"damage":0.0,"enemies":"Small Slimes","floor":2.0,"turns":1.0},{"damage":0.0,"enemies":"Jaw Worm","floor":3.0,"turns":1.0},{"damage":0.0,"enemies":"Gremlin Nob","floor":4.0,"turns":1.0},{"damage":0.0,"enemies":"Cultist","floor":9.0,"turns":3.0},{"damage":9.0,"enemies":"Exordium Wildlife","floor":10.0,"turns":3.0},{"damage":7.0,"enemies":"3 Louse","floor":12.0,"turns":2.0},{"damage":0.0,"enemies":"Exordium Thugs","floor":14.0,"turns":3.0},{"damage":0.0,"enemies":"Exordium Wildlife","floor":15.0,"turns":3.0},{"damage":33.0,"enemies":"DF_ARCHETYPE_STREAMLINE","floor":16.0,"turns":7.0},{"damage":0.0,"enemies":"Shell Parasite","floor":19.0,"turns":3.0},{"damage":10.0,"enemies":"Chosen","floor":20.0,"turns":3.0},{"damage":18.0,"enemies":"Shelled Parasite and Fungi","floor":23.0,"turns":7.0},{"damage":6.0,"enemies":"Sentry and Sphere","floor":26.0,"turns":5.0},{"damage":4.0,"enemies":"downfall:FleeingMerchant","floor":29.0,"turns":4.0},{"damage":1.0,"enemies":"Snake Plant","floor":31.0,"turns":4.0},{"damage":9.0,"enemies":"Centurion and Healer","floor":32.0,"turns":5.0},{"damage":59.0,"enemies":"SI_MIRROR_ARCHETYPE","floor":33.0,"turns":12.0},{"damage":14.0,"enemies":"3 Darklings","floor":36.0,"turns":6.0},{"damage":0.0,"enemies":"downfall:FleeingMerchant","floor":37.0,"turns":4.0},{"damage":17.0,"enemies":"Orb Walker","floor":38.0,"turns":4.0},{"damage":25.0,"enemies":"Orb Walker","floor":39.0,"turns":9.0},{"damage":6.0,"enemies":"Spire Growth","floor":43.0,"turns":4.0},{"damage":3,"enemies":"3 Darklings","floor":47,"turns":5},{"damage":0,"enemies":"4 Shapes","floor":49,"turns":6},{"damage":219,"enemies":"IC_BLOCK_ARCHETYPE","floor":50,"turns":6}],"seed_played":"5901446889819621415","potions_obtained":[{"floor":4.0,"key":"AttackPotion"},{"floor":10.0,"key":"Swift Potion"},{"floor":12.0,"key":"hexamod:EctoCoolerPotion"},{"floor":15.0,"key":"bronze:BurnAndBuffPotion"},{"floor":19.0,"key":"SteroidPotion"},{"floor":20.0,"key":"Weak Potion"},{"floor":23.0,"key":"LiquidMemories"},{"floor":32.0,"key":"FearPotion"},{"floor":33.0,"key":"PowerPotion"},{"floor":36.0,"key":"DuplicationPotion"},{"floor":39.0,"key":"AttackPotion"},{"floor":46.0,"key":"champ:CounterPotion"}],"is_trial":false,"path_per_floor":["R","M","M","?","?","R","T","R","M","M","R","M","R","M","M","B",null,"R","M","M","?","T","M","T","?","M","R","?","$","?","M","M","B",null,"R","M","$","M","?","?","T","R","M","R","?","?","M","R","M","B"],"character_chosen":"THE_SPIRIT","items_purchased":["Bag of Marbles","hexamod:AdvancingGuard","Medical Kit","expansioncontent:AwakenDeath"],"campfire_rested":1,"item_purchase_floors":[29,37,37,37],"current_hp_per_floor":[70,70,70,70,70,70,70,70,70,61,61,54,54,54,54,21,70,70,70,60,60,60,49,49,49,50,50,64,67,67,73,71,19,84,84,77,84,67,49,49,49,87,88,88,88,88,92,92,94,0,0,0],"gold":48,"neow_bonus":"THREE_ENEMY_KILL","is_daily":false,"chose_seed":false,"campfire_upgraded":9,"win_rate":0.0,"timestamp":1612650978,"path_taken":["R","M","M","?","?","R","T","R","M","M","R","M","R","M","M","BOSS","R","M","M","?","?","M","T","?","?","R","?","$","?","M","M","BOSS","R","M","$","M","?","?","T","R","?","R","?","?","M","R","M","BOSS"],"items_purchased_type":["Relic","Card","Relic","Card"],"build_version":"2020-12-22","purchased_purges":2,"victory":false,"max_hp_per_floor":[70,70,70,70,70,70,70,70,70,70,70,70,70,70,70,70,70,70,70,70,70,70,70,70,70,70,70,84,84,84,84,84,84,84,84,84,84,84,84,84,84,94,94,94,94,94,94,94,94,94,94,94],"relic_stats":{"counters":[25,108],"Shuriken":[31],"Blue Candle":[5],"War Paint":["hexamod:Hexaguard","hexamod:Defend"],"Medical Kit":[1],"obtain_stats":[{"downfall:HeartBlessingRed":42,"Blue Candle":4,"Oddly Smooth Stone":22,"downfall:HeartsMalice":0,"Mango":28,"Thread and Needle":39,"The Courier":34,"War Paint":24,"Medical Kit":37,"Calling Bell":34,"sneckomod:BabySnecko":30,"Anchor":34,"hexamod:UnbrokenSoul":17,"Shuriken":7,"downfall:HeartBlessingBlue":42,"Bag of Marbles":29,"hexamod:SpiritBrand":0,"TungstenRod":34},{"downfall:HeartBlessingRed":21,"Blue Candle":3,"Oddly Smooth Stone":11,"downfall:HeartsMalice":0,"Mango":13,"Thread and Needle":21,"The Courier":17,"War Paint":12,"Medical Kit":19,"Calling Bell":17,"sneckomod:BabySnecko":14,"Anchor":17,"hexamod:UnbrokenSoul":9,"Shuriken":3,"downfall:HeartBlessingBlue":21,"Bag of Marbles":14,"hexamod:SpiritBrand":0,"TungstenRod":17},{"downfall:HeartBlessingRed":87,"Blue Candle":0,"Oddly Smooth Stone":27,"downfall:HeartsMalice":0,"Mango":39,"Thread and Needle":87,"The Courier":64,"War Paint":34,"Medical Kit":74,"Calling Bell":64,"sneckomod:BabySnecko":43,"Anchor":64,"hexamod:UnbrokenSoul":21,"Shuriken":0,"downfall:HeartBlessingBlue":87,"Bag of Marbles":43,"hexamod:SpiritBrand":0,"TungstenRod":64}],"TungstenRod":18},"card_choices":[{"not_picked":["hexamod:NightmareStrike","hexamod:BacktrackSmack"],"picked":"hexamod:SpectralSpark","floor":2.0},{"not_picked":["hexamod:ChargedBarrage","hexamod:HeatShield"],"picked":"hexamod:SpectersWail","floor":3.0},{"not_picked":["hexamod:FastForward","hexamod:BacktrackSmack"],"picked":"hexamod:Hexaguard","floor":4.0},{"not_picked":["hexamod:GhostShield","hexamod:FlamesFromBeyond"],"picked":"hexamod:HeatShield","floor":9.0},{"not_picked":["hexamod:StepThrough","hexamod:HeatMetal"],"picked":"hexamod:SoulSteal","floor":10.0},{"not_picked":["hexamod:SoulSteal","hexamod:SuperheatedStrike"],"picked":"hexamod:FlamesFromBeyond","floor":12.0},{"not_picked":["hexamod:GhostLash","hexamod:GhostOfSpirePast"],"picked":"hexamod:TimeWarp","floor":14.0},{"not_picked":["hexamod:Firestarter","hexamod:GhostOfSpirePast"],"picked":"hexamod:DynamicBlow","floor":15.0},{"not_picked":["hexamod:HexaLevel","hexamod:FifthSeal"],"picked":"hexamod:VolcanoVisage","floor":16.0},{"not_picked":["hexamod:SwordOfDarkness","hexamod:HeatMetal","hexamod:SuperheatedStrike"],"picked":"SKIP","floor":19.0},{"not_picked":["hexamod:SuperheatedStrike+1","hexamod:ExtraCrispy+1"],"picked":"hexamod:NightmareGuise+1","floor":20.0},{"not_picked":["hexamod:FlamesFromBeyond","hexamod:SkipABeat"],"picked":"hexamod:PhantomFireball","floor":23.0},{"not_picked":["hexamod:HeatMetal","hexamod:NightmareGuise","hexamod:FourthSeal"],"picked":"SKIP","floor":26.0},{"not_picked":["hexamod:SpectralSpark","hexamod:GhostflameBarrier"],"picked":"hexamod:TimeWarp","floor":29.0},{"not_picked":["hexamod:RadiantFlame+1","hexamod:SpectralSpark"],"picked":"hexamod:GhostflameBarrier","floor":31.0},{"not_picked":["hexamod:FlamesFromBeyond","hexamod:ThermalTransfer"],"picked":"hexamod:PowerFromBeyond","floor":32.0},{"not_picked":["hexamod:SwordOfDarkness+1","hexamod:ShieldOfDarkness","hexamod:SpectralSpark"],"picked":"SKIP","floor":36.0},{"not_picked":["hexamod:NightmareStrike","hexamod:UnleashSpirits","hexamod:SpectersWail+1"],"picked":"SKIP","floor":37.0},{"not_picked":["hexamod:NightmareGuise+1","hexamod:GhostflameBarrier"],"picked":"hexamod:Hexaguard","floor":38.0},{"not_picked":["hexamod:DynamicBlow+1","hexamod:HeatMetal","hexamod:FastForward"],"picked":"SKIP","floor":43.0},{"not_picked":["hexamod:HauntingEcho+1","hexamod:EmpoweredFlame+1"],"picked":"hexamod:Incineration+1","floor":47},{"not_picked":["hexamod:NightmareGuise","hexamod:RainOfEmbers+1"],"picked":"hexamod:PhantomCloak+1","floor":49}],"player_experience":1589180,"relics_obtained":[{"floor":4.0,"key":"Blue Candle"},{"floor":7.0,"key":"Shuriken"},{"floor":22.0,"key":"Oddly Smooth Stone"},{"floor":24.0,"key":"War Paint"},{"floor":34.0,"key":"Anchor"},{"floor":34.0,"key":"The Courier"},{"floor":34.0,"key":"TungstenRod"},{"floor":39.0,"key":"Thread and Needle"}],"event_choices":[{"damage_healed":0.0,"max_hp_gain":0.0,"max_hp_loss":0.0,"gold_gain":0.0,"event_name":"The Library","player_choice":"Read","floor":21.0,"gold_loss":0.0,"damage_taken":0.0,"cards_obtained":["hexamod:FirstSeal"]},{"damage_healed":0.0,"max_hp_gain":0.0,"max_hp_loss":0.0,"gold_gain":0.0,"event_name":"Lab","player_choice":"Got Potions","floor":46.0,"gold_loss":0.0,"damage_taken":0.0}],"is_beta":false,"boss_relics":[{"not_picked":["bronze:MakeshiftBattery","Tiny House"],"picked":"hexamod:UnbrokenSoul"},{"not_picked":["Runic Pyramid","Runic Dome"],"picked":"Calling Bell"}],"items_purged_floors":[29,37],"is_endless":false,"potions_floor_spawned":[4,10,12,14,15,19,20,23,32,33,36,39,43,49],"killed_by":"IC_BLOCK_ARCHETYPE","ascension_level":0}}