{"host":"1c17lcvl7acx821p","time":1613070620,"event":{"mods":["AchievementEnabler","BaseMod","Bestiary","Colored Map","Minty Spire (QoL Compilation)","Quick Restart","Relic Sorter","StSLib","ojb\u0027s Better Paths Mod","ojb\u0027s Info Mod"],"gold_per_floor":[109,109,0,20,33,66,66,96,96,96,96,109,137,169,181,193,193],"floor_reached":16,"language":"ENG","playtime":424,"items_purged":[],"score":240,"play_id":"8984243b-4e48-4d13-b67d-052df9764764","local_time":"20210211211020","is_ascension_mode":true,"campfire_choices":[{"data":"Hyperbeam","floor":7.0,"key":"SMITH"},{"floor":11.0,"key":"REST"},{"data":"Beam Cell","floor":15,"key":"SMITH"}],"circlet_count":0,"master_deck":["AscendersBane","Strike_B","Strike_B","Strike_B","Strike_B","Defend_B","Defend_B","Defend_B","Defend_B","Zap+1","Dualcast","Cold Snap","Ball Lightning","Coolheaded","Hyperbeam+1","Rebound","Hyperbeam+1","Sweeping Beam","Chaos","Go for the Eyes","Beam Cell+1"],"relics":["Cracked Core","NeowsBlessing","Bag of Marbles","Symbiotic Virus","HornCleat","MawBank"],"acts_visited":["Exordium"],"potions_floor_usage":[16],"damage_taken":[{"damage":0.0,"enemies":"2 Louse","floor":1.0,"turns":1.0},{"damage":0.0,"enemies":"Cultist","floor":4.0,"turns":1.0},{"damage":0.0,"enemies":"Jaw Worm","floor":5.0,"turns":1.0},{"damage":32.0,"enemies":"Lagavulin","floor":6.0,"turns":8.0},{"damage":6.0,"enemies":"Gremlin Nob","floor":8.0,"turns":3.0},{"damage":5.0,"enemies":"Gremlin Gang","floor":12.0,"turns":2.0},{"damage":3.0,"enemies":"3 Sentries","floor":13.0,"turns":3.0},{"damage":2,"enemies":"3 Louse","floor":14,"turns":2},{"damage":33,"enemies":"The Guardian","floor":16,"turns":8}],"seed_played":"-4640995383384860461","potions_obtained":[{"floor":4.0,"key":"Weak Potion"},{"floor":8.0,"key":"LiquidMemories"},{"floor":14,"key":"SkillPotion"}],"is_trial":false,"path_per_floor":["M","?","$","M","M","E","R","E","T","?","R","M","E","M","R","B"],"character_chosen":"DEFECT","items_purchased":["Ball Lightning","Coolheaded"],"campfire_rested":1,"item_purchase_floors":[3,3],"current_hp_per_floor":[64,64,64,64,64,32,32,26,26,26,47,42,39,37,37,4,4],"gold":193,"neow_bonus":"THREE_ENEMY_KILL","is_daily":false,"chose_seed":false,"campfire_upgraded":2,"win_rate":0.0,"timestamp":1613070620,"path_taken":["M","?","$","M","?","E","R","E","T","?","R","M","E","M","R","BOSS"],"items_purchased_type":["Card","Card"],"build_version":"2020-12-22","purchased_purges":0,"victory":false,"max_hp_per_floor":[71,71,71,71,71,71,71,71,71,71,71,71,71,71,71,71,71],"card_choices":[{"not_picked":["Hologram","Rebound"],"picked":"Cold Snap","floor":1.0},{"not_picked":["Aggregate","Leap"],"picked":"Hyperbeam","floor":4.0},{"not_picked":["Barrage","Turbo"],"picked":"Rebound","floor":5.0},{"not_picked":["Leap","Melter"],"picked":"Hyperbeam","floor":6.0},{"not_picked":["Storm","Ball Lightning"],"picked":"Sweeping Beam","floor":8.0},{"not_picked":["Gash","Cold Snap"],"picked":"Chaos","floor":12.0},{"not_picked":["Stack","Fusion"],"picked":"Go for the Eyes","floor":13.0},{"not_picked":["Redo","Rebound"],"picked":"Beam Cell","floor":14}],"player_experience":318008,"relics_obtained":[{"floor":6.0,"key":"Bag of Marbles"},{"floor":8.0,"key":"Symbiotic Virus"},{"floor":9.0,"key":"HornCleat"},{"floor":13.0,"key":"MawBank"}],"event_choices":[{"damage_healed":0.0,"max_hp_gain":0.0,"max_hp_loss":0.0,"gold_gain":0.0,"event_name":"Upgrade Shrine","player_choice":"Upgraded","floor":2.0,"gold_loss":0.0,"damage_taken":0.0,"cards_upgraded":["Zap"]},{"damage_healed":0.0,"max_hp_gain":0.0,"max_hp_loss":0.0,"gold_gain":0.0,"event_name":"Accursed Blacksmith","player_choice":"Forge","floor":10.0,"gold_loss":0.0,"damage_taken":0.0,"cards_upgraded":["Hyperbeam"]}],"is_beta":false,"boss_relics":[],"items_purged_floors":[],"is_endless":false,"potions_floor_spawned":[4,8,14],"killed_by":"The Guardian","ascension_level":20}}