{"host":"qbjtml023iza03hb","time":1613068696,"event":{"mods":["AchievementEnabler","BaseMod","Better Sensory Stone","Better Skull","Hermit","Minty Spire (QoL Compilation)","StSLib","The Animator","The Cursed"],"gold_per_floor":[119,119,131,146,157,157,190,190,267,286,313,329,342,113,113,208,208,224,224,224,224,224,251,267,293,316,316,329,77,77,90,90,185,185,202,202,152,152,202,202,252,252,252,264,15,15,27,62,62,62,62,62,12,40,40,40],"floor_reached":55,"language":"FRA","playtime":3919,"items_purged":["Defend_R","Defend_R","Strike_R","Strike_R","Strike_R"],"score":801,"play_id":"47e17c3c-b707-40ba-a131-027f3ad71af5","local_time":"20210211193816","is_ascension_mode":true,"campfire_choices":[{"data":"Perfected Strike","floor":6.0,"key":"SMITH"},{"data":"Perfected Strike","floor":8.0,"key":"SMITH"},{"data":"Perfected Strike","floor":15.0,"key":"SMITH"},{"data":"Perfected Strike","floor":27.0,"key":"SMITH"},{"data":"Pommel Strike","floor":32.0,"key":"SMITH"},{"data":"Pommel Strike","floor":40.0,"key":"SMITH"},{"data":"Evolve","floor":42.0,"key":"SMITH"},{"floor":49,"key":"RECALL"},{"data":"Madness","floor":52,"key":"SMITH"}],"circlet_count":0,"master_deck":["Strike_R","Strike_R","Defend_R+1","Defend_R+1","Bash+1","Perfected Strike+1","Fire Breathing","Dropkick","Wild Strike","Perfected Strike+1","Perfected Strike+1","Berserk","Perfected Strike+1","Pommel Strike+1","Reaper","Evolve+1","Berserk","Whirlwind+1","Ghostly Armor+1","Pommel Strike+1","Berserk","Ghostly Armor+1","Madness","Madness+1","Warcry+1","Uppercut+1","Warcry+1","Impervious","AscendersBane","Pommel Strike+1"],"relics":["Burning Blood","Gambling Chip","Singing Bowl","MealTicket","Toolbox","SlaversCollar","Juzu Bracelet","Dream Catcher","Bottled Flame","Smiling Mask","Ancient Tea Set","Mark of Pain","Prayer Wheel","Girya","Potion Belt","Vajra"],"acts_visited":["Exordium","TheCity","TheBeyond","TheEnding"],"potions_floor_usage":[47,50,54],"damage_taken":[{"damage":9.0,"enemies":"Jaw Worm","floor":1.0,"turns":4.0},{"damage":0.0,"enemies":"Cultist","floor":3.0,"turns":3.0},{"damage":6.0,"enemies":"2 Louse","floor":4.0,"turns":2.0},{"damage":17.0,"enemies":"Large Slime","floor":5.0,"turns":5.0},{"damage":15.0,"enemies":"Lagavulin","floor":7.0,"turns":3.0},{"damage":6.0,"enemies":"Exordium Thugs","floor":10.0,"turns":4.0},{"damage":4.0,"enemies":"3 Louse","floor":12.0,"turns":3.0},{"damage":0.0,"enemies":"Large Slime","floor":13.0,"turns":4.0},{"damage":30.0,"enemies":"Hexaghost","floor":16.0,"turns":7.0},{"damage":0.0,"enemies":"2 Thieves","floor":18.0,"turns":2.0},{"damage":20.0,"enemies":"Slavers","floor":23.0,"turns":4.0},{"damage":0.0,"enemies":"Chosen","floor":24.0,"turns":3.0},{"damage":13.0,"enemies":"Book of Stabbing","floor":25.0,"turns":2.0},{"damage":0.0,"enemies":"Snecko","floor":28.0,"turns":2.0},{"damage":0.0,"enemies":"Sentry and Sphere","floor":31.0,"turns":1.0},{"damage":75.0,"enemies":"Automaton","floor":33.0,"turns":7.0},{"damage":19.0,"enemies":"3 Darklings","floor":35.0,"turns":3.0},{"damage":11.0,"enemies":"2 Orb Walkers","floor":39.0,"turns":3.0},{"damage":0.0,"enemies":"Mind Bloom Boss Battle","floor":41.0,"turns":2.0},{"damage":9.0,"enemies":"3 Shapes","floor":44.0,"turns":3.0},{"damage":24,"enemies":"Jaw Worm Horde","floor":47,"turns":4},{"damage":33,"enemies":"Nemesis","floor":48,"turns":5},{"damage":90,"enemies":"Time Eater","floor":50,"turns":8},{"damage":68,"enemies":"Shield and Spear","floor":54,"turns":5},{"damage":56,"enemies":"The Heart","floor":55,"turns":2}],"seed_played":"-2544404392667283608","potions_obtained":[{"floor":3.0,"key":"FairyPotion"},{"floor":5.0,"key":"DistilledChaos"},{"floor":10.0,"key":"SkillPotion"},{"floor":12.0,"key":"DistilledChaos"},{"floor":24.0,"key":"Swift Potion"},{"floor":25.0,"key":"Energy Potion"},{"floor":33.0,"key":"SteroidPotion"},{"floor":44.0,"key":"FearPotion"},{"floor":48,"key":"LiquidBronze"},{"floor":54,"key":"SpeedPotion"}],"is_trial":false,"path_per_floor":["M","?","M","M","M","R","E","R","T","M","T","M","M","$","R","B",null,"M","T","?","?","?","E","M","E","T","R","M","$","?","M","R","B",null,"M","?","$","?","?","R","?","R","T","M","$","?","M","E","R","B",null,"R","$","E","B"],"character_chosen":"IRONCLAD","items_purchased":["Toolbox","Pommel Strike","Ancient Tea Set","Impervious","PowerPotion"],"campfire_rested":0,"item_purchase_floors":[14,29,29,45,45],"current_hp_per_floor":[77,61,67,67,56,56,47,47,47,49,49,51,59,74,74,50,84,84,84,84,84,84,70,82,75,75,75,81,86,86,88,88,23,88,75,64,79,79,74,74,80,80,80,80,90,90,76,51,51,34,96,96,96,39,0,0],"gold":40,"neow_bonus":"UPGRADE_CARD","is_daily":false,"chose_seed":false,"campfire_upgraded":8,"win_rate":0.0,"timestamp":1613068696,"path_taken":["M","?","M","M","M","R","E","R","T","M","?","?","M","$","R","BOSS","M","?","?","?","?","E","M","E","T","R","M","$","?","M","R","BOSS","M","?","$","?","?","R","?","R","T","M","$","?","M","E","R","BOSS","R","$","E","BOSS"],"items_purchased_type":["Relic","Card","Relic","Card","Potion"],"build_version":"2020-12-22","purchased_purges":5,"victory":false,"max_hp_per_floor":[80,80,80,80,80,80,80,80,80,82,82,82,84,84,84,84,84,84,84,84,84,84,84,86,86,86,86,86,86,86,88,88,88,88,88,88,88,88,88,88,88,88,88,90,90,90,94,96,96,96,96,96,96,98,98,98],"card_choices":[{"not_picked":["Havoc","Body Slam"],"picked":"Perfected Strike","floor":1.0},{"not_picked":["Iron Wave","Flex"],"picked":"Fire Breathing","floor":3.0},{"not_picked":["Reckless Charge","Clash"],"picked":"Dropkick","floor":4.0},{"not_picked":["Sword Boomerang","Pummel"],"picked":"Wild Strike","floor":5.0},{"not_picked":["Twin Strike","Uppercut"],"picked":"Perfected Strike","floor":7.0},{"not_picked":["Cleave","Iron Wave","Armaments"],"picked":"Singing Bowl","floor":10.0},{"not_picked":["Heavy Blade","Cleave"],"picked":"Perfected Strike","floor":12.0},{"not_picked":["Clash","True Grit","Limit Break"],"picked":"Singing Bowl","floor":13.0},{"not_picked":["Limit Break","Exhume"],"picked":"Berserk","floor":16.0},{"not_picked":["Iron Wave","True Grit"],"picked":"Perfected Strike","floor":18.0},{"not_picked":["Thunderclap","Sword Boomerang+1"],"picked":"Berserk","floor":23.0},{"not_picked":["Twin Strike+1","Intimidate+1","Body Slam"],"picked":"Singing Bowl","floor":24.0},{"not_picked":["Wild Strike","Combust"],"picked":"Whirlwind+1","floor":25.0},{"not_picked":["Warcry","Twin Strike"],"picked":"Ghostly Armor+1","floor":28.0},{"not_picked":["Flex","Inflame","Heavy Blade"],"picked":"Singing Bowl","floor":31.0},{"not_picked":["Immolate","Brutality"],"picked":"Berserk","floor":33.0},{"not_picked":["Pommel Strike","Perfected Strike+1"],"picked":"Ghostly Armor+1","floor":35.0},{"not_picked":["Thunderclap","Spot Weakness+1"],"picked":"Warcry+1","floor":39.0},{"not_picked":["Clash+1","Shrug It Off"],"picked":"Uppercut+1","floor":41.0},{"not_picked":["Reckless Charge+1","Bloodletting","Rupture+1"],"picked":"Singing Bowl","floor":44.0},{"not_picked":["Iron Wave+1","Clash+1"],"picked":"Warcry+1","floor":44.0},{"not_picked":["Seeing Red","Inflame+1","True Grit+1"],"picked":"Singing Bowl","floor":47},{"not_picked":["Combust","Sever Soul","Anger"],"picked":"Singing Bowl","floor":47},{"not_picked":["Dual Wield","Limit Break","Cleave"],"picked":"Singing Bowl","floor":48},{"not_picked":["Pommel Strike","Searing Blow","Thunderclap+1"],"picked":"Singing Bowl","floor":54}],"player_experience":568108,"relics_obtained":[{"floor":7.0,"key":"Gambling Chip"},{"floor":9.0,"key":"Singing Bowl"},{"floor":11.0,"key":"MealTicket"},{"floor":19.0,"key":"Juzu Bracelet"},{"floor":23.0,"key":"Dream Catcher"},{"floor":25.0,"key":"Bottled Flame"},{"floor":26.0,"key":"Smiling Mask"},{"floor":39.0,"key":"Prayer Wheel"},{"floor":41.0,"key":"Girya"},{"floor":48,"key":"Potion Belt"},{"floor":54,"key":"Vajra"}],"event_choices":[{"damage_healed":0.0,"max_hp_gain":0.0,"max_hp_loss":0.0,"gold_gain":0.0,"event_name":"Shining Light","player_choice":"Entered Light","floor":2.0,"gold_loss":0.0,"damage_taken":16.0,"cards_upgraded":["Defend_R","Defend_R"]},{"damage_healed":0.0,"max_hp_gain":0.0,"max_hp_loss":0.0,"gold_gain":0.0,"event_name":"The Library","player_choice":"Read","floor":20.0,"gold_loss":0.0,"damage_taken":0.0,"cards_obtained":["Pommel Strike"]},{"damage_healed":0.0,"max_hp_gain":0.0,"max_hp_loss":0.0,"gold_gain":0.0,"event_name":"Match and Keep!","player_choice":"2 cards matched","floor":21.0,"gold_loss":0.0,"damage_taken":0.0,"cards_obtained":["Reaper","Evolve"]},{"damage_healed":0.0,"max_hp_gain":0.0,"max_hp_loss":0.0,"gold_gain":0.0,"event_name":"The Mausoleum","player_choice":"Ignored","floor":22.0,"gold_loss":0.0,"damage_taken":0.0},{"damage_healed":0.0,"max_hp_gain":0.0,"max_hp_loss":0.0,"gold_gain":0.0,"event_name":"Vampires","player_choice":"Ignored","floor":30.0,"gold_loss":0.0,"damage_taken":0.0},{"damage_healed":0.0,"max_hp_gain":0.0,"max_hp_loss":0.0,"gold_gain":0.0,"event_name":"Winding Halls","player_choice":"Embrace Madness","floor":36.0,"gold_loss":0.0,"damage_taken":11.0,"cards_obtained":["Madness","Madness"]},{"damage_healed":0.0,"max_hp_gain":0.0,"max_hp_loss":0.0,"gold_gain":0.0,"event_name":"Tomb of Lord Red Mask","player_choice":"Ignored","floor":38.0,"gold_loss":0.0,"damage_taken":0.0},{"damage_healed":0.0,"max_hp_gain":0.0,"max_hp_loss":0.0,"gold_gain":0.0,"event_name":"Mysterious Sphere","player_choice":"Fight","floor":39.0,"gold_loss":0.0,"damage_taken":0.0},{"damage_healed":0.0,"max_hp_gain":0.0,"max_hp_loss":0.0,"gold_gain":0.0,"event_name":"MindBloom","player_choice":"Fight","floor":41.0,"gold_loss":0.0,"damage_taken":0.0},{"damage_healed":0.0,"max_hp_gain":0.0,"max_hp_loss":0.0,"gold_gain":3.0,"event_name":"betterStone:BetterStone","player_choice":"3","floor":46.0,"gold_loss":0.0,"damage_taken":0.0,"cards_obtained":["Pommel Strike"]}],"is_beta":false,"boss_relics":[{"not_picked":["Pandora\u0027s Box","Runic Pyramid"],"picked":"SlaversCollar"},{"not_picked":["Fusion Hammer","Calling Bell"],"picked":"Mark of Pain"}],"items_purged_floors":[14,29,37,45,53],"is_endless":false,"potions_floor_spawned":[3,5,10,12,13,24,25,33,44,48,54],"killed_by":"The Heart","ascension_level":2}}