{"host":"1bzbl1adcbkdzqlf","time":1613079992,"event":{"mods":["BaseMod","Minty Spire (QoL Compilation)","Slay the Relics Exporter"],"gold_per_floor":[110,185,185,185,204,230,245,274,300,2,29,29,40,40,40,114,114,127,142,67,67,81,106,106,134,134,168,168,168,183,201,201,273,273,290,140,140,140],"floor_reached":37,"language":"ENG","playtime":3064,"items_purged":["Strike_R"],"score":867,"play_id":"c658df17-f5fa-4f68-a8c4-51c828baf586","local_time":"20210211154632","is_ascension_mode":true,"campfire_choices":[{"data":"Uppercut","floor":12,"key":"SMITH"},{"data":"Ghostly Armor","floor":15,"key":"SMITH"},{"data":"Double Tap","floor":24,"key":"SMITH"},{"data":"Iron Wave","floor":28,"key":"SMITH"},{"data":"Spot Weakness","floor":32,"key":"SMITH"}],"circlet_count":0,"master_deck":["AscendersBane","Defend_R","Defend_R","Defend_R","Bash+1","Cleave","Iron Wave+1","Headbutt","Power Through","Uppercut+1","Ghostly Armor+1","Metallicize","Double Tap+1","Bite","Bite","Bite","Bite","Bite","Spot Weakness+1","Shrug It Off+1","Juggernaut"],"relics":["Burning Blood","NeowsBlessing","PreservedInsect","Juzu Bracelet","Ancient Tea Set","Orichalcum","ClockworkSouvenir","Singing Bowl","Busted Crown","Art of War","Ornamental Fan","Darkstone Periapt","Letter Opener","Black Star","Vajra"],"acts_visited":["Exordium","TheCity","TheBeyond"],"potions_floor_usage":[8,11,16,23,25,27,31,33],"damage_taken":[{"damage":0,"enemies":"Jaw Worm","floor":1,"turns":1},{"damage":0,"enemies":"2 Louse","floor":5,"turns":1},{"damage":0,"enemies":"Gremlin Nob","floor":6,"turns":1},{"damage":1,"enemies":"Cultist","floor":7,"turns":3},{"damage":0,"enemies":"Lagavulin","floor":8,"turns":5},{"damage":5,"enemies":"3 Sentries","floor":11,"turns":5},{"damage":0,"enemies":"Looter","floor":13,"turns":3},{"damage":28,"enemies":"Hexaghost","floor":16,"turns":12},{"damage":13,"enemies":"Shell Parasite","floor":18,"turns":4},{"damage":13,"enemies":"3 Byrds","floor":19,"turns":6},{"damage":28,"enemies":"Centurion and Healer","floor":22,"turns":7},{"damage":33,"enemies":"Slavers","floor":23,"turns":8},{"damage":26,"enemies":"Book of Stabbing","floor":25,"turns":5},{"damage":25,"enemies":"Slavers","floor":27,"turns":5},{"damage":3,"enemies":"Shelled Parasite and Fungi","floor":30,"turns":4},{"damage":6,"enemies":"3 Cultists","floor":31,"turns":6},{"damage":69,"enemies":"Champ","floor":33,"turns":10},{"damage":38,"enemies":"3 Shapes","floor":35,"turns":6},{"damage":59,"enemies":"2 Orb Walkers","floor":37,"turns":4}],"seed_played":"645667222041186093","potions_obtained":[{"floor":6,"key":"ColorlessPotion"},{"floor":7,"key":"Energy Potion"},{"floor":11,"key":"SpeedPotion"},{"floor":13,"key":"BlessingOfTheForge"},{"floor":18,"key":"BloodPotion"},{"floor":23,"key":"DuplicationPotion"},{"floor":25,"key":"Fire Potion"},{"floor":27,"key":"Swift Potion"},{"floor":30,"key":"BlessingOfTheForge"}],"is_trial":false,"path_per_floor":["M","?","?","?","M","E","M","E","T","$","E","R","M","?","R","B",null,"M","M","$","?","M","E","R","E","T","E","R","?","M","M","R","B",null,"M","$","?"],"character_chosen":"IRONCLAD","items_purchased":["Orichalcum","ClockworkSouvenir","Vajra"],"campfire_rested":0,"item_purchase_floors":[10,10,36],"current_hp_per_floor":[74,63,48,53,59,65,70,76,76,76,77,77,82,82,82,60,77,72,67,67,60,54,49,49,41,41,36,36,36,49,68,68,29,58,36,36,0,0],"gold":140,"neow_bonus":"THREE_ENEMY_KILL","is_daily":false,"chose_seed":false,"campfire_upgraded":5,"win_rate":0.0,"timestamp":1613079992,"path_taken":["M","?","?","?","M","E","M","E","T","$","E","R","M","?","R","BOSS","M","M","$","?","M","E","R","E","T","E","R","?","M","M","R","BOSS","M","$","?"],"items_purchased_type":["Relic","Relic","Relic"],"build_version":"2020-12-22","purchased_purges":1,"victory":false,"max_hp_per_floor":[75,75,75,80,80,80,80,80,80,80,80,80,82,82,82,82,82,84,86,86,60,62,62,62,64,64,66,66,66,66,68,68,68,68,70,70,70,70],"card_choices":[{"not_picked":["Shrug It Off","Armaments"],"picked":"Cleave","floor":1},{"not_picked":["Fire Breathing","Clothesline"],"picked":"Iron Wave","floor":5},{"not_picked":["Flex","Dropkick"],"picked":"Headbutt","floor":6},{"not_picked":["Havoc","Searing Blow"],"picked":"Power Through","floor":7},{"not_picked":["Corruption","Reckless Charge"],"picked":"Uppercut","floor":8},{"not_picked":["Sentinel","Flex"],"picked":"Ghostly Armor","floor":11},{"not_picked":["Whirlwind","Rupture","Anger"],"picked":"Singing Bowl","floor":13},{"not_picked":["Fiend Fire","Bludgeon"],"picked":"Double Tap","floor":16},{"not_picked":["Perfected Strike"],"picked":"Singing Bowl","floor":18},{"not_picked":["Seeing Red"],"picked":"Singing Bowl","floor":19},{"not_picked":["Seeing Red"],"picked":"Singing Bowl","floor":22},{"not_picked":[],"picked":"Spot Weakness","floor":23},{"not_picked":["Feel No Pain"],"picked":"Singing Bowl","floor":25},{"not_picked":["Combust"],"picked":"Singing Bowl","floor":27},{"not_picked":[],"picked":"Shrug It Off+1","floor":30},{"not_picked":["Anger"],"picked":"Singing Bowl","floor":31},{"not_picked":[],"picked":"Juggernaut","floor":33},{"not_picked":["Heavy Blade"],"picked":"Singing Bowl","floor":35}],"player_experience":443715,"relics_obtained":[{"floor":6,"key":"PreservedInsect"},{"floor":8,"key":"Juzu Bracelet"},{"floor":9,"key":"Ancient Tea Set"},{"floor":11,"key":"Singing Bowl"},{"floor":23,"key":"Art of War"},{"floor":25,"key":"Ornamental Fan"},{"floor":26,"key":"Darkstone Periapt"},{"floor":27,"key":"Letter Opener"}],"event_choices":[{"damage_healed":0,"gold_gain":75,"player_choice":"Gather Gold","damage_taken":11,"max_hp_gain":0,"max_hp_loss":0,"event_name":"World of Goop","floor":2,"gold_loss":0},{"damage_healed":0,"gold_gain":0,"player_choice":"Entered Light","damage_taken":15,"max_hp_gain":0,"max_hp_loss":0,"event_name":"Shining Light","floor":3,"gold_loss":0,"cards_upgraded":["Bash","Strike_R"]},{"damage_healed":0,"gold_gain":0,"player_choice":"Donut","damage_taken":0,"max_hp_gain":5,"max_hp_loss":0,"event_name":"Big Fish","floor":4,"gold_loss":0},{"damage_healed":0,"gold_gain":0,"player_choice":"1 cards matched","damage_taken":0,"max_hp_gain":0,"max_hp_loss":0,"event_name":"Match and Keep!","floor":14,"gold_loss":0,"cards_obtained":["Metallicize"]},{"damage_healed":0,"gold_gain":0,"player_choice":"Became a vampire","damage_taken":0,"max_hp_gain":0,"max_hp_loss":26,"event_name":"Vampires","floor":21,"gold_loss":0,"cards_obtained":["Bite","Bite","Bite","Bite","Bite"]},{"cards_removed":["Defend_R"],"damage_healed":0,"gold_gain":0,"player_choice":"Elegance","damage_taken":0,"max_hp_gain":0,"max_hp_loss":0,"event_name":"Back to Basics","floor":29,"gold_loss":0},{"damage_healed":0,"gold_gain":0,"player_choice":"Fight","damage_taken":0,"max_hp_gain":0,"max_hp_loss":0,"event_name":"Mysterious Sphere","floor":37,"gold_loss":0}],"is_beta":false,"boss_relics":[{"not_picked":["Tiny House","Black Blood"],"picked":"Busted Crown"},{"not_picked":["Philosopher\u0027s Stone","Sozu"],"picked":"Black Star"}],"items_purged_floors":[20],"is_endless":false,"potions_floor_spawned":[6,7,11,13,18,23,25,27,30],"killed_by":"2 Orb Walkers","ascension_level":14}}