{"host":"xp27heuvanyklt0b","time":1613025460,"event":{"mods":["100% Spire Juice","BaseMod","Lobotomy","Minty Spire (QoL Compilation)","StSLib"],"gold_per_floor":[118,132,146,166,131,131,161,180,180,180,195,210,230,262,262,363,363,376,147,161,171,171,171,190,225,225,245,245,258,263,263,263,362,362,372,372,384,403,403,403,428,55,55,66,116,116,127,137,137,137,137],"floor_reached":50,"language":"KOR","playtime":3205,"items_purged":[],"score":630,"play_id":"1513c3a3-fec7-42dd-b1bc-9c872fc09338","local_time":"20210211153740","is_ascension_mode":false,"campfire_choices":[],"circlet_count":0,"master_deck":["SpecialBullet","SpecialBullet","SpecialBullet","SpecialBullet","SpecialBullet","SpecialBullet","SpecialBullet","SpecialBullet","ExtractionCode","SecurityCode","TrainingCode","Justitia","Wingbeat","Bloodbath","BearPaw","RedEyes","ShyLook","SolemnVow","OSAHOGD","Lamp+5","Heaven","BloodyDesire","OldLady","ShedSkin","Penitence","Freischutz","Tough","Wellcheers","Logging","Hornet","DespairKnight","RedEyes","Horn","Diffraction","UniverseFragment","TheSmile","WristCuter+1","BeautyBeast","Laetitia_ego+1","Hypocrisy+1","Lantern","SingingMachine","Hypocrisy+1","Variant","RapturousDream+1","MagicBullet+1","MHz","InTheNameOfLoveAndHate+1","SwordSharpenedByTears+1","VoidDream","Moonlight+1","Ecstasy+1","DisciplinaryCode","Twilight+1","RedShoes","Christmas+1","BlackSwan","Soda+1","Twilight+1","ParadiseLost+1","PunishingBird","Harmony+1","Madness+1","Madness+1","LittlePrince","Adoration+1","Bandage Up+1","ScreamingWedge+1","InformationCode","GoldRush+1","FourthMatchFlame+1","Diffraction+1","ControlCode"],"relics":["CogitoBucket","Gambling Chip","BackwardClock","Mummified Hand","Calling Bell","MealTicket","Toxic Egg 2","Bird Faced Urn","AdjustmentMirror","Potion Belt","Mango","Bottled Lightning","HellTrain","AtMidnight","Bag of Preparation","Busted Crown","Bottled Tornado","Turnip","White Beast Statue","Torii"],"acts_visited":["Exordium","TheCity","TheBeyond"],"potions_floor_usage":[12,12,18,27,50,50,50,50,50],"damage_taken":[{"damage":0,"enemies":"Small Slimes","floor":1,"turns":3},{"damage":11,"enemies":"Jaw Worm","floor":2,"turns":4},{"damage":0,"enemies":"2 Louse","floor":3,"turns":2},{"damage":15,"enemies":"Exordium Thugs","floor":4,"turns":4},{"damage":28,"enemies":"3 Sentries","floor":7,"turns":5},{"damage":44,"enemies":"3 Louse","floor":8,"turns":3},{"damage":0,"enemies":"Large Slime","floor":11,"turns":3},{"damage":6,"enemies":"Looter","floor":12,"turns":2},{"damage":0,"enemies":"Exordium Wildlife","floor":13,"turns":2},{"damage":30,"enemies":"Lagavulin","floor":14,"turns":6},{"damage":42,"enemies":"Hexaghost","floor":16,"turns":9},{"damage":62,"enemies":"3 Byrds","floor":18,"turns":10},{"damage":17,"enemies":"Spheric Guardian","floor":20,"turns":4},{"damage":1,"enemies":"Chosen and Byrds","floor":21,"turns":4},{"damage":25,"enemies":"Shelled Parasite and Fungi","floor":24,"turns":6},{"damage":19,"enemies":"Book of Stabbing","floor":25,"turns":6},{"damage":53,"enemies":"Snecko","floor":27,"turns":8},{"damage":0,"enemies":"Chosen and Byrds","floor":29,"turns":3},{"damage":25,"enemies":"Slavers","floor":30,"turns":4},{"damage":76,"enemies":"Automaton","floor":33,"turns":8},{"damage":19,"enemies":"3 Shapes","floor":35,"turns":3},{"damage":35,"enemies":"3 Darklings","floor":37,"turns":4},{"damage":0,"enemies":"Jaw Worm Horde","floor":38,"turns":4},{"damage":0,"enemies":"Reptomancer","floor":41,"turns":3},{"damage":8,"enemies":"Transient","floor":44,"turns":5},{"damage":20,"enemies":"Mind Bloom Boss Battle","floor":45,"turns":6},{"damage":0,"enemies":"Spire Growth","floor":47,"turns":2},{"damage":0,"enemies":"Maw","floor":48,"turns":4},{"damage":105,"enemies":"Donu and Deca","floor":50,"turns":4}],"seed_played":"-8630684858935808191","potions_obtained":[{"floor":7,"key":"EssenceOfSteel"},{"floor":8,"key":"Ancient Potion"},{"floor":12,"key":"Fruit Juice"},{"floor":13,"key":"Swift Potion"},{"floor":14,"key":"SteroidPotion"},{"floor":20,"key":"SmokeBomb"},{"floor":21,"key":"Swift Potion"},{"floor":27,"key":"EssenceOfSteel"},{"floor":29,"key":"PowerPotion"},{"floor":30,"key":"Dexterity Potion"},{"floor":33,"key":"Block Potion"}],"is_trial":false,"path_per_floor":["M","M","M","M","?","R","E","M","T","R","M","M","M","E","R","B",null,"M","$","M","M","?","R","M","E","T","M","R","M","E","?","R","B",null,"M","?","M","M","?","R","E","$","T","M","?","R","M","M","R","B"],"character_chosen":"Angela","items_purchased":["Hypocrisy+1","Potion Belt","Turnip","ScreamingWedge+1"],"campfire_rested":0,"item_purchase_floors":[19,19,42,42],"current_hp_per_floor":[57,55,63,57,70,70,51,16,16,16,29,43,60,49,49,53,75,55,70,75,75,75,75,75,89,89,75,75,89,89,89,89,58,89,89,78,77,89,89,89,89,89,89,89,89,89,89,89,89,0,0],"gold":137,"neow_bonus":"THREE_RARE_CARDS","is_daily":false,"chose_seed":false,"campfire_upgraded":0,"win_rate":0.0,"timestamp":1613025460,"path_taken":["M","M","M","M","?","R","E","M","T","R","M","M","M","E","R","BOSS","M","$","M","M","?","R","M","E","T","M","R","M","E","?","R","BOSS","M","?","M","M","?","R","E","$","T","M","?","R","M","M","R","BOSS"],"items_purchased_type":["Card","Relic","Relic","Card"],"build_version":"2020-12-22","purchased_purges":0,"victory":false,"max_hp_per_floor":[70,70,70,70,70,70,70,70,70,70,70,75,75,75,75,75,75,75,75,75,75,75,75,75,89,89,89,89,89,89,89,89,89,89,89,89,89,89,89,89,89,89,89,89,89,89,89,89,89,89,89],"card_choices":[{"not_picked":["DaCapo","CENSORED_ego"],"picked":"Justitia","floor":0},{"not_picked":["RedEyes"],"picked":"Wingbeat","floor":1},{"not_picked":["Mercenary","SpiderBud"],"picked":"Bloodbath","floor":1},{"not_picked":["Horn"],"picked":"BearPaw","floor":1},{"not_picked":["Regret_ego"],"picked":"RedEyes","floor":2},{"not_picked":["DespairKnight","WallGazer"],"picked":"ShyLook","floor":2},{"not_picked":["Loneliness"],"picked":"SolemnVow","floor":2},{"not_picked":["FairyFestival","BlackSwan"],"picked":"OSAHOGD","floor":3},{"not_picked":["Noise"],"picked":"Lamp","floor":3},{"not_picked":["Regret_ego"],"picked":"Heaven","floor":4},{"not_picked":["Lantern"],"picked":"BloodyDesire","floor":7},{"not_picked":["MeatLantern","FairyFestival"],"picked":"OldLady","floor":7},{"not_picked":["RedEyes"],"picked":"ShedSkin","floor":7},{"not_picked":["Regret_ego"],"picked":"Penitence","floor":8},{"not_picked":["Wellcheers","Funeral"],"picked":"Freischutz","floor":8},{"not_picked":["Loneliness"],"picked":"Tough","floor":8},{"not_picked":["BigBadWolf","NothingThere"],"picked":"Wellcheers","floor":11},{"not_picked":["Penitence"],"picked":"Logging","floor":11},{"not_picked":["CrimsonScar"],"picked":"Hornet","floor":12},{"not_picked":["Murderer","PunishingBird"],"picked":"DespairKnight","floor":13},{"not_picked":["Logging"],"picked":"RedEyes","floor":13},{"not_picked":["Beak"],"picked":"Horn","floor":14},{"not_picked":["Laetitia_ego"],"picked":"Diffraction","floor":14},{"not_picked":["PunishingBird","Murderer"],"picked":"UniverseFragment","floor":16},{"not_picked":["Justitia"],"picked":"TheSmile","floor":16},{"not_picked":["RedEyes+1"],"picked":"WristCuter+1","floor":18},{"not_picked":["CENSORED","CherryBlossoms"],"picked":"BeautyBeast","floor":18},{"not_picked":["WristCuter"],"picked":"Laetitia_ego+1","floor":18},{"not_picked":["BearPaw+1","Laetitia_ego+1"],"picked":"Lantern","floor":20},{"not_picked":["NakedNest","WallGazer"],"picked":"SingingMachine","floor":20},{"not_picked":["Logging","Wingbeat+1"],"picked":"Hypocrisy+1","floor":20},{"not_picked":["GalaxyChild","WallGazer"],"picked":"Variant","floor":21},{"not_picked":["Harmony","Regret_ego+1"],"picked":"RapturousDream+1","floor":21},{"not_picked":["Penitence+1","Horn"],"picked":"MagicBullet+1","floor":24},{"not_picked":["VoidDream","HeroicMonk","MHz"],"picked":"Singing Bowl","floor":24},{"not_picked":["RedShoes","BigBadWolf"],"picked":"MHz","floor":24},{"not_picked":["WristCuter+1","FourthMatchFlame"],"picked":"InTheNameOfLoveAndHate+1","floor":24},{"not_picked":["Hornet+1","BearPaw+1"],"picked":"SwordSharpenedByTears+1","floor":25},{"not_picked":["SpiderBud","PunishingBird","Alriune"],"picked":"Singing Bowl","floor":25},{"not_picked":["RedShoes","GalaxyChild"],"picked":"VoidDream","floor":25},{"not_picked":["FeatherOfHonor+1","Logging+1"],"picked":"Moonlight+1","floor":25},{"not_picked":["Spore+1","Discord+1"],"picked":"Ecstasy+1","floor":27},{"not_picked":["MeatLantern","Woodsman","WhiteNight"],"picked":"Singing Bowl","floor":27},{"not_picked":["Loneliness+1","RedEyes+1","Harmony+1"],"picked":"SKIP","floor":27},{"not_picked":["WristCuter+1","RapturousDream+1"],"picked":"Twilight+1","floor":29},{"not_picked":["WallGazer","SpiderBud","Yin"],"picked":"Singing Bowl","floor":29},{"not_picked":["SpiderBud","LaLuna"],"picked":"RedShoes","floor":29},{"not_picked":["RapturousDream+1","RedEyes+1"],"picked":"Christmas+1","floor":29},{"not_picked":["SnowQueen","MeltingLove","GreedKing"],"picked":"Singing Bowl","floor":30},{"not_picked":["Scorched","Alriune"],"picked":"BlackSwan","floor":30},{"not_picked":["SolemnVow+1","Ecstasy+1"],"picked":"Soda+1","floor":30},{"not_picked":["Pinks+1","Justitia+1"],"picked":"Twilight+1","floor":33},{"not_picked":["BigBird","SnowQueen","Rudolta"],"picked":"Singing Bowl","floor":33},{"not_picked":["TheSmile+1","Mimicry+1"],"picked":"ParadiseLost+1","floor":33},{"not_picked":["LaLuna","Scorched","HeroicMonk"],"picked":"Singing Bowl","floor":35},{"not_picked":["Mercenary","CrumblingArmor"],"picked":"PunishingBird","floor":35},{"not_picked":[],"picked":"Harmony+1","floor":35},{"not_picked":["Alriune","Mercenary","Yin"],"picked":"Singing Bowl","floor":37},{"not_picked":["SpiderBud","Funeral"],"picked":"LittlePrince","floor":37},{"not_picked":[],"picked":"Adoration+1","floor":37},{"not_picked":["Wingbeat+1"],"picked":"SKIP","floor":37},{"not_picked":["QueenOfHatred","WhitesApple","LaLuna"],"picked":"Singing Bowl","floor":38},{"not_picked":["Pleasure+1"],"picked":"SKIP","floor":38},{"not_picked":["RedEyes+1"],"picked":"SKIP","floor":38},{"not_picked":[],"picked":"Bandage Up+1","floor":39},{"not_picked":["Rudolta","GreedKing","NakedNest"],"picked":"Singing Bowl","floor":41},{"not_picked":["Beak+1"],"picked":"SKIP","floor":41},{"not_picked":["CENSORED","SilentOrchestra","BlackArmy"],"picked":"Singing Bowl","floor":44},{"not_picked":[],"picked":"GoldRush+1","floor":44},{"not_picked":["HappyTeddy","WhiteNight","LaLuna"],"picked":"Singing Bowl","floor":45},{"not_picked":["SilentOrchestra","FieryBird","Scorched"],"picked":"Singing Bowl","floor":47},{"not_picked":[],"picked":"FourthMatchFlame+1","floor":47},{"not_picked":["Alriune","BodiesMountain","BlueStar"],"picked":"Singing Bowl","floor":48},{"not_picked":[],"picked":"Diffraction+1","floor":48}],"player_experience":226148,"relics_obtained":[{"floor":7,"key":"Gambling Chip"},{"floor":14,"key":"Mummified Hand"},{"floor":17,"key":"MealTicket"},{"floor":17,"key":"Toxic Egg 2"},{"floor":17,"key":"Bird Faced Urn"},{"floor":25,"key":"Mango"},{"floor":26,"key":"Bottled Lightning"},{"floor":27,"key":"AtMidnight"},{"floor":30,"key":"Bag of Preparation"},{"floor":41,"key":"Bottled Tornado"},{"floor":43,"key":"White Beast Statue"},{"floor":45,"key":"Torii"}],"event_choices":[{"damage_healed":17,"gold_gain":0,"player_choice":"Healed","damage_taken":0,"max_hp_gain":0,"max_hp_loss":0,"event_name":"The Cleric","floor":5,"gold_loss":35},{"damage_healed":0,"gold_gain":0,"player_choice":"Ignored","damage_taken":0,"max_hp_gain":0,"max_hp_loss":0,"event_name":"Vampires","floor":22,"gold_loss":0},{"damage_healed":0,"gold_gain":0,"player_choice":"Ignored","damage_taken":0,"max_hp_gain":0,"max_hp_loss":0,"event_name":"Beggar","floor":31,"gold_loss":0},{"damage_healed":0,"gold_gain":0,"player_choice":"Embrace Madness","damage_taken":11,"max_hp_gain":0,"max_hp_loss":0,"event_name":"Winding Halls","floor":36,"gold_loss":0,"cards_obtained":["Madness","Madness"]},{"damage_healed":0,"gold_gain":0,"player_choice":"Memory 1","damage_taken":0,"max_hp_gain":0,"max_hp_loss":0,"event_name":"SensoryStone","floor":39,"gold_loss":0},{"damage_healed":0,"gold_gain":0,"player_choice":"Fight","damage_taken":0,"max_hp_gain":0,"max_hp_loss":0,"event_name":"MindBloom","floor":45,"gold_loss":0}],"is_beta":false,"boss_relics":[{"not_picked":["Fusion Hammer","Cursed Key"],"picked":"Calling Bell"},{"not_picked":["Runic Pyramid","Astrolabe"],"picked":"Busted Crown"}],"items_purged_floors":[],"is_endless":false,"potions_floor_spawned":[7,8,12,13,14,20,21,27,29,30,33,38,44,45,47,48],"killed_by":"Donu and Deca","ascension_level":0}}