{"host":"swn8ychr123rw3gf","time":1613044768,"event":{"mods":["BaseMod","Minty Spire (QoL Compilation)","StSLib"],"gold_per_floor":[114,140,158,171,96,96,112,112,137,156,179,179,199,216,216,288,288,303,159,159,171,200,200,214,214,214,214,214,233,213,230,230,307,307,319,344,362,237,254,254,254,254,300,300,316,316,347,362,362,362],"floor_reached":51,"language":"ZHS","playtime":3057,"items_purged":["Defend_G","Strike_G","Shame"],"score":1249,"play_id":"f13c6727-4347-4e0b-aba2-5467cc8ee236","local_time":"20210211195928","is_ascension_mode":true,"campfire_choices":[{"data":"Tactician","floor":6.0,"key":"SMITH"},{"data":"Acrobatics","floor":8.0,"key":"SMITH"},{"data":"Cloak And Dagger","floor":12.0,"key":"SMITH"},{"data":"Finisher","floor":15.0,"key":"SMITH"},{"data":"Neutralize","floor":23.0,"key":"SMITH"},{"data":"Terror","floor":25.0,"key":"SMITH"},{"data":"Acrobatics","floor":28.0,"key":"SMITH"},{"data":"Blade Dance","floor":32.0,"key":"SMITH"},{"data":"Venomology","floor":40,"key":"SMITH"},{"data":"Madness","floor":42,"key":"SMITH"},{"data":"Apotheosis","floor":46,"key":"SMITH"},{"floor":49,"key":"REST"}],"circlet_count":0,"master_deck":["AscendersBane","Strike_G+1","Strike_G+1","Defend_G","Defend_G","Defend_G","Survivor","Neutralize+1","Tactician+1","Escape Plan","Acrobatics+1","Terror+1","Cloak And Dagger+1","Acrobatics+1","Finisher+1","After Image","Outmaneuver+1","Infinite Blades","After Image","Calculated Gamble","Blade Dance+1","Venomology+1","Acrobatics+1","Eviscerate+1","Footwork+1","Backflip","Infinite Blades","Madness","Madness+1","Shame","Apotheosis+1","Prepared+1","Well Laid Plans+1"],"relics":["Ring of the Snake","Strawberry","Centennial Puzzle","Odd Mushroom","Cursed Key","Red Mask","Whetstone","Astrolabe","Bird Faced Urn","Potion Belt","Sundial"],"acts_visited":["Exordium","TheCity","TheBeyond"],"potions_floor_usage":[39,39,48,48,50,50,50],"damage_taken":[{"damage":4.0,"enemies":"Cultist","floor":1.0,"turns":5.0},{"damage":0.0,"enemies":"2 Louse","floor":3.0,"turns":3.0},{"damage":1.0,"enemies":"Small Slimes","floor":4.0,"turns":4.0},{"damage":1.0,"enemies":"Red Slaver","floor":7.0,"turns":4.0},{"damage":1.0,"enemies":"3 Louse","floor":10.0,"turns":3.0},{"damage":7.0,"enemies":"The Mushroom Lair","floor":11.0,"turns":3.0},{"damage":3.0,"enemies":"Blue Slaver","floor":13.0,"turns":3.0},{"damage":5.0,"enemies":"Large Slime","floor":14.0,"turns":3.0},{"damage":19.0,"enemies":"Slime Boss","floor":16.0,"turns":7.0},{"damage":2.0,"enemies":"2 Thieves","floor":18.0,"turns":4.0},{"damage":9.0,"enemies":"Shell Parasite","floor":21.0,"turns":4.0},{"damage":10.0,"enemies":"Masked Bandits","floor":22.0,"turns":5.0},{"damage":13.0,"enemies":"Chosen and Byrds","floor":24.0,"turns":8.0},{"damage":3.0,"enemies":"Snake Plant","floor":29.0,"turns":3.0},{"damage":19.0,"enemies":"Cultist and Chosen","floor":31.0,"turns":8.0},{"damage":18.0,"enemies":"Automaton","floor":33.0,"turns":12.0},{"damage":20.0,"enemies":"3 Shapes","floor":35.0,"turns":5.0},{"damage":4.0,"enemies":"Mind Bloom Boss Battle","floor":36.0,"turns":6.0},{"damage":6.0,"enemies":"Orb Walker","floor":37.0,"turns":4.0},{"damage":3,"enemies":"Transient","floor":39,"turns":6},{"damage":22,"enemies":"Maw","floor":45,"turns":6},{"damage":4,"enemies":"Reptomancer","floor":47,"turns":6},{"damage":8,"enemies":"Spire Growth","floor":48,"turns":4},{"damage":3,"enemies":"Awakened One","floor":50,"turns":8}],"seed_played":"-9040959019899470829","potions_obtained":[{"floor":1.0,"key":"PowerPotion"},{"floor":10.0,"key":"Strength Potion"},{"floor":14.0,"key":"Explosive Potion"},{"floor":16.0,"key":"GhostInAJar"},{"floor":21.0,"key":"DistilledChaos"},{"floor":30.0,"key":"DistilledChaos"},{"floor":31.0,"key":"Regen Potion"},{"floor":33.0,"key":"Ancient Potion"},{"floor":35.0,"key":"GhostInAJar"},{"floor":37.0,"key":"ColorlessPotion"},{"floor":45,"key":"Fire Potion"},{"floor":47,"key":"Dexterity Potion"}],"is_trial":false,"path_per_floor":["M","T","M","M","$","R","M","R","T","M","?","R","M","M","R","B",null,"M","$","?","M","?","R","M","R","T","?","R","M","?","M","R","B",null,"M","?","M","$","M","R","?","R","T","?","M","R","E","M","R","B",null],"character_chosen":"THE_SILENT","items_purchased":["Infinite Blades"],"campfire_rested":1,"item_purchase_floors":[19],"current_hp_per_floor":[61,68,68,67,67,67,66,66,66,65,58,58,55,50,50,31,67,65,65,65,56,46,46,33,33,33,33,33,30,30,11,11,8,61,41,37,41,41,48,48,34,34,34,34,22,22,28,32,55,64],"gold":362,"neow_bonus":"TEN_PERCENT_HP_BONUS","is_daily":false,"chose_seed":false,"campfire_upgraded":11,"win_rate":0.0,"timestamp":1613044768,"path_taken":["M","?","M","M","$","R","M","R","T","?","?","R","M","M","R","BOSS","M","$","?","M","?","R","M","R","T","?","R","M","?","?","R","BOSS","M","?","M","$","M","R","?","R","T","?","M","R","E","M","R","BOSS"],"items_purchased_type":["Card"],"build_version":"2020-12-22","purchased_purges":3,"victory":true,"max_hp_per_floor":[72,79,79,79,79,79,79,79,79,79,79,79,79,79,79,79,79,79,79,79,79,79,79,79,79,79,79,79,79,79,79,79,79,79,79,79,79,79,79,79,79,79,79,79,79,79,79,79,79,79],"card_choices":[{"not_picked":["Terror","Acrobatics"],"picked":"Tactician","floor":1.0},{"not_picked":["Dagger Spray","Dodge and Roll"],"picked":"Escape Plan","floor":3.0},{"not_picked":["Noxious Fumes","Outmaneuver"],"picked":"Acrobatics","floor":4.0},{"not_picked":["Prepared","Heel Hook","Backstab"],"picked":"SKIP","floor":7.0},{"not_picked":["Bane","Choke"],"picked":"Terror","floor":10.0},{"not_picked":["PiercingWail","Envenom"],"picked":"Cloak And Dagger","floor":11.0},{"not_picked":["Slice","Crippling Poison"],"picked":"Acrobatics","floor":13.0},{"not_picked":["Crippling Poison","Sucker Punch"],"picked":"Finisher","floor":14.0},{"not_picked":["Malaise","Venomology"],"picked":"After Image","floor":16.0},{"not_picked":["Deflect","Predator"],"picked":"Outmaneuver+1","floor":18.0},{"not_picked":["Slice","Dagger Throw","Leg Sweep"],"picked":"SKIP","floor":21.0},{"not_picked":["Acrobatics","Predator","Bane"],"picked":"SKIP","floor":24.0},{"not_picked":["Flying Knee","Deadly Poison"],"picked":"Calculated Gamble","floor":29.0},{"not_picked":["Predator","Sucker Punch"],"picked":"Blade Dance","floor":31.0},{"not_picked":["Die Die Die","Night Terror"],"picked":"Venomology","floor":33.0},{"not_picked":["Dodge and Roll","Distraction"],"picked":"Backflip","floor":35.0},{"not_picked":["Dagger Throw","Poisoned Stab"],"picked":"Infinite Blades","floor":36.0},{"not_picked":["PiercingWail+1","Outmaneuver","Dagger Spray"],"picked":"SKIP","floor":37.0},{"not_picked":["Poisoned Stab","Setup","Bane"],"picked":"SKIP","floor":39},{"not_picked":["Good Instincts","Panacea"],"picked":"Apotheosis","floor":44},{"not_picked":["Deflect","Quick Slash"],"picked":"Prepared+1","floor":45},{"not_picked":["Blade Dance","Escape Plan"],"picked":"Well Laid Plans+1","floor":47},{"not_picked":["Dagger Spray","Deadly Poison","Outmaneuver"],"picked":"SKIP","floor":48}],"player_experience":456659,"relics_obtained":[{"floor":2.0,"key":"Strawberry"},{"floor":9.0,"key":"Centennial Puzzle"},{"floor":11.0,"key":"Odd Mushroom"},{"floor":22.0,"key":"Red Mask"},{"floor":26.0,"key":"Whetstone"},{"floor":36.0,"key":"Bird Faced Urn"},{"floor":43,"key":"Potion Belt"},{"floor":47,"key":"Sundial"}],"event_choices":[{"damage_healed":0.0,"max_hp_gain":0.0,"max_hp_loss":0.0,"gold_gain":0.0,"event_name":"Mushrooms","player_choice":"Fought Mushrooms","floor":11.0,"gold_loss":0.0,"damage_taken":0.0},{"damage_healed":0.0,"max_hp_gain":0.0,"max_hp_loss":0.0,"gold_gain":0.0,"event_name":"Ghosts","player_choice":"Ignored","floor":20.0,"gold_loss":0.0,"damage_taken":0.0},{"damage_healed":0.0,"max_hp_gain":0.0,"max_hp_loss":0.0,"gold_gain":0.0,"event_name":"Masked Bandits","player_choice":"Fought Bandits","floor":22.0,"gold_loss":0.0,"damage_taken":0.0},{"damage_healed":0.0,"max_hp_gain":0.0,"max_hp_loss":0.0,"gold_gain":0.0,"event_name":"The Library","player_choice":"Read","floor":27.0,"gold_loss":0.0,"damage_taken":0.0,"cards_obtained":["After Image"]},{"damage_healed":0.0,"max_hp_gain":0.0,"max_hp_loss":0.0,"gold_gain":0.0,"event_name":"The Woman in Blue","player_choice":"Bought 1 Potion","floor":30.0,"gold_loss":0.0,"damage_taken":0.0},{"damage_healed":0.0,"max_hp_gain":0.0,"max_hp_loss":0.0,"gold_gain":0.0,"event_name":"MindBloom","player_choice":"Fight","floor":36.0,"gold_loss":0.0,"damage_taken":0.0},{"damage_healed":0,"gold_gain":0,"player_choice":"Embrace Madness","damage_taken":14,"max_hp_gain":0,"max_hp_loss":0,"event_name":"Winding Halls","floor":41,"gold_loss":0,"cards_obtained":["Madness","Madness"]},{"damage_healed":0,"gold_gain":0,"player_choice":"Memory 1","damage_taken":0,"max_hp_gain":0,"max_hp_loss":0,"event_name":"SensoryStone","floor":44,"gold_loss":0}],"is_beta":false,"boss_relics":[{"not_picked":["Ectoplasm","Runic Dome"],"picked":"Cursed Key"},{"not_picked":["Tiny House","Ring of the Serpent"],"picked":"Astrolabe"}],"items_purged_floors":[5,19,38],"is_endless":false,"potions_floor_spawned":[1,10,14,16,18,21,31,33,35,37,45,47],"ascension_level":18}}