{"host":"b7dyfc527bmrkvbm","time":1613076970,"event":{"mods":["2.2 Compatiblity","Act Like it!","BaseMod","BetterRewards","Conspire","Downfall","Hubris","Infinite Spire","Mimic Mod","Minty Spire (QoL Compilation)","Replay The Spire","Shop Mod","StSLib","The Jungle"],"gold_per_floor":[110,127,52,52,52,52,83,83,121,145,145,145,495,94,94,94,94],"floor_reached":16,"language":"ENG","playtime":2367,"items_purged":[],"score":240,"play_id":"e9865085-d2d4-4bf6-b12a-08a953badaa7","local_time":"20210211155610","is_ascension_mode":true,"campfire_choices":[{"data":"ReplayTheSpireMod:Corrosion Curse","floor":6,"key":"SMITH"},{"floor":8,"key":"RECALL"},{"floor":15,"key":"REST"}],"circlet_count":0,"master_deck":["Strike_R","Strike_R","Strike_R","Strike_R","Defend_R","Defend_R","Defend_R","Defend_R","Bash","ReplayTheSpireMod:Corrosion Curse+1","ReplayTheSpireMod:Strike From Hell","ReplayTheSpireMod:Strike From Hell","Dark Embrace","conspire:Purge","Replay:Undeath\u0027s Touch","Second Wind","Voices","Clumsy","hubris:Envy","champ:VampiricStrike+1","Replay:Dark Deal","ReplayTheSpireMod:IOU","ReplayTheSpireMod:IOU","Disarm","Infernal Blade","ReplayTheSpireMod:IOU","ReplayTheSpireMod:IOU","ReplayTheSpireMod:Faulty Equipment","Corruption","Metamorphosis","Master of Strategy","Replay:BasicMightCard"],"relics":["m_IronCrown","Golden Idol","Blue Doll","infinitespire:Cubic Diamond","hubris:Towel","Ring of Fury","Ring of Greed","Old Coin","Replay:Wax Seal","MerchantsRug","ReplayTheSpireMod:ShopPack"],"acts_visited":["Exordium"],"potions_floor_usage":[16],"damage_taken":[{"damage":3,"enemies":"Small Slimes","floor":1,"turns":4},{"damage":5,"enemies":"Cultist","floor":2,"turns":4},{"damage":37,"enemies":"Lagavulin","floor":7,"turns":6},{"damage":25,"enemies":"2 Louse","floor":9,"turns":13},{"damage":11,"enemies":"2 Louse","floor":10,"turns":2},{"damage":49,"enemies":"Fading Forest","floor":16,"turns":11}],"seed_played":"-5436468358366148397","potions_obtained":[{"floor":1,"key":"hexamod:SoulburnPotion"}],"is_trial":false,"path_per_floor":["M","M","$","?","?","R","E","R","MIM","M","?","?","?","$","R","B"],"character_chosen":"IRONCLAD","items_purchased":["Dark Embrace","MerchantsRug","champ:VampiricStrike+1","Replay:Dark Deal","ReplayTheSpireMod:ShopPack","Disarm","Infernal Blade","Corruption"],"campfire_rested":1,"item_purchase_floors":[3,14,14,14,14,14,14,14],"current_hp_per_floor":[80,80,80,80,80,80,49,49,30,25,25,25,25,25,49,0,0],"gold":94,"neow_bonus":"RANDOM_EVENT","is_daily":false,"chose_seed":false,"campfire_upgraded":1,"win_rate":0.0,"timestamp":1613076970,"path_taken":["M","M","$","?","?","R","E","R","MIM","?","?","?","?","?","R","BOSS"],"items_purchased_type":["Card","Relic","Card","Card","Relic","Card","Card","Card"],"build_version":"2020-12-22","purchased_purges":0,"victory":false,"max_hp_per_floor":[80,80,80,80,80,80,80,80,80,80,80,80,80,80,80,80,80],"card_choices":[{"not_picked":["Replay:Undeath\u0027s Touch","hubris:ReadiedAction"],"picked":"ReplayTheSpireMod:Strike From Hell","floor":1},{"not_picked":["Combust","Cleave"],"picked":"ReplayTheSpireMod:Strike From Hell","floor":2},{"not_picked":["Infernal Blade","Reckless Charge"],"picked":"conspire:Purge","floor":7},{"not_picked":["ReplayTheSpireMod:Limb From Limb","Thunderclap"],"picked":"Replay:Undeath\u0027s Touch","floor":9},{"not_picked":["Clash","Run Through"],"picked":"Second Wind","floor":10},{"not_picked":["Crow Ritual","ReplayUltimateDefense"],"picked":"Metamorphosis","floor":14},{"not_picked":["Swift Strike","Thinking Ahead"],"picked":"Master of Strategy","floor":14},{"not_picked":["Good Instincts","Survey Options"],"picked":"Replay:BasicMightCard","floor":14}],"player_experience":463009,"relics_obtained":[{"floor":7,"key":"Blue Doll"},{"floor":13,"key":"Ring of Fury"},{"floor":13,"key":"Ring of Greed"},{"floor":13,"key":"Old Coin"},{"floor":13,"key":"Replay:Wax Seal"}],"event_choices":[{"damage_healed":0,"gold_gain":0,"cards_transformed":["Strike_R"],"player_choice":"Change","damage_taken":0,"max_hp_gain":0,"max_hp_loss":0,"event_name":"Living Wall","floor":0,"gold_loss":0,"cards_obtained":["ReplayTheSpireMod:Corrosion Curse"]},{"damage_healed":0,"gold_gain":0,"player_choice":"Take Wound","damage_taken":0,"relics_obtained":["Golden Idol"],"max_hp_gain":0,"max_hp_loss":0,"event_name":"Golden Idol","floor":4,"gold_loss":0,"cards_obtained":["Injury"]},{"damage_healed":0,"gold_gain":0,"player_choice":"Full Heal","damage_taken":0,"max_hp_gain":0,"max_hp_loss":0,"event_name":"Wheel of Change","floor":5,"gold_loss":0}],"is_beta":false,"boss_relics":[],"items_purged_floors":[],"is_endless":false,"potions_floor_spawned":[1],"killed_by":"Fading Forest","ascension_level":4}}