{"host":"5hsgormuu0lj4iiq","time":1613012475,"event":{"mods":["AchievementEnabler","BaseMod","Colored Map","Colored Powertips","Minty Spire (QoL Compilation)","Quick Restart","Relic Stats","SuperFastMode","everything is the same but u backflip on backflip","slay the spire mod where everything is the same but ironclad has a cowboy hat"],"gold_per_floor":[216,228,228,228,193,193,225,225,225,240,256,256,271,303,303,303,303],"floor_reached":16,"language":"ENG","playtime":358,"items_purged":[],"score":176,"play_id":"22858abc-c51d-4efc-a774-b482859122c0","local_time":"20210210220115","is_ascension_mode":true,"campfire_choices":[{"data":"Darkness","floor":6,"key":"SMITH"},{"data":"Zap","floor":8,"key":"SMITH"},{"floor":12,"key":"REST"},{"floor":15,"key":"REST"}],"circlet_count":0,"master_deck":["AscendersBane","Strike_B","Strike_B","Strike_B","Defend_B","Defend_B","Defend_B","Defend_B","Zap+1","Dualcast","BootSequence","Conserve Battery","Darkness+1","Chill","Lockon"],"relics":["Cracked Core","Vajra","Bag of Marbles","Kunai"],"acts_visited":["Exordium"],"potions_floor_usage":[7],"damage_taken":[{"damage":2,"enemies":"2 Louse","floor":1,"turns":3},{"damage":0,"enemies":"Small Slimes","floor":2,"turns":3},{"damage":30,"enemies":"Gremlin Nob","floor":7,"turns":4},{"damage":0,"enemies":"Cultist","floor":10,"turns":3},{"damage":1,"enemies":"Lots of Slimes","floor":11,"turns":6},{"damage":9,"enemies":"Exordium Thugs","floor":13,"turns":7},{"damage":8,"enemies":"3 Sentries","floor":14,"turns":9},{"damage":61,"enemies":"Slime Boss","floor":16,"turns":7}],"seed_played":"240135476735975370","potions_obtained":[{"floor":1,"key":"Fire Potion"},{"floor":13,"key":"BlessingOfTheForge"}],"is_trial":false,"path_per_floor":["M","M","?","?","$","R","E","R","T","M","M","R","M","E","R","B"],"character_chosen":"DEFECT","items_purchased":["Darkness"],"campfire_rested":2,"item_purchase_floors":[5],"current_hp_per_floor":[66,66,66,59,59,59,29,29,29,29,28,50,41,33,55,0,0],"gold":303,"neow_bonus":"HUNDRED_GOLD","is_daily":false,"chose_seed":false,"campfire_upgraded":2,"win_rate":0.0,"timestamp":1613012475,"path_taken":["M","M","?","?","$","R","E","R","T","M","M","R","M","E","R","BOSS"],"items_purchased_type":["Card"],"build_version":"2020-12-22","purchased_purges":0,"victory":false,"max_hp_per_floor":[75,75,75,75,75,75,75,75,75,75,75,75,75,75,75,75,75],"relic_stats":{"counters":[8,42],"Kunai":[0],"obtain_stats":[{"Vajra":7,"Bag of Marbles":9,"Kunai":14,"Cracked Core":0},{"Vajra":3,"Bag of Marbles":3,"Kunai":7,"Cracked Core":0},{"Vajra":10,"Bag of Marbles":10,"Kunai":35,"Cracked Core":0}]},"card_choices":[{"not_picked":["Conserve Battery","Compile Driver"],"picked":"BootSequence","floor":1},{"not_picked":["Streamline","Rebound"],"picked":"Conserve Battery","floor":2},{"not_picked":["Turbo","Sweeping Beam","Blizzard"],"picked":"SKIP","floor":7},{"not_picked":["Conserve Battery","Fusion"],"picked":"Chill","floor":10},{"not_picked":["Consume","BootSequence","Recycle"],"picked":"SKIP","floor":11},{"not_picked":["Steam Power","Turbo","BootSequence"],"picked":"SKIP","floor":13},{"not_picked":["Reinforced Body","Compile Driver"],"picked":"Lockon","floor":14}],"player_experience":723423,"relics_obtained":[{"floor":7,"key":"Vajra"},{"floor":9,"key":"Bag of Marbles"},{"floor":14,"key":"Kunai"}],"event_choices":[{"damage_healed":0,"gold_gain":0,"player_choice":"Leave","damage_taken":0,"max_hp_gain":0,"max_hp_loss":0,"event_name":"The Cleric","floor":3,"gold_loss":0},{"cards_removed":["Strike_B"],"damage_healed":0,"gold_gain":0,"player_choice":"Card Removal","damage_taken":7,"max_hp_gain":0,"max_hp_loss":0,"event_name":"Golden Wing","floor":4,"gold_loss":0}],"is_beta":false,"boss_relics":[],"items_purged_floors":[],"is_endless":false,"potions_floor_spawned":[1,13],"killed_by":"Slime Boss","ascension_level":12}}