{"host":"0flpm62pz1oti8w0","time":1613040547,"event":{"mods":["ATMod(@Mod)","AchievementEnabler","Act Like it!","Arknights","BaseMod","Conspire","Downfall","FanaticalFans","Hermit","Minty Spire (QoL Compilation)","Reimu]痴???^","Remilia]立μ产?^","Spicy Shops","StSLib","The Animator","Waifu the Spire","Youmu]活zН?^","旰醌n"],"gold_per_floor":[124,124,143,243,253,264,264,283,337,363,376,282,327,345,345,456,456,443,472,472,494,519,551,579,25,25,25,124,124,154,79,79,209,209,227,227,247,252,252],"floor_reached":38,"language":"ZHS","playtime":2799,"items_purged":[],"score":460,"play_id":"814fbca5-fc68-430c-a164-731e74df4a88","local_time":"20210211184907","is_ascension_mode":false,"campfire_choices":[{"data":"animator:Boros","floor":7,"key":"SMITH"},{"floor":15,"key":"REST"},{"floor":29,"key":"REST"},{"floor":32,"key":"REST"}],"circlet_count":0,"master_deck":["animator:Strike_Konosuba","animator:Defend_Konosuba","animator:Kazuma","animator:Aqua","AT_StudyProgram","animator:PandorasActor","animator:Shuna","CurseOfTheBell","CurseOfTheBell","animator:Boros+1","animator:HighElfArcher","animator:Emonzaemon","animator:CowGirl","animator:Jibril","animator:Millim","animator:Strike_Kancolle","animator:Strike_Elsword","animator:Strike_Fate","animator:Defend_TenSura","animator:Defend_Kancolle","animator:Defend_Katanagatari","animator:Shichika","animator:Cocytus","animator:Biyorigo","animator:DolaSchwi","animator:Demiurge","animator:GazelDwargon","animator:Togame","animator:KrulTepes","animator:Shalltear+1","animator:IzunaHatsuse","animator:Chris","animator:Envy","animator:Demiurge+1","animator:YunYun"],"relics":["animator:LivingPicture","animator:TheMissingPiece","Fans:FanaticalFans","AT_ATBox","NeowsBlessing","downfall:ExtraCursedBell","AT_SunfireAegis","HornCleat","Thread and Needle","Vajra","PreservedInsect","Pantograph","conspire:RoyalGoblet","AT_DeathDance","OrangePellets","AT_ChloranthyRing","Red Skull","AT_TimeSand","SlaversCollar"],"acts_visited":["Exordium","TheCity","TheBeyond"],"potions_floor_usage":[16,16,16,23,23,23,30,38,38],"damage_taken":[{"damage":0,"enemies":"Jaw Worm","floor":1,"turns":1},{"damage":0,"enemies":"conspire:RoseBush","floor":3,"turns":3},{"damage":0,"enemies":"ats:Genji","floor":5,"turns":1},{"damage":3,"enemies":"Exordium Wildlife","floor":6,"turns":6},{"damage":0,"enemies":"conspire:2 RoseBushes","floor":8,"turns":6},{"damage":57,"enemies":"Gremlin Nob","floor":10,"turns":7},{"damage":0,"enemies":"3 Louse","floor":11,"turns":5},{"damage":10,"enemies":"Lagavulin","floor":13,"turns":6},{"damage":14,"enemies":"Large Slime","floor":14,"turns":7},{"damage":15,"enemies":"Hexaghost","floor":16,"turns":6},{"damage":17,"enemies":"2 Thieves","floor":18,"turns":4},{"damage":17,"enemies":"Spheric Guardian","floor":19,"turns":6},{"damage":31,"enemies":"3 Cultists","floor":21,"turns":6},{"damage":17,"enemies":"Cultist and Chosen","floor":22,"turns":7},{"damage":0,"enemies":"conspire:Head Lice","floor":23,"turns":7},{"damage":6,"enemies":"Snake Plant","floor":24,"turns":5},{"damage":0,"enemies":"Centurion and Healer","floor":30,"turns":6},{"damage":12,"enemies":"Champ","floor":33,"turns":10},{"damage":19,"enemies":"Orb Walker","floor":35,"turns":6},{"damage":32,"enemies":"3 Shapes","floor":37,"turns":5},{"damage":34,"enemies":"2 Orb Walkers","floor":38,"turns":5}],"seed_played":"-7170151854810295308","potions_obtained":[{"floor":1,"key":"ColorlessPotion"},{"floor":5,"key":"DistilledChaos"},{"floor":10,"key":"Regen Potion"},{"floor":16,"key":"Fire Potion"},{"floor":19,"key":"Weak Potion"},{"floor":22,"key":"DistilledChaos"},{"floor":23,"key":"DistilledChaos"},{"floor":33,"key":"champ:CounterPotion"},{"floor":37,"key":"Fire Potion"}],"is_trial":false,"path_per_floor":["M","$","M","?","M","M","R","M","T","E","M","?","E","M","R","B",null,"M","M","?","M","M","E","M","$","T","$","?","R","M","?","R","B",null,"M","?","M","?"],"character_chosen":"THE_ANIMATOR","items_purchased":["OrangePellets","AT_ChloranthyRing","animator:IzunaHatsuse","Red Skull"],"campfire_rested":3,"item_purchase_floors":[25,25,25,25],"current_hp_per_floor":[66,66,66,71,71,71,71,71,71,19,21,21,13,2,23,50,72,57,42,42,16,1,9,6,6,6,6,6,27,29,29,50,58,70,51,51,28,0,0],"gold":252,"neow_bonus":"THREE_ENEMY_KILL","is_daily":false,"chose_seed":false,"campfire_upgraded":1,"win_rate":0.0,"timestamp":1613040547,"path_taken":["M","$","M","?","M","M","R","M","T","E","M","?","E","M","R","BOSS","M","M","?","M","M","E","M","$","T","$","?","R","?","?","R","BOSS","M","?","M","?"],"items_purchased_type":["Relic","Relic","Card","Relic"],"build_version":"2020-12-22","purchased_purges":0,"victory":false,"max_hp_per_floor":[66,66,66,71,71,71,71,71,71,71,71,71,71,72,72,72,72,72,72,69,69,69,69,70,70,70,70,70,70,70,70,70,70,70,70,70,71,71,71],"card_choices":[{"not_picked":["animator:MaesHughes","animator:DolaRiku"],"picked":"animator:PandorasActor","floor":1},{"not_picked":["animator:Melzalgald","animator:UneriGinkaku"],"picked":"animator:Shuna","floor":3},{"not_picked":["animator:Gluttony","animator:GuildGirl"],"picked":"animator:HighElfArcher","floor":5},{"not_picked":["animator:ZankiKiguchi","animator:UneriGinkaku"],"picked":"animator:Emonzaemon","floor":6},{"not_picked":["animator:Kazuma","animator:Millim"],"picked":"animator:CowGirl","floor":8},{"not_picked":["animator:ZankiKiguchi","animator:CowGirl"],"picked":"animator:Jibril","floor":10},{"not_picked":["animator:Spearman","animator:Mitsuba"],"picked":"animator:Millim","floor":11},{"not_picked":["animator:Azekura","animator:ZankiKiguchi"],"picked":"animator:Shichika","floor":13},{"not_picked":["animator:Aqua","animator:Sloth"],"picked":"animator:Cocytus","floor":14},{"not_picked":["animator:Boros","animator:Greed"],"picked":"animator:Biyorigo","floor":16},{"not_picked":["animator:Aqua","animator:Yoichi"],"picked":"animator:DolaSchwi","floor":18},{"not_picked":["animator:Vesta","animator:Shigure+1"],"picked":"animator:Demiurge","floor":19},{"not_picked":["animator:Millim","animator:Benimaru"],"picked":"animator:GazelDwargon","floor":21},{"not_picked":["animator:Scar","animator:Mikaela"],"picked":"animator:Togame","floor":22},{"not_picked":["animator:Cocytus","animator:HigakiRinne"],"picked":"animator:KrulTepes","floor":23},{"not_picked":["animator:Verdia","animator:DolaCouronne+1"],"picked":"animator:Shalltear+1","floor":24},{"not_picked":["animator:Vanir","animator:Verdia"],"picked":"animator:Chris","floor":30},{"not_picked":["animator:HigakiRinne","animator:Guren"],"picked":"animator:Envy","floor":33},{"not_picked":["animator:Yoichi+1","animator:Azekura+1"],"picked":"animator:Demiurge+1","floor":35},{"not_picked":["animator:Hitei+1","animator:Azekura"],"picked":"animator:YunYun","floor":37}],"player_experience":135471,"relics_obtained":[{"floor":4,"key":"AT_SunfireAegis"},{"floor":4,"key":"HornCleat"},{"floor":4,"key":"Thread and Needle"},{"floor":9,"key":"Vajra"},{"floor":10,"key":"PreservedInsect"},{"floor":13,"key":"Pantograph"},{"floor":23,"key":"AT_DeathDance"},{"floor":26,"key":"AT_TimeSand"}],"event_choices":[{"cards_removed":["Parasite"],"damage_healed":0,"gold_gain":0,"player_choice":"Removed","damage_taken":0,"max_hp_gain":0,"max_hp_loss":0,"event_name":"?G此L","floor":20,"gold_loss":0},{"cards_removed":["Clumsy"],"damage_healed":0,"gold_gain":0,"player_choice":"Removed","damage_taken":0,"max_hp_gain":0,"max_hp_loss":0,"event_name":"?G此L","floor":20,"gold_loss":0},{"damage_healed":0,"gold_gain":99,"player_choice":"Stole From Cult","damage_taken":0,"max_hp_gain":0,"max_hp_loss":0,"event_name":"Nest","floor":28,"gold_loss":0},{"cards_removed":["Clumsy"],"damage_healed":0,"gold_gain":0,"player_choice":"Gave Gold","damage_taken":0,"max_hp_gain":0,"max_hp_loss":0,"event_name":"Beggar","floor":31,"gold_loss":75},{"damage_healed":0,"gold_gain":0,"player_choice":"Ignored","damage_taken":0,"max_hp_gain":0,"max_hp_loss":0,"event_name":"Tomb of Lord Red Mask","floor":36,"gold_loss":0},{"damage_healed":0,"gold_gain":0,"player_choice":"Fight","damage_taken":0,"max_hp_gain":0,"max_hp_loss":0,"event_name":"Mysterious Sphere","floor":38,"gold_loss":0}],"is_beta":false,"boss_relics":[{"not_picked":["RedLine:ReiMu","Coffee Dripper"],"picked":"conspire:RoyalGoblet"},{"not_picked":["Fusion Hammer","conspire:SeveredTorchhead"],"picked":"SlaversCollar"}],"items_purged_floors":[],"is_endless":false,"potions_floor_spawned":[1,5,10,16,19,22,23,33,37],"killed_by":"2 Orb Walkers","ascension_level":0}}