{"host":"4zpqi6gd0xcmibwu","time":1613055310,"event":{"mods":["AchievementEnabler","BaseMod","Better Altar","Better Match","Better Note","Better Skull","Better Third Choice","Block Reminder","Bossed Relics","Colored Map","Colored Powertips","DeckTracker","Displayed Cursed Tome","Googly Eyes","Highlight Path","Infinite Spire","Key Reminder","Minty Spire (QoL Compilation)","Permanent Neow","Quick Restart","Random Character Button","Rare Cards Sparkle","Relic Sorter","Relic Stats","Replay The Spire","ShortenTheSpire","Smile Girya","Spire Arcade","Spire Birthday Party","StSLib","Steal the Spire","SuperFastMode","Uncapped","Unceasing Turn Reminder","Waifu the Spire","everything is the same but u backflip on backflip","slay the spire mod where everything is the same but ironclad has a cowboy hat"],"gold_per_floor":[119,47,47,59,59,59,59,59,74,92,92,120,120,132,161,224,236,353,365,390,402,34,54,54,54,69,69,121,154,154,188,188,188,188,293,293,312,222,62,73,88,120,120,146,191,191,205,205,16,32,32,32,32],"floor_reached":52,"language":"ENG","playtime":1642,"items_purged":["Strike_R","Writhe"],"score":688,"play_id":"021d4bf5-6c74-481c-813c-46ae51e634ca","local_time":"20210211155510","is_ascension_mode":true,"campfire_choices":[{"data":"Body Slam","floor":8,"key":"SMITH"},{"data":"Fire Breathing","floor":13,"key":"SMITH"},{"floor":17,"key":"DIG"},{"data":"Evolve","floor":25,"key":"SMITH"},{"data":"1","floor":27,"key":"LIFT"},{"data":"2","floor":34,"key":"LIFT"},{"data":"Eclipse","floor":43,"key":"SMITH"},{"data":"ReplayTheSpireMod:Strike From Hell","floor":46,"key":"SMITH"},{"data":"3","floor":48,"key":"LIFT"},{"data":"Dark Embrace","floor":51,"key":"SMITH"}],"circlet_count":0,"master_deck":["Strike_R","Strike_R","Strike_R","Defend_R","Defend_R+1","Defend_R","Defend_R","Bash+1","Power Through","Flex+1","Body Slam+1","Fire Breathing+1","Dark Embrace+1","Warcry","Abandon","ReplayTheSpireMod:Strike From Hell+1","Evolve+1","Second Wind+1","Eclipse+1","Reaper","Entrench+1","Feed"],"relics":["Burning Blood","ReplayTheSpireMod:TigerMarble","Divine Protection","MawBank","Orichalcum","Girya","Sozu","Bottled Tornado","Centennial Puzzle","Iron Hammer","Replay:Baseball","Replay:Bottled Steam","Black Blood","MutagenicStrength","Replay:Grab Bag","Coffee Dripper","SacredBark","Replay:Mystery Machine","Replay:WaspNest","PreservedInsect","ReplayTheSpireMod:CursedCoin","Ornamental Fan"],"acts_visited":["Exordium","TheCity","TheBeyond"],"potions_floor_usage":[12,37,52],"damage_taken":[{"damage":8,"enemies":"Jaw Worm","floor":1,"turns":3},{"damage":2,"enemies":"2 Louse","floor":4,"turns":3},{"damage":0,"enemies":"Cultist","floor":9,"turns":3},{"damage":15,"enemies":"Exordium Thugs","floor":10,"turns":5},{"damage":7,"enemies":"3 Sentries","floor":12,"turns":8},{"damage":0,"enemies":"Large Slime","floor":14,"turns":4},{"damage":17,"enemies":"Gremlin Nob","floor":15,"turns":5},{"damage":56,"enemies":"Hexaghost","floor":18,"turns":11},{"damage":24,"enemies":"Spheric Guardian","floor":20,"turns":5},{"damage":0,"enemies":"Chosen","floor":23,"turns":4},{"damage":11,"enemies":"Centurion and Healer","floor":26,"turns":8},{"damage":0,"enemies":"Gremlin Leader","floor":29,"turns":5},{"damage":16,"enemies":"Book of Stabbing","floor":31,"turns":5},{"damage":6,"enemies":"Automaton","floor":35,"turns":4},{"damage":2,"enemies":"3 Darklings","floor":37,"turns":3},{"damage":0,"enemies":"Orb Walker","floor":40,"turns":2},{"damage":8,"enemies":"Sphere and 2 Shapes","floor":41,"turns":4},{"damage":50,"enemies":"Reptomancer","floor":42,"turns":3},{"damage":0,"enemies":"R_Hoarder","floor":44,"turns":5},{"damage":21,"enemies":"Writhing Mass","floor":47,"turns":5},{"damage":2,"enemies":"4 Shapes","floor":50,"turns":3},{"damage":95,"enemies":"Time Eater","floor":52,"turns":7}],"seed_played":"-6767131532816620548","potions_obtained":[{"floor":1,"key":"PowerPotion"},{"floor":9,"key":"AttackPotion"},{"floor":10,"key":"BlessingOfTheForge"},{"floor":14,"key":"GamblersBrew"}],"is_trial":false,"path_per_floor":["M","$","?","M","PTL","PTL","?","R","M","M","T","E","R","M","E","T","R_BF","B",null,"M","?","$","M","?","R","M","R","T","E","T","E","AVR","?","R_BF","B",null,"M","?","$","M","M","E","R","E","T","R","M","R","$","M","R","B"],"character_chosen":"IRONCLAD","items_purchased":["Power Through","ReplayTheSpireMod:Strike From Hell","Bottled Tornado","Feed","ReplayTheSpireMod:CursedCoin","Ornamental Fan"],"campfire_rested":0,"item_purchase_floors":[2,22,22,39,49,49],"current_hp_per_floor":[78,78,78,80,80,80,80,80,80,71,71,70,70,80,69,69,69,19,80,62,62,62,72,72,72,67,67,67,73,73,63,63,63,63,75,80,80,80,80,80,83,64,64,91,91,91,91,91,91,95,95,0,0],"gold":32,"neow_bonus":"UPGRADE_CARD","is_daily":false,"chose_seed":false,"campfire_upgraded":6,"win_rate":0.0,"timestamp":1613055310,"path_taken":["M","$","?","M","PTL","PTL","?","R","?","M","T","E","R","M","E","?","R_BF","BOSS","M","?","$","M","?","R","M","R","T","E","?","E","AVR","?","R_BF","BOSS","M","?","$","?","M","E","R","E","T","R","M","R","$","M","R","BOSS"],"items_purchased_type":["Card","Card","Relic","Card","Relic","Relic"],"build_version":"2020-12-22","purchased_purges":2,"victory":false,"max_hp_per_floor":[80,80,80,80,80,80,80,80,80,80,80,80,80,80,80,80,80,80,80,80,80,80,80,80,80,80,80,80,80,80,80,80,80,80,80,80,80,80,80,80,83,88,88,91,91,91,91,91,91,95,95,95,95],"relic_stats":{"Sozu":4,"Centennial Puzzle":[24],"counters":[22,105],"Ornamental Fan":[12],"Black Blood":130,"PreservedInsect":0,"Orichalcum":[78],"MawBank":84,"obtain_stats":[{"Divine Protection":12,"Girya":17,"ReplayTheSpireMod:CursedCoin":49,"Replay:Grab Bag":36,"SacredBark":36,"Black Blood":32,"Replay:WaspNest":44,"PreservedInsect":45,"Orichalcum":16,"Bottled Tornado":22,"Replay:Mystery Machine":42,"MawBank":15,"Burning Blood":0,"Sozu":19,"Centennial Puzzle":28,"Replay:Baseball":30,"Ornamental Fan":49,"MutagenicStrength":33,"Iron Hammer":29,"ReplayTheSpireMod:TigerMarble":11,"Coffee Dripper":36,"Replay:Bottled Steam":31},{"Divine Protection":5,"Girya":7,"ReplayTheSpireMod:CursedCoin":20,"Replay:Grab Bag":14,"SacredBark":14,"Black Blood":13,"Replay:WaspNest":19,"PreservedInsect":19,"Orichalcum":7,"Bottled Tornado":9,"Replay:Mystery Machine":18,"MawBank":7,"Burning Blood":0,"Sozu":8,"Centennial Puzzle":11,"Replay:Baseball":12,"Ornamental Fan":20,"MutagenicStrength":13,"Iron Hammer":12,"ReplayTheSpireMod:TigerMarble":4,"Coffee Dripper":14,"Replay:Bottled Steam":13},{"Divine Protection":22,"Girya":31,"ReplayTheSpireMod:CursedCoin":95,"Replay:Grab Bag":73,"SacredBark":73,"Black Blood":69,"Replay:WaspNest":90,"PreservedInsect":90,"Orichalcum":31,"Bottled Tornado":47,"Replay:Mystery Machine":85,"MawBank":31,"Burning Blood":0,"Sozu":42,"Centennial Puzzle":59,"Replay:Baseball":64,"Ornamental Fan":95,"MutagenicStrength":69,"Iron Hammer":64,"ReplayTheSpireMod:TigerMarble":14,"Coffee Dripper":73,"Replay:Bottled Steam":69}],"Burning Blood":130},"card_choices":[{"not_picked":["Thunderclap","Armaments"],"picked":"Fire Breathing","floor":1},{"not_picked":["Massacre","Twin Strike"],"picked":"Body Slam","floor":4},{"not_picked":["Flex","Wild Strike","Twin Strike"],"picked":"SKIP","floor":9},{"not_picked":["Clothesline","Perfected Strike","Body Slam"],"picked":"SKIP","floor":10},{"not_picked":["Havoc","Uppercut"],"picked":"Fire Breathing","floor":12},{"not_picked":["Iron Wave","Armaments"],"picked":"Dark Embrace","floor":14},{"not_picked":["Pummel","Bludgeon"],"picked":"Warcry","floor":15},{"not_picked":["Iron Wave","Pommel Strike+1"],"picked":"Abandon","floor":20},{"not_picked":["Clothesline","Power Through","Twin Strike"],"picked":"SKIP","floor":23},{"not_picked":["Second Wind+1","Warcry","Thunderclap"],"picked":"SKIP","floor":26},{"not_picked":["Warcry","Thunderclap"],"picked":"Second Wind+1","floor":26},{"not_picked":["Warcry+1","Havoc"],"picked":"Eclipse","floor":29},{"not_picked":["Iron Wave","Replay:Undeath\u0027s Touch+1","Twin Strike+1"],"picked":"SKIP","floor":31},{"not_picked":["Juggernaut","Corruption"],"picked":"Reaper","floor":35},{"not_picked":["Headbutt","Anger"],"picked":"Entrench+1","floor":37},{"not_picked":["Sword Boomerang","Flex+1","Run Through"],"picked":"SKIP","floor":40},{"not_picked":["Perfected Strike+1","ReplayTheSpireMod:Corrosion Curse+1","Heavy Blade"],"picked":"SKIP","floor":41},{"not_picked":["Flex","Pummel+1","Demon Form"],"picked":"SKIP","floor":42},{"not_picked":["Anger","Headbutt+1","Carnage+1"],"picked":"SKIP","floor":44},{"not_picked":["Havoc+1","Sentinel","Evolve+1"],"picked":"SKIP","floor":47},{"not_picked":["Shrug It Off","Sentinel+1","Iron Wave"],"picked":"SKIP","floor":50}],"player_experience":60864,"relics_obtained":[{"floor":11,"key":"ReplayTheSpireMod:TigerMarble"},{"floor":12,"key":"Divine Protection"},{"floor":15,"key":"MawBank"},{"floor":16,"key":"Orichalcum"},{"floor":17,"key":"Girya"},{"floor":28,"key":"Centennial Puzzle"},{"floor":29,"key":"Iron Hammer"},{"floor":30,"key":"Replay:Baseball"},{"floor":31,"key":"Replay:Bottled Steam"},{"floor":42,"key":"Replay:Mystery Machine"},{"floor":44,"key":"Replay:WaspNest"},{"floor":45,"key":"PreservedInsect"}],"event_choices":[{"damage_healed":0,"gold_gain":0,"player_choice":"Full Heal","damage_taken":0,"max_hp_gain":0,"max_hp_loss":0,"event_name":"Wheel of Change","floor":7,"gold_loss":0},{"damage_healed":0,"gold_gain":0,"player_choice":"Ignored","damage_taken":0,"max_hp_gain":0,"max_hp_loss":0,"event_name":"Ghosts","floor":21,"gold_loss":0},{"damage_healed":0,"gold_gain":0,"player_choice":"Read","damage_taken":0,"max_hp_gain":0,"max_hp_loss":0,"event_name":"The Library","floor":24,"gold_loss":0,"cards_obtained":["Evolve"]},{"damage_healed":0,"gold_gain":0,"player_choice":"Inject Mutagens","damage_taken":0,"relics_obtained":["MutagenicStrength"],"max_hp_gain":0,"max_hp_loss":0,"event_name":"Drug Dealer","floor":33,"gold_loss":0},{"cards_removed":["Strike_R"],"damage_healed":0,"gold_gain":0,"player_choice":"Upgrade and Remove","damage_taken":0,"max_hp_gain":0,"max_hp_loss":0,"event_name":"Designer","floor":38,"gold_loss":90,"cards_upgraded":["Defend_R"]}],"is_beta":false,"boss_relics":[{"not_picked":["Black Star","infinitespire:Burning Sword"],"picked":"Sozu"},{"not_picked":["Painkiller Herb","Abe\u0027s Treasure"],"picked":"Replay:Grab Bag"},{"not_picked":["Runic Dome","Replay:Bronze Core"],"picked":"Coffee Dripper"},{"not_picked":["Calling Bell","Astrolabe"],"picked":"SacredBark"}],"items_purged_floors":[22,49],"is_endless":false,"potions_floor_spawned":[1,9,10,14,18,23,26,37,41,47],"killed_by":"Time Eater","ascension_level":1}}