{"host":"b6y7xm5pwpiq42ks","time":1613081467,"event":{"mods":["AchievementEnabler","BaseMod","Highlight Path","Minty Spire (QoL Compilation)","Permanent Neow","Quick Restart"],"gold_per_floor":[111,127,127,145,168,180,180,196,196,221,221,221],"floor_reached":11,"language":"ENG","playtime":515,"items_purged":[],"score":65,"play_id":"b50c4bfd-e3b8-4927-a43d-6fc527bbcb55","local_time":"20210211141107","is_ascension_mode":false,"campfire_choices":[],"circlet_count":0,"master_deck":["Strike_P","Strike_P","Strike_P","Strike_P","Defend_P","Defend_P","Defend_P","Defend_P","Eruption","Vigilance","Perseverance","Evaluate","Halt","Consecrate","Adaptation","Regret","CutThroughFate"],"relics":["PureWater","Strawberry","Toy Ornithopter","Mummified Hand","Happy Flower"],"acts_visited":["Exordium"],"potions_floor_usage":[11],"damage_taken":[{"damage":8.0,"enemies":"2 Louse","floor":1.0,"turns":2.0},{"damage":5.0,"enemies":"Jaw Worm","floor":2.0,"turns":4.0},{"damage":8.0,"enemies":"Small Slimes","floor":4.0,"turns":3.0},{"damage":11.0,"enemies":"Red Slaver","floor":6.0,"turns":3.0},{"damage":23.0,"enemies":"Exordium Wildlife","floor":8.0,"turns":5.0},{"damage":34,"enemies":"Gremlin Nob","floor":11,"turns":4}],"seed_played":"-5768744694308611635","potions_obtained":[{"floor":2.0,"key":"Energy Potion"},{"floor":4.0,"key":"Explosive Potion"}],"is_trial":false,"path_per_floor":["M","M","?","M","T","M","?","M","T","T","E"],"character_chosen":"WATCHER","items_purchased":[],"campfire_rested":0,"item_purchase_floors":[],"current_hp_per_floor":[64,59,59,51,58,47,47,29,29,29,0,0],"gold":221,"neow_bonus":"THREE_CARDS","is_daily":false,"chose_seed":false,"campfire_upgraded":0,"win_rate":0.0,"timestamp":1613081467,"path_taken":["M","M","?","M","?","M","?","M","T","?","E"],"items_purchased_type":[],"build_version":"2020-12-22","purchased_purges":0,"victory":false,"max_hp_per_floor":[72,72,72,72,79,79,79,79,79,79,79,79],"card_choices":[{"not_picked":["Worship","BowlingBash"],"picked":"Perseverance","floor":0.0},{"not_picked":["EmptyFist","Swivel"],"picked":"Evaluate","floor":1.0},{"not_picked":["BowlingBash","ClearTheMind"],"picked":"Halt","floor":2.0},{"not_picked":["ClearTheMind","LikeWater"],"picked":"Consecrate","floor":4.0},{"not_picked":["ClearTheMind","Consecrate"],"picked":"Adaptation","floor":6.0},{"not_picked":["SashWhip","FollowUp"],"picked":"CutThroughFate","floor":8.0}],"player_experience":162430,"relics_obtained":[{"floor":5.0,"key":"Strawberry"},{"floor":9.0,"key":"Mummified Hand"},{"floor":10.0,"key":"Happy Flower"}],"event_choices":[{"damage_healed":0.0,"max_hp_gain":0.0,"max_hp_loss":0.0,"gold_gain":0.0,"event_name":"The Cleric","player_choice":"Leave","floor":3.0,"gold_loss":0.0,"damage_taken":0.0},{"damage_healed":0.0,"max_hp_gain":0.0,"max_hp_loss":0.0,"gold_gain":0.0,"event_name":"Big Fish","player_choice":"Box","floor":7.0,"gold_loss":0.0,"damage_taken":0.0,"relics_obtained":["Toy Ornithopter"],"cards_obtained":["Regret"]}],"is_beta":false,"boss_relics":[],"items_purged_floors":[],"is_endless":false,"potions_floor_spawned":[2,4],"killed_by":"Gremlin Nob","ascension_level":0}}