{"host":"r7lw16gtaifltel5","time":1613047950,"event":{"mods":["100% Spire Juice","BaseMod","Hermit","Koishi","Minty Spire (QoL Compilation)","Replay The Spire","StSLib","The Bug Knight","The Cursed","The Gatherer","The Hierophant","The Jungle"],"gold_per_floor":[110,110,185,65,77,77,96,106,106,121,121,121,133,13,13,116,166,62,42,58,58,73,73,102,102,102,134,181,193,205,97,109,221,233,245,245],"floor_reached":35,"language":"KOR","playtime":3167,"items_purged":[],"score":603,"play_id":"5a351f12-9a66-4809-a7bc-e379bb191c88","local_time":"20210211215230","daily_mods":["Draft","Heirloom"],"is_ascension_mode":false,"campfire_choices":[{"floor":6,"key":"REST"},{"data":"Moonworks:Accelerator","floor":11,"key":"SMITH"},{"floor":12,"key":"REST"},{"floor":15,"key":"REST"},{"floor":23,"key":"REST"},{"floor":25,"key":"REST"},{"floor":30,"key":"REST"},{"data":"Moonworks:LulusLuckyEgg","floor":32,"key":"SMITH"}],"circlet_count":0,"master_deck":["Moonworks:NicePresent","Moonworks:SakisCookie","Moonworks:RedAndBlue","Moonworks:LuckyCharm","Moonworks:LulusLuckyEgg","Moonworks:EvilSpyWorkPreparation","Moonworks:BigBangBell","Moonworks:SealedMemories","Moonworks:TreasureThief","Moonworks:Assault","Moonworks:EvilSpyWorkPreparation","Moonworks:EvilSpyWorkPreparation","Moonworks:WindyEnchantment+1","Moonworks:EvilSpyWorkPreparation","Moonworks:NicePresent","Moonworks:LulusLuckyEgg+1","Moonworks:EvilSpyWorkPreparation","Moonworks:Accelerator+1","Moonworks:SakisCookie","Moonworks:ImmovableObject","Moonworks:EvilSpyWorkPreparation","Moonworks:LulusLuckyEgg+1","Moonworks:ImmovableObject+1","Moonworks:SakisCookie","Moonworks:LulusLuckyEgg","Moonworks:LeapThroughSpace"],"relics":["Moonworks:SBBomb","Moonworks:Homemark","WingedGreaves","Replay:Bottled Flurry","Tiny House","PreservedInsect","Oddly Smooth Stone","MawBank","Art of War","theJungle:PaperFaux"],"acts_visited":["Exordium","Exordium","TheBeyond"],"potions_floor_usage":[10,10,18,20,22,22,22,24],"damage_taken":[{"damage":15,"enemies":"Small Slimes","floor":1,"turns":3},{"damage":2,"enemies":"Jaw Worm","floor":5,"turns":3},{"damage":6,"enemies":"Cultist","floor":7,"turns":4},{"damage":4,"enemies":"2 Fungi Beasts","floor":8,"turns":2},{"damage":13,"enemies":"Large Slime","floor":10,"turns":3},{"damage":13,"enemies":"Red Slaver","floor":13,"turns":2},{"damage":0,"enemies":"Fading Forest","floor":16,"turns":11},{"damage":5,"enemies":"Shell Parasite","floor":18,"turns":4},{"damage":14,"enemies":"theJungle:Flameango_and_Byrd","floor":20,"turns":4},{"damage":30,"enemies":"Snake Plant","floor":22,"turns":4},{"damage":27,"enemies":"theJungle:MamaSnecko","floor":24,"turns":2},{"damage":3,"enemies":"theJungle:2_Phrogs","floor":27,"turns":4},{"damage":2,"enemies":"theJungle:Cassacara","floor":28,"turns":3},{"damage":0,"enemies":"theJungle:FunGuy","floor":33,"turns":5},{"damage":70,"enemies":"3 Shapes","floor":35,"turns":3}],"seed_played":"-4336645355666990064","potions_obtained":[{"floor":5,"key":"EssenceOfSteel"},{"floor":8,"key":"AttackPotion"},{"floor":13,"key":"ColorlessPotion"},{"floor":17,"key":"Block Potion"},{"floor":18,"key":"SneckoOil"},{"floor":20,"key":"EntropicBrew"},{"floor":27,"key":"SpeedPotion"},{"floor":33,"key":"PowerPotion"}],"is_trial":true,"path_per_floor":["M","?","?","$","M","R","M","M","T","M","R","R","M","$","R","B",null,"M","?","M","$","M","R","E","R","T","E","E","?","R","?","R","B",null,"M"],"character_chosen":"THE_STARBREAKER","items_purchased":[],"campfire_rested":6,"item_purchase_floors":[],"current_hp_per_floor":[45,45,34,34,34,52,46,42,42,31,31,49,38,38,56,60,65,60,60,50,50,20,39,12,31,31,28,28,28,47,47,47,49,65,0,0],"gold":245,"neow_bonus":"","is_daily":false,"chose_seed":false,"campfire_upgraded":2,"win_rate":0.0,"timestamp":1613047950,"path_taken":["M","?","?","?","M","R","M","M","T","?","R","R","M","$","R","BOSS","M","?","M","?","M","R","E","R","T","E","E","?","R","?","R","BOSS","M"],"items_purchased_type":[],"build_version":"2020-12-22","purchased_purges":0,"victory":false,"max_hp_per_floor":[60,60,60,60,60,60,60,60,60,60,60,60,60,60,60,60,65,65,65,65,65,65,65,65,65,65,65,65,65,65,65,65,65,65,65,65],"card_choices":[{"not_picked":["Moonworks:BigMagnum","Moonworks:EvilSpyWorkPreparation"],"picked":"Moonworks:NicePresent","floor":0},{"not_picked":["Moonworks:IndiscriminateFireSupport","Moonworks:BigMagnum"],"picked":"Moonworks:SakisCookie","floor":0},{"not_picked":["Moonworks:SelfDestruct","Moonworks:MixPhenomenon"],"picked":"Moonworks:RedAndBlue","floor":0},{"not_picked":["Moonworks:CloudOfSeagulls","Moonworks:CastOff"],"picked":"Moonworks:LuckyCharm","floor":0},{"not_picked":["Moonworks:CookingTime","Moonworks:IndiscriminateFireSupport"],"picked":"Moonworks:LulusLuckyEgg","floor":0},{"not_picked":["Moonworks:DeployBits","Moonworks:CompletionReward"],"picked":"Moonworks:EvilSpyWorkPreparation","floor":0},{"not_picked":["Moonworks:ReproductionOfRecords","Moonworks:BigMagnum"],"picked":"Moonworks:BigBangBell","floor":0},{"not_picked":["Moonworks:ImOnFire","Moonworks:IndiscriminateFireSupport"],"picked":"Moonworks:SealedMemories","floor":0},{"not_picked":["Moonworks:EvilSpyWorkPreparation","Moonworks:BigMagnum"],"picked":"Moonworks:TreasureThief","floor":0},{"not_picked":["Moonworks:JonathanRush","Moonworks:BindingChains"],"picked":"Moonworks:Assault","floor":0},{"not_picked":["Moonworks:BigMagnum","Moonworks:JonathanRush"],"picked":"Moonworks:EvilSpyWorkPreparation","floor":0},{"not_picked":["Moonworks:Assault","Moonworks:CastOff"],"picked":"Moonworks:EvilSpyWorkPreparation","floor":0},{"not_picked":["Moonworks:JonathanRush","Moonworks:DeployBits"],"picked":"Moonworks:WindyEnchantment","floor":0},{"not_picked":["Moonworks:ForcedRevival","Moonworks:JonathanRush"],"picked":"Moonworks:EvilSpyWorkPreparation","floor":0},{"not_picked":["Moonworks:IndiscriminateFireSupport","Moonworks:JonathanRush"],"picked":"Moonworks:NicePresent","floor":0},{"not_picked":["Moonworks:IndiscriminateFireSupport","Moonworks:MiracleRedBeanIceCream"],"picked":"Moonworks:LulusLuckyEgg","floor":1},{"not_picked":["Moonworks:LulusLuckyEgg","Moonworks:Assault"],"picked":"Moonworks:EvilSpyWorkPreparation","floor":5},{"not_picked":["Moonworks:BigMagnum","Moonworks:ReproductionOfRecords","Moonworks:CookingTime"],"picked":"SKIP","floor":7},{"not_picked":["Moonworks:CloudOfSeagulls","Moonworks:AwakeningOfTalent"],"picked":"Moonworks:Accelerator","floor":8},{"not_picked":["Moonworks:x16BigRocket","Moonworks:Assault"],"picked":"Moonworks:SakisCookie","floor":10},{"not_picked":["Moonworks:EvilSpyWorkPreparation","Moonworks:Assault"],"picked":"Moonworks:ImmovableObject","floor":13},{"not_picked":["Moonworks:LulusLuckyEgg","Moonworks:CloudOfSeagulls"],"picked":"Moonworks:EvilSpyWorkPreparation","floor":17},{"not_picked":["Moonworks:TreasureThief","Moonworks:JonathanRush"],"picked":"Moonworks:LulusLuckyEgg+1","floor":18},{"not_picked":["Moonworks:ImOnFire+1","Moonworks:DeployBits"],"picked":"Moonworks:ImmovableObject+1","floor":20},{"not_picked":["Moonworks:DeployBits","Moonworks:ImOnFire","Moonworks:Blazing"],"picked":"SKIP","floor":22},{"not_picked":["Moonworks:MiracleRedBeanIceCream","Moonworks:ImOnFire","Moonworks:CloudOfSeagulls+1"],"picked":"SKIP","floor":24},{"not_picked":["Moonworks:Flamethrower","Moonworks:UnpaidWork"],"picked":"Moonworks:SakisCookie","floor":27},{"not_picked":["Moonworks:Assault","Moonworks:BindingChains+1"],"picked":"Moonworks:LulusLuckyEgg","floor":28},{"not_picked":["Moonworks:SinkOrSwim","Moonworks:HolyNight"],"picked":"Moonworks:LeapThroughSpace","floor":33}],"player_experience":34886,"relics_obtained":[{"floor":9,"key":"Replay:Bottled Flurry"},{"floor":24,"key":"PreservedInsect"},{"floor":26,"key":"Oddly Smooth Stone"},{"floor":27,"key":"MawBank"},{"floor":28,"key":"Art of War"}],"event_choices":[{"damage_healed":0,"gold_gain":0,"player_choice":"Ignored","damage_taken":0,"max_hp_gain":0,"max_hp_loss":0,"event_name":"Golden Wing","floor":2,"gold_loss":0},{"damage_healed":0,"gold_gain":75,"player_choice":"Gather Gold","damage_taken":11,"max_hp_gain":0,"max_hp_loss":0,"event_name":"World of Goop","floor":3,"gold_loss":0},{"damage_healed":0,"gold_gain":100,"player_choice":"Pray","damage_taken":0,"max_hp_gain":0,"max_hp_loss":0,"event_name":"Golden Shrine","floor":19,"gold_loss":0},{"cards_removed":["Shame"],"damage_healed":0,"gold_gain":0,"player_choice":"Removed Curses","damage_taken":0,"max_hp_gain":0,"max_hp_loss":0,"event_name":"Fountain of Cleansing","floor":31,"gold_loss":0}],"is_beta":false,"boss_relics":[{"not_picked":["Velvet Choker","Replay:Bronze Core"],"picked":"Tiny House"},{"not_picked":["Runic Pyramid","Busted Crown"],"picked":"Moonworks:SBBomb"}],"items_purged_floors":[],"is_endless":false,"potions_floor_spawned":[5,8,13,18,20,27,33],"killed_by":"3 Shapes","ascension_level":0}}