{"host":"89iuq2p5kwriuwfq","time":1613075025,"event":{"mods":["BaseMod","Curses Come First","Minty Spire (QoL Compilation)","Permanent Neow","StSLib"],"gold_per_floor":[20,20,20,38,54,89,102,102,102,102,116,150,32,66,66,186,186,204,204,204,250,73,73,109,187,212,212,253,277,316,340,340,340,340],"floor_reached":33,"language":"ENG","playtime":2023,"items_purged":[],"score":617,"play_id":"54b3d781-52d1-475e-bee7-a5d055adbc4f","local_time":"20210211202345","is_ascension_mode":true,"campfire_choices":[{"data":"TalkToTheHand","floor":8.0,"key":"SMITH"},{"data":"Eruption","floor":10.0,"key":"SMITH"},{"data":"Nirvana","floor":15.0,"key":"SMITH"},{"data":"Wallop","floor":23.0,"key":"SMITH"},{"floor":32,"key":"REST"}],"circlet_count":0,"master_deck":["AscendersBane","Strike_P","Strike_P","Defend_P","Defend_P","Eruption+1","Vigilance","CutThroughFate","EmptyFist","TalkToTheHand+1","Weave","CutThroughFate","CutThroughFate","Wireheading","Nirvana+1","Protect+1","Pray+1","Wish+1","Protect+1","Pray+1","Necronomicurse","FlyingSleeves+1","Wallop+1","Omniscience+1","Study","SignatureMove","Prostrate+1","CrushJoints+1"],"relics":["PureWater","CaptainsWheel","Golden Idol","Ornamental Fan","Toxic Egg 2","Bottled Flame","Tiny Chest","Empty Cage","Necronomicon","White Beast Statue","Bag of Marbles","Frozen Egg 2","Blue Candle","Strawberry"],"acts_visited":["Exordium","TheCity"],"potions_floor_usage":[28,29],"damage_taken":[{"damage":0.0,"enemies":"Small Slimes","floor":1.0,"turns":3.0},{"damage":0.0,"enemies":"2 Louse","floor":4.0,"turns":2.0},{"damage":0.0,"enemies":"Cultist","floor":5.0,"turns":3.0},{"damage":0.0,"enemies":"Gremlin Nob","floor":6.0,"turns":4.0},{"damage":0.0,"enemies":"2 Fungi Beasts","floor":7.0,"turns":4.0},{"damage":0.0,"enemies":"Exordium Wildlife","floor":11.0,"turns":3.0},{"damage":4.0,"enemies":"3 Sentries","floor":12.0,"turns":6.0},{"damage":9.0,"enemies":"Lagavulin","floor":14.0,"turns":4.0},{"damage":0.0,"enemies":"Slime Boss","floor":16.0,"turns":7.0},{"damage":3.0,"enemies":"2 Thieves","floor":18.0,"turns":4.0},{"damage":0.0,"enemies":"Spheric Guardian","floor":21.0,"turns":5.0},{"damage":12.0,"enemies":"Book of Stabbing","floor":24.0,"turns":6.0},{"damage":5.0,"enemies":"Centurion and Healer","floor":25.0,"turns":7.0},{"damage":20,"enemies":"Slavers","floor":28,"turns":5},{"damage":2,"enemies":"Snake Plant","floor":29,"turns":5},{"damage":4,"enemies":"Book of Stabbing","floor":30,"turns":7},{"damage":66,"enemies":"Automaton","floor":33,"turns":6}],"seed_played":"-3344570588590468209","potions_obtained":[{"floor":1.0,"key":"Block Potion"},{"floor":4.0,"key":"DuplicationPotion"},{"floor":6.0,"key":"ColorlessPotion"},{"floor":7.0,"key":"SpeedPotion"},{"floor":16.0,"key":"Fire Potion"},{"floor":21.0,"key":"SpeedPotion"},{"floor":25.0,"key":"BottledMiracle"},{"floor":28,"key":"BottledMiracle"},{"floor":29,"key":"Fire Potion"},{"floor":30,"key":"ColorlessPotion"}],"is_trial":false,"path_per_floor":["M","?","?","M","M","E","M","R","T","R","M","E","$","E","R","B",null,"M","?","?","M","$","R","E","M","T","?","E","M","E","T","R","B"],"character_chosen":"WATCHER","items_purchased":["Nirvana","Protect+1","Wallop","Omniscience+1"],"campfire_rested":1,"item_purchase_floors":[13,13,22,22],"current_hp_per_floor":[65,47,47,47,47,47,47,47,47,47,47,43,43,34,34,34,63,60,60,44,44,44,44,32,27,27,27,7,5,1,8,31,0,0],"gold":340,"neow_bonus":"ONE_RARE_RELIC","is_daily":false,"chose_seed":false,"campfire_upgraded":4,"win_rate":0.0,"timestamp":1613075025,"path_taken":["M","?","?","?","M","E","M","R","T","R","M","E","$","E","R","BOSS","M","?","?","M","$","R","E","M","T","?","E","M","E","?","R","BOSS"],"items_purchased_type":["Card","Card","Card","Card"],"build_version":"2020-12-22","purchased_purges":0,"victory":false,"max_hp_per_floor":[72,72,72,72,72,72,72,72,72,72,72,72,72,72,72,72,72,72,72,72,72,72,72,72,72,72,72,72,72,72,79,79,79,79],"card_choices":[{"not_picked":["DeceiveReality","Protect"],"picked":"CutThroughFate","floor":1.0},{"not_picked":["EmptyMind","Crescendo"],"picked":"EmptyFist","floor":4.0},{"not_picked":["Nirvana","PathToVictory"],"picked":"TalkToTheHand","floor":5.0},{"not_picked":["Weave","SashWhip","EmptyFist"],"picked":"SKIP","floor":6.0},{"not_picked":["SashWhip","EmptyFist"],"picked":"Weave","floor":6.0},{"not_picked":["SignatureMove","Swivel"],"picked":"CutThroughFate","floor":7.0},{"not_picked":["FlurryOfBlows","SashWhip"],"picked":"CutThroughFate","floor":11.0},{"not_picked":["WreathOfFlame+1","DevaForm"],"picked":"Wireheading","floor":12.0},{"not_picked":["BowlingBash","Evaluate+1"],"picked":"Pray+1","floor":14.0},{"not_picked":["ConjureBlade+1","Scrawl+1"],"picked":"Wish+1","floor":16.0},{"not_picked":["Crescendo+1","Swivel+1"],"picked":"Protect+1","floor":18.0},{"not_picked":["DeceiveReality+1","FlurryOfBlows"],"picked":"FlyingSleeves+1","floor":21.0},{"not_picked":["JustLucky","FlurryOfBlows","SignatureMove"],"picked":"SKIP","floor":24.0},{"not_picked":["TalkToTheHand","Protect+1","JustLucky"],"picked":"SKIP","floor":25.0},{"not_picked":["FlyingSleeves","Fasting2+1"],"picked":"SignatureMove","floor":28},{"not_picked":["Vengeance+1","Conclude"],"picked":"Prostrate+1","floor":29},{"not_picked":["ThirdEye+1","InnerPeace+1"],"picked":"CrushJoints+1","floor":30}],"player_experience":659709,"relics_obtained":[{"floor":6.0,"key":"Ornamental Fan"},{"floor":9.0,"key":"Toxic Egg 2"},{"floor":12.0,"key":"Bottled Flame"},{"floor":14.0,"key":"Tiny Chest"},{"floor":20.0,"key":"Necronomicon"},{"floor":24.0,"key":"White Beast Statue"},{"floor":26.0,"key":"Bag of Marbles"},{"floor":28,"key":"Frozen Egg 2"},{"floor":30,"key":"Blue Candle"},{"floor":31,"key":"Strawberry"}],"event_choices":[{"damage_healed":0.0,"max_hp_gain":0.0,"max_hp_loss":0.0,"gold_gain":0.0,"event_name":"Golden Idol","player_choice":"Take Damage","floor":2.0,"gold_loss":0.0,"damage_taken":18.0,"relics_obtained":["Golden Idol"]},{"cards_removed":["Strike_P"],"damage_healed":0.0,"max_hp_gain":0.0,"max_hp_loss":0.0,"gold_gain":0.0,"event_name":"Purifier","player_choice":"Purged","floor":3.0,"gold_loss":0.0,"damage_taken":0.0},{"damage_healed":0.0,"max_hp_gain":0.0,"max_hp_loss":0.0,"gold_gain":0.0,"event_name":"The Library","player_choice":"Read","floor":19.0,"gold_loss":0.0,"damage_taken":0.0,"cards_obtained":["Pray"]},{"damage_healed":0.0,"max_hp_gain":0.0,"max_hp_loss":0.0,"gold_gain":0.0,"event_name":"Cursed Tome","player_choice":"Obtained Book","floor":20.0,"gold_loss":0.0,"damage_taken":16.0},{"damage_healed":0.0,"max_hp_gain":0.0,"max_hp_loss":0.0,"gold_gain":0.0,"cards_transformed":["Defend_P"],"event_name":"Transmorgrifier","player_choice":"Transformed","floor":27.0,"gold_loss":0.0,"damage_taken":0.0,"cards_obtained":["Study"]}],"is_beta":false,"boss_relics":[{"not_picked":["SacredBark","Fusion Hammer"],"picked":"Empty Cage"}],"items_purged_floors":[],"is_endless":false,"potions_floor_spawned":[1,4,6,7,16,21,25,28,29,30],"killed_by":"Automaton","ascension_level":11}}