{"host":"mgc7o2tpy0ck407l","time":1613051291,"event":{"mods":["Alarm Clock","BaseMod","Better Altar","Better Match","Better Note","Better Sensory Stone","Better Skull","Better Third Choice","Better Vampires","BetterRewards","Block Reminder","Bossed Relics","Challenge The Spire","Colored Map","Colored Powertips","Curses Come First","DeckTracker","Disable Question Mark Monsters","Displayed Cursed Tome","Infinite Spire","Key Reminder","Minty Spire (QoL Compilation)","Permanent Neow","Quick Restart","Rare Cards Sparkle","Relic Sorter","Reliquary","Reorder Act Four","Replay The Spire","Shop Mod","Spicy Shops","StSLib","SuperFastMode","Transform Curses","Unceasing Turn Reminder"],"gold_per_floor":[14,14,14,14,32,60,70,70,117,135,135,166,66,96,96,110,110],"floor_reached":16,"language":"ENG","playtime":453,"items_purged":["Strike_R","Strike_R"],"score":124,"play_id":"eac365e5-540a-4a1e-9840-190d5db54688","local_time":"20210211084811","is_ascension_mode":true,"campfire_choices":[{"data":"Juggernaut","floor":8,"key":"SMITH"},{"data":"Shrug It Off","floor":11,"key":"SMITH"},{"floor":15,"key":"REST"}],"circlet_count":0,"master_deck":["Strike_R","Strike_R","Strike_R","Defend_R+1","Defend_R","Defend_R+1","Defend_R","Bash","Replay:Undeath\u0027s Touch","Swift Strike","Juggernaut+1","Shrug It Off+1"],"relics":["Burning Blood","infinitespire:Lychee Nut","reliquary:Crutches","infinitespire:CheckeredPen","Smiling Mask","War Paint","infinitespire:Midas Blood"],"acts_visited":["Exordium"],"potions_floor_usage":[16],"damage_taken":[{"damage":0,"enemies":"Small Slimes","floor":1,"turns":3},{"damage":5,"enemies":"2 Louse","floor":5,"turns":2},{"damage":33,"enemies":"Gremlin Nob","floor":6,"turns":5},{"damage":6,"enemies":"Jaw Worm","floor":7,"turns":3},{"damage":18,"enemies":"Lots of Slimes","floor":10,"turns":3},{"damage":26,"enemies":"Lagavulin","floor":12,"turns":7},{"damage":14,"enemies":"Gremlin Nob","floor":14,"turns":3},{"damage":40,"enemies":"Fading Forest","floor":16,"turns":7}],"seed_played":"6913741609785615401","potions_obtained":[{"floor":1,"key":"SkillPotion"},{"floor":7,"key":"GamblersBrew"}],"is_trial":false,"path_per_floor":["M","?","$","?","M","E","M","R","T","M","R","E","$","E","R","B"],"character_chosen":"IRONCLAD","items_purchased":[],"campfire_rested":1,"item_purchase_floors":[],"current_hp_per_floor":[60,60,60,60,60,34,39,39,39,32,32,18,18,15,33,0,0],"gold":110,"neow_bonus":"ONE_RARE_RELIC","is_daily":false,"chose_seed":false,"campfire_upgraded":2,"win_rate":0.0,"timestamp":1613051291,"path_taken":["M","?","$","?","M","E","?","R","T","M","R","E","$","E","R","BOSS"],"items_purchased_type":[],"build_version":"2020-12-22","purchased_purges":2,"victory":false,"max_hp_per_floor":[60,60,60,60,60,60,60,60,60,60,60,60,60,60,60,60,60],"card_choices":[{"not_picked":["Searing Blow","Headbutt"],"picked":"Replay:Undeath\u0027s Touch","floor":1},{"not_picked":["Discovery","Specialist"],"picked":"Swift Strike","floor":2},{"not_picked":["Entrench","Body Slam"],"picked":"Juggernaut","floor":5},{"not_picked":["ReplayTheSpireMod:Strike From Hell","Feed"],"picked":"Shrug It Off","floor":6},{"not_picked":["Thunderclap","Carnage","Dropkick"],"picked":"SKIP","floor":7},{"not_picked":["Second Wind","Cleave","Pommel Strike"],"picked":"SKIP","floor":10},{"not_picked":["ReplayTheSpireMod:Strike From Hell","Dual Wield","Wild Strike"],"picked":"SKIP","floor":12},{"not_picked":["Sever Soul","Abandon","Replay:Undeath\u0027s Touch"],"picked":"SKIP","floor":14}],"player_experience":765570,"relics_obtained":[{"floor":6,"key":"infinitespire:CheckeredPen"},{"floor":9,"key":"Smiling Mask"},{"floor":12,"key":"War Paint"},{"floor":14,"key":"infinitespire:Midas Blood"}],"event_choices":[{"damage_healed":0,"gold_gain":1,"player_choice":"1","damage_taken":0,"max_hp_gain":0,"max_hp_loss":0,"event_name":"betterStone:BetterStone","floor":2,"gold_loss":0},{"damage_healed":0,"gold_gain":0,"player_choice":"Gave Potion","damage_taken":0,"relics_obtained":["reliquary:Crutches"],"max_hp_gain":0,"max_hp_loss":0,"event_name":"WeMeetAgain","floor":4,"gold_loss":0}],"is_beta":false,"boss_relics":[],"items_purged_floors":[13,13],"is_endless":false,"potions_floor_spawned":[1,7],"killed_by":"Fading Forest","ascension_level":1}}