{"host":"i1fqlpve17okw40o","time":1613058745,"event":{"mods":["A Magickal Journey","Act Like it!","Aspiration","BaseMod","BetterRewards","CapriCore","Colored Map","Colored Powertips","Downfall","Elementarium","Energized Spire","Glutton Mod","Halation","Hermit","Highlight Path","Hubris","Koishi","Marisa????????","Mimic Mod","Minty Spire (QoL Compilation)","Quick Restart","Random Character Button","Relic Sorter","Reliquary","Replay The Spire","Retaliation","Reworked Bosses","Shade Mod","StSLib","SuperFastMode","Td1madao Mod","The Construct","The Disciple","The Forsaken","The Immortal","The Runesmith","The Senshi","The Servant 0.9.4"],"gold_per_floor":[109,34,52,52,84,111,7,7,47,67,81,98,98,118,118,118,118],"floor_reached":16,"language":"ENG","playtime":890,"items_purged":["Replay:Battleflow"],"score":102,"play_id":"abfd4211-cf54-4d2f-81c2-5348f83b81f4","local_time":"20210211095225","is_ascension_mode":false,"campfire_choices":[{"data":"Eruption","floor":8,"key":"SMITH"},{"data":"Replay:DivineShield","floor":15,"key":"SMITH"}],"circlet_count":0,"master_deck":["Strike_P","Strike_P","Strike_P","Strike_P","Defend_P","Defend_P","Defend_P","Defend_P","Eruption+1","Vigilance","Replay:AtTheReady","EmptyFist","WaveOfTheHand+1","Consecrate","Replay:DivineShield+1","FollowUp"],"relics":["PureWater","theForsaken:Lifeblossom","CaptainsWheel"],"acts_visited":["Exordium"],"potions_floor_usage":[11,16,16],"damage_taken":[{"damage":2,"enemies":"Small Slimes","floor":1,"turns":4},{"damage":1,"enemies":"Jaw Worm","floor":3,"turns":3},{"damage":13,"enemies":"Cultist","floor":5,"turns":10},{"damage":12,"enemies":"Replay:BlueRogue","floor":6,"turns":12},{"damage":0,"enemies":"Cultist","floor":9,"turns":7},{"damage":0,"enemies":"Cultist","floor":10,"turns":2},{"damage":18,"enemies":"Gremlin Gang","floor":11,"turns":6},{"damage":19,"enemies":"Large Slime","floor":12,"turns":9},{"damage":4,"enemies":"Red Slaver","floor":14,"turns":6},{"damage":89,"enemies":"The Guardian","floor":16,"turns":14}],"seed_played":"-3674763634188404110","potions_obtained":[{"floor":6,"key":"Explosive Potion"},{"floor":11,"key":"Death Potion"},{"floor":12,"key":"hexamod:SoulburnPotion"}],"is_trial":false,"path_per_floor":["M","$","M","?","MIM","E","$","R","MIM","M","M","M","?","M","R","B"],"character_chosen":"WATCHER","items_purchased":["WaveOfTheHand+1","Consecrate"],"campfire_rested":0,"item_purchase_floors":[7,7],"current_hp_per_floor":[77,77,76,76,63,57,57,57,63,66,54,41,79,78,78,0,0],"gold":118,"neow_bonus":"TEN_PERCENT_HP_BONUS","is_daily":false,"chose_seed":false,"campfire_upgraded":2,"win_rate":0.0,"timestamp":1613058745,"path_taken":["M","$","M","?","?","E","$","R","MIM","M","M","M","?","M","R","BOSS"],"items_purchased_type":["Card","Card"],"build_version":"2020-12-22","purchased_purges":1,"victory":false,"max_hp_per_floor":[79,79,79,79,79,79,79,79,79,79,79,79,79,79,79,79,79],"card_choices":[{"not_picked":["FollowUp","EmptyBody"],"picked":"Replay:Battleflow","floor":1},{"not_picked":["PathToVictory","SashWhip"],"picked":"Replay:AtTheReady","floor":3},{"not_picked":["InnerPeace","Evaluate"],"picked":"EmptyFist","floor":5},{"not_picked":["Prostrate","Replay:Vibes","EmptyFist"],"picked":"SKIP","floor":6},{"not_picked":["Crescendo","Pray"],"picked":"Swivel","floor":10},{"not_picked":["WheelKick","Prostrate"],"picked":"Replay:DivineShield","floor":11},{"not_picked":["JustLucky","DeusExMachina"],"picked":"FollowUp","floor":12},{"not_picked":["ThirdEye","Replay:AtTheReady","Replay:ManipulateFuture"],"picked":"SKIP","floor":14}],"player_experience":425761,"relics_obtained":[{"floor":5,"key":"theForsaken:Lifeblossom"},{"floor":6,"key":"CaptainsWheel"}],"event_choices":[{"cards_removed":["Swivel"],"damage_healed":38,"gold_gain":0,"player_choice":"Offered Uncommon","damage_taken":0,"max_hp_gain":0,"max_hp_loss":0,"event_name":"Bonfire Elementals","floor":13,"gold_loss":0}],"is_beta":false,"boss_relics":[],"items_purged_floors":[2],"is_endless":false,"potions_floor_spawned":[6,11,12],"killed_by":"The Guardian","ascension_level":0}}