{"host":"xsuxkwaivmtd234a","time":1613063450,"event":{"mods":["BaseMod","Colored Map","Filter the Spire","Minty Spire (QoL Compilation)","Relic Stats","StSLib"],"gold_per_floor":[161,177,190,190,208,208,240,240,287,315,330,344,379,393,393,498,498,518,528,627,542,57,392,392,423,423,433,433,451,361,375,375,476,476,486,486,499,513,38,38,87,99,111,135,178,217,229,253,265,277,277],"floor_reached":50,"language":"ENG","playtime":2285,"items_purged":[],"score":755,"play_id":"3a0b9236-1398-40c5-b901-e7fe500268f1","local_time":"20210211121050","is_ascension_mode":true,"campfire_choices":[{"data":"Blood for Blood","floor":6.0,"key":"SMITH"},{"data":"Inflame","floor":8.0,"key":"SMITH"},{"floor":15.0,"key":"REST"},{"floor":24.0,"key":"REST"},{"floor":28.0,"key":"REST"},{"floor":32,"key":"REST"},{"data":"Barricade","floor":40,"key":"SMITH"},{"floor":47,"key":"RECALL"},{"floor":49,"key":"REST"}],"circlet_count":0,"master_deck":["Strike_R","Strike_R","Strike_R","Defend_R","Defend_R","Defend_R+1","Defend_R+1","Bash","Heavy Blade","Blood for Blood+1","Thunderclap","Anger","Inflame+1","Inflame","Pummel","Flame Barrier","Shrug It Off","Barricade+1","Sword Boomerang","Shockwave","Feel No Pain","Uppercut","Ghostly Armor","Double Tap","Corruption","Immolate","Pummel+1","True Grit","Sever Soul","Dark Shackles","Fire Breathing+1","Juggernaut"],"relics":["Tiny House","Self Forming Clay","Vajra","Oddly Smooth Stone","Runic Pyramid","HornCleat","ClockworkSouvenir","Gremlin Horn","Old Coin","Potion Belt","Magic Flower","Snecko Eye","Blood Vial","Kunai","MawBank","Singing Bowl","Toxic Egg 2","Art of War"],"acts_visited":["Exordium","TheCity","TheBeyond"],"potions_floor_usage":[31,33,38,45,45,50],"damage_taken":[{"damage":0.0,"enemies":"2 Louse","floor":1.0,"turns":2.0},{"damage":6.0,"enemies":"Cultist","floor":2.0,"turns":3.0},{"damage":11.0,"enemies":"Jaw Worm","floor":3.0,"turns":4.0},{"damage":11.0,"enemies":"Blue Slaver","floor":5.0,"turns":4.0},{"damage":12.0,"enemies":"3 Sentries","floor":7.0,"turns":5.0},{"damage":14.0,"enemies":"Lagavulin","floor":10.0,"turns":5.0},{"damage":4.0,"enemies":"Gremlin Gang","floor":11.0,"turns":4.0},{"damage":0.0,"enemies":"2 Fungi Beasts","floor":12.0,"turns":2.0},{"damage":16.0,"enemies":"Gremlin Nob","floor":13.0,"turns":3.0},{"damage":7.0,"enemies":"Exordium Thugs","floor":14.0,"turns":4.0},{"damage":0.0,"enemies":"Slime Boss","floor":16.0,"turns":7.0},{"damage":6.0,"enemies":"3 Byrds","floor":18.0,"turns":5.0},{"damage":13.0,"enemies":"Spheric Guardian","floor":19.0,"turns":5.0},{"damage":24.0,"enemies":"Slavers","floor":23.0,"turns":3.0},{"damage":11.0,"enemies":"Book of Stabbing","floor":25.0,"turns":4.0},{"damage":3.0,"enemies":"Centurion and Healer","floor":27.0,"turns":7.0},{"damage":27.0,"enemies":"3 Cultists","floor":29.0,"turns":6.0},{"damage":19,"enemies":"Snake Plant","floor":31,"turns":3},{"damage":40,"enemies":"Champ","floor":33,"turns":11},{"damage":2,"enemies":"Orb Walker","floor":35,"turns":4},{"damage":10,"enemies":"3 Darklings","floor":37,"turns":4},{"damage":13,"enemies":"Transient","floor":38,"turns":5},{"damage":0,"enemies":"Sphere and 2 Shapes","floor":44,"turns":3},{"damage":8,"enemies":"Reptomancer","floor":45,"turns":6},{"damage":16,"enemies":"Jaw Worm Horde","floor":48,"turns":3},{"damage":88,"enemies":"Awakened One","floor":50,"turns":7}],"seed_played":"9111244811640643310","potions_obtained":[{"floor":0.0,"key":"PowerPotion"},{"floor":5.0,"key":"GamblersBrew"},{"floor":7.0,"key":"SteroidPotion"},{"floor":10.0,"key":"FearPotion"},{"floor":16.0,"key":"DuplicationPotion"},{"floor":19.0,"key":"Explosive Potion"},{"floor":23.0,"key":"BlessingOfTheForge"},{"floor":31,"key":"AttackPotion"},{"floor":33,"key":"Fire Potion"},{"floor":38,"key":"ElixirPotion"},{"floor":44,"key":"Regen Potion"},{"floor":48,"key":"BlessingOfTheForge"}],"is_trial":false,"path_per_floor":["M","M","M","?","M","R","E","R","T","E","M","M","E","M","R","B",null,"M","M","?","?","$","E","R","E","T","M","R","M","?","M","R","B",null,"M","?","M","M","$","R","T","?","T","M","E","T","R","M","R","B"],"character_chosen":"IRONCLAD","items_purchased":["Feel No Pain","ClockworkSouvenir","Gremlin Horn","Blood Vial","Sever Soul","Kunai"],"campfire_rested":5,"item_purchase_floors":[22,22,22,39,39,39],"current_hp_per_floor":[85,79,68,68,57,57,45,45,45,31,27,27,11,4,29,29,71,65,52,52,52,52,28,53,42,42,39,64,37,37,18,43,3,65,63,63,53,40,40,40,40,40,40,43,62,62,62,51,77,0,0],"gold":277,"neow_bonus":"BOSS_RELIC","is_daily":false,"chose_seed":false,"campfire_upgraded":3,"win_rate":0.0,"timestamp":1613063450,"path_taken":["M","M","M","?","M","R","E","R","T","E","M","?","E","M","R","BOSS","M","M","?","?","?","E","R","E","T","?","R","M","?","M","R","BOSS","M","?","M","M","$","R","?","?","T","M","E","?","R","M","R","BOSS"],"items_purchased_type":["Card","Relic","Relic","Relic","Card","Relic"],"build_version":"2020-12-22","purchased_purges":0,"victory":false,"max_hp_per_floor":[85,85,85,85,85,85,85,85,85,85,85,85,85,85,85,85,85,85,85,85,85,85,85,85,85,85,85,85,85,85,85,85,85,85,85,85,85,85,85,85,85,85,85,85,85,85,85,87,87,87,87],"relic_stats":{"Blood Vial":12,"Gremlin Horn":[17,17],"Singing Bowl":2,"counters":[26,119],"Self Forming Clay":[138],"Magic Flower":[13],"Snecko Eye":[44,54,47,45],"Art of War":[2],"Kunai":[6],"MawBank":108,"obtain_stats":[{"Potion Belt":25,"Tiny House":0,"Gremlin Horn":22,"Singing Bowl":43,"Self Forming Clay":7,"Vajra":10,"Oddly Smooth Stone":13,"Magic Flower":26,"MawBank":41,"Burning Blood":0,"ClockworkSouvenir":22,"Old Coin":23,"Blood Vial":39,"HornCleat":21,"Snecko Eye":34,"Art of War":46,"Kunai":39,"Toxic Egg 2":45,"Runic Pyramid":17},{"Potion Belt":15,"Tiny House":0,"Gremlin Horn":13,"Singing Bowl":22,"Self Forming Clay":5,"Vajra":6,"Oddly Smooth Stone":9,"Magic Flower":15,"MawBank":22,"Burning Blood":0,"ClockworkSouvenir":13,"Old Coin":14,"Blood Vial":22,"HornCleat":13,"Snecko Eye":19,"Art of War":24,"Kunai":22,"Toxic Egg 2":24,"Runic Pyramid":11},{"Potion Belt":60,"Tiny House":0,"Gremlin Horn":53,"Singing Bowl":100,"Self Forming Clay":18,"Vajra":23,"Oddly Smooth Stone":32,"Magic Flower":60,"MawBank":100,"Burning Blood":0,"ClockworkSouvenir":53,"Old Coin":56,"Blood Vial":100,"HornCleat":53,"Snecko Eye":87,"Art of War":109,"Kunai":100,"Toxic Egg 2":109,"Runic Pyramid":43}]},"card_choices":[{"not_picked":["Havoc","True Grit"],"picked":"Heavy Blade","floor":0.0},{"not_picked":["Iron Wave","True Grit"],"picked":"Blood for Blood","floor":1.0},{"not_picked":["Clash","Sever Soul"],"picked":"Thunderclap","floor":2.0},{"not_picked":["Havoc","Shrug It Off"],"picked":"Anger","floor":3.0},{"not_picked":["Juggernaut","Pummel"],"picked":"Inflame","floor":5.0},{"not_picked":["Armaments","Perfected Strike","Headbutt"],"picked":"SKIP","floor":7.0},{"not_picked":["Flex","Rupture","Perfected Strike"],"picked":"SKIP","floor":10.0},{"not_picked":["Shrug It Off","Clothesline"],"picked":"Inflame","floor":11.0},{"not_picked":["Reckless Charge","Flex"],"picked":"Pummel","floor":12.0},{"not_picked":["Armaments","Power Through"],"picked":"Flame Barrier","floor":13.0},{"not_picked":["Wild Strike","True Grit"],"picked":"Shrug It Off","floor":14.0},{"not_picked":["Bludgeon","Offering"],"picked":"Barricade","floor":16.0},{"not_picked":["Perfected Strike","Iron Wave"],"picked":"Sword Boomerang","floor":18.0},{"not_picked":["Pummel","Clothesline"],"picked":"Shockwave","floor":19.0},{"not_picked":["Warcry","Wild Strike"],"picked":"Uppercut","floor":23.0},{"not_picked":["Flex+1","Shockwave"],"picked":"Ghostly Armor","floor":25.0},{"not_picked":["Anger+1","Flex"],"picked":"Double Tap","floor":27.0},{"not_picked":["Pommel Strike","Perfected Strike","Thunderclap"],"picked":"SKIP","floor":29.0},{"not_picked":["Clash","Shrug It Off"],"picked":"Corruption","floor":31},{"not_picked":["Feed","Exhume"],"picked":"Immolate","floor":33},{"not_picked":["Iron Wave+1","Clash","Rage"],"picked":"SKIP","floor":35},{"not_picked":["Wild Strike","Twin Strike"],"picked":"Pummel+1","floor":37},{"not_picked":["Rampage","Sever Soul"],"picked":"True Grit","floor":38},{"not_picked":["Blind","Good Instincts"],"picked":"Dark Shackles","floor":42},{"not_picked":["True Grit","Evolve"],"picked":"Fire Breathing+1","floor":44},{"not_picked":["Shrug It Off+1","Flex+1"],"picked":"Juggernaut","floor":45},{"not_picked":["Battle Trance+1","Heavy Blade+1","Twin Strike"],"picked":"Singing Bowl","floor":48}],"player_experience":1238834,"relics_obtained":[{"floor":7.0,"key":"Self Forming Clay"},{"floor":10.0,"key":"Vajra"},{"floor":13.0,"key":"Oddly Smooth Stone"},{"floor":23.0,"key":"Old Coin"},{"floor":25.0,"key":"Potion Belt"},{"floor":26.0,"key":"Magic Flower"},{"floor":41,"key":"MawBank"},{"floor":43,"key":"Singing Bowl"},{"floor":45,"key":"Toxic Egg 2"},{"floor":46,"key":"Art of War"}],"event_choices":[{"cards_removed":["Strike_R"],"damage_healed":0.0,"max_hp_gain":0.0,"max_hp_loss":0.0,"gold_gain":0.0,"event_name":"Bonfire Elementals","player_choice":"Offered Basic","floor":4.0,"gold_loss":0.0,"damage_taken":0.0},{"damage_healed":0.0,"max_hp_gain":0.0,"max_hp_loss":0.0,"gold_gain":99.0,"event_name":"Nest","player_choice":"Stole From Cult","floor":20.0,"gold_loss":0.0,"damage_taken":0.0},{"damage_healed":0.0,"max_hp_gain":0.0,"max_hp_loss":0.0,"gold_gain":0.0,"event_name":"Addict","player_choice":"Obtained Relic","floor":21.0,"gold_loss":85.0,"damage_taken":0.0,"relics_obtained":["HornCleat"]},{"cards_removed":["Strike_R"],"damage_healed":0.0,"max_hp_gain":0.0,"max_hp_loss":0.0,"gold_gain":0.0,"event_name":"Designer","player_choice":"Upgrade and Remove","floor":30.0,"gold_loss":90.0,"damage_taken":0.0,"cards_upgraded":["Defend_R"]},{"damage_healed":0,"gold_gain":0,"player_choice":"Ignored","damage_taken":0,"max_hp_gain":0,"max_hp_loss":0,"event_name":"Tomb of Lord Red Mask","floor":36,"gold_loss":0},{"damage_healed":0,"gold_gain":0,"player_choice":"Memory 1","damage_taken":0,"max_hp_gain":0,"max_hp_loss":0,"event_name":"SensoryStone","floor":42,"gold_loss":0}],"is_beta":false,"boss_relics":[{"not_picked":["SlaversCollar","Philosopher\u0027s Stone"],"picked":"Runic Pyramid"},{"not_picked":["Fusion Hammer","Empty Cage"],"picked":"Snecko Eye"}],"items_purged_floors":[],"is_endless":false,"potions_floor_spawned":[5,7,10,16,19,23,31,33,38,44,48],"killed_by":"Awakened One","ascension_level":5}}