{"host":"91blwi3hgehj6ch9","time":1613055279,"event":{"mods":["2.2 Compatiblity","AchievementEnabler","BaseMod","Colored Map","DeckTracker","Keyboard Shortcuts","Minty Spire (QoL Compilation)","Permanent Neow","Quick Restart","StSLib","SuperFastMode","everything is the same but u backflip on backflip"],"gold_per_floor":[111,36,36,2,2,2,29,39,109,109,42,71,82,102,102,204,204,218,229,129,44,44,78,97,97,97,97,115,148,160,192,192,289,289,300,19,32,48,64,94,108,139,166,166,166,183,200,235,235,235,235,235,39,74,74],"floor_reached":56,"language":"KOR","playtime":2152,"items_purged":["Strike_R","Strike_R","Strike_R","Strike_R"],"score":1821,"play_id":"4039bb0d-16a9-4c1c-895d-346a1d378fba","local_time":"20210211235439","is_ascension_mode":true,"campfire_choices":[{"data":"Flame Barrier","floor":6.0,"key":"SMITH"},{"data":"Pommel Strike","floor":10.0,"key":"SMITH"},{"data":"Dark Embrace","floor":15.0,"key":"SMITH"},{"data":"Corruption","floor":25.0,"key":"SMITH"},{"data":"Juggernaut","floor":27.0,"key":"SMITH"},{"floor":32.0,"key":"DIG"},{"floor":49,"key":"RECALL"},{"data":"Madness","floor":52,"key":"SMITH"}],"circlet_count":0,"master_deck":["Defend_R","Defend_R","Defend_R","Defend_R","Bash","Flame Barrier+1","Juggernaut+1","Intimidate","Feel No Pain","Shrug It Off","Pommel Strike+1","Dark Embrace+1","Shrug It Off","Corruption+1","Pommel Strike+1","Body Slam+1","Body Slam+1","Shrug It Off","Shrug It Off","Madness","Madness+1","Dual Wield+1","True Grit","True Grit+1"],"relics":["Burning Blood","NeowsBlessing","Meat on the Bone","Singing Bowl","PreservedInsect","Sozu","Bag of Marbles","Matryoshka","Lantern","Shovel","Regal Pillow","Centennial Puzzle","Letter Opener","Runic Pyramid","Strange Spoon","Mercury Hourglass","Magic Flower","Pen Nib","Pantograph","Red Skull"],"acts_visited":["Exordium","TheCity","TheBeyond","TheEnding"],"potions_floor_usage":[],"damage_taken":[{"damage":0.0,"enemies":"Cultist","floor":1.0,"turns":1.0},{"damage":0.0,"enemies":"Gremlin Nob","floor":7.0,"turns":1.0},{"damage":0.0,"enemies":"Jaw Worm","floor":8.0,"turns":1.0},{"damage":5.0,"enemies":"3 Sentries","floor":12.0,"turns":6.0},{"damage":11.0,"enemies":"2 Louse","floor":13.0,"turns":2.0},{"damage":2.0,"enemies":"2 Fungi Beasts","floor":14.0,"turns":4.0},{"damage":54.0,"enemies":"Slime Boss","floor":16.0,"turns":16.0},{"damage":17.0,"enemies":"Spheric Guardian","floor":18.0,"turns":7.0},{"damage":6.0,"enemies":"2 Thieves","floor":19.0,"turns":3.0},{"damage":51.0,"enemies":"Slavers","floor":23.0,"turns":5.0},{"damage":29.0,"enemies":"Centurion and Healer","floor":24.0,"turns":6.0},{"damage":0.0,"enemies":"Snecko","floor":28.0,"turns":3.0},{"damage":0.0,"enemies":"Gremlin Leader","floor":29.0,"turns":3.0},{"damage":8.0,"enemies":"Snake Plant","floor":30.0,"turns":2.0},{"damage":0.0,"enemies":"Slavers","floor":31.0,"turns":3.0},{"damage":27.0,"enemies":"Collector","floor":33.0,"turns":3.0},{"damage":0.0,"enemies":"3 Shapes","floor":35.0,"turns":2.0},{"damage":2.0,"enemies":"Orb Walker","floor":37.0,"turns":3.0},{"damage":1.0,"enemies":"Writhing Mass","floor":38.0,"turns":3.0},{"damage":0.0,"enemies":"Spire Growth","floor":39.0,"turns":2.0},{"damage":0.0,"enemies":"Giant Head","floor":40.0,"turns":3.0},{"damage":5.0,"enemies":"Jaw Worm Horde","floor":41.0,"turns":4.0},{"damage":52,"enemies":"Reptomancer","floor":42,"turns":4},{"damage":3,"enemies":"Sphere and 2 Shapes","floor":46,"turns":4},{"damage":0,"enemies":"4 Shapes","floor":47,"turns":3},{"damage":0,"enemies":"Nemesis","floor":48,"turns":3},{"damage":30,"enemies":"Time Eater","floor":50,"turns":6},{"damage":43,"enemies":"Shield and Spear","floor":54,"turns":3},{"damage":52,"enemies":"The Heart","floor":55,"turns":4}],"seed_played":"-6889789932491905942","potions_obtained":[{"floor":7.0,"key":"DistilledChaos"},{"floor":8.0,"key":"Weak Potion"},{"floor":13.0,"key":"FearPotion"},{"floor":16.0,"key":"DuplicationPotion"}],"is_trial":false,"path_per_floor":["M","$","?","$","$","R","E","M","T","R","$","E","M","M","R","B",null,"M","M","$","?","?","E","M","R","T","R","M","E","M","E","R","B",null,"M","$","M","M","M","E","M","E","T","?","?","M","M","E","R","B",null,"R","$","E","B",null],"character_chosen":"IRONCLAD","items_purchased":["Feel No Pain","Dark Embrace","Strange Spoon","True Grit"],"campfire_rested":0,"item_purchase_floors":[4,11,36,53],"current_hp_per_floor":[80,80,80,80,80,80,80,80,80,80,80,82,79,83,83,47,75,64,66,66,66,66,35,24,24,24,24,44,64,64,72,72,65,90,96,96,100,102,102,102,104,72,72,59,59,65,76,87,87,89,105,105,105,71,66],"gold":74,"neow_bonus":"THREE_ENEMY_KILL","is_daily":false,"chose_seed":false,"campfire_upgraded":6,"win_rate":0.0,"timestamp":1613055279,"path_taken":["M","$","?","?","$","R","E","M","T","R","?","E","M","M","R","BOSS","M","M","$","?","?","E","?","R","T","R","M","E","M","E","R","BOSS","M","$","M","M","M","E","M","E","T","?","?","M","M","E","R","BOSS","R","$","E","BOSS"],"items_purchased_type":["Card","Card","Relic","Card"],"build_version":"2020-12-22","purchased_purges":4,"victory":true,"max_hp_per_floor":[80,80,80,80,80,80,80,80,80,80,80,82,84,84,84,84,84,84,86,86,86,86,88,88,88,88,88,90,92,94,96,96,98,98,98,98,100,102,102,102,104,106,106,106,106,106,108,110,110,110,110,110,110,110,110],"card_choices":[{"not_picked":["Perfected Strike","Sentinel"],"picked":"Flame Barrier","floor":1.0},{"not_picked":["Rampage","Iron Wave"],"picked":"Shrug It Off","floor":7.0},{"not_picked":["Pummel","Heavy Blade"],"picked":"Pommel Strike","floor":8.0},{"not_picked":["Anger","Flame Barrier","Pommel Strike"],"picked":"Singing Bowl","floor":12.0},{"not_picked":["Twin Strike","Sword Boomerang","Rampage"],"picked":"Singing Bowl","floor":13.0},{"not_picked":["Armaments","Clothesline"],"picked":"Shrug It Off","floor":14.0},{"not_picked":["Limit Break","Impervious"],"picked":"Corruption","floor":16.0},{"not_picked":["Heavy Blade","Flame Barrier"],"picked":"Pommel Strike+1","floor":18.0},{"not_picked":["Perfected Strike+1","Thunderclap","Armaments"],"picked":"Singing Bowl","floor":19.0},{"not_picked":["Rage","Blood for Blood","Perfected Strike"],"picked":"Singing Bowl","floor":23.0},{"not_picked":["Fire Breathing+1","Sword Boomerang+1"],"picked":"Body Slam+1","floor":24.0},{"not_picked":["Flex","Berserk","Cleave"],"picked":"Singing Bowl","floor":28.0},{"not_picked":["Cleave+1","Rampage","Thunderclap"],"picked":"Singing Bowl","floor":29.0},{"not_picked":["Sword Boomerang+1","Cleave","True Grit"],"picked":"Singing Bowl","floor":30.0},{"not_picked":["Iron Wave","Feed","Uppercut"],"picked":"Singing Bowl","floor":31.0},{"not_picked":["Juggernaut","Corruption","Double Tap"],"picked":"Singing Bowl","floor":33.0},{"not_picked":["Armaments","Wild Strike"],"picked":"Body Slam","floor":35.0},{"not_picked":["Whirlwind+1","Flex+1","Sword Boomerang+1"],"picked":"Singing Bowl","floor":37.0},{"not_picked":["Clash+1","Inflame","Brutality"],"picked":"Singing Bowl","floor":38.0},{"not_picked":["Armaments+1","Clash+1"],"picked":"Shrug It Off","floor":39.0},{"not_picked":["Havoc+1","Sword Boomerang+1"],"picked":"Shrug It Off","floor":40.0},{"not_picked":["Armaments","Clash","Uppercut"],"picked":"Singing Bowl","floor":41.0},{"not_picked":["Evolve","Whirlwind+1","Armaments"],"picked":"Singing Bowl","floor":42},{"not_picked":["Immolate","Shrug It Off"],"picked":"Dual Wield+1","floor":46},{"not_picked":["Warcry","Armaments+1","Iron Wave"],"picked":"Singing Bowl","floor":47},{"not_picked":["Dark Embrace+1","Iron Wave","Berserk"],"picked":"Singing Bowl","floor":48},{"not_picked":["Clash+1","Heavy Blade+1"],"picked":"True Grit+1","floor":54}],"player_experience":205559,"relics_obtained":[{"floor":7.0,"key":"Meat on the Bone"},{"floor":9.0,"key":"Singing Bowl"},{"floor":12.0,"key":"PreservedInsect"},{"floor":23.0,"key":"Matryoshka"},{"floor":26.0,"key":"Lantern"},{"floor":26.0,"key":"Shovel"},{"floor":29.0,"key":"Regal Pillow"},{"floor":31.0,"key":"Centennial Puzzle"},{"floor":32.0,"key":"Letter Opener"},{"floor":40.0,"key":"Mercury Hourglass"},{"floor":42,"key":"Magic Flower"},{"floor":43,"key":"Pen Nib"},{"floor":48,"key":"Pantograph"},{"floor":54,"key":"Red Skull"}],"event_choices":[{"damage_healed":0.0,"max_hp_gain":0.0,"max_hp_loss":0.0,"gold_gain":0.0,"event_name":"Match and Keep!","player_choice":"2 cards matched","floor":3.0,"gold_loss":0.0,"damage_taken":0.0,"cards_obtained":["Juggernaut","Intimidate"]},{"damage_healed":0.0,"max_hp_gain":0.0,"max_hp_loss":0.0,"gold_gain":0.0,"event_name":"Addict","player_choice":"Obtained Relic","floor":21.0,"gold_loss":85.0,"damage_taken":0.0,"relics_obtained":["Bag of Marbles"]},{"cards_removed":["Strike_R"],"damage_healed":0.0,"max_hp_gain":0.0,"max_hp_loss":0.0,"gold_gain":0.0,"event_name":"Purifier","player_choice":"Purged","floor":22.0,"gold_loss":0.0,"damage_taken":0.0},{"damage_healed":0,"gold_gain":0,"player_choice":"Embrace Madness","damage_taken":13,"max_hp_gain":0,"max_hp_loss":0,"event_name":"Winding Halls","floor":44,"gold_loss":0,"cards_obtained":["Madness","Madness"]},{"damage_healed":0,"gold_gain":0,"player_choice":"Upgraded","damage_taken":0,"max_hp_gain":0,"max_hp_loss":0,"event_name":"Upgrade Shrine","floor":45,"gold_loss":0,"cards_upgraded":["Body Slam"]}],"is_beta":false,"boss_relics":[{"not_picked":["Black Star","Fusion Hammer"],"picked":"Sozu"},{"not_picked":["Runic Dome","Mark of Pain"],"picked":"Runic Pyramid"}],"items_purged_floors":[2,20,36,53],"is_endless":false,"potions_floor_spawned":[7,8,13,16,23,29,30,33,40,42,46,47,48,54],"ascension_level":5}}