{"host":"y1h7ey98mcswlinl","time":1613006518,"event":{"mods":["BaseMod","Colored Map","Googly Eyes","Hermit","Minty Spire (QoL Compilation)","Quick Restart","Replay The Spire","StSLib","The Jungle"],"gold_per_floor":[109,122,134,146,157,157,157,157,157,186,201,201,258,289,289,386,386,402,414,414,414,429,463,361,397,471,220,256,256,265,281,281,386,386,411,199,217,217,244,281,281,305,329,329,356,406,451,466,466,466,466,466,65,102,102],"floor_reached":56,"language":"ENG","playtime":3800,"items_purged":["Strike_B","Strike_B","Strike_B","Self Repair"],"score":1360,"play_id":"08604d70-355c-496d-a9f7-d34ed20a6967","local_time":"20210210172158","is_ascension_mode":false,"campfire_choices":[{"floor":6,"key":"RECALL"},{"data":"Defragment","floor":12,"key":"SMITH"},{"floor":15,"key":"REST"},{"floor":32,"key":"DIG"},{"data":"Chill","floor":41,"key":"SMITH"},{"data":"Zap","floor":44,"key":"SMITH"},{"data":"Double Energy","floor":49,"key":"SMITH"},{"data":"Echo Form","floor":52,"key":"SMITH"}],"circlet_count":0,"master_deck":["Zap+1","Dualcast","Genetic Algorithm","Glacier","Defragment+1","Electrodynamics","Chill+1","Undo","Echo Form+1","Ball Lightning+1","theJungle:Gourd","theJungle:Gourd","theJungle:Gourd","theJungle:Gourd","theJungle:Gourd","Conserve Battery","Double Energy+1","Compile Driver+1","Beam Cell","Creative AI","Conserve Battery+1","Reboot","Defragment+1","Dark Shackles","Madness","Madness","Time Bomb","ReplayTheSpireMod:Calculation Training","Force Field","Glacier","Metamorphosis","Gash+1","Tempest"],"relics":["Cracked Core","Odd Mushroom","StrikeDummy","Onion Ring","Sozu","theJungle:BirthdayCakeSlice","Replay:Kaleidoscope","CeramicFish","Molten Egg 2","Runic Capacitor","Centennial Puzzle","Kunai","Snack Pack","Coffee Dripper","Replay:Rubber Ducky","ReplayTheSpireMod:TigerMarble","Counterbalance","Unceasing Top","Membership Card","Whetstone"],"acts_visited":["Exordium","Exordium","TheBeyond","TheEnding"],"potions_floor_usage":[13,13,55],"damage_taken":[{"damage":2,"enemies":"2 Louse","floor":1,"turns":3},{"damage":2,"enemies":"Small Slimes","floor":2,"turns":4},{"damage":0,"enemies":"Jaw Worm","floor":3,"turns":5},{"damage":25,"enemies":"Exordium Wildlife","floor":4,"turns":8},{"damage":18,"enemies":"Gremlin Gang","floor":5,"turns":7},{"damage":6,"enemies":"The Mushroom Lair","floor":10,"turns":2},{"damage":0,"enemies":"Blue Slaver","floor":11,"turns":6},{"damage":11,"enemies":"Lagavulin Event","floor":13,"turns":6},{"damage":18,"enemies":"Lagavulin","floor":14,"turns":7},{"damage":37,"enemies":"Hexaghost","floor":16,"turns":16},{"damage":4,"enemies":"theJungle:MUSHROOMGANG","floor":18,"turns":4},{"damage":8,"enemies":"theJungle:GiantWrat","floor":19,"turns":5},{"damage":12,"enemies":"theJungle:JungleHuntersEncounter","floor":22,"turns":8},{"damage":0,"enemies":"theJungle:2_Phrogs","floor":23,"turns":8},{"damage":12,"enemies":"theJungle:Cassacara","floor":25,"turns":6},{"damage":0,"enemies":"theJungle:2_Phrogs","floor":28,"turns":8},{"damage":35,"enemies":"JungleHuntersEvent","floor":30,"turns":6},{"damage":26,"enemies":"theJungle:2_Flameangoes","floor":31,"turns":5},{"damage":0,"enemies":"theJungle:FunGuy","floor":33,"turns":14},{"damage":3,"enemies":"3 Darklings","floor":35,"turns":5},{"damage":16,"enemies":"3 Shapes","floor":39,"turns":2},{"damage":0,"enemies":"Giant Head","floor":40,"turns":9},{"damage":16,"enemies":"Sphere and 2 Shapes","floor":42,"turns":4},{"damage":3,"enemies":"4 Shapes","floor":45,"turns":2},{"damage":0,"enemies":"Mind Bloom Boss Battle","floor":46,"turns":10},{"damage":4,"enemies":"2 Orb Walkers","floor":47,"turns":6},{"damage":0,"enemies":"Spire Growth","floor":48,"turns":5},{"damage":2,"enemies":"Time Eater","floor":50,"turns":10},{"damage":0,"enemies":"Shield and Spear","floor":54,"turns":8},{"damage":27,"enemies":"The Heart","floor":55,"turns":9}],"seed_played":"400572471656557236","potions_obtained":[{"floor":1,"key":"FocusPotion"},{"floor":3,"key":"Block Potion"},{"floor":4,"key":"Adrenaline Potion"}],"is_trial":false,"path_per_floor":["M","M","M","M","M","R","?","?","T","?","M","R","?","E","R","B",null,"M","M","?","?","M","E","$","E","T","$","E","?","?","M","R_BF","B",null,"M","$","?","$","M","E","R","M","T","R","M","?","?","M","R","B",null,"R","$","E","B",null],"character_chosen":"DEFECT","items_purchased":["Compile Driver","Runic Capacitor","Dark Shackles","Membership Card","Metamorphosis","Whetstone","Gash+1"],"campfire_rested":1,"item_purchase_floors":[24,27,36,53,53,53,53],"current_hp_per_floor":[80,78,78,60,49,49,49,49,49,43,50,50,46,35,59,29,82,82,81,86,86,87,87,87,87,87,87,87,87,59,47,47,56,87,87,87,76,76,67,83,83,67,67,67,64,71,74,74,74,79,87,87,87,87,64],"gold":102,"neow_bonus":"TEN_PERCENT_HP_BONUS","is_daily":false,"chose_seed":false,"campfire_upgraded":5,"win_rate":0.0,"timestamp":1613006518,"path_taken":["M","M","M","M","M","R","?","?","T","?","M","R","?","E","R","BOSS","M","M","?","?","M","E","$","E","T","$","E","?","?","M","R_BF","BOSS","M","$","?","$","M","E","R","M","T","R","M","?","?","?","R","BOSS","R","$","E","BOSS"],"items_purchased_type":["Card","Relic","Card","Relic","Card","Relic","Card"],"build_version":"2020-12-22","purchased_purges":4,"victory":true,"max_hp_per_floor":[82,82,82,82,82,82,82,82,82,82,82,82,82,82,82,82,82,82,82,87,87,87,87,87,87,87,87,87,87,87,87,87,87,87,87,87,87,87,87,87,87,87,87,87,87,87,87,87,87,87,87,87,87,87,87],"card_choices":[{"not_picked":["Barrage","Rebound"],"picked":"Genetic Algorithm","floor":1},{"not_picked":["BootSequence","Turbo"],"picked":"Glacier","floor":2},{"not_picked":["Barrage","Steam"],"picked":"Self Repair","floor":3},{"not_picked":["Rebound","ReplayTheSpireMod:Calculation Training"],"picked":"Defragment","floor":4},{"not_picked":["Sweeping Beam","Rip and Tear"],"picked":"Electrodynamics","floor":5},{"not_picked":["Tempest","ReplayGash"],"picked":"Chill","floor":10},{"not_picked":["Hologram","Gash","Steam"],"picked":"SKIP","floor":11},{"not_picked":["Rebound","BootSequence"],"picked":"Undo","floor":13},{"not_picked":["Streamline","ReplayTheSpireMod:System Scan","Recycle"],"picked":"SKIP","floor":14},{"not_picked":["Meteor Strike","Fission"],"picked":"Echo Form","floor":16},{"not_picked":["Redo","Sweeping Beam"],"picked":"Ball Lightning","floor":18},{"not_picked":["Panic Button","Compile Driver","Streamline+1"],"picked":"SKIP","floor":19},{"not_picked":["Gash","Beam Cell"],"picked":"Conserve Battery","floor":22},{"not_picked":["Coolheaded","Electrodynamics"],"picked":"Double Energy","floor":23},{"not_picked":["Hologram","Streamline"],"picked":"Beam Cell","floor":25},{"not_picked":["Hello World","Mirror Shield"],"picked":"Creative AI","floor":28},{"not_picked":["Time Bomb","Streamline+1"],"picked":"Conserve Battery+1","floor":30},{"not_picked":["Rebound+1","Reprogram","Scrape+1"],"picked":"SKIP","floor":31},{"not_picked":["All For One+1","Creative AI"],"picked":"Reboot","floor":33},{"not_picked":["Chaos","Heatsinks+1"],"picked":"Defragment+1","floor":35},{"not_picked":["Static Discharge+1","Skim"],"picked":"Time Bomb","floor":39},{"not_picked":["Recycle+1","Steam+1"],"picked":"ReplayTheSpireMod:Calculation Training","floor":40},{"not_picked":["Steam+1","Beam Cell+1"],"picked":"Force Field","floor":42},{"not_picked":["Leap","Beam Cell+1"],"picked":"Glacier","floor":45},{"not_picked":["ReplaySort+1","Beam Cell+1","Ball Lightning+1"],"picked":"SKIP","floor":48},{"not_picked":["Leap+1","Glacier"],"picked":"Tempest","floor":54}],"player_experience":689018,"relics_obtained":[{"floor":10,"key":"Odd Mushroom"},{"floor":13,"key":"StrikeDummy"},{"floor":14,"key":"Onion Ring"},{"floor":23,"key":"Replay:Kaleidoscope"},{"floor":25,"key":"CeramicFish"},{"floor":26,"key":"Molten Egg 2"},{"floor":28,"key":"Centennial Puzzle"},{"floor":30,"key":"Kunai"},{"floor":32,"key":"Snack Pack"},{"floor":40,"key":"Replay:Rubber Ducky"},{"floor":43,"key":"ReplayTheSpireMod:TigerMarble"},{"floor":46,"key":"Counterbalance"},{"floor":47,"key":"Unceasing Top"}],"event_choices":[{"cards_removed":["Strike_B"],"damage_healed":0,"gold_gain":0,"player_choice":"Forget","damage_taken":0,"max_hp_gain":0,"max_hp_loss":0,"event_name":"Living Wall","floor":7,"gold_loss":0},{"damage_healed":0,"gold_gain":0,"player_choice":"Fought Mushrooms","damage_taken":0,"max_hp_gain":0,"max_hp_loss":0,"event_name":"Mushrooms","floor":10,"gold_loss":0},{"damage_healed":0,"gold_gain":0,"player_choice":"Searched \u00271\u0027 times","damage_taken":0,"max_hp_gain":0,"max_hp_loss":0,"event_name":"Dead Adventurer","floor":13,"gold_loss":0},{"damage_healed":0,"gold_gain":0,"player_choice":"Embrace Madness","damage_taken":11,"max_hp_gain":0,"max_hp_loss":0,"event_name":"Winding Halls","floor":37,"gold_loss":0,"cards_obtained":["Madness","Madness"]},{"damage_healed":0,"gold_gain":0,"player_choice":"Fight","damage_taken":0,"max_hp_gain":0,"max_hp_loss":0,"event_name":"MindBloom","floor":46,"gold_loss":0},{"damage_healed":0,"gold_gain":0,"player_choice":"Fight","damage_taken":0,"max_hp_gain":0,"max_hp_loss":0,"event_name":"Mysterious Sphere","floor":47,"gold_loss":0}],"is_beta":false,"boss_relics":[{"not_picked":["Ectoplasm","Philosopher\u0027s Stone"],"picked":"Sozu"},{"not_picked":["Runic Dome","Replay:Drink Me"],"picked":"Coffee Dripper"}],"items_purged_floors":[24,27,36,53],"is_endless":false,"potions_floor_spawned":[1,3,4,5,19,22,23,30,35,42,45],"ascension_level":0}}