{"host":"3qkmyeoym75lj4wn","time":1613002423,"event":{"mods":["2.2 Compatiblity","Act Like it!","BaseMod","Bestiary","Block Reminder","Colored Powertips","Highlight Path","Minty Spire (QoL Compilation)","Permanent Neow","Rare Cards Sparkle","Relic Stats","StSLib"],"gold_per_floor":[15,15,28,48,0,0,13,41,41,41,41],"floor_reached":10,"language":"ENG","playtime":209,"items_purged":[],"score":136,"play_id":"654ac3ac-1750-433d-8cba-ab053f7218b5","local_time":"20210211001343","is_ascension_mode":true,"campfire_choices":[{"data":"Zap","floor":6,"key":"SMITH"}],"circlet_count":0,"master_deck":["AscendersBane","Strike_B","Strike_B","Strike_B","Strike_B","Defend_B","Defend_B","Defend_B","Defend_B","Zap+1","Dualcast","Ball Lightning","Go for the Eyes","Ball Lightning","Conserve Battery"],"relics":["Cracked Core","WingedGreaves","Gremlin Horn","Bronze Scales","Mercury Hourglass"],"acts_visited":["Exordium"],"potions_floor_usage":[8,10],"damage_taken":[{"damage":0,"enemies":"Cultist","floor":1,"turns":3},{"damage":6,"enemies":"2 Louse","floor":3,"turns":2},{"damage":7,"enemies":"Jaw Worm","floor":4,"turns":2},{"damage":15,"enemies":"Exordium Wildlife","floor":7,"turns":4},{"damage":20,"enemies":"Lagavulin","floor":8,"turns":5},{"damage":20,"enemies":"3 Sentries","floor":10,"turns":4}],"seed_played":"-8898480844014086178","potions_obtained":[{"floor":7,"key":"BlessingOfTheForge"},{"floor":8,"key":"Energy Potion"}],"is_trial":false,"path_per_floor":["M","?","M","M","?","R","M","E","T","E"],"character_chosen":"DEFECT","items_purchased":[],"campfire_rested":0,"item_purchase_floors":[],"current_hp_per_floor":[64,64,58,51,51,51,36,16,16,0,0],"gold":41,"neow_bonus":"ONE_RARE_RELIC","is_daily":false,"chose_seed":false,"campfire_upgraded":1,"win_rate":0.0,"timestamp":1613002423,"path_taken":["M","?","M","?","?","R","M","E","T","E"],"items_purchased_type":[],"build_version":"2020-12-22","purchased_purges":0,"victory":false,"max_hp_per_floor":[71,71,71,71,71,71,71,71,71,71,71],"relic_stats":{"Gremlin Horn":[3,3],"counters":[6,20],"Bronze Scales":[11],"obtain_stats":[{"Gremlin Horn":2,"Bronze Scales":8,"WingedGreaves":0,"Cracked Core":0,"Mercury Hourglass":9},{"Gremlin Horn":1,"Bronze Scales":5,"WingedGreaves":0,"Cracked Core":0,"Mercury Hourglass":5},{"Gremlin Horn":3,"Bronze Scales":16,"WingedGreaves":0,"Cracked Core":0,"Mercury Hourglass":16}],"Mercury Hourglass":[30]},"card_choices":[{"not_picked":["Turbo","Beam Cell"],"picked":"Coolheaded","floor":1},{"not_picked":["Beam Cell","Melter"],"picked":"Ball Lightning","floor":3},{"not_picked":["Hologram","Beam Cell"],"picked":"Go for the Eyes","floor":4},{"not_picked":["Self Repair","Double Energy"],"picked":"Ball Lightning","floor":7},{"not_picked":["Amplify","Go for the Eyes"],"picked":"Conserve Battery","floor":8}],"player_experience":1750104,"relics_obtained":[{"floor":8,"key":"Bronze Scales"},{"floor":9,"key":"Mercury Hourglass"}],"event_choices":[{"cards_removed":["Coolheaded"],"damage_healed":0,"gold_gain":0,"player_choice":"Gave Card","damage_taken":0,"relics_obtained":["Gremlin Horn"],"max_hp_gain":0,"max_hp_loss":0,"event_name":"WeMeetAgain","floor":2,"gold_loss":0},{"damage_healed":0,"gold_gain":0,"player_choice":"Left Gold","damage_taken":0,"max_hp_gain":0,"max_hp_loss":0,"event_name":"World of Goop","floor":5,"gold_loss":48}],"is_beta":false,"boss_relics":[],"items_purged_floors":[],"is_endless":false,"potions_floor_spawned":[7,8],"killed_by":"3 Sentries","ascension_level":20}}