{"host":"t8hqdz2qn09y00vh","time":1613055099,"event":{"mods":["AchievementEnabler","BaseMod","Colored Map","Colored Powertips","Highlight Path","Infinite Spire","Minty Spire (QoL Compilation)","Quick Restart","StSLib"],"gold_per_floor":[110,110,134,134,157,188,188,211,211,249,46,61,79,79,79,203,203,222,247,99,120,141,182,182,202,225,239,239,239],"floor_reached":28,"language":"ENG","playtime":1383,"items_purged":["Clumsy"],"score":378,"play_id":"6505c187-554e-4952-b8ba-dbc7a162aaec","local_time":"20210211095139","is_ascension_mode":true,"campfire_choices":[{"floor":7.0,"key":"REST"},{"data":"Electrodynamics","floor":15.0,"key":"SMITH"},{"floor":24.0,"key":"REST"}],"circlet_count":0,"master_deck":["Defend_B","Defend_B","Defend_B","Defend_B","Dualcast","Sweeping Beam","Leap","Chaos+1","Rebound","Leap","Rebound","Electrodynamics+1","Compile Driver","White Noise","Ball Lightning","Conserve Battery","Meteor Strike","Hello World+1","Glacier+1","Biased Cognition+1","Fission","Chaos","Self Repair","Redo","Streamline+1","Doom and Gloom+1","Doom and Gloom+1"],"relics":["Cracked Core","Golden Idol","Omamori","Vajra","Singing Bowl","Astrolabe","Orrery","Lantern","Juzu Bracelet"],"acts_visited":["Exordium","TheCity"],"potions_floor_usage":[28],"damage_taken":[{"damage":5.0,"enemies":"2 Louse","floor":1.0,"turns":2.0},{"damage":1.0,"enemies":"Cultist","floor":3.0,"turns":3.0},{"damage":7.0,"enemies":"Jaw Worm","floor":5.0,"turns":3.0},{"damage":33.0,"enemies":"Gremlin Nob","floor":6.0,"turns":4.0},{"damage":12.0,"enemies":"3 Louse","floor":8.0,"turns":2.0},{"damage":0.0,"enemies":"Lagavulin","floor":10.0,"turns":2.0},{"damage":18.0,"enemies":"Exordium Wildlife","floor":12.0,"turns":2.0},{"damage":2.0,"enemies":"Looter","floor":13.0,"turns":3.0},{"damage":0.0,"enemies":"Slime Boss","floor":16.0,"turns":5.0},{"damage":0.0,"enemies":"3 Byrds","floor":18.0,"turns":2.0},{"damage":7.0,"enemies":"Chosen","floor":19.0,"turns":6.0},{"damage":39.0,"enemies":"Snake Plant","floor":21.0,"turns":5.0},{"damage":19.0,"enemies":"Sentry and Sphere","floor":22.0,"turns":4.0},{"damage":20.0,"enemies":"Slavers","floor":23.0,"turns":3.0},{"damage":10.0,"enemies":"Chosen and Byrds","floor":25.0,"turns":6.0},{"damage":5.0,"enemies":"Cultist and Chosen","floor":27.0,"turns":3.0},{"damage":35,"enemies":"Book of Stabbing","floor":28,"turns":4}],"seed_played":"525837287350467066","potions_obtained":[{"floor":5.0,"key":"BlessingOfTheForge"},{"floor":6.0,"key":"SteroidPotion"},{"floor":8.0,"key":"FearPotion"},{"floor":12.0,"key":"FocusPotion"},{"floor":13.0,"key":"Ancient Potion"},{"floor":19.0,"key":"SpeedPotion"},{"floor":27.0,"key":"Fire Potion"}],"is_trial":false,"path_per_floor":["M","?","M","?","M","E","R","M","T","E","$","M","M","?","R","B",null,"M","M","$","M","M","E","R","M","T","M","E"],"character_chosen":"DEFECT","items_purchased":["Compile Driver","White Noise","Orrery"],"campfire_rested":2,"item_purchase_floors":[11,11,20],"current_hp_per_floor":[70,52,51,51,44,11,33,21,21,21,21,3,1,75,75,75,75,75,70,74,42,30,19,43,40,40,35,0,0],"gold":239,"neow_bonus":"TRANSFORM_TWO_CARDS","is_daily":false,"chose_seed":false,"campfire_upgraded":1,"win_rate":0.0,"timestamp":1613055099,"path_taken":["M","?","M","?","M","E","R","?","T","E","$","?","M","?","R","BOSS","M","M","$","M","M","E","R","M","T","M","E"],"items_purchased_type":["Card","Card","Relic"],"build_version":"2020-12-22","purchased_purges":1,"victory":false,"max_hp_per_floor":[75,75,75,75,75,75,75,75,75,75,75,75,75,75,75,75,75,75,77,81,81,81,83,83,83,83,83,83,83],"card_choices":[{"not_picked":["Undo","Stack"],"picked":"Chaos","floor":1.0},{"not_picked":["Gash","Compile Driver"],"picked":"Rebound","floor":3.0},{"not_picked":["Beam Cell","Coolheaded"],"picked":"Leap","floor":5.0},{"not_picked":["Steam Power","Turbo","Coolheaded"],"picked":"SKIP","floor":6.0},{"not_picked":["Redo","Leap"],"picked":"Rebound","floor":8.0},{"not_picked":["Compile Driver","Auto Shields"],"picked":"Electrodynamics","floor":10.0},{"not_picked":["Doom and Gloom","Sweeping Beam"],"picked":"Ball Lightning","floor":12.0},{"not_picked":["Redo","Go for the Eyes"],"picked":"Conserve Battery","floor":13.0},{"not_picked":["Biased Cognition","Buffer"],"picked":"Meteor Strike","floor":16.0},{"not_picked":["Genetic Algorithm","Hologram","Melter"],"picked":"SKIP","floor":18.0},{"not_picked":["Heatsinks","Undo","Rebound"],"picked":"Singing Bowl","floor":19.0},{"not_picked":["Steam","Streamline+1"],"picked":"Fission","floor":20.0},{"not_picked":["Gash","Lockon"],"picked":"Chaos","floor":20.0},{"not_picked":["Cold Snap","Streamline","Sweeping Beam"],"picked":"Singing Bowl","floor":20.0},{"not_picked":["Glacier","Sweeping Beam+1","Go for the Eyes"],"picked":"Singing Bowl","floor":20.0},{"not_picked":["Sunder","Auto Shields+1"],"picked":"Self Repair","floor":20.0},{"not_picked":["Steam","Gash"],"picked":"Redo","floor":21.0},{"not_picked":["Glacier+1","Stack+1"],"picked":"Streamline+1","floor":22.0},{"not_picked":["Meteor Strike","Heatsinks+1","Gash"],"picked":"Singing Bowl","floor":23.0},{"not_picked":["Steam+1","Ball Lightning"],"picked":"Doom and Gloom+1","floor":25.0},{"not_picked":["Double Energy","Streamline"],"picked":"Doom and Gloom+1","floor":27.0}],"player_experience":264286,"relics_obtained":[{"floor":6.0,"key":"Omamori"},{"floor":9.0,"key":"Vajra"},{"floor":10.0,"key":"Singing Bowl"},{"floor":23.0,"key":"Lantern"},{"floor":26.0,"key":"Juzu Bracelet"}],"event_choices":[{"damage_healed":0.0,"max_hp_gain":0.0,"max_hp_loss":0.0,"gold_gain":0.0,"event_name":"Golden Idol","player_choice":"Take Damage","floor":2.0,"gold_loss":0.0,"damage_taken":18.0,"relics_obtained":["Golden Idol"]},{"damage_healed":0.0,"max_hp_gain":0.0,"max_hp_loss":0.0,"gold_gain":0.0,"event_name":"Upgrade Shrine","player_choice":"Upgraded","floor":4.0,"gold_loss":0.0,"damage_taken":0.0,"cards_upgraded":["Chaos"]},{"damage_healed":74.0,"max_hp_gain":0.0,"max_hp_loss":0.0,"gold_gain":0.0,"event_name":"Wheel of Change","player_choice":"Full Heal","floor":14.0,"gold_loss":0.0,"damage_taken":0.0}],"is_beta":false,"boss_relics":[{"not_picked":["Philosopher\u0027s Stone","Tiny House"],"picked":"Astrolabe"}],"items_purged_floors":[11],"is_endless":false,"potions_floor_spawned":[5,6,8,12,13,19,22,27],"killed_by":"Book of Stabbing","ascension_level":3}}