{"host":"p245q48pmopyklqs","time":1613003238,"event":{"mods":["AchievementEnabler","BaseMod","DeckTracker","Minty Spire (QoL Compilation)","Relic Stats","StSLib","SuperFastMode"],"gold_per_floor":[119,44,62,76,91,91,119,119,142,142,157,167,184,204,204,278,278,288,31,31,31,31,31,31,31,331,331,351,351,362,379,379,456,456,466,486,332,347,27,27,57,57,57,57,57,57,91,91,91,91,91,91],"floor_reached":51,"language":"KOR","playtime":4061,"items_purged":["Shame","Strike_G","Strike_G"],"score":1510,"play_id":"7555ff63-348f-4b2b-9c2f-45e1731184e8","local_time":"20210211092718","is_ascension_mode":true,"campfire_choices":[{"data":"Corpse Explosion","floor":6.0,"key":"SMITH"},{"data":"Leg Sweep","floor":8.0,"key":"SMITH"},{"floor":10.0,"key":"REST"},{"data":"Wraith Form v2","floor":15.0,"key":"SMITH"},{"data":"Tactician","floor":23.0,"key":"SMITH"},{"data":"Wraith Form v2","floor":25.0,"key":"SMITH"},{"data":"Acrobatics","floor":27.0,"key":"SMITH"},{"data":"Calculated Gamble","floor":32.0,"key":"SMITH"},{"data":"Prepared","floor":40.0,"key":"SMITH"},{"data":"Reflex","floor":44.0,"key":"SMITH"},{"floor":46.0,"key":"REST"},{"floor":49,"key":"RECALL"}],"circlet_count":0,"master_deck":["AscendersBane","Defend_G","Defend_G","Defend_G","Defend_G","Survivor","Neutralize+1","Underhanded Strike","Corpse Explosion+1","Tactician+1","Leg Sweep+1","Dagger Throw","Wraith Form v2+1","Wraith Form v2+1","Acrobatics+1","Backstab","Dagger Spray","Reflex+1","Acrobatics","Calculated Gamble+1","Prepared+1","PiercingWail","Deadly Poison+1","Blur","Finesse","Dark Shackles","Doubt"],"relics":["Ring of the Snake","Tough Bandages","Potion Belt","Bronze Scales","Sozu","Bag of Preparation","Old Coin","Empty Cage","TungstenRod","Nunchaku","Kunai"],"acts_visited":["Exordium","TheCity","TheBeyond"],"potions_floor_usage":[51],"damage_taken":[{"damage":14.0,"enemies":"Cultist","floor":1.0,"turns":5.0},{"damage":0.0,"enemies":"2 Louse","floor":3.0,"turns":3.0},{"damage":0.0,"enemies":"Jaw Worm","floor":4.0,"turns":5.0},{"damage":0.0,"enemies":"3 Louse","floor":5.0,"turns":2.0},{"damage":25.0,"enemies":"Lagavulin","floor":7.0,"turns":5.0},{"damage":2.0,"enemies":"Lots of Slimes","floor":11.0,"turns":2.0},{"damage":0.0,"enemies":"Large Slime","floor":12.0,"turns":4.0},{"damage":3.0,"enemies":"Looter","floor":13.0,"turns":3.0},{"damage":0.0,"enemies":"Blue Slaver","floor":14.0,"turns":4.0},{"damage":16.0,"enemies":"Hexaghost","floor":16.0,"turns":9.0},{"damage":14.0,"enemies":"Shell Parasite","floor":18.0,"turns":7.0},{"damage":0.0,"enemies":"3 Byrds","floor":28.0,"turns":2.0},{"damage":0.0,"enemies":"3 Cultists","floor":30.0,"turns":2.0},{"damage":2.0,"enemies":"Centurion and Healer","floor":31.0,"turns":4.0},{"damage":5.0,"enemies":"Collector","floor":33.0,"turns":10.0},{"damage":0.0,"enemies":"Orb Walker","floor":35.0,"turns":3.0},{"damage":4.0,"enemies":"3 Darklings","floor":36.0,"turns":2.0},{"damage":0.0,"enemies":"Sphere and 2 Shapes","floor":38.0,"turns":4.0},{"damage":29.0,"enemies":"Giant Head","floor":41.0,"turns":10.0},{"damage":0,"enemies":"Reptomancer","floor":47,"turns":6},{"damage":0,"enemies":"Donu and Deca","floor":50,"turns":9},{"damage":76,"enemies":"Time Eater","floor":51,"turns":14}],"seed_played":"-4229659944050790652","potions_obtained":[{"floor":3.0,"key":"Poison Potion"},{"floor":5.0,"key":"BlessingOfTheForge"},{"floor":7.0,"key":"Energy Potion"},{"floor":13.0,"key":"Strength Potion"},{"floor":14.0,"key":"EntropicBrew"}],"is_trial":false,"path_per_floor":["M","$","M","M","M","R","E","R","T","R","M","M","M","M","R","B",null,"M","$","?","?","?","R","$","R","T","R","M","?","M","M","R","B",null,"M","M","$","M","$","R","E","?","T","R","?","R","E","?","R","B","B"],"character_chosen":"THE_SILENT","items_purchased":["Bag of Preparation","PiercingWail","TungstenRod"],"campfire_rested":2,"item_purchase_floors":[19,37,39],"current_hp_per_floor":[45,45,45,45,45,45,20,20,20,39,37,37,34,34,34,18,54,40,40,40,40,40,40,40,40,40,40,40,40,40,38,38,33,58,58,54,54,54,54,54,25,25,25,25,16,35,35,66,66,66,0,0],"gold":91,"neow_bonus":"ONE_RARE_RELIC","is_daily":false,"chose_seed":false,"campfire_upgraded":9,"win_rate":0.0,"timestamp":1613003238,"path_taken":["M","$","M","M","?","R","E","R","T","R","M","M","?","M","R","BOSS","M","$","?","?","?","R","?","R","T","R","M","?","M","M","R","BOSS","M","M","$","M","?","R","E","?","T","R","?","R","E","?","R","BOSS","BOSS"],"items_purchased_type":["Relic","Card","Relic"],"build_version":"2020-12-22","purchased_purges":3,"victory":false,"max_hp_per_floor":[66,66,66,66,66,66,66,66,66,66,66,66,66,66,66,66,66,66,66,66,66,66,66,66,66,66,66,66,66,66,66,66,66,66,66,66,66,66,66,66,66,66,66,66,66,66,66,66,66,66,66,66],"relic_stats":{"Sozu":5,"Tough Bandages":[720],"Nunchaku":[4],"counters":[22,115],"Bronze Scales":[295],"Bag of Preparation":[22],"Kunai":[4],"obtain_stats":[{"Potion Belt":7,"Sozu":17,"Tough Bandages":0,"Nunchaku":41,"Bronze Scales":9,"Bag of Preparation":19,"Kunai":47,"Empty Cage":34,"TungstenRod":39,"Ring of the Snake":0,"Old Coin":26},{"Potion Belt":5,"Sozu":10,"Tough Bandages":0,"Nunchaku":19,"Bronze Scales":5,"Bag of Preparation":11,"Kunai":20,"Empty Cage":15,"TungstenRod":18,"Ring of the Snake":0,"Old Coin":11},{"Potion Belt":20,"Sozu":42,"Tough Bandages":0,"Nunchaku":86,"Bronze Scales":20,"Bag of Preparation":49,"Kunai":92,"Empty Cage":67,"TungstenRod":76,"Ring of the Snake":0,"Old Coin":49}],"TungstenRod":13,"Ring of the Snake":[44]},"card_choices":[{"not_picked":["Outmaneuver","Tactician"],"picked":"Underhanded Strike","floor":1.0},{"not_picked":["Cloak And Dagger","PiercingWail"],"picked":"Corpse Explosion","floor":3.0},{"not_picked":["Caltrops","Reflex"],"picked":"Predator","floor":4.0},{"not_picked":["Bane","Underhanded Strike"],"picked":"Tactician","floor":5.0},{"not_picked":["Poisoned Stab","Outmaneuver"],"picked":"Leg Sweep","floor":7.0},{"not_picked":["Concentrate","Skewer","Underhanded Strike"],"picked":"SKIP","floor":11.0},{"not_picked":["Dodge and Roll","Flying Knee"],"picked":"Dagger Throw","floor":12.0},{"not_picked":["Poisoned Stab","Setup"],"picked":"Wraith Form v2","floor":13.0},{"not_picked":["Bane","Dagger Spray","Slice"],"picked":"SKIP","floor":14.0},{"not_picked":["Night Terror","Storm of Steel"],"picked":"Wraith Form v2","floor":16.0},{"not_picked":["Bane","Cloak And Dagger"],"picked":"Acrobatics","floor":18.0},{"not_picked":["Sucker Punch","Endless Agony"],"picked":"Acrobatics","floor":28.0},{"not_picked":["Grand Finale","Poisoned Stab"],"picked":"Calculated Gamble","floor":30.0},{"not_picked":["Deadly Poison","Deflect","Dagger Spray"],"picked":"SKIP","floor":31.0},{"not_picked":["Bouncing Flask+1","Accuracy","Blade Dance+1"],"picked":"SKIP","floor":35.0},{"not_picked":["Acrobatics+1","Dodge and Roll"],"picked":"Prepared","floor":36.0},{"not_picked":["Cloak And Dagger+1","Sucker Punch"],"picked":"Deadly Poison+1","floor":38.0},{"not_picked":["Leg Sweep","Masterful Stab"],"picked":"Blur","floor":41.0},{"not_picked":["Blind","PanicButton"],"picked":"Finesse","floor":45.0},{"not_picked":["Dramatic Entrance","Trip"],"picked":"Dark Shackles","floor":45.0},{"not_picked":["Deadly Poison","Acrobatics+1","Poisoned Stab"],"picked":"SKIP","floor":47}],"player_experience":2335803,"relics_obtained":[{"floor":7.0,"key":"Potion Belt"},{"floor":9.0,"key":"Bronze Scales"},{"floor":26.0,"key":"Old Coin"},{"floor":41.0,"key":"Nunchaku"},{"floor":47,"key":"Kunai"}],"event_choices":[{"damage_healed":0.0,"max_hp_gain":0.0,"max_hp_loss":0.0,"gold_gain":0.0,"cards_transformed":["Strike_G","Defend_G"],"event_name":"Drug Dealer","player_choice":"Became Test Subject","floor":20.0,"gold_loss":0.0,"damage_taken":0.0,"cards_obtained":["Backstab","Dagger Spray"]},{"damage_healed":0.0,"max_hp_gain":0.0,"max_hp_loss":0.0,"gold_gain":0.0,"event_name":"The Library","player_choice":"Read","floor":21.0,"gold_loss":0.0,"damage_taken":0.0,"cards_obtained":["Reflex"]},{"damage_healed":0.0,"max_hp_gain":0.0,"max_hp_loss":0.0,"gold_gain":0.0,"event_name":"Accursed Blacksmith","player_choice":"Forge","floor":29.0,"gold_loss":0.0,"damage_taken":0.0,"cards_upgraded":["Neutralize"]},{"cards_removed":["Predator"],"damage_healed":0.0,"max_hp_gain":0.0,"max_hp_loss":0.0,"gold_gain":0.0,"event_name":"Falling","player_choice":"Removed Attack","floor":42.0,"gold_loss":0.0,"damage_taken":0.0},{"damage_healed":0.0,"max_hp_gain":0.0,"max_hp_loss":0.0,"gold_gain":0.0,"event_name":"SensoryStone","player_choice":"Memory 3","floor":45.0,"gold_loss":0.0,"damage_taken":10.0},{"damage_healed":31,"gold_gain":0,"player_choice":"Heal","damage_taken":0,"max_hp_gain":0,"max_hp_loss":0,"event_name":"MindBloom","floor":48,"gold_loss":0,"cards_obtained":["Doubt"]}],"is_beta":false,"boss_relics":[{"not_picked":["Calling Bell","Ectoplasm"],"picked":"Sozu"},{"not_picked":["Philosopher\u0027s Stone","Velvet Choker"],"picked":"Empty Cage"}],"items_purged_floors":[2,19,37],"is_endless":false,"potions_floor_spawned":[3,5,7,13,14,30,31,35,38,47],"killed_by":"Time Eater","ascension_level":20}}