{"host":"gtkw0hh8g0porc44","time":1613020922,"event":{"mods":["AchievementEnabler","BaseMod","BetterRewards","Colored Map","Colored Powertips","DeckTracker","Highlight Path","Minty Spire (QoL Compilation)","Relic Stats","Replay The Spire","StSLib","Synergy Search"],"gold_per_floor":[116,66,66,83,98,98,124,124,124,143,143,143,153,166,166,196,196,296,296,310,310,328,328,338,370,370,388,469,469,469],"floor_reached":29,"language":"ENG","playtime":2190,"items_purged":[],"score":268,"play_id":"06789f0b-e5e4-4bee-9dd5-965cc3a0d65b","local_time":"20210211002202","is_ascension_mode":true,"campfire_choices":[{"data":"Corruption","floor":6,"key":"SMITH"},{"data":"Bash","floor":15,"key":"SMITH"},{"floor":17,"key":"REST"},{"floor":26,"key":"REST"}],"circlet_count":0,"master_deck":["Strike_R","Strike_R","Strike_R","Strike_R","Strike_R","Defend_R","Defend_R","Defend_R","Bash+1","Cleave","Corruption+1","Sever Soul","Reaper","Havoc","Pain","Run Through+1","Brutality","Offering","ReplayTheSpireMod:Strike From Hell+1"],"relics":["Burning Blood","Orichalcum","ReplayTheSpireMod:Ninjato","Replay:Bottled Snecko","Divine Protection","Mark of Pain","Nloth\u0027s Gift","Pen Nib","Eternal Feather"],"acts_visited":["Exordium","TheCity"],"potions_floor_usage":[10,18,24,24,27,29],"damage_taken":[{"damage":8,"enemies":"2 Louse","floor":1,"turns":2},{"damage":5,"enemies":"Cultist","floor":4,"turns":4},{"damage":9,"enemies":"Jaw Worm","floor":5,"turns":4},{"damage":16,"enemies":"Gremlin Nob","floor":7,"turns":5},{"damage":0,"enemies":"Lots of Slimes","floor":10,"turns":2},{"damage":0,"enemies":"Exordium Wildlife","floor":13,"turns":3},{"damage":4,"enemies":"Looter","floor":14,"turns":3},{"damage":21,"enemies":"3 Sentries","floor":16,"turns":7},{"damage":62,"enemies":"Hexaghost","floor":18,"turns":10},{"damage":11,"enemies":"Shell Parasite","floor":20,"turns":6},{"damage":9,"enemies":"2 Thieves","floor":22,"turns":4},{"damage":35,"enemies":"Chosen and Byrds","floor":24,"turns":7},{"damage":37,"enemies":"Replay:Snechameleon","floor":25,"turns":6},{"damage":18,"enemies":"Snake Plant","floor":27,"turns":2},{"damage":39,"enemies":"Book of Stabbing","floor":29,"turns":3}],"seed_played":"-125840502423538730","potions_obtained":[{"floor":4,"key":"Swift Potion"},{"floor":5,"key":"Regen Potion"},{"floor":7,"key":"Block Potion"},{"floor":13,"key":"Swift Potion"},{"floor":24,"key":"Fire Potion"},{"floor":27,"key":"Fire Potion"}],"is_trial":false,"path_per_floor":["M","?","?","M","M","R","E","$","T","M","PTL","PTL","M","M","R","E","R_BF","B",null,"M","?","M","?","M","E","R","M","T","E"],"character_chosen":"IRONCLAD","items_purchased":[],"campfire_rested":2,"item_purchase_floors":[],"current_hp_per_floor":[78,78,78,79,76,76,66,66,66,72,72,72,78,80,80,65,80,39,80,78,78,79,79,51,21,45,33,33,0,0],"gold":469,"neow_bonus":"RANDOM_COMMON_RELIC","is_daily":false,"chose_seed":false,"campfire_upgraded":2,"win_rate":0.0,"timestamp":1613020922,"path_taken":["M","?","?","M","?","R","E","$","T","M","PTL","PTL","M","M","R","E","R_BF","BOSS","M","?","?","?","?","E","R","M","T","E"],"items_purchased_type":[],"build_version":"2020-12-22","purchased_purges":0,"victory":false,"max_hp_per_floor":[80,80,80,80,80,80,80,80,80,80,80,80,80,80,80,80,80,80,80,80,80,80,80,80,80,80,80,80,80,80],"relic_stats":{"counters":[15,68],"Eternal Feather":0,"Pen Nib":[1],"Nloth\u0027s Gift":2,"Orichalcum":[192],"obtain_stats":[{"Divine Protection":16,"ReplayTheSpireMod:Ninjato":7,"Eternal Feather":28,"Mark of Pain":19,"Pen Nib":25,"Nloth\u0027s Gift":23,"Replay:Bottled Snecko":9,"Orichalcum":0,"Burning Blood":0,"WarpedTongs":21},{"Divine Protection":8,"ReplayTheSpireMod:Ninjato":4,"Eternal Feather":14,"Mark of Pain":9,"Pen Nib":13,"Nloth\u0027s Gift":11,"Replay:Bottled Snecko":4,"Orichalcum":0,"Burning Blood":0,"WarpedTongs":10},{"Divine Protection":30,"ReplayTheSpireMod:Ninjato":15,"Eternal Feather":65,"Mark of Pain":40,"Pen Nib":63,"Nloth\u0027s Gift":50,"Replay:Bottled Snecko":15,"Orichalcum":0,"Burning Blood":0,"WarpedTongs":46}],"Burning Blood":84},"card_choices":[{"not_picked":["Armaments","Entrench"],"picked":"Cleave","floor":1},{"not_picked":["Headbutt","Anger","Second Wind"],"picked":"SKIP","floor":4},{"not_picked":["Wild Strike","Replay:Undeath\u0027s Touch","Abandon"],"picked":"SKIP","floor":5},{"not_picked":["Warcry","Body Slam","Thunderclap"],"picked":"SKIP","floor":7},{"not_picked":["Dual Wield","True Grit","Reckless Charge"],"picked":"SKIP","floor":10},{"not_picked":["Run Through","Headbutt","Perfected Strike"],"picked":"SKIP","floor":13},{"not_picked":["Clothesline","Body Slam","Pommel Strike"],"picked":"SKIP","floor":14},{"not_picked":["Twin Strike","Life Link"],"picked":"Sever Soul","floor":16},{"not_picked":["Offering","Berserk"],"picked":"Reaper","floor":18},{"not_picked":["Iron Wave","Flex"],"picked":"Havoc","floor":20},{"not_picked":["ReplayTheSpireMod:LeadingStrike","Sword Boomerang+1"],"picked":"Run Through+1","floor":22},{"not_picked":["Clothesline","True Grit"],"picked":"Brutality","floor":24},{"not_picked":["Cleave","Barricade"],"picked":"Offering","floor":25},{"not_picked":["Power Through","Metallicize"],"picked":"ReplayTheSpireMod:Strike From Hell+1","floor":27}],"player_experience":105303,"relics_obtained":[{"floor":7,"key":"ReplayTheSpireMod:Ninjato"},{"floor":9,"key":"Replay:Bottled Snecko"},{"floor":16,"key":"Divine Protection"},{"floor":25,"key":"Pen Nib"},{"floor":28,"key":"Eternal Feather"}],"event_choices":[{"cards_removed":["Defend_R"],"damage_healed":0,"gold_gain":0,"player_choice":"Card Removal","damage_taken":0,"max_hp_gain":0,"max_hp_loss":0,"event_name":"The Cleric","floor":2,"gold_loss":50},{"damage_healed":0,"gold_gain":0,"player_choice":"1 cards matched","damage_taken":0,"max_hp_gain":0,"max_hp_loss":0,"event_name":"Match and Keep!","floor":3,"gold_loss":0,"cards_obtained":["Corruption"]},{"damage_healed":0,"gold_gain":0,"player_choice":"Rummage","damage_taken":0,"relics_obtained":["WarpedTongs"],"max_hp_gain":0,"max_hp_loss":0,"event_name":"Accursed Blacksmith","floor":21,"gold_loss":0,"cards_obtained":["Pain"]},{"damage_healed":0,"gold_gain":0,"player_choice":"Traded Relic","damage_taken":0,"relics_obtained":["Nloth\u0027s Gift"],"max_hp_gain":0,"max_hp_loss":0,"event_name":"N\u0027loth","floor":23,"relics_lost":["WarpedTongs"],"gold_loss":0}],"is_beta":false,"boss_relics":[{"not_picked":["Black Blood","Honey Jar"],"picked":"Mark of Pain"}],"items_purged_floors":[],"is_endless":false,"potions_floor_spawned":[4,5,7,13,24,27],"killed_by":"Book of Stabbing","ascension_level":1}}