{"host":"i73ch23exsqar74a","time":1613025685,"event":{"mods":["AchievementEnabler","Aspiration","Astrologer","Bard","Bartender","BaseMod","Beaked The Cultist","Better Sensory Stone","CCEM2","CapriCore","Challenge The Spire","ChefMod","Chen","Colored Map","Colored Powertips","Conjunction","Conspire","Downfall","Fireblade Mod","FutureSeer","GifTheSpireLib","Glutton Mod","Gremlin Mod","Halation","Hermit","Highlight Path","HololiveMod","Hubris","Infinite Spire","Jedi Mod","Lobotomy","LobotomyExtend","Luminous","Marked Mod","Minty Spire (QoL Compilation)","Prisma Mod","Quarter Circle Forward PUNCH!","Quick Restart","Random Character Button","RatMod","Relic Sorter","Reliquary","Replay The Spire","SOS???????","Shade Mod","Spicy Shops","Spikes Relics","Spire Arcade","StSLib","Stuff the Spire","The Alterego","The Animator","The Bug Knight","The Construct","The Cursed","The Druid","The Exalted","The Immortal","The Judge","The Poker Player","The Sage","The Wild Card","TheHero","TheSwordswoman","TheVacant","TheVelvet","Thieving Mod","Yuri Mod","???Mod??????Boss","???mod?????"],"gold_per_floor":[114,114,114,125,142,189,189,221,269,269,345,345,363,379,379,474,499,499,511,511,511],"floor_reached":20,"language":"ENG","playtime":1526,"items_purged":[],"score":202,"play_id":"ccbd8c10-6c19-4a5c-a23f-da8ba7caa779","local_time":"20210211104125","is_ascension_mode":true,"campfire_choices":[{"floor":7,"key":"REST"},{"floor":10,"key":"REST"},{"data":"animator:Envy","floor":12,"key":"SMITH"},{"floor":15,"key":"REST"}],"circlet_count":0,"master_deck":["animator:Strike_FullmetalAlchemist","animator:Defend_FullmetalAlchemist","animator:Strike","animator:Strike","animator:Strike","animator:Defend","animator:Defend","animator:Defend","animator:ElricEdward","animator:ElricAlphonse","animator:RinTohsaka","Clumsy","animator:Hans","animator:ElricAlphonse","animator:Yuuichirou","animator:MaesHughes","animator:Gilgamesh+4","animator:Envy+1","animator:Shinoa","animator:Archer","animator:Kyubey","animator:MamiTomoe+1"],"relics":["animator:LivingPicture","animator:TheMissingPiece","LetterFromLob","aspiration:ChemicalBlood","Ice Cream","Nunchaku","reliquary:Aerogel","RedMistMask","aspiration:WatcherSkillbook"],"acts_visited":["Exordium","TheCity"],"potions_floor_usage":[8],"damage_taken":[{"damage":3,"enemies":"Small Slimes","floor":1,"turns":4},{"damage":6,"enemies":"2 Louse","floor":4,"turns":3},{"damage":0,"enemies":"Cultist","floor":5,"turns":4},{"damage":34,"enemies":"Gremlin Nob","floor":6,"turns":6},{"damage":28,"enemies":"3 Sentries","floor":8,"turns":7},{"damage":4,"enemies":"Replay:BlueRogue","floor":11,"turns":7},{"damage":12,"enemies":"Exordium Thugs","floor":13,"turns":2},{"damage":0,"enemies":"Exordium Wildlife","floor":14,"turns":2},{"damage":24,"enemies":"Hexaghost","floor":16,"turns":8},{"damage":15,"enemies":"2 Thieves","floor":19,"turns":2}],"seed_played":"-9068650328860084296","potions_obtained":[{"floor":5,"key":"SteroidPotion"},{"floor":8,"key":"Guardian:BlockOnCardUsePotion"},{"floor":13,"key":"animator:FalseLifePotion"},{"floor":16,"key":"AttackPotion"}],"is_trial":false,"path_per_floor":["M","?","?","M","M","E","R","E","T","R","E","R","M","M","R","B",null,"M","M","?"],"character_chosen":"THE_ANIMATOR","items_purchased":[],"campfire_rested":3,"item_purchase_floors":[],"current_hp_per_floor":[63,63,63,57,57,23,42,14,14,33,30,30,18,18,38,14,67,67,52,52,52],"gold":511,"neow_bonus":"THREE_CARDS","is_daily":false,"chose_seed":false,"campfire_upgraded":1,"win_rate":0.0,"timestamp":1613025685,"path_taken":["M","?","?","M","M","E","R","E","T","R","E","R","?","M","R","BOSS","M","M","?"],"items_purchased_type":[],"build_version":"2020-12-22","purchased_purges":0,"victory":false,"max_hp_per_floor":[66,66,66,66,66,66,66,66,66,66,67,67,67,67,67,67,67,67,67,67,67],"card_choices":[{"not_picked":["animator:Darkness","animator:SakuraMatou"],"picked":"animator:RinTohsaka","floor":0},{"not_picked":["animator:Shigure","animator:IrohaTamaki","animator:Alexander"],"picked":"SKIP","floor":1},{"not_picked":["animator:Vanir","animator:OrikoMikuni"],"picked":"animator:ElricAlphonse","floor":4},{"not_picked":["animator:Mikaela","animator:KrulTepes"],"picked":"animator:Yuuichirou","floor":5},{"not_picked":["animator:Gluttony","animator:ElricAlphonse"],"picked":"animator:MaesHughes","floor":6},{"not_picked":["animator:Gluttony","animator:Sloth"],"picked":"animator:Gilgamesh","floor":8},{"not_picked":["animator:Ara","animator:UneriGinkaku"],"picked":"animator:Envy","floor":11},{"not_picked":["animator:TsurugaMeisai","animator:Caster"],"picked":"animator:Shinoa","floor":13},{"not_picked":["animator:Assassin","animator:Alexander"],"picked":"animator:Archer","floor":14},{"not_picked":["animator:Envy","animator:Wiz"],"picked":"animator:Kyubey","floor":16},{"not_picked":["animator:Vanir","animator:Alexander","Wireheading"],"picked":"animator:MamiTomoe+1","floor":19}],"player_experience":1440554,"relics_obtained":[{"floor":1,"key":"LetterFromLob"},{"floor":6,"key":"aspiration:ChemicalBlood"},{"floor":8,"key":"Ice Cream"},{"floor":9,"key":"Nunchaku"},{"floor":11,"key":"reliquary:Aerogel"},{"floor":11,"key":"RedMistMask"}],"event_choices":[{"damage_healed":0,"gold_gain":0,"player_choice":"Leave","damage_taken":0,"max_hp_gain":0,"max_hp_loss":0,"event_name":"The Cleric","floor":2,"gold_loss":0},{"damage_healed":0,"gold_gain":0,"player_choice":"2 cards matched","damage_taken":0,"max_hp_gain":0,"max_hp_loss":0,"event_name":"Match and Keep!","floor":3,"gold_loss":0,"cards_obtained":["Clumsy","animator:Hans"]},{"damage_healed":0,"gold_gain":2,"player_choice":"1","damage_taken":0,"max_hp_gain":0,"max_hp_loss":0,"event_name":"betterStone:BetterStone","floor":20,"gold_loss":0}],"is_beta":false,"boss_relics":[{"not_picked":["Replay:Cursed D8","Kintsugi"],"picked":"aspiration:WatcherSkillbook"}],"items_purged_floors":[],"is_endless":false,"potions_floor_spawned":[5,8,13,14,16,19],"ascension_level":1}}