{"host":"pgm1p3lvdjflie30","time":1613006768,"event":{"mods":["AchievementEnabler","Alarm Clock","Aspiration","BaseMod","Challenge The Spire","Colored Map","Colored Powertips","Dark Map","Energized Spire","Hermit","HornydragonMod","Minty Spire (QoL Compilation)","Quarter Circle Forward PUNCH!","Quick Restart","Relic Stats","Robot Space Explorer","Spicy Shops","StSLib","The Blackbeard","The IronCluck","Waifu the Spire","【功能Mod】混沌之?修复?丁","篝火指南"],"gold_per_floor":[113,130,130,148,39,39,3,3,26,26,101,112,1,11,11,112,112,129,129,143,163,178,178,189,209,209,225,225,225,31,31,31,56,56,56],"floor_reached":33,"language":"ZHS","playtime":1806,"items_purged":["Writhe"],"score":239,"play_id":"17c5bd46-16d1-4659-b975-43042b8247f0","local_time":"20210211092608","is_ascension_mode":false,"campfire_choices":[{"data":"blackbeard:CaptainsHat","floor":6.0,"key":"SMITH"},{"data":"blackbeard:DangerousBlow","floor":8.0,"key":"SMITH"},{"data":"blackbeard:WeaponProficiency","floor":15.0,"key":"SMITH"},{"data":"blackbeard:BoostMorale","floor":23.0,"key":"SMITH"},{"floor":28.0,"key":"REST"},{"data":"blackbeard:Toast","floor":32.0,"key":"SMITH"}],"circlet_count":0,"master_deck":["blackbeard:BlackbeardStrike","blackbeard:BlackbeardStrike","blackbeard:BlackbeardStrike","blackbeard:BlackbeardStrike","blackbeard:IntimidatingStrike","blackbeard:BlackbeardDefend","blackbeard:BlackbeardDefend","blackbeard:Cutlass","blackbeard:CaptainsHat+1","blackbeard:GoldenCannonball","blackbeard:DangerousBlow+1","Genetic Algorithm+1","blackbeard:RemoveScurvy","blackbeard:PirateEarring","blackbeard:PowderKeg+1","blackbeard:InfiniteBarrage","blackbeard:Revenge","blackbeard:BlindAttacks","blackbeard:WeaponProficiency+1","blackbeard:BoostMorale+1","blackbeard:Toast+1","blackbeard:CaptainsCabin+1","blackbeard:Sword","blackbeard:Salvager","blackbeard:Toast+1","blackbeard:FieryDefense","blackbeard:TerrorOfTheSeas+1","blackbeard:Bandana","blackbeard:PirateHook","blackbeard:CannonballSupply"],"relics":["blackbeard:LoadTheCannons"],"acts_visited":["Exordium","TheCity"],"potions_floor_usage":[33,33],"damage_taken":[{"damage":7.0,"enemies":"Jaw Worm","floor":1.0,"turns":3.0},{"damage":4.0,"enemies":"Cultist","floor":2.0,"turns":3.0},{"damage":7.0,"enemies":"Small Slimes","floor":4.0,"turns":2.0},{"damage":1.0,"enemies":"Red Slaver","floor":12.0,"turns":2.0},{"damage":9.0,"enemies":"Blue Slaver","floor":14.0,"turns":4.0},{"damage":25.0,"enemies":"Slime Boss","floor":16.0,"turns":5.0},{"damage":0.0,"enemies":"Spheric Guardian","floor":18.0,"turns":2.0},{"damage":0.0,"enemies":"3 Byrds","floor":20.0,"turns":3.0},{"damage":0.0,"enemies":"Snake Plant","floor":21.0,"turns":4.0},{"damage":18.0,"enemies":"Cultist and Chosen","floor":22.0,"turns":5.0},{"damage":16.0,"enemies":"Centurion and Healer","floor":24.0,"turns":5.0},{"damage":12.0,"enemies":"Snake Plant","floor":25.0,"turns":4.0},{"damage":0.0,"enemies":"Snecko","floor":27.0,"turns":4.0},{"damage":71,"enemies":"Collector","floor":33,"turns":5}],"seed_played":"6469732960742849863","potions_obtained":[{"floor":1.0,"key":"Block Potion"},{"floor":2.0,"key":"Weak Potion"},{"floor":12.0,"key":"Fire Potion"},{"floor":16.0,"key":"blackbeard:RumPotion"},{"floor":21.0,"key":"SpeedPotion"},{"floor":22.0,"key":"Strength Potion"},{"floor":25.0,"key":"LiquidBronze"},{"floor":27.0,"key":"Dexterity Potion"}],"is_trial":false,"path_per_floor":["M","M","?","M","$","R","$","R","T","?","?","M","$","M","R","B",null,"M","?","M","M","M","R","M","M","T","M","R","?","$","?","R","B"],"character_chosen":"BLACKBEARD_CLASS","items_purchased":["blackbeard:PirateEarring","blackbeard:PowderKeg","blackbeard:Revenge","blackbeard:BlindAttacks","blackbeard:Bandana","blackbeard:PirateHook","blackbeard:CannonballSupply"],"campfire_rested":1,"item_purchase_floors":[5,7,13,13,30,30,30],"current_hp_per_floor":[68,64,64,57,57,57,57,57,57,57,50,49,49,45,45,20,75,75,75,75,75,62,62,46,34,34,39,61,61,61,61,61,0,0,0],"gold":56,"neow_bonus":"THREE_RARE_CARDS","is_daily":false,"chose_seed":false,"campfire_upgraded":5,"win_rate":0.0,"timestamp":1613006768,"path_taken":["M","M","?","M","?","R","$","R","T","?","?","?","?","M","R","BOSS","M","?","?","M","M","R","M","M","T","M","R","?","$","?","R","BOSS"],"items_purchased_type":["Card","Card","Card","Card","Card","Card","Card"],"build_version":"2020-12-22","purchased_purges":1,"victory":false,"max_hp_per_floor":[75,75,75,75,75,75,75,75,75,75,75,75,75,75,75,75,75,75,75,75,75,75,75,75,75,75,75,75,75,75,75,75,75,75,75],"relic_stats":{"counters":[14,51],"obtain_stats":[{"blackbeard:LoadTheCannons":0},{"blackbeard:LoadTheCannons":0},{"blackbeard:LoadTheCannons":0}]},"card_choices":[{"not_picked":["blackbeard:MegaUpgrade","blackbeard:FinalBarrage"],"picked":"blackbeard:CaptainsHat","floor":0.0},{"not_picked":["blackbeard:DoubleCannonball","blackbeard:CaptainsCabin"],"picked":"blackbeard:GoldenCannonball","floor":1.0},{"not_picked":["blackbeard:BuriedTreasure","blackbeard:Fencing"],"picked":"blackbeard:DangerousBlow","floor":2.0},{"not_picked":["blackbeard:VengefulSpirit","blackbeard:GoldenDefense"],"picked":"blackbeard:RemoveScurvy","floor":4.0},{"not_picked":["blackbeard:TacticalRetreat","blackbeard:Shrapnel"],"picked":"blackbeard:InfiniteBarrage","floor":12.0},{"not_picked":["blackbeard:Fencing","blackbeard:Eyepatch"],"picked":"blackbeard:WeaponProficiency","floor":14.0},{"not_picked":["blackbeard:WeaponMastery","blackbeard:GoldenGuillotine"],"picked":"blackbeard:BoostMorale","floor":16.0},{"not_picked":["blackbeard:BlindAttacks","blackbeard:TacticalRetreat"],"picked":"blackbeard:Toast+1","floor":18.0},{"not_picked":["blackbeard:CatONineTails","blackbeard:Upgrade+1"],"picked":"blackbeard:CaptainsCabin+1","floor":20.0},{"not_picked":["blackbeard:BlindAttacks","blackbeard:DeadlyArsenal+1"],"picked":"blackbeard:Sword","floor":21.0},{"not_picked":["blackbeard:RearmingStrike","blackbeard:Dagger"],"picked":"blackbeard:Salvager","floor":22.0},{"not_picked":["blackbeard:GoldenStrike+1","blackbeard:DeadlyArsenal"],"picked":"blackbeard:Toast","floor":24.0},{"not_picked":["blackbeard:SwordDance+1","blackbeard:Fencing"],"picked":"blackbeard:FieryDefense","floor":25.0},{"not_picked":["blackbeard:Shrapnel","blackbeard:Eyepatch"],"picked":"blackbeard:TerrorOfTheSeas+1","floor":27.0}],"player_experience":383871,"relics_obtained":[],"event_choices":[{"cards_removed":["blackbeard:BlackbeardDefend"],"damage_healed":0.0,"max_hp_gain":0.0,"max_hp_loss":0.0,"gold_gain":0.0,"event_name":"NoteForYourself","player_choice":"Took Card","floor":3.0,"gold_loss":0.0,"damage_taken":0.0,"cards_obtained":["Genetic Algorithm"]},{"damage_healed":0.0,"max_hp_gain":0.0,"max_hp_loss":0.0,"gold_gain":0.0,"event_name":"Living Wall","player_choice":"Grow","floor":10.0,"gold_loss":0.0,"damage_taken":0.0,"cards_upgraded":["blackbeard:PowderKeg"]},{"damage_healed":0.0,"max_hp_gain":0.0,"max_hp_loss":0.0,"gold_gain":75.0,"event_name":"FaceTrader","player_choice":"Touch","floor":11.0,"gold_loss":0.0,"damage_taken":7.0},{"cards_removed":["blackbeard:BlackbeardDefend"],"damage_healed":0.0,"max_hp_gain":0.0,"max_hp_loss":0.0,"gold_gain":0.0,"event_name":"Purifier","player_choice":"Purged","floor":19.0,"gold_loss":0.0,"damage_taken":0.0},{"damage_healed":0.0,"max_hp_gain":0.0,"max_hp_loss":0.0,"gold_gain":0.0,"event_name":"Cursed Tome","player_choice":"Ignored","floor":29.0,"gold_loss":0.0,"damage_taken":0.0},{"damage_healed":0.0,"max_hp_gain":0.0,"max_hp_loss":0.0,"gold_gain":0.0,"event_name":"blackbeard:ShipwreckEvent","player_choice":"Ignored","floor":31.0,"gold_loss":0.0,"damage_taken":0.0}],"is_beta":false,"boss_relics":[{"not_picked":["blackbeard:Karategi","Busted Crown","Philosopher\u0027s Stone"]}],"items_purged_floors":[5],"is_endless":false,"potions_floor_spawned":[1,2,12,16,21,22,25,27],"killed_by":"Collector","ascension_level":0}}