{"host":"8d3fefv2347kqkpz","time":1613016044,"event":{"mods":["AchievementEnabler","Act Like it!","BaseMod","Better Vampires","Colored Map","Colored Powertips","Downfall","GifTheSpireLib","Highlight Path","Minty Spire (QoL Compilation)","Quick Restart","Rare Cards Sparkle","Relic Stats","Replay The Spire","Spicy Shops","StSLib","Waifu the Spire"],"gold_per_floor":[119,119,119,137,61,61,74,74,74,87,326,326,351,351,351,481,481,451,451,451,451,451],"floor_reached":21,"language":"ZHS","playtime":501,"items_purged":[],"score":167,"play_id":"823cc2b7-9795-4066-bdd7-4ad05b0303ca","local_time":"20210211120044","is_ascension_mode":false,"campfire_choices":[{"data":"Neutralize","floor":6,"key":"SMITH"},{"data":"Footwork","floor":8,"key":"SMITH"},{"data":"Draining Mist","floor":12,"key":"SMITH"},{"floor":15,"key":"REST"}],"circlet_count":0,"master_deck":["Strike_G","Strike_G","Strike_G","Defend_G","Defend_G","Defend_G","Defend_G","Survivor","Neutralize+1","Footwork+1","Noxious Fumes","Backstab","Draining Mist+1","Tools of the Trade+1","Envenom"],"relics":["Ring of the Snake","WingedGreaves","Golden Idol","Garlic","Runic Pyramid"],"acts_visited":["Exordium","TheCity"],"potions_floor_usage":[16,16],"damage_taken":[{"damage":0.0,"enemies":"Jaw Worm","floor":1.0,"turns":6.0},{"damage":1.0,"enemies":"2 Louse","floor":4.0,"turns":3.0},{"damage":0,"enemies":"Small Slimes","floor":7,"turns":5},{"damage":0,"enemies":"Looter","floor":10,"turns":4},{"damage":13,"enemies":"Large Slime","floor":13,"turns":7},{"damage":8,"enemies":"The Guardian","floor":16,"turns":11},{"damage":9,"enemies":"2 Thieves","floor":18,"turns":5},{"damage":0,"enemies":"Shell Parasite","floor":21,"turns":4}],"seed_played":"6943780174389430171","potions_obtained":[{"floor":10,"key":"Dexterity Potion"},{"floor":13,"key":"Venom Potion"},{"floor":18,"key":"Weak Potion"}],"is_trial":false,"path_per_floor":["M","?","?","M","$","R","M","R","T","M","?","R","M","?","R","B",null,"M","?","?","M"],"character_chosen":"THE_SILENT","items_purchased":["Noxious Fumes"],"campfire_rested":1,"item_purchase_floors":[5],"current_hp_per_floor":[63,56,41,40,40,40,40,40,40,40,25,25,12,12,30,22,63,54,54,54,54,54],"gold":451,"neow_bonus":"ONE_RARE_RELIC","is_daily":false,"chose_seed":false,"campfire_upgraded":3,"win_rate":0.0,"timestamp":1613016044,"path_taken":["M","?","?","M","$","R","M","R","T","M","?","R","M","?","R","BOSS","M","?","?","M"],"items_purchased_type":["Card"],"build_version":"2020-12-22","purchased_purges":0,"victory":false,"max_hp_per_floor":[63,63,63,63,63,63,63,63,63,63,63,63,63,63,63,63,63,63,63,63,63,63],"relic_stats":{"counters":[8,44],"Golden Idol":92,"obtain_stats":[{"Golden Idol":3,"WingedGreaves":0,"Garlic":9,"Ring of the Snake":0,"Runic Pyramid":17},{"Golden Idol":1,"WingedGreaves":0,"Garlic":3,"Ring of the Snake":0,"Runic Pyramid":6},{"Golden Idol":6,"WingedGreaves":0,"Garlic":14,"Ring of the Snake":0,"Runic Pyramid":36}],"Ring of the Snake":[16]},"card_choices":[{"not_picked":["Backflip","Sucker Punch","Prepared"],"picked":"SKIP","floor":1.0},{"not_picked":["Underhanded Strike","Reflex"],"picked":"Footwork","floor":4.0},{"not_picked":["Outmaneuver","Flying Knee","Setup"],"picked":"SKIP","floor":7},{"not_picked":["ReplayTheSpireMod:Shiv Toss","Blade Dance"],"picked":"Backstab","floor":10},{"not_picked":["Fluid Movement","Blade Dance"],"picked":"Draining Mist","floor":11},{"not_picked":["Expertise","Dodge and Roll","Prepared"],"picked":"SKIP","floor":13},{"not_picked":["Replay:Bag of Tricks","ReplayTheSpireMod:From All Sides"],"picked":"Envenom","floor":16},{"not_picked":["Prepared","ReplayTheSpireMod:Speed Training","Blade Dance"],"picked":"SKIP","floor":18}],"player_experience":350361,"relics_obtained":[{"floor":9,"key":"Garlic"}],"event_choices":[{"cards_removed":["Strike_G"],"damage_healed":0.0,"max_hp_gain":0.0,"max_hp_loss":0.0,"gold_gain":0.0,"event_name":"Golden Wing","player_choice":"Card Removal","floor":2.0,"gold_loss":0.0,"damage_taken":7.0},{"damage_healed":0.0,"max_hp_gain":0.0,"max_hp_loss":0.0,"gold_gain":0.0,"event_name":"Golden Idol","player_choice":"Take Damage","floor":3.0,"gold_loss":0.0,"damage_taken":15.0,"relics_obtained":["Golden Idol"]},{"cards_removed":["Strike_G"],"damage_healed":0,"gold_gain":0,"player_choice":"Elegance","damage_taken":0,"max_hp_gain":0,"max_hp_loss":0,"event_name":"Back to Basics","floor":20,"gold_loss":0}],"is_beta":false,"boss_relics":[{"not_picked":["Replay:Wanted Poster","Velvet Choker"],"picked":"Runic Pyramid"}],"items_purged_floors":[],"is_endless":false,"potions_floor_spawned":[10,13,18],"killed_by":"Shell Parasite","ascension_level":0}}