{"host":"27c7lqff1bu0ydoz","time":1613057692,"event":{"mods":["AchievementEnabler","Act Like it!","Aspiration","BaseMod","Bestiary","Better Third Choice","Block Reminder","CapriCore","Colored Powertips","Conspire","Energized Spire","Friendly Minions","Gensokyo","GifTheSpireLib","Hermit","Highlight Path","Hubris","Infinite Spire","Koishi","Marisa????????","Minty Spire (QoL Compilation)","Rare Cards Sparkle","Reimu??????","Reliquary","Remilia??????","Replay The Spire","StSLib","The Immortal","Wandering Minibosses","Yakumo Yukari mod","Youmu??????","Yuyuko","yUi"],"gold_per_floor":[116,116,133,131,147,147,179,179,206,12,21,211,222,222,222,307,307,256,261,261,261,201,201,201,201,248,28,18,18,18,818,818,918,918,937,937,937],"floor_reached":36,"language":"ENG","playtime":3142,"items_purged":["hermit:Strike_Hermit","hermit:Strike_Hermit"],"score":437,"play_id":"f9b04315-8182-45d8-a859-824a44403010","local_time":"20210211163452","is_ascension_mode":false,"campfire_choices":[{"floor":6,"key":"REST"},{"floor":8,"key":"REST"},{"floor":15,"key":"REST"},{"floor":23,"key":"REST"},{"floor":30,"key":"REST"},{"floor":32,"key":"REST"}],"circlet_count":0,"master_deck":["hermit:Strike_Hermit","hermit:Strike_Hermit","hermit:Defend_Hermit","hermit:Defend_Hermit","hermit:Defend_Hermit","hermit:Defend_Hermit","hermit:Snapshot","hermit:Covet","hermit:Desperado","hermit:Deadeye","hermit:TrackingShot","hermit:Horror","hermit:ShadowCloak","hermit:GoldenBullet","hermit:Quickdraw","hermit:TakeCover","hermit:GhostlyPresence","hermit:SprayPray","hermit:FatalDesire","hermit:BigShot","hermit:LowProfile","hermit:Spite","hermit:Headshot","hermit:TakeAim","hermit:CalledShot","hermit:Vantage","hermit:Magnum","hermit:Brawl"],"relics":["hermit:Momento","hubris:BottledRain","hubris:FunFungus","hubris:TenFootPole","Pantograph","Replay:Ringing Soul","conspire:RoyalGoblet","aspiration:FaultyCoupler","betterThird:NestCultRelic","MutagenicStrength","Dream Catcher","Chemical X","Iron Hammer","wanderingMiniBosses:MasterThiefsPresence","Cursed Key"],"acts_visited":["Exordium","TheCity","TheBeyond"],"potions_floor_usage":[13,16,33,36],"damage_taken":[{"damage":3,"enemies":"conspire:RoseBush","floor":1,"turns":3},{"damage":0,"enemies":"Jaw Worm","floor":3,"turns":3},{"damage":25,"enemies":"infinitespire:Voidling","floor":4,"turns":6},{"damage":5,"enemies":"Looter","floor":5,"turns":3},{"damage":22,"enemies":"Replay:BlueRogue","floor":7,"turns":4},{"damage":19,"enemies":"conspire:2 RoseBushes","floor":11,"turns":5},{"damage":13,"enemies":"2 Fungi Beasts","floor":13,"turns":3},{"damage":51,"enemies":"Fading Forest","floor":16,"turns":11},{"damage":24,"enemies":"Shell Parasite","floor":18,"turns":8},{"damage":44,"enemies":"Spheric Guardian","floor":19,"turns":6},{"damage":30,"enemies":"Centurion and Healer","floor":28,"turns":7},{"damage":54,"enemies":"Sentry and Sphere","floor":31,"turns":9},{"damage":42,"enemies":"conspire:MysteriousRune","floor":33,"turns":12},{"damage":21,"enemies":"Orb Walker","floor":35,"turns":5},{"damage":135,"enemies":"Orb Walker","floor":36,"turns":15}],"seed_played":"-1864513167669261728","potions_obtained":[{"floor":3,"key":"Strength Potion"},{"floor":4,"key":"ZuzhouPotion:ReiMu"},{"floor":13,"key":"ColorlessPotion"},{"floor":18,"key":"hermit:Tonic"},{"floor":31,"key":"GrandPatriotsElixir:ReiMu"}],"is_trial":false,"path_per_floor":["M","?","M","M","M","R","E","R","T","$","M","?","M","$","R","B",null,"M","M","AVR","?","?","R","?","?","T","$","M","T","R","M","R","B",null,"M","?"],"character_chosen":"HERMIT","items_purchased":["hermit:GoldenBullet","hermit:Quickdraw","Pantograph","Replay:Ringing Soul","Chemical X","hermit:Spite"],"campfire_rested":6,"item_purchase_floors":[10,10,14,14,27,27],"current_hp_per_floor":[79,79,79,54,49,73,51,75,75,75,56,56,43,10,34,22,85,68,31,31,31,31,58,58,58,58,61,39,39,71,29,62,34,109,100,0,0],"gold":937,"neow_bonus":"TEN_PERCENT_HP_BONUS","is_daily":false,"chose_seed":false,"campfire_upgraded":0,"win_rate":0.0,"timestamp":1613057692,"path_taken":["M","?","M","M","M","R","E","R","T","$","M","?","M","?","R","BOSS","M","M","AVR","?","?","R","?","?","T","$","?","?","R","M","R","BOSS","M","?"],"items_purchased_type":["Card","Card","Relic","Relic","Relic","Card"],"build_version":"2020-12-22","purchased_purges":2,"victory":false,"max_hp_per_floor":[82,82,82,82,82,82,82,82,82,82,82,82,82,82,82,85,85,88,91,91,91,91,91,91,91,91,94,97,97,100,103,106,109,109,112,112,112],"card_choices":[{"not_picked":["hermit:WideOpen","hermit:Vantage"],"picked":"hermit:Desperado","floor":1},{"not_picked":["hermit:LowProfile","hermit:Misfire"],"picked":"hermit:Deadeye","floor":3},{"not_picked":["hermit:Spite","hermit:Gestalt"],"picked":"hermit:TrackingShot","floor":4},{"not_picked":["hermit:FullyLoaded","hermit:Coalescence"],"picked":"hermit:Horror","floor":5},{"not_picked":["hermit:Spite","hermit:OverwhelmingPower"],"picked":"hermit:ShadowCloak","floor":7},{"not_picked":["hermit:Misfire","hermit:Combo"],"picked":"hermit:TakeCover","floor":11},{"not_picked":["hermit:Malice","hermit:Ricochet"],"picked":"hermit:GhostlyPresence","floor":12},{"not_picked":["hermit:TrackingShot","hermit:LuckOfTheDraw"],"picked":"hermit:SprayPray","floor":13},{"not_picked":["hermit:Reprieve","hermit:BlackWind"],"picked":"hermit:FatalDesire","floor":16},{"not_picked":["hermit:Misfire","hermit:Spite"],"picked":"hermit:BigShot","floor":18},{"not_picked":["hermit:LuckOfTheDraw","hermit:Feint"],"picked":"hermit:LowProfile","floor":19},{"not_picked":["hermit:Quickdraw","hermit:ItchyTrigger"],"picked":"hermit:Headshot","floor":28},{"not_picked":["hermit:BodyArmor","hermit:Snipe+1"],"picked":"hermit:TakeAim","floor":30},{"not_picked":["hermit:GoldenBullet","hermit:Maintenance+1"],"picked":"hermit:CalledShot","floor":31},{"not_picked":["hermit:Spite","hermit:Dive"],"picked":"hermit:Vantage","floor":32},{"not_picked":["hermit:DeadOrAlive","hermit:Purgatory"],"picked":"hermit:Magnum","floor":33},{"not_picked":["hermit:Malice","hermit:Coalescence+1"],"picked":"hermit:Brawl","floor":35}],"player_experience":284512,"relics_obtained":[{"floor":2,"key":"hubris:BottledRain"},{"floor":7,"key":"hubris:FunFungus"},{"floor":9,"key":"hubris:TenFootPole"},{"floor":26,"key":"Dream Catcher"},{"floor":29,"key":"Iron Hammer"},{"floor":31,"key":"wanderingMiniBosses:MasterThiefsPresence"}],"event_choices":[{"damage_healed":0,"gold_gain":0,"player_choice":"Madness","damage_taken":0,"relics_obtained":["betterThird:NestCultRelic"],"max_hp_gain":0,"max_hp_loss":0,"event_name":"betterThird:BetterNest","floor":24,"gold_loss":0},{"damage_healed":0,"gold_gain":0,"player_choice":"Inject Mutagens","damage_taken":0,"relics_obtained":["MutagenicStrength"],"max_hp_gain":0,"max_hp_loss":0,"event_name":"Drug Dealer","floor":25,"gold_loss":0}],"is_beta":false,"boss_relics":[{"not_picked":["conspire:RunicOctahedron","Philosopher\u0027s Stone"],"picked":"conspire:RoyalGoblet"},{"not_picked":["hubris:Stopwatch","hubris:GrandSneckoEye"],"picked":"Cursed Key"}],"items_purged_floors":[10,20],"is_endless":false,"potions_floor_spawned":[3,4,13,18,31],"killed_by":"Orb Walker","ascension_level":0}}