{"host":"dh4nu8nelr2izibb","time":1613029251,"event":{"mods":["BaseMod","Better Skull","Better Third Choice","Card Forge","Curses Come First","Displayed Cursed Tome","HololiveMod","Marisa????????","Minty Spire (QoL Compilation)","Poor People Problems","Quick Restart","Relic Filter","Reliquary","StSLib","WarShipGirlsR/????R mod","Yakumo Yukari mod"],"gold_per_floor":[109,384,394,169,182,182,217,217,217,234,250,250,269,4,4,76,76,89,89,89,139,150,183,201,201,201,226,226,226,10,22,22,93,93,105,105,115,95,114,143,158,158,158,184,198,73,100,113,113,113,113],"floor_reached":52,"language":"ENG","playtime":2497,"items_purged":["Regret","Strike_G","Defend_G"],"score":2164,"play_id":"e1b33f74-007f-46b3-b277-e7454132ccf8","local_time":"20210211024051","is_ascension_mode":true,"campfire_choices":[{"data":"Cloak And Dagger","floor":6.0,"key":"SMITH"},{"data":"Dagger Spray","floor":8.0,"key":"SMITH"},{"data":"Finisher","floor":12.0,"key":"SMITH"},{"data":"Malaise","floor":15.0,"key":"SMITH"},{"floor":25,"key":"REST"},{"floor":29,"key":"REST"},{"data":"Cloak And Dagger","floor":32,"key":"SMITH"},{"floor":42,"key":"REST"},{"data":"Terror","floor":49,"key":"SMITH"}],"circlet_count":2,"master_deck":["AscendersBane","Strike_G","Defend_G","Defend_G","Survivor","Neutralize+1","Dagger Spray+1","Blade Dance","Finisher+1","Cloak And Dagger+1","Dagger Throw","PiercingWail","Escape Plan","Backflip","Blade Dance","Malaise+1","Footwork+1","Flash of Steel","Cloak And Dagger+1","Footwork+1","Malaise+1","Deflect+1","Blade Dance","Backflip","Terror+1","After Image+1","Backflip","Cloak And Dagger+1","Calculated Gamble","Leg Sweep","Finisher","Skewer+1"],"relics":["Ring of the Snake","Hammer of Thor","Seething Fire","Anvil of the Gods","Pantograph","Unceasing Top","Hololive_Finger","PreservedInsect","Turnip","Circlet","Shuriken","Ginger","Sozu","reliquary:PurpleTingedLeaf","Nunchaku","StoneCalendar","Potion Belt"],"acts_visited":["Exordium","TheCity","TheBeyond"],"potions_floor_usage":[50,51],"damage_taken":[{"damage":2.0,"enemies":"Small Slimes","floor":1.0,"turns":4.0},{"damage":0.0,"enemies":"Cultist","floor":3.0,"turns":4.0},{"damage":0.0,"enemies":"Jaw Worm","floor":5.0,"turns":1.0},{"damage":0.0,"enemies":"Gremlin Nob","floor":7.0,"turns":2.0},{"damage":2.0,"enemies":"Large Slime","floor":10.0,"turns":5.0},{"damage":7.0,"enemies":"3 Louse","floor":11.0,"turns":3.0},{"damage":0.0,"enemies":"Looter","floor":13.0,"turns":2.0},{"damage":21.0,"enemies":"The Guardian","floor":16.0,"turns":13.0},{"damage":16.0,"enemies":"Chosen","floor":18.0,"turns":6.0},{"damage":5,"enemies":"Spheric Guardian","floor":22,"turns":4},{"damage":19,"enemies":"Book of Stabbing","floor":23,"turns":8},{"damage":12,"enemies":"Chosen and Byrds","floor":24,"turns":6},{"damage":9,"enemies":"Gremlin Leader","floor":27,"turns":6},{"damage":0,"enemies":"3 Cultists","floor":31,"turns":3},{"damage":5,"enemies":"Automaton","floor":33,"turns":7},{"damage":27,"enemies":"3 Shapes","floor":35,"turns":3},{"damage":1,"enemies":"3 Darklings","floor":37,"turns":4},{"damage":2,"enemies":"Sphere and 2 Shapes","floor":39,"turns":5},{"damage":1,"enemies":"Nemesis","floor":40,"turns":7},{"damage":4,"enemies":"Spire Growth","floor":41,"turns":3},{"damage":0,"enemies":"Giant Head","floor":44,"turns":4},{"damage":2,"enemies":"3 Darklings","floor":45,"turns":4},{"damage":0,"enemies":"Nemesis","floor":47,"turns":5},{"damage":0,"enemies":"Maw","floor":48,"turns":3},{"damage":21,"enemies":"Awakened One","floor":50,"turns":9},{"damage":0,"enemies":"Donu and Deca","floor":51,"turns":8}],"seed_played":"-3051817024132542718","potions_obtained":[{"floor":1.0,"key":"SteroidPotion"},{"floor":7.0,"key":"SkillPotion"},{"floor":11.0,"key":"Weak Potion"},{"floor":23,"key":"SpeedPotion"},{"floor":27,"key":"FearPotion"},{"floor":33,"key":"Energy Potion"}],"is_trial":false,"path_per_floor":["M","?","M","$","M","R","E","R","T","M","M","R","M","$","R","B",null,"M","?","?","?","M","E","M","R","T","E","$","R","$","M","R","B",null,"M","?","M","?","M","E","M","R","T","E","M","$","E","M","R","B","B",null],"character_chosen":"THE_SILENT","items_purchased":["Finisher","Cloak And Dagger","Dagger Throw","Malaise","Footwork","Flash of Steel","Blade Dance","Backflip"],"campfire_rested":3,"item_purchase_floors":[4,4,4,14,14,14,30,30],"current_hp_per_floor":[57,57,57,57,57,57,57,57,57,55,48,48,48,48,48,45,61,45,45,45,45,40,21,9,28,28,19,19,38,38,38,38,58,64,37,37,36,36,34,33,30,49,49,50,49,49,51,52,52,46,66],"gold":113,"neow_bonus":"UPGRADE_CARD","is_daily":false,"chose_seed":false,"campfire_upgraded":6,"win_rate":0.0,"timestamp":1613029251,"path_taken":["M","?","M","$","M","R","E","R","T","?","M","R","M","$","R","BOSS","M","?","?","?","M","E","M","R","T","E","$","R","$","M","R","BOSS","M","?","M","?","M","E","?","R","T","E","M","$","E","?","R","BOSS","BOSS"],"items_purchased_type":["Card","Card","Card","Card","Card","Card","Card","Card"],"build_version":"2020-12-22","purchased_purges":3,"victory":true,"max_hp_per_floor":[66,66,66,66,66,66,66,66,66,66,66,66,66,66,66,66,66,66,66,66,66,66,66,66,66,66,66,66,66,66,66,66,66,66,66,66,66,66,66,66,66,66,66,66,66,66,66,66,66,66,66],"card_choices":[{"not_picked":["Endless Agony","Bane"],"picked":"Dagger Spray","floor":1.0},{"not_picked":["Bane","Masterful Stab"],"picked":"Blade Dance","floor":3.0},{"not_picked":["Dagger Throw","Dagger Spray"],"picked":"PiercingWail","floor":5.0},{"not_picked":["Well Laid Plans","Heel Hook"],"picked":"Escape Plan","floor":7.0},{"not_picked":["Quick Slash","PiercingWail"],"picked":"Backflip","floor":10.0},{"not_picked":["Caltrops","Acrobatics"],"picked":"Blade Dance","floor":11.0},{"not_picked":["Expertise","Poisoned Stab","Crippling Poison"],"picked":"SKIP","floor":13.0},{"not_picked":["Blade Dance","Dagger Throw"],"picked":"Cloak And Dagger","floor":18.0},{"not_picked":["Backflip","PiercingWail","Concentrate"],"picked":"SKIP","floor":22},{"not_picked":["Dagger Throw","Caltrops"],"picked":"Malaise","floor":23},{"not_picked":["Dash+1","Choke+1"],"picked":"Deflect+1","floor":24},{"not_picked":["Poisoned Stab","Concentrate","Deadly Poison"],"picked":"SKIP","floor":27},{"not_picked":["Acrobatics","Dagger Spray"],"picked":"Terror","floor":31},{"not_picked":["Wraith Form v2","Bullet Time"],"picked":"After Image","floor":33},{"not_picked":["Flechettes","Bane"],"picked":"Backflip","floor":35},{"not_picked":["Deflect","Dagger Spray+1"],"picked":"Cloak And Dagger+1","floor":37},{"not_picked":[],"picked":"Calculated Gamble","floor":38},{"not_picked":["Eviscerate","Slice","Outmaneuver"],"picked":"SKIP","floor":39},{"not_picked":["Escape Plan+1","Die Die Die"],"picked":"Leg Sweep","floor":40},{"not_picked":["Quick Slash","Choke","Heel Hook"],"picked":"SKIP","floor":41},{"not_picked":["Accuracy","Masterful Stab"],"picked":"Finisher","floor":44},{"not_picked":["Escape Plan","Prepared+1","Dagger Spray"],"picked":"SKIP","floor":45},{"not_picked":["Sucker Punch","Prepared+1"],"picked":"Skewer+1","floor":47},{"not_picked":["Finisher","Bane","Dagger Throw+1"],"picked":"SKIP","floor":48}],"player_experience":1105973,"relics_obtained":[{"floor":7.0,"key":"Pantograph"},{"floor":9.0,"key":"Unceasing Top"},{"floor":23,"key":"PreservedInsect"},{"floor":26,"key":"Turnip"},{"floor":27,"key":"Ginger"},{"floor":40,"key":"reliquary:PurpleTingedLeaf"},{"floor":43,"key":"Nunchaku"},{"floor":44,"key":"StoneCalendar"},{"floor":47,"key":"Potion Belt"}],"event_choices":[{"damage_healed":0.0,"max_hp_gain":0.0,"max_hp_loss":0.0,"gold_gain":275.0,"event_name":"Golden Shrine","player_choice":"Desecrate","floor":2.0,"gold_loss":0.0,"damage_taken":0.0,"cards_obtained":["Regret"]},{"damage_healed":0.0,"max_hp_gain":0.0,"max_hp_loss":0.0,"gold_gain":0.0,"event_name":"The Library","player_choice":"Read","floor":19.0,"gold_loss":0.0,"damage_taken":0.0,"cards_obtained":["Footwork"]},{"cards_removed":["Strike_G"],"damage_healed":0.0,"max_hp_gain":0.0,"max_hp_loss":0.0,"gold_gain":0.0,"event_name":"betterThird:BetterWriting","player_choice":"Elegance","floor":20.0,"gold_loss":0.0,"damage_taken":0.0},{"damage_healed":0.0,"max_hp_gain":0.0,"max_hp_loss":0.0,"gold_gain":50.0,"event_name":"betterThird:BetterNest","player_choice":"Steal","floor":21.0,"gold_loss":0.0,"damage_taken":0.0}],"is_beta":false,"boss_relics":[{"not_picked":["reliquary:RedCape","Velvet Choker"],"picked":"Hololive_Finger"},{"not_picked":["Black Star","reliquary:KinkedSpring"],"picked":"Sozu"}],"items_purged_floors":[4,30,46],"is_endless":false,"potions_floor_spawned":[1,7,11,23,27,31,33,39,40,47],"ascension_level":20}}