{"host":"zdcz0a6aak4rnx0s","time":1613078815,"event":{"mods":["AchievementEnabler","BaseMod","Colored Map","Colored Powertips","Minty Spire (QoL Compilation)","StSLib"],"gold_per_floor":[118,118,193,211,9,43,43,43,43,56,68,68,103,28,28,106,106,126,126,141,41,41,41],"floor_reached":22,"language":"ENG","playtime":1071,"items_purged":["Strike_R","Decay"],"score":412,"play_id":"756fe86e-502a-40aa-b531-040fc307814b","local_time":"20210211152655","is_ascension_mode":true,"campfire_choices":[{"data":"Rampage","floor":8.0,"key":"SMITH"},{"data":"Clothesline","floor":12.0,"key":"SMITH"},{"data":"Berserk","floor":15.0,"key":"SMITH"}],"circlet_count":0,"master_deck":["AscendersBane","Strike_R","Strike_R","Strike_R","Defend_R","Defend_R","Defend_R","Defend_R","Bash","Rampage+1","Clothesline+1","Whirlwind","Berserk+1","Demon Form","True Grit"],"relics":["Burning Blood","NeowsBlessing","Tiny Chest","Pantograph","HornCleat","Juzu Bracelet","Mark of Pain"],"acts_visited":["Exordium","TheCity"],"potions_floor_usage":[],"damage_taken":[{"damage":0.0,"enemies":"2 Louse","floor":1.0,"turns":1.0},{"damage":0.0,"enemies":"Small Slimes","floor":4.0,"turns":1.0},{"damage":0.0,"enemies":"3 Sentries","floor":6.0,"turns":2.0},{"damage":9.0,"enemies":"Jaw Worm","floor":10.0,"turns":3.0},{"damage":3.0,"enemies":"2 Fungi Beasts","floor":11.0,"turns":2.0},{"damage":18.0,"enemies":"Gremlin Nob","floor":13.0,"turns":4.0},{"damage":8.0,"enemies":"The Guardian","floor":16.0,"turns":12.0},{"damage":39.0,"enemies":"Spheric Guardian","floor":18.0,"turns":6.0},{"damage":31.0,"enemies":"3 Byrds","floor":20.0,"turns":5.0},{"damage":17,"enemies":"3 Cultists","floor":22,"turns":3}],"seed_played":"-6012506197950558911","potions_obtained":[{"floor":1.0,"key":"Swift Potion"},{"floor":4.0,"key":"LiquidMemories"},{"floor":10.0,"key":"Dexterity Potion"}],"is_trial":false,"path_per_floor":["M","?","?","M","$","E","?","R","T","M","M","R","E","$","R","B",null,"M","?","M","$","M"],"character_chosen":"IRONCLAD","items_purchased":["Whirlwind","Tiny Chest"],"campfire_rested":0,"item_purchase_floors":[5,5],"current_hp_per_floor":[74,67,56,62,62,68,68,68,68,65,68,68,56,56,56,73,75,42,42,17,17,0,0],"gold":41,"neow_bonus":"THREE_ENEMY_KILL","is_daily":false,"chose_seed":false,"campfire_upgraded":3,"win_rate":0.0,"timestamp":1613078815,"path_taken":["M","?","?","M","$","E","?","R","T","M","M","R","E","$","R","BOSS","M","?","M","$","M"],"items_purchased_type":["Card","Relic"],"build_version":"2020-12-22","purchased_purges":2,"victory":false,"max_hp_per_floor":[75,75,75,75,75,75,75,75,75,75,75,75,75,75,75,75,75,75,75,75,75,75,75],"card_choices":[{"not_picked":["Dropkick","Thunderclap"],"picked":"Rampage","floor":1.0},{"not_picked":["Flex","Heavy Blade"],"picked":"Clothesline","floor":4.0},{"not_picked":["Havoc","Anger","Clothesline"],"picked":"SKIP","floor":6.0},{"not_picked":["Rampage","Uppercut","Twin Strike"],"picked":"SKIP","floor":10.0},{"not_picked":["Rampage","Uppercut","Twin Strike"],"picked":"SKIP","floor":10.0},{"not_picked":["Heavy Blade","Perfected Strike","Clash"],"picked":"SKIP","floor":11.0},{"not_picked":["Anger","Clash"],"picked":"Berserk","floor":13.0},{"not_picked":["Limit Break","Fiend Fire"],"picked":"Demon Form","floor":16.0},{"not_picked":["Body Slam","Flex"],"picked":"True Grit","floor":18.0},{"not_picked":["Pommel Strike+1","Anger+1","Offering"],"picked":"SKIP","floor":20.0}],"player_experience":1018145,"relics_obtained":[{"floor":6.0,"key":"Pantograph"},{"floor":9.0,"key":"HornCleat"},{"floor":13.0,"key":"Juzu Bracelet"}],"event_choices":[{"cards_removed":["Strike_R"],"damage_healed":0.0,"max_hp_gain":0.0,"max_hp_loss":0.0,"gold_gain":0.0,"event_name":"Golden Wing","player_choice":"Card Removal","floor":2.0,"gold_loss":0.0,"damage_taken":7.0},{"damage_healed":0.0,"max_hp_gain":0.0,"max_hp_loss":0.0,"gold_gain":75.0,"event_name":"World of Goop","player_choice":"Gather Gold","floor":3.0,"gold_loss":0.0,"damage_taken":11.0},{"damage_healed":0.0,"max_hp_gain":0.0,"max_hp_loss":0.0,"gold_gain":0.0,"event_name":"Liars Game","player_choice":"Ignored","floor":7.0,"gold_loss":0.0,"damage_taken":0.0},{"damage_healed":0.0,"max_hp_gain":0.0,"max_hp_loss":0.0,"gold_gain":0.0,"event_name":"Forgotten Altar","player_choice":"Smashed Altar","floor":19.0,"gold_loss":0.0,"damage_taken":0.0,"cards_obtained":["Decay"]}],"is_beta":false,"boss_relics":[{"not_picked":["Ectoplasm","Empty Cage"],"picked":"Mark of Pain"}],"items_purged_floors":[14,21],"is_endless":false,"potions_floor_spawned":[1,4,10],"killed_by":"3 Cultists","ascension_level":18}}