{"host":"pq168dofzzbbmuuf","time":1613015734,"event":{"mods":["BaseMod","Downfall","Friendly Minions","Minty Spire (QoL Compilation)","StSLib"],"gold_per_floor":[99,110,110,121,141,141,141,141,157,61,71,90,90,162,182,287,287,287,301,314,148,164,164,188,208,208,218,218,231,249,249,267,267,267,267],"floor_reached":33,"language":"ENG","playtime":2157,"items_purged":["downfall:Haunted"],"score":245,"play_id":"d52c0815-1ab5-488a-a317-17772e6399f0","local_time":"20210210225534","is_ascension_mode":false,"campfire_choices":[{"data":"bronze:Replicate","floor":1,"key":"SMITH"},{"floor":8,"key":"REST"},{"floor":13,"key":"REST"},{"data":"bronze:BronzeOrb","floor":18,"key":"SMITH"},{"data":"bronze:Return","floor":23,"key":"SMITH"},{"floor":26,"key":"REST"}],"circlet_count":0,"master_deck":["bronze:Strike","bronze:Strike","bronze:Strike","bronze:Strike","bronze:Defend","bronze:Defend","bronze:Defend","bronze:Defend","bronze:Replicate+1","bronze:Goto","bronze:Repulsor","downfall:Haunted","bronze:FineTuning","bronze:Return+1","bronze:CutThrough","bronze:Assembly","bronze:BronzeOrb+1","bronze:DelayedSlice","bronze:Format","bronze:GetLatest","bronze:Optimize","bronze:ChosenStrike","bronze:DelayedSlice+1","bronze:InfiniteBeams","bronze:Flail","bronze:DelayedSlice"],"relics":["bronze:BronzeCore","Du-Vu Doll","downfall:ShatteredFragment","Bottled Lightning","expansioncontent:StudyCardRelic","Art of War"],"acts_visited":["Exordium","TheCity"],"potions_floor_usage":[16,32],"damage_taken":[{"damage":0,"enemies":"Cultist","floor":2,"turns":4},{"damage":11,"enemies":"Jaw Worm","floor":4,"turns":4},{"damage":8,"enemies":"Small Slimes","floor":5,"turns":3},{"damage":12,"enemies":"Blue Slaver","floor":9,"turns":3},{"damage":5,"enemies":"downfall:FleeingMerchant","floor":10,"turns":4},{"damage":15,"enemies":"Exordium Wildlife","floor":11,"turns":5},{"damage":0,"enemies":"3 Louse","floor":12,"turns":2},{"damage":10,"enemies":"Large Slime","floor":15,"turns":3},{"damage":11,"enemies":"SI_SHIV_ARCHETYPE","floor":16,"turns":5},{"damage":0,"enemies":"3 Byrds","floor":19,"turns":4},{"damage":0,"enemies":"Spheric Guardian","floor":20,"turns":3},{"damage":0,"enemies":"downfall:FleeingMerchant","floor":21,"turns":4},{"damage":9,"enemies":"Centurion and Healer","floor":22,"turns":4},{"damage":15,"enemies":"Snecko","floor":25,"turns":4},{"damage":0,"enemies":"Chosen and Byrds","floor":27,"turns":3},{"damage":0,"enemies":"Centurion and Healer","floor":29,"turns":3},{"damage":10,"enemies":"Snake Plant","floor":30,"turns":4},{"damage":15,"enemies":"Shelled Parasite and Fungi","floor":32,"turns":3},{"damage":56,"enemies":"IC_MUSHROOM_ARCHETYPE","floor":33,"turns":6}],"seed_played":"3798068263935322292","potions_obtained":[{"floor":5,"key":"Weak Potion"},{"floor":12,"key":"bronze:BurnAndBuffPotion"},{"floor":15,"key":"EntropicBrew"},{"floor":16,"key":"DuplicationPotion"},{"floor":32,"key":"bronze:BuildAFunctionPotion"}],"is_trial":false,"path_per_floor":["R","M","?","M","M","?","T","R","M","$","M","M","R","T","M","B",null,"R","M","M","$","M","R","T","M","R","M","?","M","M","?","M","B"],"character_chosen":"THE_AUTOMATON","items_purchased":["bronze:BronzeOrb","bronze:Optimize"],"campfire_rested":3,"item_purchase_floors":[10,21],"current_hp_per_floor":[77,77,77,66,58,37,37,60,48,43,28,28,51,51,41,30,77,77,77,77,77,68,68,68,53,76,76,76,76,66,66,51,0,0,0],"gold":267,"neow_bonus":"TEN_PERCENT_HP_BONUS","is_daily":false,"chose_seed":false,"campfire_upgraded":3,"win_rate":0.0,"timestamp":1613015734,"path_taken":["R","M","?","M","M","?","T","R","M","?","?","M","R","?","M","BOSS","R","M","M","$","M","R","T","M","R","M","?","M","?","?","M","BOSS"],"items_purchased_type":["Card","Card"],"build_version":"2020-12-22","purchased_purges":1,"victory":false,"max_hp_per_floor":[77,77,77,77,77,77,77,77,77,77,77,77,77,77,77,77,77,77,77,77,77,77,77,77,77,77,77,77,77,77,77,77,77,77,77],"card_choices":[{"not_picked":["bronze:BitShift","bronze:BuggyMess"],"picked":"bronze:Repulsor","floor":2},{"not_picked":["bronze:OilSpill","bronze:BitShift"],"picked":"bronze:FineTuning","floor":4},{"not_picked":["bronze:ClassDefault","bronze:Shell"],"picked":"bronze:Return","floor":5},{"not_picked":["bronze:CloningBeam","bronze:Overheat"],"picked":"bronze:CutThrough","floor":9},{"not_picked":["bronze:Break","bronze:Separator"],"picked":"bronze:Assembly","floor":10},{"not_picked":["bronze:BuggyMess","bronze:Shell"],"picked":"bronze:DelayedSlice","floor":11},{"not_picked":["bronze:BuggyMess","bronze:Shell","bronze:Constructor"],"picked":"SKIP","floor":12},{"not_picked":["bronze:Turbo","bronze:DarkDash","bronze:Philosophize"],"picked":"SKIP","floor":15},{"not_picked":["bronze:ShipIt","bronze:SpaghettiCode"],"picked":"bronze:Format","floor":16},{"not_picked":["bronze:WildBeam","bronze:CutThrough","bronze:BuggyMess"],"picked":"SKIP","floor":19},{"not_picked":["bronze:BugBarrage","bronze:Shield","bronze:FollowUp"],"picked":"SKIP","floor":20},{"not_picked":["bronze:Shield+1","bronze:Invalidate"],"picked":"bronze:GetLatest","floor":21},{"not_picked":["bronze:WildBeam","bronze:Shield"],"picked":"bronze:ChosenStrike","floor":22},{"not_picked":["bronze:CutThrough+1","bronze:ForLoop"],"picked":"bronze:DelayedSlice+1","floor":25},{"not_picked":["bronze:Iterate","bronze:WhirlingStrike"],"picked":"bronze:InfiniteBeams","floor":27},{"not_picked":["bronze:Constructor","bronze:Separator"],"picked":"bronze:Flail","floor":29},{"not_picked":["bronze:Invalidate","bronze:Assembly"],"picked":"bronze:DelayedSlice","floor":30},{"not_picked":["bronze:Separator","bronze:BronzeOrb+1","bronze:BronzeArmor+1"],"picked":"SKIP","floor":32}],"player_experience":589874,"relics_obtained":[{"floor":7,"key":"Bottled Lightning"},{"floor":24,"key":"Art of War"}],"event_choices":[{"damage_healed":0,"gold_gain":0,"player_choice":"Leave","damage_taken":0,"max_hp_gain":0,"max_hp_loss":0,"event_name":"FaceTrader","floor":28,"gold_loss":0},{"damage_healed":0,"gold_gain":0,"player_choice":"Got Potions","damage_taken":0,"max_hp_gain":0,"max_hp_loss":0,"event_name":"Lab","floor":31,"gold_loss":0}],"is_beta":false,"boss_relics":[{"not_picked":["bronze:PlatinumCore","Busted Crown"],"picked":"expansioncontent:StudyCardRelic"}],"items_purged_floors":[21],"is_endless":false,"potions_floor_spawned":[5,12,15,16,19,30,32],"killed_by":"IC_MUSHROOM_ARCHETYPE","ascension_level":0}}