{"host":"Bilverbakes","time":1613054123,"event":{"mods":["2.2 Compatiblity","AchievementEnabler","BaseMod","Bestiary","Colored Map","Minty Spire (QoL Compilation)","Relic Stats","StSLib","ojb\u0027s Info Mod"],"gold_per_floor":[119,119,119,130,150,150,179,205,205,237,250,285,285,210,210,287,287,306,306,65,65,65,65,80,115,115,115,132,132,150,168,168,247,247,257,47,47,92,102,127,127,127,153,153,187,187,199,218,218,218,218,218],"floor_reached":51,"language":"ENG","playtime":2410,"items_purged":["Defend_P"],"score":1452,"play_id":"7f548f12-16ba-46a3-b5bd-6643dd4aba3d","local_time":"20210211083523","is_ascension_mode":true,"campfire_choices":[{"data":"CrushJoints","floor":6.0,"key":"SMITH"},{"data":"BattleHymn","floor":13.0,"key":"SMITH"},{"data":"BowlingBash","floor":15.0,"key":"SMITH"},{"data":"1","floor":23.0,"key":"LIFT"},{"floor":27,"key":"REST"},{"data":"2","floor":29,"key":"LIFT"},{"data":"3","floor":32,"key":"LIFT"},{"floor":41,"key":"RECALL"},{"floor":42,"key":"REST"},{"data":"Vault","floor":46,"key":"SMITH"},{"floor":49,"key":"REST"}],"circlet_count":0,"master_deck":["AscendersBane","Defend_P+1","Eruption+1","Vigilance+1","CrushJoints+1","LikeWater+1","BowlingBash+1","BattleHymn+1","LikeWater+1","CutThroughFate+1","MasterReality+1","CurseOfTheBell","Wireheading+1","Blasphemy+1","InnerPeace","CutThroughFate+1","InnerPeace+1","LessonLearned+1","DeusExMachina+1","Meditate+1","Crescendo+1","MentalFortress+1","Conclude+1","FearNoEvil+1","Vault+1","TalkToTheHand+1","SashWhip+1"],"relics":["Empty Cage","WingedGreaves","Matryoshka","Oddly Smooth Stone","Pear","StoneCalendar","Frozen Egg 2","Calling Bell","HornCleat","Girya","War Paint","Nilry\u0027s Codex","Molten Egg 2","Bag of Preparation","Pocketwatch","Astrolabe","ClockworkSouvenir","TungstenRod","Nunchaku","Question Card"],"acts_visited":["Exordium","TheCity","TheBeyond"],"potions_floor_usage":[24,25,33,38,40,40],"damage_taken":[{"damage":4.0,"enemies":"2 Louse","floor":1.0,"turns":3.0},{"damage":3.0,"enemies":"Small Slimes","floor":4.0,"turns":4.0},{"damage":0.0,"enemies":"Cultist","floor":5.0,"turns":3.0},{"damage":0.0,"enemies":"Gremlin Nob","floor":7.0,"turns":2.0},{"damage":12.0,"enemies":"3 Sentries","floor":8.0,"turns":8.0},{"damage":6.0,"enemies":"Lagavulin","floor":10.0,"turns":5.0},{"damage":0.0,"enemies":"Exordium Thugs","floor":11.0,"turns":4.0},{"damage":16.0,"enemies":"3 Sentries","floor":12.0,"turns":7.0},{"damage":19.0,"enemies":"Slime Boss","floor":16.0,"turns":6.0},{"damage":3.0,"enemies":"Spheric Guardian","floor":18.0,"turns":6.0},{"damage":0,"enemies":"Chosen","floor":24,"turns":3},{"damage":39,"enemies":"Book of Stabbing","floor":25,"turns":5},{"damage":0,"enemies":"Snecko","floor":28,"turns":5},{"damage":0,"enemies":"Snake Plant","floor":30,"turns":2},{"damage":0,"enemies":"Centurion and Healer","floor":31,"turns":3},{"damage":18,"enemies":"Collector","floor":33,"turns":5},{"damage":0,"enemies":"Orb Walker","floor":35,"turns":1},{"damage":15,"enemies":"2 Orb Walkers","floor":38,"turns":3},{"damage":0,"enemies":"3 Darklings","floor":39,"turns":3},{"damage":22,"enemies":"Reptomancer","floor":40,"turns":4},{"damage":6,"enemies":"Nemesis","floor":45,"turns":4},{"damage":2,"enemies":"Writhing Mass","floor":47,"turns":4},{"damage":0,"enemies":"Sphere and 2 Shapes","floor":48,"turns":4},{"damage":35,"enemies":"Time Eater","floor":50,"turns":10},{"damage":44,"enemies":"Awakened One","floor":51,"turns":7}],"seed_played":"-5481410044967572302","potions_obtained":[{"floor":1.0,"key":"EntropicBrew"},{"floor":5.0,"key":"SneckoOil"},{"floor":8.0,"key":"EssenceOfSteel"},{"floor":11.0,"key":"LiquidBronze"},{"floor":12.0,"key":"BlessingOfTheForge"},{"floor":24,"key":"SpeedPotion"},{"floor":30,"key":"Explosive Potion"},{"floor":33,"key":"Block Potion"},{"floor":38,"key":"ColorlessPotion"},{"floor":39,"key":"AttackPotion"},{"floor":45,"key":"SteroidPotion"}],"is_trial":false,"path_per_floor":["M","?","?","M","M","R","E","E","T","E","M","E","R","?","R","B",null,"M","?","$","?","?","R","M","E","T","R","M","R","M","M","R","B",null,"M","$","?","?","M","E","R","R","T","?","E","R","M","M","R","B","B"],"character_chosen":"WATCHER","items_purchased":["Blasphemy","Conclude+1","ClockworkSouvenir"],"campfire_rested":3,"item_purchase_floors":[20,36,36],"current_hp_per_floor":[57,57,62,59,59,59,59,47,57,51,51,35,35,35,35,16,66,63,63,63,42,42,42,42,3,3,27,27,27,27,27,27,9,65,65,65,65,50,50,28,28,52,52,52,46,46,44,44,68,33,0,0],"gold":218,"neow_bonus":"BOSS_RELIC","is_daily":false,"chose_seed":false,"campfire_upgraded":4,"win_rate":0.0,"timestamp":1613054123,"path_taken":["M","?","?","M","M","R","E","E","T","E","M","E","R","?","R","BOSS","M","?","$","?","?","R","M","E","T","R","M","R","M","M","R","BOSS","M","$","?","?","M","E","R","R","T","?","E","R","?","M","R","BOSS","BOSS"],"items_purchased_type":["Card","Card","Relic"],"build_version":"2020-12-18","purchased_purges":1,"victory":false,"max_hp_per_floor":[68,68,73,73,73,73,73,73,83,83,83,83,83,83,83,83,83,83,83,83,83,83,83,83,83,83,83,83,83,83,83,83,83,83,83,83,83,83,83,83,83,83,83,83,83,83,83,83,83,83,83,83],"relic_stats":{"Nunchaku":[5],"counters":[25,111],"Astrolabe":["Meditate","Crescendo","MentalFortress"],"StoneCalendar":[117],"Bag of Preparation":[27],"War Paint":["Defend_P","Defend_P"],"Question Card":2,"obtain_stats":[{"Girya":17,"Pear":9,"Nilry\u0027s Codex":21,"Astrolabe":34,"Oddly Smooth Stone":9,"StoneCalendar":10,"Bag of Preparation":26,"Frozen Egg 2":12,"War Paint":17,"Empty Cage":0,"Question Card":45,"ClockworkSouvenir":36,"Calling Bell":17,"Nunchaku":40,"Matryoshka":8,"HornCleat":17,"Molten Egg 2":25,"WingedGreaves":7,"PureWater":0,"TungstenRod":38,"Pocketwatch":26},{"Girya":9,"Pear":5,"Nilry\u0027s Codex":10,"Astrolabe":16,"Oddly Smooth Stone":5,"StoneCalendar":6,"Bag of Preparation":12,"Frozen Egg 2":8,"War Paint":9,"Empty Cage":0,"Question Card":21,"ClockworkSouvenir":17,"Calling Bell":9,"Nunchaku":20,"Matryoshka":5,"HornCleat":9,"Molten Egg 2":12,"WingedGreaves":4,"PureWater":0,"TungstenRod":18,"Pocketwatch":12},{"Girya":42,"Pear":20,"Nilry\u0027s Codex":48,"Astrolabe":71,"Oddly Smooth Stone":20,"StoneCalendar":25,"Bag of Preparation":56,"Frozen Egg 2":36,"War Paint":42,"Empty Cage":0,"Question Card":86,"ClockworkSouvenir":72,"Calling Bell":42,"Nunchaku":82,"Matryoshka":20,"HornCleat":42,"Molten Egg 2":56,"WingedGreaves":12,"PureWater":0,"TungstenRod":75,"Pocketwatch":56}],"TungstenRod":14,"Pocketwatch":[42]},"card_choices":[{"not_picked":["Fasting2","PathToVictory","WreathOfFlame"],"picked":"SKIP","floor":1.0},{"not_picked":["PathToVictory","FlyingSleeves"],"picked":"CrushJoints","floor":4.0},{"not_picked":["Protect","ThirdEye"],"picked":"LikeWater","floor":5.0},{"not_picked":["Pray","FlyingSleeves"],"picked":"BowlingBash","floor":7.0},{"not_picked":["ForeignInfluence","Judgement"],"picked":"FollowUp","floor":8.0},{"not_picked":["FollowUp","Adaptation"],"picked":"BattleHymn","floor":10.0},{"not_picked":["Protect","FlurryOfBlows"],"picked":"LikeWater","floor":11.0},{"not_picked":["Consecrate","SignatureMove"],"picked":"CutThroughFate","floor":12.0},{"not_picked":["ConjureBlade","DeusExMachina"],"picked":"MasterReality+1","floor":16.0},{"not_picked":["ForeignInfluence","Prostrate","Evaluate"],"picked":"SKIP","floor":18.0},{"not_picked":["FollowUp","SashWhip"],"picked":"InnerPeace","floor":24},{"not_picked":["WheelKick+1","Protect"],"picked":"CutThroughFate+1","floor":25},{"not_picked":["ThirdEye","Collect"],"picked":"InnerPeace","floor":28},{"not_picked":["JustLucky+1","PathToVictory"],"picked":"LessonLearned+1","floor":30},{"not_picked":["Consecrate+1","EmptyBody","Halt"],"picked":"SKIP","floor":31},{"not_picked":["DevaForm+1","Devotion+1"],"picked":"DeusExMachina","floor":33},{"not_picked":["FlyingSleeves+1","BowlingBash+1","BattleHymn+1"],"picked":"SKIP","floor":35},{"not_picked":["ThirdEye","CrushJoints+1"],"picked":"FearNoEvil+1","floor":38},{"not_picked":["ThirdEye","BowlingBash+1","Consecrate+1"],"picked":"SKIP","floor":39},{"not_picked":["ForeignInfluence","FlyingSleeves+1","Perseverance"],"picked":"SKIP","floor":40},{"not_picked":["EmptyBody","Nirvana+1"],"picked":"Vault","floor":45},{"not_picked":["EmptyBody+1","Crescendo","Protect+1"],"picked":"TalkToTheHand+1","floor":47},{"not_picked":["WheelKick+1","Study+1","EmptyBody"],"picked":"SashWhip+1","floor":48}],"player_experience":932674,"relics_obtained":[{"floor":7.0,"key":"WingedGreaves"},{"floor":8.0,"key":"Matryoshka"},{"floor":9.0,"key":"Oddly Smooth Stone"},{"floor":9.0,"key":"Pear"},{"floor":10.0,"key":"StoneCalendar"},{"floor":12.0,"key":"Frozen Egg 2"},{"floor":17.0,"key":"HornCleat"},{"floor":17.0,"key":"Girya"},{"floor":17.0,"key":"War Paint"},{"floor":21.0,"key":"Nilry\u0027s Codex"},{"floor":25,"key":"Molten Egg 2"},{"floor":26,"key":"Bag of Preparation"},{"floor":26,"key":"Pocketwatch"},{"floor":38,"key":"TungstenRod"},{"floor":40,"key":"Nunchaku"},{"floor":45,"key":"Question Card"}],"event_choices":[{"damage_healed":0.0,"max_hp_gain":0.0,"max_hp_loss":0.0,"gold_gain":0.0,"event_name":"Liars Game","player_choice":"Ignored","floor":2.0,"gold_loss":0.0,"damage_taken":0.0},{"damage_healed":0.0,"max_hp_gain":5.0,"max_hp_loss":0.0,"gold_gain":0.0,"event_name":"Big Fish","player_choice":"Donut","floor":3.0,"gold_loss":0.0,"damage_taken":0.0},{"cards_removed":["Strike_P"],"damage_healed":0.0,"max_hp_gain":0.0,"max_hp_loss":0.0,"gold_gain":0.0,"event_name":"The Cleric","player_choice":"Card Removal","floor":14.0,"gold_loss":75.0,"damage_taken":0.0},{"damage_healed":0.0,"max_hp_gain":0.0,"max_hp_loss":0.0,"gold_gain":0.0,"event_name":"The Library","player_choice":"Read","floor":19.0,"gold_loss":0.0,"damage_taken":0.0,"cards_obtained":["Wireheading"]},{"damage_healed":0.0,"max_hp_gain":0.0,"max_hp_loss":0.0,"gold_gain":0.0,"event_name":"Cursed Tome","player_choice":"Obtained Book","floor":21.0,"gold_loss":0.0,"damage_taken":21.0},{"cards_removed":["Defend_P"],"damage_healed":0,"gold_gain":0,"player_choice":"Removed Skill","damage_taken":0,"max_hp_gain":0,"max_hp_loss":0,"event_name":"Falling","floor":37,"gold_loss":0},{"damage_healed":0,"gold_gain":0,"player_choice":"Fight","damage_taken":0,"max_hp_gain":0,"max_hp_loss":0,"event_name":"Mysterious Sphere","floor":38,"gold_loss":0},{"damage_healed":0,"gold_gain":0,"player_choice":"Upgraded","damage_taken":0,"max_hp_gain":0,"max_hp_loss":0,"event_name":"Upgrade Shrine","floor":44,"gold_loss":0,"cards_upgraded":["DeusExMachina"]}],"is_beta":true,"boss_relics":[{"not_picked":["Snecko Eye","SlaversCollar"],"picked":"Calling Bell"},{"not_picked":["Pandora\u0027s Box","Runic Pyramid"],"picked":"Astrolabe"}],"items_purged_floors":[20],"is_endless":false,"potions_floor_spawned":[1,5,8,11,12,18,24,30,33,38,39,45],"killed_by":"Awakened One","ascension_level":20}}