{"host":"7sni158j623xchr2","time":1613011228,"event":{"mods":["BaseMod","Colored Map","Highlight Path","Minty Spire (QoL Compilation)","Permanent Neow","Potion Indicator Mod","Rare Cards Sparkle","Relic Sorter","Relic Stats","StSLib","everything is the same but u backflip on backflip"],"gold_per_floor":[19,19,42,42,42,42,82,98,122,147,163,163,179,203,203,334,334,348,368,389,37,37,37,37,37,61,95,20,35,35,51,51,51,51],"floor_reached":33,"language":"ENG","playtime":920,"items_purged":["Strike_R"],"score":347,"play_id":"ba91675e-109e-4f6d-8ce7-0f383bed42eb","local_time":"20210210204028","is_ascension_mode":true,"campfire_choices":[{"data":"Bash","floor":6,"key":"SMITH"},{"data":"Cleave","floor":15,"key":"SMITH"},{"floor":25,"key":"REST"},{"floor":30,"key":"REST"},{"data":"Disarm","floor":32,"key":"SMITH"}],"circlet_count":0,"master_deck":["Strike_R","Strike_R","Strike_R","Defend_R","Defend_R","Defend_R","Defend_R","Bash+1","Disarm+1","Burning Pact","Battle Trance","Spot Weakness","Blood for Blood","Pommel Strike","Cleave+1","Corruption","Second Wind+1","Shame","Fiend Fire","Sever Soul+1"],"relics":["Burning Blood","Thread and Needle","Golden Idol","Regal Pillow","Red Skull","Busted Crown","PreservedInsect","Potion Belt","Champion Belt","Turnip","Orichalcum"],"acts_visited":["Exordium","TheCity"],"potions_floor_usage":[10,16,16,20,20,23,31,33],"damage_taken":[{"damage":0,"enemies":"2 Louse","floor":1,"turns":3},{"damage":4,"enemies":"Small Slimes","floor":3,"turns":5},{"damage":31,"enemies":"Gremlin Nob","floor":7,"turns":5},{"damage":0,"enemies":"Jaw Worm","floor":8,"turns":5},{"damage":9,"enemies":"Lots of Slimes","floor":10,"turns":5},{"damage":9,"enemies":"Exordium Wildlife","floor":11,"turns":4},{"damage":8,"enemies":"Looter","floor":13,"turns":3},{"damage":5,"enemies":"2 Fungi Beasts","floor":14,"turns":4},{"damage":28,"enemies":"Slime Boss","floor":16,"turns":8},{"damage":15,"enemies":"3 Byrds","floor":18,"turns":5},{"damage":10,"enemies":"Shell Parasite","floor":19,"turns":5},{"damage":30,"enemies":"Chosen and Byrds","floor":20,"turns":5},{"damage":15,"enemies":"Slavers","floor":23,"turns":3},{"damage":50,"enemies":"Book of Stabbing","floor":27,"turns":7},{"damage":7,"enemies":"Snecko","floor":29,"turns":3},{"damage":24,"enemies":"Snake Plant","floor":31,"turns":4},{"damage":56,"enemies":"Champ","floor":33,"turns":12}],"seed_played":"8936071313717653150","potions_obtained":[{"floor":7,"key":"PowerPotion"},{"floor":10,"key":"PowerPotion"},{"floor":11,"key":"EssenceOfSteel"},{"floor":14,"key":"ColorlessPotion"},{"floor":16,"key":"SmokeBomb"},{"floor":18,"key":"SneckoOil"},{"floor":19,"key":"DistilledChaos"},{"floor":31,"key":"GamblersBrew"}],"is_trial":false,"path_per_floor":["M","?","M","$","?","R","E","M","T","M","M","?","M","M","R","B",null,"M","M","M","$","?","E","?","R","T","E","$","M","R","M","R","B"],"character_chosen":"IRONCLAD","items_purchased":["PreservedInsect","Potion Belt","Strength Potion"],"campfire_rested":2,"item_purchase_floors":[21,21,21],"current_hp_per_floor":[80,60,62,62,80,80,55,61,61,58,55,55,53,54,54,32,80,71,67,43,43,43,34,34,73,73,29,29,28,67,49,49,0,0],"gold":51,"neow_bonus":"ONE_RARE_RELIC","is_daily":false,"chose_seed":false,"campfire_upgraded":3,"win_rate":0.0,"timestamp":1613011228,"path_taken":["M","?","M","$","?","R","E","M","T","M","M","?","M","M","R","BOSS","M","?","M","$","?","E","?","R","T","E","?","M","R","M","R","BOSS"],"items_purchased_type":["Relic","Relic","Potion"],"build_version":"2020-12-22","purchased_purges":1,"victory":false,"max_hp_per_floor":[80,80,80,80,80,80,80,80,80,80,80,80,80,80,80,80,80,80,80,80,80,80,80,80,80,80,80,80,80,80,80,80,80,80],"relic_stats":{"Regal Pillow":30,"Busted Crown":12,"counters":[17,86],"Golden Idol":89,"PreservedInsect":90,"Turnip":[9],"Champion Belt":[7],"Orichalcum":[66],"obtain_stats":[{"Potion Belt":21,"Regal Pillow":7,"Busted Crown":17,"Golden Idol":2,"Thread and Needle":0,"PreservedInsect":21,"Turnip":24,"Champion Belt":22,"Orichalcum":27,"Burning Blood":0,"Red Skull":9},{"Potion Belt":12,"Regal Pillow":3,"Busted Crown":9,"Golden Idol":1,"Thread and Needle":0,"PreservedInsect":12,"Turnip":13,"Champion Belt":12,"Orichalcum":14,"Burning Blood":0,"Red Skull":4},{"Potion Belt":57,"Regal Pillow":13,"Busted Crown":42,"Golden Idol":3,"Thread and Needle":0,"PreservedInsect":57,"Turnip":60,"Champion Belt":57,"Orichalcum":67,"Burning Blood":0,"Red Skull":18}],"Burning Blood":90},"card_choices":[{"not_picked":["Perfected Strike","Wild Strike","Clash"],"picked":"SKIP","floor":1},{"not_picked":["Cleave","Iron Wave"],"picked":"Disarm","floor":3},{"not_picked":["Headbutt","Intimidate"],"picked":"Burning Pact","floor":7},{"not_picked":["Body Slam","Headbutt"],"picked":"Battle Trance","floor":8},{"not_picked":["Anger","Combust"],"picked":"Spot Weakness","floor":10},{"not_picked":["Hemokinesis","Barricade"],"picked":"Blood for Blood","floor":11},{"not_picked":["Cleave","Sword Boomerang"],"picked":"Pommel Strike","floor":13},{"not_picked":["Flex","Perfected Strike"],"picked":"Cleave","floor":14},{"not_picked":["Brutality","Barricade"],"picked":"Corruption","floor":16},{"not_picked":["Perfected Strike"],"picked":"SKIP","floor":18},{"not_picked":[],"picked":"Second Wind+1","floor":19},{"not_picked":["Wild Strike+1"],"picked":"SKIP","floor":20},{"not_picked":[],"picked":"Fiend Fire","floor":27},{"not_picked":["Twin Strike"],"picked":"SKIP","floor":29},{"not_picked":[],"picked":"Sever Soul+1","floor":31}],"player_experience":1779308,"relics_obtained":[{"floor":7,"key":"Regal Pillow"},{"floor":9,"key":"Red Skull"},{"floor":27,"key":"Orichalcum"}],"event_choices":[{"damage_healed":0,"gold_gain":0,"player_choice":"Take Damage","damage_taken":20,"relics_obtained":["Golden Idol"],"max_hp_gain":0,"max_hp_loss":0,"event_name":"Golden Idol","floor":2,"gold_loss":0},{"damage_healed":26,"gold_gain":0,"player_choice":"Banana","damage_taken":0,"max_hp_gain":0,"max_hp_loss":0,"event_name":"Big Fish","floor":5,"gold_loss":0},{"cards_removed":["Strike_R"],"damage_healed":0,"gold_gain":0,"player_choice":"Offered Basic","damage_taken":0,"max_hp_gain":0,"max_hp_loss":0,"event_name":"Bonfire Elementals","floor":12,"gold_loss":0},{"damage_healed":0,"gold_gain":0,"player_choice":"Stole Relic","damage_taken":0,"relics_obtained":["Champion Belt"],"max_hp_gain":0,"max_hp_loss":0,"event_name":"Addict","floor":22,"gold_loss":0,"cards_obtained":["Shame"]},{"damage_healed":0,"gold_gain":0,"player_choice":"Opened","damage_taken":0,"relics_obtained":["Turnip"],"max_hp_gain":0,"max_hp_loss":0,"event_name":"The Mausoleum","floor":24,"gold_loss":0}],"is_beta":false,"boss_relics":[{"not_picked":["SacredBark","Black Star"],"picked":"Busted Crown"}],"items_purged_floors":[28],"is_endless":false,"potions_floor_spawned":[7,10,11,14,16,18,19,31],"killed_by":"Champ","ascension_level":4}}