{"host":"zov10424ma9lu08x","time":1613047951,"event":{"mods":["Act Like it!","BaseMod","Card Forge","Highlight Path","Minty Spire (QoL Compilation)","Permanent Neow","Practice Mode","Quick Restart","StSLib","Synergy Search"],"gold_per_floor":[109,109,122,134,154,154,185,185,185,185,260,65,78,108,108,108,108],"floor_reached":16,"language":"ENG","playtime":791,"items_purged":[],"score":138,"play_id":"2fdf1c9e-9598-46fa-9e0f-58df89d073db","local_time":"20210211205231","is_ascension_mode":true,"campfire_choices":[{"data":"Whirlwind","floor":6.0,"key":"SMITH"},{"data":"Clothesline","floor":8.0,"key":"SMITH"},{"floor":10.0,"key":"REST"},{"data":"True Grit","floor":15.0,"key":"SMITH"}],"circlet_count":0,"master_deck":["Strike_R","Strike_R","Strike_R","Strike_R","Strike_R","Defend_R","Defend_R","Defend_R","Defend_R","Bash+1","Thunderclap","Whirlwind+1","Clothesline+1","Feed+1","True Grit+1","Pommel Strike+1","Impervious"],"relics":["Burning Blood","Hammer of Thor","Seething Fire","Anvil of the Gods","Kunai","Singing Bowl","Molten Egg 2","The Courier"],"acts_visited":["Exordium"],"potions_floor_usage":[16,16],"damage_taken":[{"damage":8.0,"enemies":"Jaw Worm","floor":1.0,"turns":5.0},{"damage":10.0,"enemies":"Small Slimes","floor":3.0,"turns":3.0},{"damage":2.0,"enemies":"2 Louse","floor":4.0,"turns":4.0},{"damage":10.0,"enemies":"Exordium Thugs","floor":5.0,"turns":4.0},{"damage":24.0,"enemies":"Gremlin Nob","floor":7.0,"turns":5.0},{"damage":10.0,"enemies":"Lots of Slimes","floor":13.0,"turns":2.0},{"damage":27.0,"enemies":"Lagavulin","floor":14.0,"turns":7.0},{"damage":36,"enemies":"Hexaghost","floor":16,"turns":7}],"seed_played":"7703327483770428618","potions_obtained":[{"floor":3.0,"key":"Weak Potion"},{"floor":4.0,"key":"LiquidBronze"},{"floor":7.0,"key":"BlessingOfTheForge"},{"floor":13.0,"key":"SteroidPotion"}],"is_trial":false,"path_per_floor":["M","?","M","M","M","R","E","R","T","R","?","$","M","E","R","B"],"character_chosen":"IRONCLAD","items_purchased":["Feed+1","True Grit"],"campfire_rested":1,"item_purchase_floors":[12,12],"current_hp_per_floor":[78,66,62,66,62,62,44,44,44,68,57,57,57,36,36,0,0],"gold":108,"neow_bonus":"UPGRADE_CARD","is_daily":false,"chose_seed":false,"campfire_upgraded":3,"win_rate":0.0,"timestamp":1613047951,"path_taken":["M","?","M","M","M","R","E","R","T","R","?","$","M","E","R","BOSS"],"items_purchased_type":["Card","Card"],"build_version":"2020-12-22","purchased_purges":0,"victory":false,"max_hp_per_floor":[80,80,80,80,80,80,80,80,80,80,80,80,84,84,84,84,84],"card_choices":[{"not_picked":["Battle Trance","Reckless Charge"],"picked":"Thunderclap","floor":1.0},{"not_picked":["Cleave","Armaments"],"picked":"Whirlwind","floor":3.0},{"not_picked":["Heavy Blade","Sentinel","Perfected Strike"],"picked":"SKIP","floor":4.0},{"not_picked":["Anger","Flex","Carnage"],"picked":"SKIP","floor":5.0},{"not_picked":["Twin Strike","Cleave"],"picked":"Clothesline","floor":7.0},{"not_picked":["Sever Soul+1","Demon Form"],"picked":"Pommel Strike+1","floor":13.0},{"not_picked":["Spot Weakness","Sword Boomerang+1"],"picked":"Impervious","floor":14.0}],"player_experience":349928,"relics_obtained":[{"floor":7.0,"key":"Singing Bowl"},{"floor":9.0,"key":"Molten Egg 2"},{"floor":14.0,"key":"The Courier"}],"event_choices":[{"damage_healed":0.0,"max_hp_gain":0.0,"max_hp_loss":0.0,"gold_gain":0.0,"event_name":"Scrap Ooze","player_choice":"Success","floor":2.0,"gold_loss":0.0,"damage_taken":12.0,"relics_obtained":["Kunai"]},{"damage_healed":0.0,"max_hp_gain":0.0,"max_hp_loss":0.0,"gold_gain":75.0,"event_name":"World of Goop","player_choice":"Gather Gold","floor":11.0,"gold_loss":0.0,"damage_taken":11.0}],"is_beta":false,"boss_relics":[],"items_purged_floors":[],"is_endless":false,"potions_floor_spawned":[3,4,7,13],"killed_by":"Hexaghost","ascension_level":5}}