{"host":"dcj2yvrgcvh5dl2s","time":1613005874,"event":{"mods":["BaseMod","Bestiary","Better Note","Block Reminder","Colored Powertips","Curses Come First","DeckTracker","Minty Spire (QoL Compilation)","Quick Restart","Rare Cards Sparkle","Relic Stats","StSLib"],"gold_per_floor":[115,115,115,115,80,80,95,118,118,118,136,136,170,170,170,170,170],"floor_reached":16,"language":"ENG","playtime":793,"items_purged":[],"score":196,"play_id":"ca1ecffc-6b6c-4c19-844a-709d3c0ca202","local_time":"20210211111114","is_ascension_mode":true,"campfire_choices":[{"data":"Bash","floor":6,"key":"SMITH"},{"data":"Entrench","floor":10,"key":"SMITH"},{"data":"Body Slam","floor":12,"key":"SMITH"},{"floor":15,"key":"REST"}],"circlet_count":0,"master_deck":["AscendersBane","Strike_R","Strike_R","Strike_R","Strike_R","Strike_R","Defend_R","Defend_R","Defend_R","Defend_R","Bash+1","Shrug It Off","Body Slam+1","Entrench+1","Shrug It Off","Shockwave","Pummel"],"relics":["Burning Blood","Golden Idol","Ice Cream","Lantern"],"acts_visited":["Exordium"],"potions_floor_usage":[],"damage_taken":[{"damage":13.0,"enemies":"2 Louse","floor":1.0,"turns":3.0},{"damage":7,"enemies":"Small Slimes","floor":7,"turns":3},{"damage":8,"enemies":"Jaw Worm","floor":8,"turns":4},{"damage":14,"enemies":"Looter","floor":11,"turns":3},{"damage":12,"enemies":"Lagavulin","floor":13,"turns":6},{"damage":86,"enemies":"Slime Boss","floor":16,"turns":10}],"seed_played":"6854855785148487723","potions_obtained":[],"is_trial":false,"path_per_floor":["M","?","?","?","?","R","M","M","T","R","M","R","E","?","R","B"],"character_chosen":"IRONCLAD","items_purchased":[],"campfire_rested":1,"item_purchase_floors":[],"current_hp_per_floor":[57,26,26,55,77,77,76,74,74,74,66,66,60,60,86,0,0],"gold":170,"neow_bonus":"TWENTY_PERCENT_HP_BONUS","is_daily":false,"chose_seed":false,"campfire_upgraded":3,"win_rate":0.0,"timestamp":1613005874,"path_taken":["M","?","?","?","?","R","M","M","T","R","?","R","E","?","R","BOSS"],"items_purchased_type":[],"build_version":"2020-12-22","purchased_purges":0,"victory":false,"max_hp_per_floor":[89,89,89,89,89,89,89,89,89,89,89,89,89,89,89,89,89],"relic_stats":{"counters":[6,29],"Golden Idol":19,"obtain_stats":[{"Ice Cream":9,"Lantern":13,"Golden Idol":2,"Burning Blood":0},{"Ice Cream":3,"Lantern":5,"Golden Idol":1,"Burning Blood":0},{"Ice Cream":10,"Lantern":19,"Golden Idol":3,"Burning Blood":0}],"Burning Blood":30},"card_choices":[{"not_picked":["Twin Strike","Perfected Strike"],"picked":"Shrug It Off","floor":1},{"not_picked":["Armaments","Warcry"],"picked":"Body Slam","floor":7},{"not_picked":["Havoc","Brutality"],"picked":"Entrench","floor":8},{"not_picked":["Armaments","Anger"],"picked":"Shrug It Off","floor":11},{"not_picked":["Sentinel","Anger"],"picked":"Shockwave","floor":13}],"player_experience":2366089,"relics_obtained":[{"floor":9,"key":"Ice Cream"},{"floor":13,"key":"Lantern"}],"event_choices":[{"damage_healed":0,"gold_gain":0,"player_choice":"Take Damage","damage_taken":31,"relics_obtained":["Golden Idol"],"max_hp_gain":0,"max_hp_loss":0,"event_name":"Golden Idol","floor":2,"gold_loss":0},{"damage_healed":0,"gold_gain":0,"player_choice":"Ignored","damage_taken":0,"max_hp_gain":0,"max_hp_loss":0,"event_name":"Shining Light","floor":3,"gold_loss":0},{"damage_healed":29,"gold_gain":0,"player_choice":"Banana","damage_taken":0,"max_hp_gain":0,"max_hp_loss":0,"event_name":"Big Fish","floor":4,"gold_loss":0},{"damage_healed":22,"gold_gain":0,"player_choice":"Healed","damage_taken":0,"max_hp_gain":0,"max_hp_loss":0,"event_name":"The Cleric","floor":5,"gold_loss":35},{"damage_healed":0,"gold_gain":0,"player_choice":"1 cards matched","damage_taken":0,"max_hp_gain":0,"max_hp_loss":0,"event_name":"Match and Keep!","floor":14,"gold_loss":0,"cards_obtained":["Pummel"]}],"is_beta":false,"boss_relics":[],"items_purged_floors":[],"is_endless":false,"potions_floor_spawned":[],"killed_by":"Slime Boss","ascension_level":20}}