{"host":"upxqlvf2ge1xt4sa","time":1613082477,"event":{"mods":["2.2 Compatiblity","AchievementEnabler","Act Like it!","Bard","BaseMod","Better Third Choice","BetterRewards","Colored Powertips","Curses Come First","Downfall","Energized Spire","Friendly Minions","Hallownest","Hermit","Highlight Path","Hubris","Infinite Spire","Jorbs\u0027s Wanderer Trilogy","Koishi","Mad Scientist","Minty Spire (QoL Compilation)","Rare Cards Sparkle","Relic Filter","Reliquary","Shade Mod","StSLib","The Construct","The Cursed","The Disciple","The Hierophant","The Jungle","The Marked","The Mystic","The Necromancer","The Runesmith","The Servant 0.9.4"],"gold_per_floor":[99,117,135,135,149,107,107,124,134,134,152,152,152,137,150,245,245,245,264,264,264,264,264],"floor_reached":21,"language":"ENG","playtime":1210,"items_purged":[],"score":171,"play_id":"5a949c4d-7ef1-4bb6-9c74-55df0212dafc","local_time":"20210211142757","is_ascension_mode":false,"campfire_choices":[{"data":"Slimebound:CorrosiveSpit","floor":1,"key":"SMITH"},{"data":"Slimebound:LevelUp","floor":10,"key":"SMITH"},{"data":"Slimebound:LevelUp","floor":12,"key":"SMITH"},{"data":"Slimebound:LevelUp","floor":18,"key":"SMITH"}],"circlet_count":0,"master_deck":["Slimebound:Strike_Slimebound","Slimebound:Tackle","Slimebound:Defend_Slimebound","Slimebound:Defend_Slimebound","Slimebound:Defend_Slimebound","Slimebound:Split","Slimebound:CorrosiveSpit+1","Slimebound:LivingWall","Slimebound:LevelUp+1","Slimebound:SplitLeeching","Slimebound:SlimeSlap","Slimebound:SplitMire","Slimebound:LevelUp+1","Slimebound:LevelUp+1","Slimebound:GoopSpray","Slimebound:Nibble","Slimebound:Teamwork","Slimebound:ViciousTackle+1","Slimebound:DisruptingSlam+1","Slimebound:LeechEnergy+1","Slimebound:HauntingLick"],"relics":["Slimebound:AbsorbEndCombat","Blue Candle","HornCleat","hubris:Towel","Astrolabe"],"acts_visited":["Exordium","TheCity"],"potions_floor_usage":[],"damage_taken":[{"damage":1,"enemies":"Cultist","floor":2,"turns":3},{"damage":5,"enemies":"Jaw Worm","floor":3,"turns":7},{"damage":7,"enemies":"2 Louse","floor":5,"turns":3},{"damage":0,"enemies":"downfall:FleeingMerchant","floor":6,"turns":4},{"damage":12,"enemies":"Blue Slaver","floor":8,"turns":4},{"damage":4,"enemies":"Large Slime","floor":9,"turns":6},{"damage":2,"enemies":"3 Louse","floor":11,"turns":4},{"damage":0,"enemies":"downfall:FleeingMerchant","floor":14,"turns":4},{"damage":13,"enemies":"Exordium Wildlife","floor":15,"turns":5},{"damage":20,"enemies":"WA_ARCHETYPE_RETAIN","floor":16,"turns":7},{"damage":7,"enemies":"Shell Parasite","floor":19,"turns":6},{"damage":0,"enemies":"3 Byrds","floor":21,"turns":1}],"seed_played":"-4856982233953616034","potions_obtained":[{"floor":3,"key":"PowerPotion"},{"floor":8,"key":"LiquidBronze"},{"floor":9,"key":"infinitespire:BlackPotion"}],"is_trial":false,"path_per_floor":["R","M","M","?","M","$","T","M","M","R","M","R","?","$","M","B",null,"R","M","AVR","M"],"character_chosen":"SLIMEBOUND","items_purchased":["Slimebound:SplitMire"],"campfire_rested":0,"item_purchase_floors":[6],"current_hp_per_floor":[71,71,70,65,62,64,64,54,56,56,58,58,58,60,51,39,71,71,67,67,67,67,67],"gold":264,"neow_bonus":"TEN_PERCENT_HP_BONUS","is_daily":false,"chose_seed":false,"campfire_upgraded":4,"win_rate":0.0,"timestamp":1613082477,"path_taken":["R","M","?","?","M","$","T","M","M","R","M","R","?","?","M","BOSS","R","M","AVR","M"],"items_purchased_type":["Card"],"build_version":"2020-12-22","purchased_purges":0,"victory":false,"max_hp_per_floor":[71,71,71,71,71,71,71,71,71,71,71,71,71,71,71,71,71,71,71,71,71,71,71],"card_choices":[{"not_picked":["Slimebound:GoopTackle","Slimebound:HauntingLick"],"picked":"Slimebound:LivingWall","floor":2},{"not_picked":["Slimebound:LeechingTouch","Slimebound:GoopTackle"],"picked":"Slimebound:LevelUp","floor":3},{"not_picked":["Slimebound:GoopTackle","Slimebound:RainOfGoop"],"picked":"Slimebound:SplitLeeching","floor":5},{"not_picked":["Slimebound:Schlurp","Slimebound:Dissolve"],"picked":"Slimebound:SlimeSlap","floor":6},{"not_picked":["Slimebound:GoopTackle","Slimebound:LeechEnergy","Slimebound:SplitMire"],"picked":"SKIP","floor":8},{"not_picked":["Slimebound:Gluttony","Slimebound:SpikyOuterGoop"],"picked":"Slimebound:LevelUp","floor":9},{"not_picked":["Slimebound:Grow","Slimebound:RainOfGoop"],"picked":"Slimebound:LevelUp","floor":11},{"not_picked":["Slimebound:DisruptingSlam","Slimebound:RollThrough"],"picked":"Slimebound:GoopSpray","floor":14},{"not_picked":["Slimebound:SplitLeeching","Slimebound:SamplingLick"],"picked":"Slimebound:Nibble","floor":15},{"not_picked":["Slimebound:PrepareCrush","Slimebound:DuplicatedForm"],"picked":"Slimebound:Teamwork","floor":16},{"not_picked":["Slimebound:SlimeSpikes","Slimebound:Equalize"],"picked":"Slimebound:HauntingLick","floor":19}],"player_experience":149639,"relics_obtained":[{"floor":7,"key":"HornCleat"}],"event_choices":[],"is_beta":false,"boss_relics":[{"not_picked":["Runesmith:UraniumAnvil","reliquary:WritOfMandamus"],"picked":"Astrolabe"}],"items_purged_floors":[],"is_endless":false,"potions_floor_spawned":[3,8,9,15,19],"killed_by":"3 Byrds","ascension_level":0}}