{"host":"fjyty3yrsntpwoj9","time":1613081068,"event":{"mods":["BaseMod","Downfall","Minty Spire (QoL Compilation)","StSLib"],"gold_per_floor":[99,111,111,16,35,63,115,115,130,148,33,62,82,112,129,224,224,124,9,9,9,21,121,144,154,183,83,112,126,151,11,24,129,129,29,47,197,214,214,373,373,420,420,454,474,491,525,544,564,564,564,598,8,8,8,8,8,8],"floor_reached":56,"language":"ENG","playtime":5840,"items_purged":["Writhe","Slimebound:Defend_Slimebound","Slimebound:Defend_Slimebound","Slimebound:Defend_Slimebound","Slimebound:Tackle"],"score":937,"play_id":"cb8a6c07-618b-41d4-9ce2-ae9eb93a5fb0","local_time":"20210211230428","is_ascension_mode":false,"campfire_choices":[{"data":"Slimebound:Split","floor":1,"key":"SMITH"},{"data":"Slimebound:MassFeed","floor":8,"key":"SMITH"},{"floor":18,"key":"RECALL"},{"floor":27,"key":"REST"},{"floor":35,"key":"REST"},{"floor":43,"key":"REST"},{"floor":54,"key":"REST"}],"circlet_count":0,"master_deck":["Slimebound:Defend_Slimebound+1","Slimebound:Split+1","Slimebound:CorrosiveSpit+1","Slimebound:Gluttony+1","Slimebound:RejuvenatingLick","Slimebound:AcidTongue","Slimebound:LeechEnergy","Slimebound:SlimeSpikes","Slimebound:MegaLick+1","Slimebound:GrowthPunch","Slimebound:HauntingLick","Slimebound:SlimeSlap","Slimebound:LivingWall","Slimebound:Grow","Slimebound:MassRepurpose","Slimebound:SamplingLick+1","Bite","Bite","Bite","Bite","Bite","Slimebound:RainOfGoop+1","Slimebound:FormOfPuddle","Slimebound:Dissolve+1","Slimebound:OozeBath+1","Slimebound:SamplingLick+1","Slimebound:GoopSpray+1","Slimebound:Gluttony","Slimebound:Teamwork+1","Slimebound:AcidTongue","Slimebound:RainOfGoop+1","Slimebound:Darklings+1","Slimebound:RallyTheTroops","Slimebound:HauntingLick+1","Slimebound:HauntingLick+1","Slimebound:MegaLick+1","Slimebound:SamplingLick+1","Slimebound:PrepareCrush+1","Slimebound:Schlurp+1","Slimebound:HauntingLick+1"],"relics":["Slimebound:AbsorbEndCombat","HornCleat","PreservedInsect","CaptainsWheel","Fusion Hammer","downfall:HeartBlessingGreen","Boot","Du-Vu Doll","Eternal Feather","Toy Ornithopter","Toxic Egg 2","downfall:HeartBlessingRed","Potion Belt","Sozu","downfall:HeartBlessingBlue","Ornamental Fan","Lizard Tail","War Paint","Bag of Marbles","Anchor","Mummified Hand","Strawberry"],"acts_visited":["Exordium","TheCity","TheBeyond","TheEnding"],"potions_floor_usage":[12,15,16,50,52,55,55],"damage_taken":[{"damage":7,"enemies":"Cultist","floor":2,"turns":3},{"damage":11,"enemies":"downfall:FleeingMerchant","floor":4,"turns":4},{"damage":17,"enemies":"Small Slimes","floor":5,"turns":4},{"damage":22,"enemies":"Lagavulin","floor":6,"turns":6},{"damage":6,"enemies":"Jaw Worm","floor":9,"turns":4},{"damage":10,"enemies":"Blue Slaver","floor":10,"turns":3},{"damage":0,"enemies":"downfall:FleeingMerchant","floor":11,"turns":4},{"damage":12,"enemies":"Gremlin Nob","floor":12,"turns":4},{"damage":0,"enemies":"Large Slime","floor":13,"turns":5},{"damage":18,"enemies":"Lagavulin","floor":14,"turns":5},{"damage":0,"enemies":"Gremlin Gang","floor":15,"turns":3},{"damage":25,"enemies":"IC_STATUS_ARCHETYPE","floor":16,"turns":9},{"damage":0,"enemies":"downfall:FleeingMerchant","floor":19,"turns":4},{"damage":13,"enemies":"Shell Parasite","floor":22,"turns":6},{"damage":4,"enemies":"WA_ARCHETYPE_RETAIN","floor":23,"turns":4},{"damage":46,"enemies":"Cultist and Chosen","floor":25,"turns":8},{"damage":36,"enemies":"Slavers","floor":26,"turns":4},{"damage":18,"enemies":"Gremlin Leader","floor":28,"turns":4},{"damage":0,"enemies":"Snecko","floor":29,"turns":4},{"damage":3,"enemies":"Slavers","floor":30,"turns":5},{"damage":6,"enemies":"downfall:FleeingMerchant","floor":31,"turns":4},{"damage":0,"enemies":"3 Cultists","floor":32,"turns":5},{"damage":65,"enemies":"SI_MIRROR_ARCHETYPE","floor":33,"turns":9},{"damage":18,"enemies":"3 Darklings","floor":36,"turns":5},{"damage":0,"enemies":"Orb Walker","floor":38,"turns":2},{"damage":8,"enemies":"downfall:FleeingMerchant","floor":40,"turns":3},{"damage":13,"enemies":"2 Orb Walkers","floor":42,"turns":5},{"damage":23,"enemies":"Giant Head","floor":44,"turns":8},{"damage":0,"enemies":"Maw","floor":45,"turns":5},{"damage":11,"enemies":"Sphere and 2 Shapes","floor":46,"turns":6},{"damage":45,"enemies":"Nemesis","floor":47,"turns":7},{"damage":7,"enemies":"4 Shapes","floor":48,"turns":4},{"damage":22,"enemies":"Transient","floor":49,"turns":5},{"damage":35,"enemies":"DF_ARCHETYPE_ORBS","floor":50,"turns":7},{"damage":59,"enemies":"downfall:CharBossMerchant","floor":52,"turns":7},{"damage":119,"enemies":"downfall:NeowBoss","floor":55,"turns":20},{"damage":115,"enemies":"downfall:NeowBossFinal","floor":56,"turns":8}],"seed_played":"6481183491890446517","potions_obtained":[{"floor":10,"key":"Fire Potion"},{"floor":12,"key":"SteroidPotion"},{"floor":13,"key":"Weak Potion"},{"floor":14,"key":"Block Potion"},{"floor":15,"key":"Swift Potion"},{"floor":16,"key":"SteroidPotion"},{"floor":22,"key":"Guardian:BlockOnCardUsePotion"},{"floor":25,"key":"Fire Potion"},{"floor":28,"key":"SkillPotion"},{"floor":29,"key":"FearPotion"},{"floor":32,"key":"Fire Potion"}],"is_trial":false,"path_per_floor":["R","M","?","$","M","E","T","R","M","M","$","E","M","E","M","B",null,"R","$","?","?","M","?","T","M","E","R","E","M","E","$","M","B",null,"R","M","?","M","?","?","T","?","R","E","M","M","E","M","M","B",null,"E","$","R","B","B"],"character_chosen":"SLIMEBOUND","items_purchased":["Slimebound:AcidTongue","Slimebound:HauntingLick","Slimebound:HauntingLick+1","Mummified Hand","Strawberry"],"campfire_rested":4,"item_purchase_floors":[4,11,40,53,53],"current_hp_per_floor":[71,66,66,61,50,36,36,36,38,38,44,36,52,42,62,45,103,103,103,103,72,67,76,76,51,27,66,62,74,87,86,96,49,96,106,94,94,98,98,100,100,93,106,83,95,98,61,66,56,38,106,57,64,113,31,0,0,0],"gold":8,"neow_bonus":"TEN_PERCENT_HP_BONUS","is_daily":false,"chose_seed":false,"campfire_upgraded":2,"win_rate":0.0,"timestamp":1613081068,"path_taken":["R","M","?","$","M","E","T","R","M","?","$","E","M","E","M","BOSS","R","$","?","?","M","?","T","M","E","R","E","M","E","$","M","BOSS","R","M","?","?","?","?","T","?","R","E","M","M","E","M","M","BOSS","E","$","R","BOSS","BOSS"],"items_purchased_type":["Card","Card","Card","Relic","Relic"],"build_version":"2020-12-22","purchased_purges":5,"victory":false,"max_hp_per_floor":[71,71,71,71,71,71,71,71,75,79,79,79,87,91,103,103,103,103,103,103,72,76,76,76,80,80,80,80,84,88,88,96,96,96,106,106,106,106,106,106,106,106,106,106,106,106,106,106,106,106,106,106,113,113,113,113,113,113],"card_choices":[{"not_picked":["Slimebound:GoopTackle","Slimebound:HauntingLick"],"picked":"Slimebound:Gluttony","floor":2},{"not_picked":["Slimebound:Chomp","Slimebound:SplitMire"],"picked":"Slimebound:RejuvenatingLick","floor":4},{"not_picked":["Slimebound:SplitMire","Slimebound:ComboTackle"],"picked":"Slimebound:LeechEnergy","floor":5},{"not_picked":["Slimebound:PressTheAttack","Slimebound:SlimeBrawl"],"picked":"Slimebound:MassFeed","floor":6},{"not_picked":["Slimebound:Prepare","Slimebound:ComboTackle"],"picked":"Slimebound:SlimeSpikes","floor":9},{"not_picked":["Slimebound:SlimeTap","Slimebound:LevelUp"],"picked":"Slimebound:MegaLick","floor":10},{"not_picked":["Slimebound:SplitAcid","Slimebound:RollThrough"],"picked":"Slimebound:GrowthPunch","floor":11},{"not_picked":["Slimebound:SlimeSpikes","Slimebound:Schlurp"],"picked":"Slimebound:SlimeSlap","floor":12},{"not_picked":["Slimebound:HauntingLick","Slimebound:SplitLeeching"],"picked":"Slimebound:LivingWall","floor":13},{"not_picked":["Slimebound:SplitBruiser","Slimebound:Dissolve"],"picked":"Slimebound:Grow","floor":14},{"not_picked":["Slimebound:SlimeSpikes","Slimebound:SlimeBrawl","Slimebound:DisruptingSlam"],"picked":"SKIP","floor":15},{"not_picked":["Slimebound:FirmFortitude","Slimebound:MassFeed"],"picked":"Slimebound:MassRepurpose","floor":16},{"not_picked":["Slimebound:LivingWall","Slimebound:SplitLeeching"],"picked":"Slimebound:SamplingLick+1","floor":19},{"not_picked":["Slimebound:LeechingTouch+1","Slimebound:SplitAcid+1"],"picked":"Slimebound:RainOfGoop+1","floor":22},{"not_picked":["Slimebound:HauntingLick+1","Slimebound:GrowthPunch"],"picked":"Slimebound:FormOfPuddle","floor":25},{"not_picked":["Slimebound:ForwardTackle","Slimebound:ViciousTackle"],"picked":"Slimebound:Dissolve+1","floor":26},{"not_picked":["Slimebound:LeechingTouch","Slimebound:GoopSpray+1"],"picked":"Slimebound:OozeBath+1","floor":28},{"not_picked":["Slimebound:GoopTackle","Slimebound:LeechEnergy"],"picked":"Slimebound:SamplingLick+1","floor":29},{"not_picked":["Slimebound:LivingWall+1","Slimebound:ItLooksTasty"],"picked":"Slimebound:GoopSpray+1","floor":30},{"not_picked":["Slimebound:DisruptingSlam","Slimebound:LeechingTouch"],"picked":"Slimebound:Gluttony","floor":31},{"not_picked":["Slimebound:LivingWall+1","Slimebound:SplitLeeching+1","Slimebound:LeechingTouch"],"picked":"SKIP","floor":32},{"not_picked":["Slimebound:RallyTheTroops","Slimebound:OneTwoCombo"],"picked":"Slimebound:Teamwork+1","floor":33},{"not_picked":["Slimebound:SlimeBrawl+1","Slimebound:Gluttony"],"picked":"Slimebound:AcidTongue","floor":36},{"not_picked":["Slimebound:ComboTackle+1","Slimebound:AcidTongue+1"],"picked":"Slimebound:RainOfGoop+1","floor":38},{"not_picked":["Slimebound:ProtectTheBoss+1","Slimebound:RainOfGoop+1"],"picked":"Slimebound:RallyTheTroops","floor":40},{"not_picked":["Slimebound:LeechingTouch","Slimebound:Grow+1"],"picked":"Slimebound:HauntingLick+1","floor":42},{"not_picked":["Slimebound:SplitLeeching+1","Slimebound:Equalize+1"],"picked":"Slimebound:MegaLick+1","floor":44},{"not_picked":["Slimebound:ItLooksTasty+1","Slimebound:LeechEnergy+1","Slimebound:ComboTackle+1"],"picked":"SKIP","floor":45},{"not_picked":["Slimebound:GoopSpray+1","Slimebound:PressTheAttack+1"],"picked":"Slimebound:SamplingLick+1","floor":46},{"not_picked":["Slimebound:Chomp+1","Slimebound:BestDefense"],"picked":"Slimebound:PrepareCrush+1","floor":47},{"not_picked":["Slimebound:Chomp+1","Slimebound:SplitLeeching+1"],"picked":"Slimebound:Schlurp+1","floor":48},{"not_picked":["Slimebound:PressTheAttack","Slimebound:RejuvenatingLick+1"],"picked":"Slimebound:HauntingLick+1","floor":49},{"not_picked":["Slimebound:RollThrough+1","Slimebound:LeechEnergy","Slimebound:Replication+1"],"picked":"SKIP","floor":52}],"player_experience":181216,"relics_obtained":[{"floor":6,"key":"HornCleat"},{"floor":12,"key":"PreservedInsect"},{"floor":14,"key":"CaptainsWheel"},{"floor":23,"key":"Du-Vu Doll"},{"floor":23,"key":"Eternal Feather"},{"floor":24,"key":"Toy Ornithopter"},{"floor":26,"key":"Toxic Egg 2"},{"floor":28,"key":"Potion Belt"},{"floor":30,"key":"Centennial Puzzle"},{"floor":41,"key":"Ornamental Fan"},{"floor":42,"key":"Lizard Tail"},{"floor":44,"key":"War Paint"},{"floor":47,"key":"Bag of Marbles"},{"floor":52,"key":"Anchor"}],"event_choices":[{"damage_healed":0,"gold_gain":0,"player_choice":"Became a vampire","damage_taken":0,"max_hp_gain":0,"max_hp_loss":31,"event_name":"Vampires","floor":21,"gold_loss":0,"cards_obtained":["Bite","Bite","Bite","Bite","Bite"]},{"damage_healed":0,"gold_gain":0,"player_choice":"Fight","damage_taken":0,"max_hp_gain":0,"max_hp_loss":0,"event_name":"Mysterious Sphere","floor":42,"gold_loss":0}],"is_beta":false,"boss_relics":[{"not_picked":["Black Star","Calling Bell"],"picked":"Fusion Hammer"},{"not_picked":["Pandora\u0027s Box","SlaversCollar"],"picked":"Sozu"}],"items_purged_floors":[11,19,31,40,53],"is_endless":false,"potions_floor_spawned":[10,12,13,14,15,16,22,25,28,29,32,33,36,42,47,48],"killed_by":"downfall:NeowBossFinal","ascension_level":0}}