{"host":"bz6w3lfmpwgz81o3","time":1613066818,"event":{"mods":["BaseMod","Downfall","Hermit","Minty Spire (QoL Compilation)","StSLib"],"gold_per_floor":[15,26,45,145,157,192,192,0,25,25,25,40,70,80,80,177,177,189,42,60,79,98,98,126,141,141,153,153,163,163,175,175,274,274,284,284,295,350,350,350,387,387,387,387,400,420,420,430,430,435],"floor_reached":51,"language":"ENG","playtime":2714,"items_purged":["hermit:Strike_Hermit","hermit:Strike_Hermit"],"score":688,"play_id":"b250fa4b-1564-4922-bcdd-60cd3e752a4b","local_time":"20210211190658","is_ascension_mode":false,"campfire_choices":[{"data":"hermit:Brawl","floor":7,"key":"SMITH"},{"data":"hermit:Misfire","floor":10,"key":"SMITH"},{"data":"Sadistic Nature","floor":15,"key":"SMITH"},{"data":"hermit:Manifest","floor":23,"key":"SMITH"},{"floor":28,"key":"REST"},{"floor":32,"key":"REST"},{"data":"hermit:Gestalt","floor":40,"key":"SMITH"},{"data":"hermit:FatalDesire","floor":42,"key":"SMITH"},{"data":"hermit:Covet","floor":44,"key":"SMITH"},{"data":"hermit:Determination","floor":49,"key":"SMITH"}],"circlet_count":0,"master_deck":["hermit:Defend_Hermit+1","hermit:Defend_Hermit","hermit:Defend_Hermit+1","hermit:Defend_Hermit","hermit:Snapshot","hermit:Covet+1","Sadistic Nature+1","hermit:WideOpen","hermit:Brawl+1","hermit:Dive","hermit:Gestalt+1","hermit:Enervate","hermit:Misfire+1","hermit:ShadowCloak","hermit:GhostlyPresence","hermit:HeroicBravado","hermit:WideOpen","hermit:Manifest+1","hermit:ShadowCloak+1","hermit:Glare+1","hermit:Feint+1","hermit:SprayPray","hermit:Snipe","hermit:Misfire","Slimebound:Tackle+1","Slimebound:Tackle+1","Slimebound:Tackle+1","hermit:LowProfile+1","hermit:FatalDesire+1","hermit:Scavenge","Jack Of All Trades","hermit:Manifest+1","hermit:Dive+1","hermit:Determination+1"],"relics":["hermit:Momento","Guardian:PocketSentry","Strawberry","hexamod:CandleOfCauterizing","SlaversCollar","hermit:Horseshoe","Ornamental Fan","expansioncontent:StudyCardRelic","Thread and Needle","War Paint","Pen Nib"],"acts_visited":["Exordium","TheCity","TheBeyond"],"potions_floor_usage":[13,13,16,18,24,24,31,33,48,50,50],"damage_taken":[{"damage":5,"enemies":"Jaw Worm","floor":1,"turns":4},{"damage":1,"enemies":"Cultist","floor":2,"turns":4},{"damage":3,"enemies":"2 Louse","floor":3,"turns":2},{"damage":0,"enemies":"Red Slaver","floor":5,"turns":4},{"damage":2,"enemies":"Lagavulin","floor":6,"turns":7},{"damage":2,"enemies":"Looter","floor":12,"turns":3},{"damage":12,"enemies":"3 Sentries","floor":13,"turns":4},{"damage":3,"enemies":"Lots of Slimes","floor":14,"turns":3},{"damage":22,"enemies":"Hexaghost","floor":16,"turns":5},{"damage":8,"enemies":"2 Thieves","floor":18,"turns":5},{"damage":6,"enemies":"3 Byrds","floor":20,"turns":5},{"damage":8,"enemies":"Snecko","floor":21,"turns":4},{"damage":12,"enemies":"Snake Plant","floor":22,"turns":4},{"damage":37,"enemies":"Slavers","floor":24,"turns":6},{"damage":1,"enemies":"Centurion and Healer","floor":25,"turns":6},{"damage":5,"enemies":"Snecko","floor":27,"turns":5},{"damage":1,"enemies":"Chosen and Byrds","floor":29,"turns":5},{"damage":20,"enemies":"Sentry and Sphere","floor":31,"turns":5},{"damage":16,"enemies":"Champ","floor":33,"turns":9},{"damage":1,"enemies":"Orb Walker","floor":35,"turns":3},{"damage":2,"enemies":"3 Shapes","floor":37,"turns":6},{"damage":3,"enemies":"Mind Bloom Boss Battle","floor":38,"turns":5},{"damage":12,"enemies":"Nemesis","floor":41,"turns":7},{"damage":1,"enemies":"3 Darklings","floor":45,"turns":4},{"damage":7,"enemies":"Transient","floor":46,"turns":5},{"damage":1,"enemies":"Spire Growth","floor":48,"turns":5},{"damage":27,"enemies":"Awakened One","floor":50,"turns":11}],"seed_played":"-7942159958408575866","potions_obtained":[{"floor":2,"key":"DistilledChaos"},{"floor":3,"key":"Strength Potion"},{"floor":11,"key":"DistilledChaos"},{"floor":11,"key":"DuplicationPotion"},{"floor":14,"key":"Fire Potion"},{"floor":18,"key":"BlessingOfTheForge"},{"floor":22,"key":"Fruit Juice"},{"floor":29,"key":"SteroidPotion"},{"floor":31,"key":"SkillPotion"},{"floor":37,"key":"DuplicationPotion"},{"floor":38,"key":"Block Potion"},{"floor":41,"key":"Block Potion"}],"is_trial":false,"path_per_floor":["M","M","M","?","M","E","R","$","T","R","?","M","E","M","R","B",null,"M","$","M","M","M","R","E","M","T","M","R","M","?","M","R","B",null,"M","?","M","?","?","R","E","R","T","R","M","M","?","M","R","B",null],"character_chosen":"HERMIT","items_purchased":["hermit:Misfire","hermit:ShadowCloak","hermit:Manifest"],"campfire_rested":2,"item_purchase_floors":[8,8,19],"current_hp_per_floor":[70,69,66,66,66,64,64,64,71,71,71,69,57,54,54,32,82,74,74,68,60,48,48,16,15,15,10,36,35,35,15,41,25,87,86,86,84,81,81,81,69,69,69,69,68,61,87,86,86,59],"gold":435,"neow_bonus":"RANDOM_COLORLESS_2","is_daily":false,"chose_seed":false,"campfire_upgraded":8,"win_rate":0.0,"timestamp":1613066818,"path_taken":["M","M","M","?","?","E","R","?","T","R","?","M","E","M","R","BOSS","M","$","M","M","M","R","E","M","T","M","R","M","?","M","R","BOSS","M","?","M","?","?","R","E","R","T","R","M","?","?","M","R","BOSS"],"items_purchased_type":["Card","Card","Card"],"build_version":"2020-12-22","purchased_purges":2,"victory":true,"max_hp_per_floor":[75,75,75,75,75,75,75,75,82,82,82,82,82,82,82,82,82,82,82,82,82,82,82,87,87,87,87,87,87,87,87,87,87,87,87,87,87,87,87,87,87,87,87,87,87,87,87,87,87,87],"card_choices":[{"not_picked":["Secret Technique","Master of Strategy"],"picked":"Sadistic Nature","floor":0},{"not_picked":["hermit:Showdown","hermit:Roulette"],"picked":"hermit:WideOpen","floor":1},{"not_picked":["hermit:FullyLoaded","hermit:CalledShot"],"picked":"hermit:Brawl","floor":2},{"not_picked":["hermit:CalledShot","hermit:Deadeye"],"picked":"hermit:Dive","floor":3},{"not_picked":["hermit:Malice","hermit:LuckOfTheDraw"],"picked":"hermit:Gestalt","floor":5},{"not_picked":["hermit:TrackingShot","hermit:NoHoldsBarred"],"picked":"hermit:Enervate","floor":6},{"not_picked":["hermit:BodyArmor","hermit:PistolWhip"],"picked":"hermit:GhostlyPresence","floor":12},{"not_picked":["hermit:Showdown","hermit:Shortfuse","hermit:CalledShot"],"picked":"SKIP","floor":13},{"not_picked":["hermit:BodyArmor","hermit:Deadeye","hermit:GoldenBullet"],"picked":"SKIP","floor":14},{"not_picked":["hermit:OverwhelmingPower","hermit:Magnum"],"picked":"hermit:HeroicBravado","floor":16},{"not_picked":["hermit:Desperado","hermit:Brawl+1"],"picked":"hermit:WideOpen","floor":18},{"not_picked":["hermit:Roulette","hermit:Adapt"],"picked":"hermit:ShadowCloak+1","floor":20},{"not_picked":["hermit:Ricochet+1","hermit:Dive"],"picked":"hermit:Glare+1","floor":21},{"not_picked":["hermit:Combo","hermit:Manifest"],"picked":"hermit:Feint+1","floor":22},{"not_picked":["hermit:Desperado+1","hermit:Feint"],"picked":"hermit:SprayPray","floor":24},{"not_picked":["hermit:Combo","hermit:Desperado+1"],"picked":"hermit:Snipe","floor":25},{"not_picked":["hermit:Roulette+1","hermit:Desperado","hermit:Brawl"],"picked":"SKIP","floor":27},{"not_picked":["hermit:Dive","hermit:Vantage"],"picked":"hermit:Misfire","floor":29},{"not_picked":["hermit:Horror+1","hermit:TakeAim"],"picked":"hermit:LowProfile+1","floor":31},{"not_picked":["hermit:Magnum","hermit:Dissolve"],"picked":"hermit:FatalDesire","floor":33},{"not_picked":["hermit:Ricochet","hermit:Virtue+1","hermit:Maintenance"],"picked":"SKIP","floor":35},{"not_picked":["hermit:Ricochet","hermit:Combo"],"picked":"hermit:Scavenge","floor":37},{"not_picked":["hermit:NoHoldsBarred","hermit:PistolWhip+1"],"picked":"hermit:Manifest+1","floor":41},{"not_picked":["hermit:Headshot+1","hermit:CursedWeapon+1"],"picked":"hermit:Dive+1","floor":45},{"not_picked":["hermit:FullyLoaded+1","hermit:FlashPowder+1"],"picked":"hermit:Determination","floor":46},{"not_picked":["hermit:BigShot+1","hermit:Headshot+1","hermit:Gestalt"],"picked":"SKIP","floor":48}],"player_experience":36061,"relics_obtained":[{"floor":6,"key":"Guardian:PocketSentry"},{"floor":9,"key":"Strawberry"},{"floor":13,"key":"hexamod:CandleOfCauterizing"},{"floor":24,"key":"hermit:Horseshoe"},{"floor":26,"key":"Ornamental Fan"},{"floor":38,"key":"Thread and Needle"},{"floor":41,"key":"War Paint"},{"floor":43,"key":"Pen Nib"}],"event_choices":[{"damage_healed":0,"gold_gain":100,"player_choice":"Pray","damage_taken":0,"max_hp_gain":0,"max_hp_loss":0,"event_name":"Golden Shrine","floor":4,"gold_loss":0},{"damage_healed":0,"gold_gain":0,"player_choice":"Got Potions","damage_taken":0,"max_hp_gain":0,"max_hp_loss":0,"event_name":"Lab","floor":11,"gold_loss":0},{"damage_healed":0,"gold_gain":0,"player_choice":"Ignored","damage_taken":0,"max_hp_gain":0,"max_hp_loss":0,"event_name":"Tomb of Lord Red Mask","floor":36,"gold_loss":0},{"damage_healed":0,"gold_gain":0,"player_choice":"Fight","damage_taken":0,"max_hp_gain":0,"max_hp_loss":0,"event_name":"MindBloom","floor":38,"gold_loss":0},{"damage_healed":0,"gold_gain":0,"player_choice":"1 cards matched","damage_taken":0,"max_hp_gain":0,"max_hp_loss":0,"event_name":"Match and Keep!","floor":39,"gold_loss":0,"cards_obtained":["Jack Of All Trades"]},{"damage_healed":26,"gold_gain":0,"player_choice":"Full Heal","damage_taken":0,"max_hp_gain":0,"max_hp_loss":0,"event_name":"Wheel of Change","floor":47,"gold_loss":0}],"is_beta":false,"boss_relics":[{"not_picked":["Snecko Eye","Tiny House"],"picked":"SlaversCollar"},{"not_picked":["Astrolabe","Velvet Choker"],"picked":"expansioncontent:StudyCardRelic"}],"items_purged_floors":[8,19],"is_endless":false,"potions_floor_spawned":[2,3,14,18,22,29,31,37,38,41],"ascension_level":0}}