{"host":"nc2y572cy63kp82t","time":1613044316,"event":{"mods":["ATMod(°¢èªMod)","BaseMod","Dota2Spire","Friendly Minions","Minty Spire (QoL Compilation)","Prisma Mod","StSLib","The Alterego","Yakumo Yukari mod"],"gold_per_floor":[115,64,118,118,136,136,136,86,86,103,123,137,137,155,155,250,250,264,39,39,56,56,56,86,104,127,127,127,158,172,188,188,293,293,312,312,312,88,105,105,140,140,163,182,200,215,215,232,232,232],"floor_reached":51,"language":"ZHS","playtime":4238,"items_purged":[],"score":734,"play_id":"8148a689-858a-41b8-b8d0-53bdb5693240","local_time":"20210211195156","is_ascension_mode":false,"campfire_choices":[{"data":"AT_ShrugMaster","floor":6,"key":"SMITH"},{"data":"alterego_mod:Vow","floor":15,"key":"SMITH"},{"data":"alterego_mod:BigMeatyClaws","floor":23,"key":"SMITH"},{"data":"alterego_mod:Skirt","floor":27,"key":"SMITH"},{"data":"alterego_mod:ClassAdvantage","floor":32,"key":"SMITH"},{"data":"alterego_mod:BrynhildrRomantia","floor":40,"key":"SMITH"},{"data":"alterego_mod:BiFurious","floor":49,"key":"SMITH"}],"circlet_count":0,"master_deck":["alterego_mod:Strike","alterego_mod:Strike","alterego_mod:Strike","alterego_mod:Defend","alterego_mod:Defend","alterego_mod:Defend","alterego_mod:BigMeatyClaws+1","alterego_mod:BrynhildrsRune","AT_ShrugMaster+1","alterego_mod:GoddessCore","alterego_mod:BiFurious+1","alterego_mod:Belts","alterego_mod:Bounce","alterego_mod:Belle","alterego_mod:PerceptionDisorder","alterego_mod:GoddessCore","alterego_mod:Vow+1","alterego_mod:ClassAdvantage+1","alterego_mod:Skirt+1","alterego_mod:Maid","alterego_mod:Cushion","alterego_mod:Undulate+1","alterego_mod:BusterCard","alterego_mod:RocketPunch","alterego_mod:BrynhildrRomantia+1","alterego_mod:Schoolgirl+1","alterego_mod:Collar","alterego_mod:Cooking","Doubt","alterego_mod:Birthday+1","alterego_mod:1TonWallop","alterego_mod:Pet+1","alterego_mod:Cooking"],"relics":["alterego_mod:MasochisticConstitution","AT_ATBox","Art of War","AT_SeraphEmbrace","Dota2Spire:Dagon","Darkstone Periapt","Dota2Spire:RefresherOrb","Torii","Dota2Spire:ArmletOfMordiggian","Dota2Spire:HeartOfTarrasque","Cursed Key","Pen Nib","AT_BellDemon","Lantern"],"acts_visited":["Exordium","TheCity","TheBeyond"],"potions_floor_usage":[16,33,41,41,50,50],"damage_taken":[{"damage":15,"enemies":"2 Louse","floor":1,"turns":2},{"damage":10,"enemies":"Small Slimes","floor":5,"turns":5},{"damage":11,"enemies":"Jaw Worm","floor":10,"turns":3},{"damage":8,"enemies":"Gremlin Gang","floor":11,"turns":6},{"damage":15,"enemies":"3 Louse","floor":12,"turns":3},{"damage":12,"enemies":"Looter","floor":14,"turns":3},{"damage":18,"enemies":"Hexaghost","floor":16,"turns":13},{"damage":16,"enemies":"Shell Parasite","floor":18,"turns":5},{"damage":7,"enemies":"3 Byrds","floor":21,"turns":5},{"damage":12,"enemies":"Slavers","floor":24,"turns":4},{"damage":2,"enemies":"Cultist and Chosen","floor":25,"turns":6},{"damage":9,"enemies":"Book of Stabbing","floor":29,"turns":4},{"damage":22,"enemies":"Snake Plant","floor":30,"turns":4},{"damage":3,"enemies":"Snecko","floor":31,"turns":2},{"damage":16,"enemies":"Automaton","floor":33,"turns":8},{"damage":41,"enemies":"3 Darklings","floor":35,"turns":5},{"damage":1,"enemies":"3 Shapes","floor":39,"turns":3},{"damage":0,"enemies":"Giant Head","floor":41,"turns":4},{"damage":19,"enemies":"Transient","floor":44,"turns":5},{"damage":10,"enemies":"Writhing Mass","floor":45,"turns":5},{"damage":10,"enemies":"Maw","floor":46,"turns":5},{"damage":0,"enemies":"3 Darklings","floor":48,"turns":2},{"damage":53,"enemies":"Awakened One","floor":50,"turns":8}],"seed_played":"-3463268460665511792","potions_obtained":[{"floor":1,"key":"DistilledChaos"},{"floor":12,"key":"Ancient Potion"},{"floor":14,"key":"GamblersBrew"},{"floor":16,"key":"AttackPotion"},{"floor":30,"key":"SkillPotion"},{"floor":31,"key":"Energy Potion"},{"floor":33,"key":"FearPotion"},{"floor":35,"key":"DuplicationPotion"},{"floor":41,"key":"Weak Potion"},{"floor":44,"key":"SpeedPotion"},{"floor":48,"key":"FairyPotion"}],"is_trial":false,"path_per_floor":["M","$","?","?","M","R","T","$","T","M","M","M","?","M","R","B",null,"M","$","?","M","$","R","E","M","T","R","?","E","M","M","R","B",null,"M","?","?","$","M","R","E","$","T","M","M","M","?","M","R","B",null],"character_chosen":"The_Alterego","items_purchased":["alterego_mod:BiFurious","alterego_mod:Bounce","Pen Nib"],"campfire_rested":0,"item_purchase_floors":[2,8,38],"current_hp_per_floor":[56,56,56,61,52,52,52,52,52,49,70,63,60,56,56,46,82,74,74,74,75,75,75,71,77,77,77,86,93,79,77,77,66,98,58,58,58,58,65,65,69,69,75,64,76,81,81,106,106,81],"gold":232,"neow_bonus":"RANDOM_COMMON_RELIC","is_daily":false,"chose_seed":false,"campfire_upgraded":7,"win_rate":0.0,"timestamp":1613044316,"path_taken":["M","$","?","?","M","R","?","$","T","M","M","?","?","M","R","BOSS","M","$","?","M","$","R","E","?","T","R","?","E","M","M","R","BOSS","M","?","?","$","M","R","E","$","T","M","?","M","?","?","R","BOSS"],"items_purchased_type":["Card","Card","Relic"],"build_version":"2020-12-22","purchased_purges":0,"victory":true,"max_hp_per_floor":[71,71,71,76,77,77,77,77,77,78,79,80,80,81,81,82,82,83,83,83,84,84,84,85,86,86,86,86,95,96,97,97,98,98,99,99,99,99,100,100,100,100,106,107,112,113,113,117,117,122],"card_choices":[{"not_picked":["alterego_mod:HighServant","alterego_mod:Rip"],"picked":"alterego_mod:GoddessCore","floor":1},{"not_picked":["alterego_mod:AlterEgo","alterego_mod:BoobPocket"],"picked":"alterego_mod:Belts","floor":5},{"not_picked":["alterego_mod:Pet","alterego_mod:MagicResistance"],"picked":"alterego_mod:Belle","floor":10},{"not_picked":["alterego_mod:MagicResistance","alterego_mod:Cycle"],"picked":"alterego_mod:PerceptionDisorder","floor":11},{"not_picked":["alterego_mod:Belts","alterego_mod:Cycle"],"picked":"alterego_mod:GoddessCore","floor":12},{"not_picked":["alterego_mod:IndependentAction","alterego_mod:DiscoLights"],"picked":"alterego_mod:Vow","floor":14},{"not_picked":["alterego_mod:IdEs","alterego_mod:STier"],"picked":"alterego_mod:ClassAdvantage","floor":16},{"not_picked":["alterego_mod:Bounce","alterego_mod:DeftHands"],"picked":"alterego_mod:Skirt","floor":18},{"not_picked":["alterego_mod:BiFurious","alterego_mod:GoddessCore"],"picked":"alterego_mod:Maid","floor":21},{"not_picked":["alterego_mod:BiFurious","alterego_mod:DustData"],"picked":"alterego_mod:Cushion","floor":24},{"not_picked":["alterego_mod:BoobPocket","alterego_mod:HighServant+1"],"picked":"alterego_mod:Undulate+1","floor":25},{"not_picked":["alterego_mod:GoddessCore","alterego_mod:Maid","alterego_mod:Skirt"],"picked":"SKIP","floor":29},{"not_picked":["alterego_mod:Pet","alterego_mod:Cooking"],"picked":"alterego_mod:BusterCard","floor":30},{"not_picked":["alterego_mod:Antipathy","alterego_mod:Exercise"],"picked":"alterego_mod:RocketPunch","floor":31},{"not_picked":["alterego_mod:Rake","alterego_mod:Valkyrie"],"picked":"alterego_mod:BrynhildrRomantia","floor":33},{"not_picked":["alterego_mod:Valentines","alterego_mod:Undulate"],"picked":"alterego_mod:Schoolgirl+1","floor":35},{"not_picked":["alterego_mod:BiFurious","alterego_mod:HighServant"],"picked":"alterego_mod:Collar","floor":39},{"not_picked":["alterego_mod:HighServant","alterego_mod:PresenceConcealment+1"],"picked":"alterego_mod:Cooking","floor":41},{"not_picked":["alterego_mod:HighServant","alterego_mod:Bounce"],"picked":"alterego_mod:Birthday+1","floor":44},{"not_picked":["alterego_mod:Jiggle","alterego_mod:DestructionOfProperty"],"picked":"alterego_mod:1TonWallop","floor":45},{"not_picked":["alterego_mod:RidiculouslyBig","alterego_mod:Jiggle+1"],"picked":"alterego_mod:Pet+1","floor":46},{"not_picked":["alterego_mod:DeftHands+1","alterego_mod:Valkyrie"],"picked":"alterego_mod:Cooking","floor":48}],"player_experience":241466,"relics_obtained":[{"floor":7,"key":"AT_ArchangelStaff"},{"floor":9,"key":"Dota2Spire:Dagon"},{"floor":24,"key":"Torii"},{"floor":26,"key":"Dota2Spire:ArmletOfMordiggian"},{"floor":29,"key":"Dota2Spire:HeartOfTarrasque"},{"floor":41,"key":"AT_BellDemon"},{"floor":43,"key":"Lantern"}],"event_choices":[{"damage_healed":0,"gold_gain":54,"player_choice":"Gained Gold","damage_taken":0,"max_hp_gain":0,"max_hp_loss":0,"event_name":"Golden Wing","floor":3,"gold_loss":0},{"damage_healed":0,"gold_gain":0,"player_choice":"Donut","damage_taken":0,"max_hp_gain":5,"max_hp_loss":0,"event_name":"Big Fish","floor":4,"gold_loss":0},{"damage_healed":0,"gold_gain":0,"player_choice":"Success","damage_taken":3,"relics_obtained":["Darkstone Periapt"],"max_hp_gain":0,"max_hp_loss":0,"event_name":"Scrap Ooze","floor":13,"gold_loss":0},{"cards_removed":["alterego_mod:Defend"],"damage_healed":0,"gold_gain":0,"player_choice":"Purged","damage_taken":0,"max_hp_gain":0,"max_hp_loss":0,"event_name":"Purifier","floor":20,"gold_loss":0},{"damage_healed":9,"gold_gain":0,"player_choice":"Full Heal","damage_taken":0,"max_hp_gain":0,"max_hp_loss":0,"event_name":"Wheel of Change","floor":28,"gold_loss":0},{"cards_removed":["alterego_mod:Impale"],"damage_healed":0,"gold_gain":0,"player_choice":"Removed Attack","damage_taken":0,"max_hp_gain":0,"max_hp_loss":0,"event_name":"Falling","floor":36,"gold_loss":0},{"cards_removed":["alterego_mod:Strike"],"damage_healed":0,"gold_gain":0,"player_choice":"Purged","damage_taken":0,"max_hp_gain":0,"max_hp_loss":0,"event_name":"Purifier","floor":37,"gold_loss":0},{"damage_healed":0,"gold_gain":0,"player_choice":"0 cards matched","damage_taken":0,"max_hp_gain":0,"max_hp_loss":0,"event_name":"Match and Keep!","floor":47,"gold_loss":0,"cards_obtained":[]}],"is_beta":false,"boss_relics":[{"not_picked":["Coffee Dripper","Ectoplasm"],"picked":"Dota2Spire:RefresherOrb"},{"not_picked":["Empty Cage","SlaversCollar"],"picked":"Cursed Key"}],"items_purged_floors":[],"is_endless":false,"potions_floor_spawned":[1,12,14,16,25,29,30,31,33,35,41,44,45,48],"ascension_level":0}}