{"host":"guk5h31bsklpp7e4","time":1613077798,"event":{"mods":["AchievementEnabler","BaseMod","Colored Map","Colored Powertips","Highlight Path","Minty Spire (QoL Compilation)","Quick Restart"],"gold_per_floor":[119,132,148,148,72,72,103,103,103,120,140,140,140,170,170,265,265,283,208,208,123,139,139,151,151,151,6,6,32,44,26,38,50,50],"floor_reached":33,"language":"ENG","playtime":1243,"items_purged":["Strike_B"],"score":339,"play_id":"8dd00127-7148-4b48-84cc-aee3bfaa153f","local_time":"20210211160958","is_ascension_mode":true,"campfire_choices":[{"data":"Static Discharge","floor":6,"key":"SMITH"},{"floor":8,"key":"REST"},{"floor":12,"key":"REST"},{"floor":15,"key":"REST"},{"data":"Static Discharge","floor":23,"key":"SMITH"},{"floor":25,"key":"REST"},{"floor":30,"key":"REST"},{"data":"Amplify","floor":32,"key":"SMITH"}],"circlet_count":0,"master_deck":["Strike_B","Strike_B","Defend_B","Defend_B","Defend_B","Defend_B","Zap","Dualcast","Core Surge","Turbo","Rebound","Static Discharge+1","Static Discharge+1","Leap","Leap","Self Repair","Redo","Stack","Amplify+1","Barrage","Barrage","Chaos+1","Storm","Self Repair","White Noise+1"],"relics":["Cracked Core","Question Card","Symbiotic Virus","Dream Catcher","Inserter","Sundial","Bag of Preparation","MawBank"],"acts_visited":["Exordium","TheCity"],"potions_floor_usage":[7,14,16,29,33],"damage_taken":[{"damage":1,"enemies":"2 Louse","floor":1,"turns":2},{"damage":7,"enemies":"Jaw Worm","floor":2,"turns":2},{"damage":8,"enemies":"Small Slimes","floor":3,"turns":2},{"damage":40,"enemies":"Lagavulin","floor":7,"turns":5},{"damage":4,"enemies":"2 Fungi Beasts","floor":10,"turns":4},{"damage":2,"enemies":"Looter","floor":11,"turns":3},{"damage":16,"enemies":"3 Sentries","floor":14,"turns":3},{"damage":18,"enemies":"The Guardian","floor":16,"turns":9},{"damage":16,"enemies":"3 Byrds","floor":18,"turns":3},{"damage":8,"enemies":"Spheric Guardian","floor":22,"turns":3},{"damage":36,"enemies":"Cultist and Chosen","floor":24,"turns":6},{"damage":23,"enemies":"Gremlin Leader","floor":29,"turns":5},{"damage":77,"enemies":"Automaton","floor":33,"turns":6}],"seed_played":"-4849869489195653788","potions_obtained":[{"floor":1,"key":"DuplicationPotion"},{"floor":7,"key":"PowerPotion"},{"floor":10,"key":"Dexterity Potion"},{"floor":16,"key":"SteroidPotion"},{"floor":18,"key":"PowerPotion"},{"floor":31,"key":"SmokeBomb"},{"floor":31,"key":"AttackPotion"}],"is_trial":false,"path_per_floor":["M","M","M","?","$","R","E","R","T","M","M","R","?","E","R","B",null,"M","?","?","?","M","R","M","R","T","$","?","E","R","?","R","B"],"character_chosen":"DEFECT","items_purchased":["Static Discharge","Self Repair"],"campfire_rested":5,"item_purchase_floors":[5,27],"current_hp_per_floor":[74,67,59,59,59,59,19,41,41,37,35,57,57,48,70,59,71,62,62,62,62,61,61,32,54,54,54,54,45,67,67,67,0,0],"gold":50,"neow_bonus":"ONE_RANDOM_RARE_CARD","is_daily":false,"chose_seed":false,"campfire_upgraded":3,"win_rate":0.0,"timestamp":1613077798,"path_taken":["M","M","M","?","$","R","E","R","T","M","M","R","?","E","R","BOSS","M","?","?","?","?","R","M","R","T","?","?","E","R","?","R","BOSS"],"items_purchased_type":["Card","Card"],"build_version":"2020-12-22","purchased_purges":1,"victory":false,"max_hp_per_floor":[75,75,75,75,75,75,75,75,75,75,75,75,75,75,75,75,75,75,75,75,75,75,75,75,75,75,75,75,75,75,75,75,75,75],"card_choices":[{"not_picked":["Lockon","Leap"],"picked":"Turbo","floor":1},{"not_picked":["Beam Cell","Barrage"],"picked":"Rebound","floor":2},{"not_picked":["Coolheaded","Hologram"],"picked":"Static Discharge","floor":3},{"not_picked":["Doom and Gloom","Stack"],"picked":"Leap","floor":7},{"not_picked":["Rebound","Beam Cell","Sweeping Beam"],"picked":"Leap","floor":10},{"not_picked":["Rip and Tear","Biased Cognition","Conserve Battery"],"picked":"Self Repair","floor":11},{"not_picked":["Chaos","Undo","Steam"],"picked":"Redo","floor":14},{"not_picked":["Chill","Steam","Recycle"],"picked":"Stack","floor":15},{"not_picked":["Core Surge","All For One","Biased Cognition"],"picked":"Amplify","floor":16},{"not_picked":["Steam","Coolheaded","Conserve Battery"],"picked":"Barrage","floor":18},{"not_picked":["Streamline+1","Redo","Go for the Eyes"],"picked":"Barrage","floor":22},{"not_picked":["Redo","Lockon","Reinforced Body"],"picked":"Chaos+1","floor":24},{"not_picked":["Compile Driver","Rip and Tear","Go for the Eyes+1"],"picked":"Storm","floor":25},{"not_picked":["Redo","Auto Shields","Capacitor"],"picked":"White Noise+1","floor":29}],"player_experience":343588,"relics_obtained":[{"floor":7,"key":"Question Card"},{"floor":9,"key":"Symbiotic Virus"},{"floor":14,"key":"Dream Catcher"},{"floor":26,"key":"Bag of Preparation"},{"floor":29,"key":"MawBank"}],"event_choices":[{"damage_healed":0,"gold_gain":0,"player_choice":"Ignored","damage_taken":0,"max_hp_gain":0,"max_hp_loss":0,"event_name":"Golden Idol","floor":4,"gold_loss":0},{"damage_healed":0,"gold_gain":0,"player_choice":"Ignored","damage_taken":0,"max_hp_gain":0,"max_hp_loss":0,"event_name":"Liars Game","floor":13,"gold_loss":0},{"cards_removed":["Strike_B"],"damage_healed":0,"gold_gain":0,"player_choice":"Gave Gold","damage_taken":0,"max_hp_gain":0,"max_hp_loss":0,"event_name":"Beggar","floor":19,"gold_loss":75},{"damage_healed":0,"gold_gain":0,"player_choice":"Ignored","damage_taken":0,"max_hp_gain":0,"max_hp_loss":0,"event_name":"Vampires","floor":20,"gold_loss":0},{"damage_healed":0,"gold_gain":0,"player_choice":"Obtained Relic","damage_taken":0,"relics_obtained":["Sundial"],"max_hp_gain":0,"max_hp_loss":0,"event_name":"Addict","floor":21,"gold_loss":85},{"damage_healed":0,"gold_gain":0,"player_choice":"Ignored","damage_taken":0,"max_hp_gain":0,"max_hp_loss":0,"event_name":"Ghosts","floor":28,"gold_loss":0},{"damage_healed":0,"gold_gain":0,"player_choice":"Bought 2 Potions","damage_taken":0,"max_hp_gain":0,"max_hp_loss":0,"event_name":"The Woman in Blue","floor":31,"gold_loss":0}],"is_beta":false,"boss_relics":[{"not_picked":["Cursed Key","Snecko Eye"],"picked":"Inserter"}],"items_purged_floors":[27],"is_endless":false,"potions_floor_spawned":[1,7,10,16,18],"killed_by":"Automaton","ascension_level":5}}