{"host":"tetq3wi5anb97imq","time":1613077981,"event":{"mods":["BaseMod","Block Reminder","Minty Spire (QoL Compilation)","Quick Restart","StSLib","SuperFastMode"],"gold_per_floor":[114,133,283,301,63,63,63,89,89,123,123,123,134,134,134,206,206,226,240,264,283,297,332,332,360,386,398,673,9,36,4,4,81,81,96,111,111,163,174,174,203,203,250,268,315,333,365,365,365,365,365,365,365,10,39,39],"floor_reached":57,"language":"ENG","playtime":1783,"items_purged":["Doubt","Regret"],"score":2956,"play_id":"4086a749-29f7-4bea-98b5-e6c8b436423d","local_time":"20210211191301","is_ascension_mode":true,"campfire_choices":[{"data":"All Out Attack","floor":6.0,"key":"SMITH"},{"floor":11.0,"key":"REST"},{"data":"Sucker Punch","floor":15.0,"key":"SMITH"},{"floor":24.0,"key":"REST"},{"data":"Neutralize","floor":32.0,"key":"SMITH"},{"data":"Sucker Punch","floor":40.0,"key":"SMITH"},{"floor":49.0,"key":"RECALL"},{"data":"Defend_G","floor":53.0,"key":"SMITH"}],"circlet_count":0,"master_deck":["AscendersBane","Strike_G+1","Strike_G+1","Strike_G","Strike_G","Defend_G+1","Defend_G+1","Defend_G","Defend_G","Defend_G","Survivor+1","Neutralize+1","Flying Knee","Sucker Punch+1","Slice","After Image+1","Dagger Spray+1","Footwork+1","Sucker Punch+1","Blade Dance+1","Crippling Poison+1","Blur+1","Cloak And Dagger+1","Accuracy+1","Terror+1","Envenom+1","CurseOfTheBell","Cloak And Dagger+1","Dagger Throw+1","Writhe","Leg Sweep+1","Quick Slash+1","Masterful Stab+1","Parasite","Malaise+1","Caltrops+1","Discovery+1","Escape Plan+1"],"relics":["Ring of the Snake","NeowsBlessing","TwistedFunnel","InkBottle","Toxic Egg 2","Mercury Hourglass","Paper Crane","Black Star","Lantern","Pear","The Courier","Gremlin Horn","Frozen Egg 2","War Paint","Du-Vu Doll","Lee\u0027s Waffle","Kunai","Matryoshka","Pen Nib","Calling Bell","Vajra","Letter Opener","Incense Burner","Pocketwatch","Potion Belt","Whetstone","White Beast Statue","Ancient Tea Set","Bag of Preparation","Meat on the Bone","StrikeDummy","Medical Kit","Happy Flower","Strawberry"],"acts_visited":["Exordium","TheCity","TheBeyond","TheEnding"],"potions_floor_usage":[56,56],"damage_taken":[{"damage":0.0,"enemies":"Small Slimes","floor":1.0,"turns":1.0},{"damage":0.0,"enemies":"Jaw Worm","floor":2.0,"turns":1.0},{"damage":0.0,"enemies":"Cultist","floor":4.0,"turns":1.0},{"damage":29.0,"enemies":"Lagavulin","floor":8.0,"turns":6.0},{"damage":17.0,"enemies":"3 Sentries","floor":10.0,"turns":6.0},{"damage":0.0,"enemies":"Large Slime","floor":13.0,"turns":3.0},{"damage":41.0,"enemies":"Hexaghost","floor":16.0,"turns":12.0},{"damage":13.0,"enemies":"2 Thieves","floor":18.0,"turns":4.0},{"damage":18.0,"enemies":"Chosen","floor":19.0,"turns":5.0},{"damage":7.0,"enemies":"Snake Plant","floor":21.0,"turns":5.0},{"damage":5.0,"enemies":"Centurion and Healer","floor":22.0,"turns":8.0},{"damage":12.0,"enemies":"Gremlin Leader","floor":23.0,"turns":8.0},{"damage":32.0,"enemies":"Slavers","floor":25.0,"turns":3.0},{"damage":0.0,"enemies":"Sentry and Sphere","floor":27.0,"turns":5.0},{"damage":0.0,"enemies":"Gremlin Leader","floor":30.0,"turns":4.0},{"damage":17.0,"enemies":"Champ","floor":33.0,"turns":11.0},{"damage":0.0,"enemies":"3 Darklings","floor":35.0,"turns":3.0},{"damage":2.0,"enemies":"Orb Walker","floor":36.0,"turns":3.0},{"damage":7.0,"enemies":"2 Orb Walkers","floor":38.0,"turns":3.0},{"damage":19.0,"enemies":"Spire Growth","floor":39.0,"turns":3.0},{"damage":29.0,"enemies":"Giant Head","floor":41.0,"turns":6.0},{"damage":3.0,"enemies":"4 Shapes","floor":44.0,"turns":5.0},{"damage":0.0,"enemies":"Writhing Mass","floor":46.0,"turns":4.0},{"damage":14.0,"enemies":"Nemesis","floor":47.0,"turns":7.0},{"damage":9.0,"enemies":"Time Eater","floor":50.0,"turns":11.0},{"damage":18.0,"enemies":"Awakened One","floor":51.0,"turns":12.0},{"damage":0,"enemies":"Shield and Spear","floor":55,"turns":5},{"damage":63,"enemies":"The Heart","floor":56,"turns":9}],"seed_played":"-4116463775027924305","potions_obtained":[{"floor":4.0,"key":"Energy Potion"},{"floor":8.0,"key":"Weak Potion"},{"floor":13.0,"key":"Weak Potion"},{"floor":21.0,"key":"Dexterity Potion"},{"floor":23.0,"key":"FairyPotion"},{"floor":27.0,"key":"LiquidMemories"},{"floor":33.0,"key":"Poison Potion"},{"floor":35.0,"key":"LiquidMemories"},{"floor":39.0,"key":"PowerPotion"},{"floor":44.0,"key":"Swift Potion"},{"floor":46.0,"key":"SpeedPotion"},{"floor":47.0,"key":"GhostInAJar"}],"is_trial":false,"path_per_floor":["M","M","?","M","$","R","T","E","T","E","R","?","M","?","R","B",null,"M","M","T","M","M","E","R","E","T","M","?","$","E","$","R","B",null,"M","M","?","?","M","R","E","?","T","M","T","M","E","?","R","B","B",null,"R","$","E","B",null],"character_chosen":"THE_SILENT","items_purchased":["TwistedFunnel","Du-Vu Doll","Lee\u0027s Waffle","Kunai","Terror+1","Medical Kit","LiquidBronze","DuplicationPotion","Discovery+1"],"campfire_rested":2,"item_purchase_floors":[5,29,29,29,31,54,54,54,54],"current_hp_per_floor":[59,59,59,59,59,59,59,30,30,13,32,76,76,76,76,35,66,53,35,35,28,23,21,46,14,14,14,14,93,93,93,93,76,89,89,87,93,86,67,67,38,38,38,35,35,35,21,21,21,24,18,74,74,74,81,30],"gold":39,"neow_bonus":"THREE_ENEMY_KILL","is_daily":false,"chose_seed":false,"campfire_upgraded":5,"win_rate":0.0,"timestamp":1613077981,"path_taken":["M","M","?","M","$","R","?","E","T","E","R","?","?","?","R","BOSS","M","M","?","M","M","E","R","E","T","M","?","$","E","$","R","BOSS","M","?","?","?","M","R","E","?","T","?","?","M","E","?","R","BOSS","BOSS","R","$","E","BOSS"],"items_purchased_type":["Relic","Relic","Relic","Relic","Card","Relic","Potion","Potion","Card"],"build_version":"2020-12-22","purchased_purges":2,"victory":true,"max_hp_per_floor":[66,66,66,66,66,66,66,66,66,66,66,76,76,76,76,76,76,76,76,76,76,76,86,86,86,86,86,86,93,93,93,93,93,93,93,93,93,93,93,93,93,93,93,93,93,93,93,93,93,93,93,93,93,93,100,100],"card_choices":[{"not_picked":["Bane","Deadly Poison"],"picked":"All Out Attack","floor":1.0},{"not_picked":["Quick Slash","Caltrops"],"picked":"Flying Knee","floor":2.0},{"not_picked":["Underhanded Strike","Riddle With Holes"],"picked":"Sucker Punch","floor":4.0},{"not_picked":["Flechettes","Underhanded Strike","Bane"],"picked":"SKIP","floor":8.0},{"not_picked":["All Out Attack","Predator"],"picked":"Unload","floor":10.0},{"not_picked":["Bane","Riddle With Holes"],"picked":"Slice","floor":13.0},{"not_picked":["Storm of Steel+1","Doppelganger+1"],"picked":"After Image","floor":16.0},{"not_picked":["Quick Slash","Underhanded Strike"],"picked":"Dagger Spray+1","floor":18.0},{"not_picked":["Flying Knee","Deflect+1"],"picked":"Footwork+1","floor":19.0},{"not_picked":["Dagger Throw","Calculated Gamble+1"],"picked":"Sucker Punch","floor":21.0},{"not_picked":["Riddle With Holes+1","Bouncing Flask+1"],"picked":"Blade Dance+1","floor":22.0},{"not_picked":["Doppelganger+1","Flying Knee"],"picked":"Crippling Poison+1","floor":23.0},{"not_picked":["Deflect+1","Flying Knee"],"picked":"Blur+1","floor":25.0},{"not_picked":["Footwork+1","Sucker Punch"],"picked":"Cloak And Dagger+1","floor":27.0},{"not_picked":["Skewer","Noxious Fumes+1"],"picked":"Accuracy+1","floor":30.0},{"not_picked":["Wraith Form v2+1","Unload"],"picked":"Envenom+1","floor":33.0},{"not_picked":["Predator","Dodge and Roll+1"],"picked":"Cloak And Dagger+1","floor":35.0},{"not_picked":["Acrobatics+1","Caltrops+1"],"picked":"Dagger Throw+1","floor":36.0},{"not_picked":["Prepared+1","Cloak And Dagger+1"],"picked":"Leg Sweep+1","floor":38.0},{"not_picked":["Sucker Punch","Flying Knee","Eviscerate"],"picked":"SKIP","floor":39.0},{"not_picked":["Crippling Poison+1","PiercingWail+1"],"picked":"Quick Slash+1","floor":41.0},{"not_picked":["Choke+1","Bane"],"picked":"Masterful Stab+1","floor":44.0},{"not_picked":["Dagger Spray","Setup+1"],"picked":"Malaise+1","floor":46.0},{"not_picked":["Dagger Throw","Terror+1"],"picked":"Caltrops+1","floor":47.0},{"not_picked":["Accuracy+1","Masterful Stab"],"picked":"Escape Plan+1","floor":55}],"player_experience":1663788,"relics_obtained":[{"floor":7.0,"key":"InkBottle"},{"floor":8.0,"key":"Toxic Egg 2"},{"floor":9.0,"key":"Mercury Hourglass"},{"floor":10.0,"key":"Paper Crane"},{"floor":20.0,"key":"Lantern"},{"floor":23.0,"key":"Pear"},{"floor":23.0,"key":"The Courier"},{"floor":25.0,"key":"Gremlin Horn"},{"floor":25.0,"key":"Frozen Egg 2"},{"floor":26.0,"key":"War Paint"},{"floor":30.0,"key":"Matryoshka"},{"floor":30.0,"key":"Pen Nib"},{"floor":34.0,"key":"Vajra"},{"floor":34.0,"key":"Letter Opener"},{"floor":34.0,"key":"Incense Burner"},{"floor":38.0,"key":"Pocketwatch"},{"floor":41.0,"key":"Potion Belt"},{"floor":41.0,"key":"Whetstone"},{"floor":43.0,"key":"White Beast Statue"},{"floor":45.0,"key":"Ancient Tea Set"},{"floor":45.0,"key":"Bag of Preparation"},{"floor":47.0,"key":"Meat on the Bone"},{"floor":47.0,"key":"StrikeDummy"},{"floor":55,"key":"Happy Flower"},{"floor":55,"key":"Strawberry"}],"event_choices":[{"damage_healed":0.0,"max_hp_gain":0.0,"max_hp_loss":0.0,"gold_gain":150.0,"event_name":"Liars Game","player_choice":"AGREE","floor":3.0,"gold_loss":0.0,"damage_taken":0.0,"cards_obtained":["Doubt"]},{"cards_removed":["Unload"],"damage_healed":34.0,"max_hp_gain":10.0,"max_hp_loss":0.0,"gold_gain":0.0,"event_name":"Bonfire Elementals","player_choice":"Offered Rare","floor":12.0,"gold_loss":0.0,"damage_taken":0.0},{"cards_removed":["Strike_G"],"damage_healed":0.0,"max_hp_gain":0.0,"max_hp_loss":0.0,"gold_gain":0.0,"event_name":"Wheel of Change","player_choice":"Card Removal","floor":14.0,"gold_loss":0.0,"damage_taken":0.0},{"damage_healed":0.0,"max_hp_gain":0.0,"max_hp_loss":0.0,"gold_gain":275.0,"event_name":"Golden Shrine","player_choice":"Desecrate","floor":28.0,"gold_loss":0.0,"damage_taken":0.0,"cards_obtained":["Regret"]},{"damage_healed":19.0,"max_hp_gain":0.0,"max_hp_loss":0.0,"gold_gain":0.0,"event_name":"Winding Halls","player_choice":"Writhe","floor":37.0,"gold_loss":0.0,"damage_taken":0.0,"cards_obtained":["Writhe"]},{"damage_healed":0.0,"max_hp_gain":0.0,"max_hp_loss":0.0,"gold_gain":0.0,"event_name":"Mysterious Sphere","player_choice":"Fight","floor":38.0,"gold_loss":0.0,"damage_taken":0.0},{"damage_healed":0.0,"max_hp_gain":0.0,"max_hp_loss":0.0,"gold_gain":0.0,"event_name":"Upgrade Shrine","player_choice":"Upgraded","floor":42.0,"gold_loss":0.0,"damage_taken":0.0,"cards_upgraded":["After Image"]},{"cards_removed":["All Out Attack"],"damage_healed":0.0,"max_hp_gain":0.0,"max_hp_loss":0.0,"gold_gain":0.0,"event_name":"Falling","player_choice":"Removed Attack","floor":48.0,"gold_loss":0.0,"damage_taken":0.0}],"is_beta":false,"boss_relics":[{"not_picked":["Cursed Key","SacredBark"],"picked":"Black Star"},{"not_picked":["Fusion Hammer","Sozu"],"picked":"Calling Bell"}],"items_purged_floors":[5,29],"is_endless":false,"potions_floor_spawned":[4,8,13,21,23,27,33,35,39,44,46,47,55],"ascension_level":20}}