{"host":"c0rqchpxu0yjpthq","time":1613071327,"event":{"mods":["100% Spire Juice","BaseMod","Challenge The Spire","Conspire","Downfall","HololiveMod","Minty Spire (QoL Compilation)","Reimu£®≤©¿ˆ¡È√Œ£©","Relic Stats","Reliquary","Spicy Shops","StSLib","Wide Potions","[GremlinLeader]The Maniac"],"gold_per_floor":[110,35,35,48,14,43,55,55,79,91,91,126,142,156,156,258,258,273,273,290,301,301,301,332,332,356,381,381,1,1,19,19,119,119,132,145,156,156,170,202,202,202,228,228,246,265,265,265,265,265,265,265,34,59,59,59],"floor_reached":55,"language":"ZHS","playtime":2939,"items_purged":["conspire:NecroticWound"],"score":772,"play_id":"7c9a1368-ff4f-4596-8050-dbeecbfe99a7","local_time":"20210212032207","is_ascension_mode":false,"campfire_choices":[{"floor":8,"key":"REST"},{"data":"maniac:BladeEnd","floor":11,"key":"SMITH"},{"floor":15,"key":"REST"},{"floor":23,"key":"REST"},{"floor":25,"key":"RECALL"},{"floor":28,"key":"REST"},{"floor":32,"key":"REST"},{"floor":41,"key":"REST"},{"floor":44,"key":"REST"},{"floor":49,"key":"REST"},{"floor":52,"key":"REST"}],"circlet_count":0,"master_deck":["maniac:Strike+1","maniac:Strike+1","maniac:Strike+1","maniac:Strike+1","maniac:Strike+1","maniac:Defend+1","maniac:Defend+1","maniac:Defend+1","maniac:Defend+1","maniac:BurnBlood+1","maniac:AbyssShackle+1","maniac:BladeEnd+1","maniac:BladeShoot+1","maniac:Infuriate+1","maniac:ReachVictory+1","maniac:SeeingDetails+1","maniac:SorceryHour+1","maniac:BladesInCloak+1","maniac:ShelteringEdge+1","maniac:TimeForm+1","maniac:UndyingDesire+1","maniac:SpectralFlash+1","maniac:FoilArmor+1","maniac:BladeEnd+1","maniac:Confront+1","maniac:Feint+1","CurseOfTheBell","CurseOfTheBell","maniac:ShadowContact+1","maniac:ShelteringEdge+1","maniac:StormOfTime+1","Flash of Steel"],"relics":["maniac:EnchantedAnvil","maniac:BrokenHorn","Torii","reliquary:SharkskinSheath","Juzu Bracelet","Bronze Scales","MutagenicStrength","Hololive_LightStick","Prayer Wheel","Pear","Fusion Hammer","reliquary:NewFriend","downfall:ExtraCursedBell","Oddly Smooth Stone","reliquary:BallBearing","reliquary:OuijaBoard","reliquary:RosewoodLute","reliquary:PurpleTingedLeaf","Happy Flower","reliquary:TridentHead"],"acts_visited":["Exordium","TheCity","TheBeyond","TheEnding"],"potions_floor_usage":[12,16,18,24,24,37,50,55],"damage_taken":[{"damage":4,"enemies":"Cultist","floor":1,"turns":4},{"damage":5,"enemies":"conspire:RoseBush","floor":4,"turns":2},{"damage":59,"enemies":"Gremlin Nob","floor":6,"turns":6},{"damage":1,"enemies":"2 Louse","floor":7,"turns":2},{"damage":2,"enemies":"Blue Slaver","floor":10,"turns":6},{"damage":37,"enemies":"Lagavulin","floor":12,"turns":5},{"damage":0,"enemies":"Exordium Wildlife","floor":13,"turns":2},{"damage":1,"enemies":"Large Slime","floor":14,"turns":5},{"damage":19,"enemies":"Hexaghost","floor":16,"turns":9},{"damage":24,"enemies":"2 Thieves","floor":18,"turns":2},{"damage":11,"enemies":"Shell Parasite","floor":20,"turns":4},{"damage":14,"enemies":"Snake Plant","floor":21,"turns":3},{"damage":13,"enemies":"Gremlin Leader","floor":24,"turns":4},{"damage":23,"enemies":"Book of Stabbing","floor":27,"turns":6},{"damage":1,"enemies":"3 Cultists","floor":31,"turns":3},{"damage":22,"enemies":"Champ","floor":33,"turns":7},{"damage":3,"enemies":"3 Darklings","floor":35,"turns":3},{"damage":0,"enemies":"Orb Walker","floor":36,"turns":2},{"damage":1,"enemies":"Sphere and 2 Shapes","floor":37,"turns":3},{"damage":0,"enemies":"Transient","floor":39,"turns":8},{"damage":27,"enemies":"Giant Head","floor":40,"turns":6},{"damage":9,"enemies":"4 Shapes","floor":45,"turns":3},{"damage":1,"enemies":"Maw","floor":46,"turns":6},{"damage":29,"enemies":"Awakened One","floor":50,"turns":12},{"damage":14,"enemies":"Shield and Spear","floor":54,"turns":4},{"damage":117,"enemies":"The Heart","floor":55,"turns":6}],"seed_played":"2935276682742845666","potions_obtained":[{"floor":6,"key":"conspire:TimeTravelPotion"},{"floor":7,"key":"Fire Potion"},{"floor":13,"key":"Ancient Potion"},{"floor":14,"key":"Explosive Potion"},{"floor":16,"key":"CultistPotion"},{"floor":20,"key":"SkillPotion"},{"floor":35,"key":"DistilledChaos"},{"floor":37,"key":"Dexterity Potion"},{"floor":46,"key":"FearPotion"}],"is_trial":false,"path_per_floor":["M","$","T","M","$","E","M","R","T","M","R","E","M","M","R","B",null,"M","?","M","M","?","R","E","R","T","E","R","$","?","M","R","B",null,"M","M","M","$","M","E","R","?","T","R","M","M","T","?","R","B",null,"R","$","E","B"],"character_chosen":"THE_MANIAC","items_purchased":["maniac:BladeEnd","maniac:BladesInCloak","Pear","Happy Flower","maniac:StormOfTime","Flash of Steel"],"campfire_rested":9,"item_purchase_floors":[5,29,29,53,53,53],"current_hp_per_floor":[92,92,92,87,87,28,27,55,55,53,53,38,38,37,65,46,96,72,72,61,47,47,75,62,62,62,39,67,77,55,54,87,65,111,108,108,107,107,107,80,111,111,111,111,102,101,101,101,111,85,111,111,111,98,0,0],"gold":59,"neow_bonus":"TWENTY_PERCENT_HP_BONUS","is_daily":false,"chose_seed":false,"campfire_upgraded":1,"win_rate":0.0,"timestamp":1613071327,"path_taken":["M","$","?","M","$","E","?","R","T","M","R","E","M","M","R","BOSS","M","?","M","M","?","R","E","R","T","E","R","$","?","M","R","BOSS","M","M","M","$","M","E","R","?","T","R","M","M","?","?","R","BOSS","R","$","E","BOSS"],"items_purchased_type":["Card","Card","Relic","Relic","Card","Card"],"build_version":"2020-12-22","purchased_purges":1,"victory":false,"max_hp_per_floor":[96,96,96,96,96,96,96,96,96,96,96,96,96,96,96,96,96,96,96,96,96,96,96,96,96,96,96,96,106,111,111,111,111,111,111,111,111,111,111,111,111,111,111,111,111,111,111,111,111,111,111,111,111,111,111,111],"relic_stats":{"Torii":139,"Happy Flower":[3],"counters":[26,123],"Bronze Scales":[341],"Prayer Wheel":7,"Juzu Bracelet":1,"obtain_stats":[{"reliquary:OuijaBoard":42,"maniac:DamagedAnvil":0,"Pear":29,"Torii":3,"Happy Flower":53,"Oddly Smooth Stone":42,"Juzu Bracelet":9,"reliquary:RosewoodLute":43,"maniac:BrokenHorn":0,"reliquary:TridentHead":54,"maniac:EnchantedAnvil":17,"Hololive_LightStick":24,"Bronze Scales":12,"MutagenicStrength":22,"Prayer Wheel":27,"reliquary:NewFriend":40,"Fusion Hammer":34,"reliquary:BallBearing":42,"downfall:ExtraCursedBell":42,"reliquary:PurpleTingedLeaf":47,"reliquary:SharkskinSheath":6},{"reliquary:OuijaBoard":21,"maniac:DamagedAnvil":0,"Pear":14,"Torii":1,"Happy Flower":24,"Oddly Smooth Stone":21,"Juzu Bracelet":4,"reliquary:RosewoodLute":21,"maniac:BrokenHorn":0,"reliquary:TridentHead":25,"maniac:EnchantedAnvil":9,"Hololive_LightStick":13,"Bronze Scales":6,"MutagenicStrength":12,"Prayer Wheel":14,"reliquary:NewFriend":21,"Fusion Hammer":16,"reliquary:BallBearing":21,"downfall:ExtraCursedBell":21,"reliquary:PurpleTingedLeaf":23,"reliquary:SharkskinSheath":3},{"reliquary:OuijaBoard":92,"maniac:DamagedAnvil":0,"Pear":60,"Torii":4,"Happy Flower":113,"Oddly Smooth Stone":92,"Juzu Bracelet":14,"reliquary:RosewoodLute":92,"maniac:BrokenHorn":0,"reliquary:TridentHead":117,"maniac:EnchantedAnvil":41,"Hololive_LightStick":54,"Bronze Scales":25,"MutagenicStrength":50,"Prayer Wheel":60,"reliquary:NewFriend":92,"Fusion Hammer":70,"reliquary:BallBearing":92,"downfall:ExtraCursedBell":92,"reliquary:PurpleTingedLeaf":101,"reliquary:SharkskinSheath":12}]},"card_choices":[{"not_picked":["maniac:MeleeStrike","maniac:UndyingDesire","maniac:FoilArmor"],"picked":"SKIP","floor":1},{"not_picked":["maniac:UntravelledPath","maniac:SeeingDetails","maniac:WardAndDefend"],"picked":"SKIP","floor":4},{"not_picked":["maniac:FindAShortcut","maniac:AlleviatingSorcery","maniac:ManipulatedFaith"],"picked":"SKIP","floor":6},{"not_picked":["maniac:BladeArtist","maniac:Exterminator","maniac:Refine"],"picked":"SKIP","floor":7},{"not_picked":["maniac:Reforge","maniac:AllOutAttack"],"picked":"maniac:BladeShoot","floor":10},{"not_picked":["maniac:Whirlscythe","maniac:BladeShoot","maniac:SeekerKnife"],"picked":"SKIP","floor":12},{"not_picked":["maniac:FindAShortcut","maniac:DashForward","maniac:PerceiveDanger"],"picked":"SKIP","floor":13},{"not_picked":["maniac:UntravelledPath","maniac:WardAndDefend"],"picked":"maniac:Infuriate","floor":14},{"not_picked":["maniac:Simulacrum","maniac:ShadowContact"],"picked":"maniac:ReachVictory","floor":16},{"not_picked":["maniac:HammerStrike","maniac:FoilArmor","maniac:ShelteringEdge"],"picked":"SKIP","floor":18},{"not_picked":["maniac:FindAShortcut","maniac:ListenToNone"],"picked":"maniac:SeeingDetails","floor":20},{"not_picked":["maniac:ListenToNone","maniac:WardAndDefend","maniac:SecretBackups"],"picked":"SKIP","floor":21},{"not_picked":["maniac:ListenToNone","maniac:TorturousScreams+1","maniac:Quickdraw+1"],"picked":"SKIP","floor":24},{"not_picked":["maniac:Intimidate","maniac:Blastwave"],"picked":"maniac:SorceryHour","floor":27},{"not_picked":["maniac:Refine","maniac:BladesInCloak"],"picked":"maniac:ShelteringEdge","floor":31},{"not_picked":["maniac:FindAShortcut","maniac:Hasten","maniac:BladeShoot"],"picked":"SKIP","floor":31},{"not_picked":["maniac:FindAShortcut","maniac:Hasten","maniac:BladeShoot"],"picked":"SKIP","floor":31},{"not_picked":["maniac:ShadowContact","maniac:Simulacrum"],"picked":"maniac:TimeForm","floor":33},{"not_picked":["maniac:UntravelledPath","maniac:Confront"],"picked":"maniac:UndyingDesire+1","floor":35},{"not_picked":["maniac:Refine+1","maniac:BladesInCloak+1","maniac:ArmToTheTeeth"],"picked":"SKIP","floor":35},{"not_picked":["maniac:PanickyParry+1","maniac:TorturousScreams"],"picked":"maniac:SpectralFlash+1","floor":36},{"not_picked":["maniac:ShelteringEdge","maniac:Confront+1","maniac:SpectralKnives"],"picked":"SKIP","floor":36},{"not_picked":["maniac:Confront+1","maniac:UntravelledPath"],"picked":"maniac:FoilArmor","floor":37},{"not_picked":["maniac:PanickyParry+1","maniac:Hasten","maniac:Confront"],"picked":"SKIP","floor":37},{"not_picked":["maniac:PanickyParry+1","maniac:UndyingDesire"],"picked":"maniac:BladeEnd","floor":39},{"not_picked":["maniac:UntravelledPath","maniac:TorturousScreams"],"picked":"maniac:Confront+1","floor":39},{"not_picked":["maniac:WardAndDefend","maniac:Infuriate+1"],"picked":"maniac:Feint+1","floor":40},{"not_picked":["maniac:ShatteredShield+1","maniac:ManipulatedFaith"],"picked":"maniac:ShadowContact","floor":45},{"not_picked":["maniac:ListenToNone","maniac:ShelteringEdge","maniac:WardAndDefend"],"picked":"SKIP","floor":45},{"not_picked":["maniac:GlassScratch","maniac:ObscuredAttack"],"picked":"maniac:ShelteringEdge+1","floor":46},{"not_picked":["maniac:UntravelledPath+1","maniac:UndyingDesire","maniac:Refine+1"],"picked":"SKIP","floor":46},{"not_picked":["maniac:PerceiveDanger+1","maniac:MortalSteel","maniac:Quickdraw+1"],"picked":"SKIP","floor":54}],"player_experience":51013,"relics_obtained":[{"floor":3,"key":"Torii"},{"floor":6,"key":"reliquary:SharkskinSheath"},{"floor":9,"key":"Juzu Bracelet"},{"floor":12,"key":"Bronze Scales"},{"floor":24,"key":"Hololive_LightStick"},{"floor":27,"key":"Prayer Wheel"},{"floor":40,"key":"reliquary:NewFriend"},{"floor":42,"key":"Oddly Smooth Stone"},{"floor":42,"key":"reliquary:BallBearing"},{"floor":42,"key":"reliquary:OuijaBoard"},{"floor":43,"key":"reliquary:RosewoodLute"},{"floor":47,"key":"reliquary:PurpleTingedLeaf"},{"floor":54,"key":"reliquary:TridentHead"}],"event_choices":[{"damage_healed":0,"gold_gain":0,"player_choice":"Simplicity","damage_taken":0,"max_hp_gain":0,"max_hp_loss":0,"event_name":"Back to Basics","floor":19,"gold_loss":0,"cards_upgraded":["maniac:Strike","maniac:Strike","maniac:Strike","maniac:Strike","maniac:Defend","maniac:Defend","maniac:Defend","maniac:Defend"]},{"damage_healed":0,"gold_gain":0,"player_choice":"Inject Mutagens","damage_taken":0,"relics_obtained":["MutagenicStrength"],"max_hp_gain":0,"max_hp_loss":0,"event_name":"Drug Dealer","floor":22,"gold_loss":0},{"damage_healed":0,"gold_gain":0,"player_choice":"Shed Blood","damage_taken":27,"max_hp_gain":5,"max_hp_loss":0,"event_name":"Forgotten Altar","floor":30,"gold_loss":0},{"damage_healed":0,"gold_gain":0,"player_choice":"Ignored","damage_taken":0,"max_hp_gain":0,"max_hp_loss":0,"event_name":"SecretPortal","floor":48,"gold_loss":0}],"is_beta":false,"boss_relics":[{"not_picked":["Astrolabe","reliquary:Craggleroot"],"picked":"maniac:EnchantedAnvil"},{"not_picked":["reliquary:RedPaperclip","bronze:MakeshiftBattery"],"picked":"Fusion Hammer"}],"items_purged_floors":[2],"is_endless":false,"potions_floor_spawned":[6,7,10,13,14,16,20,21,35,37,46],"killed_by":"The Heart","ascension_level":0}}