{"host":"ex9ev9v5sog028vn","time":1613024929,"event":{"mods":["Act Like it!","BaseMod","Block Reminder","Hallownest","Minty Spire (QoL Compilation)","Quick Restart","Relic Stats","StSLib","The Bug Knight"],"gold_per_floor":[113,126,145,145,145,145,179,179,179,193,303,330,353,367,367,367,367],"floor_reached":16,"language":"ENG","playtime":1142,"items_purged":[],"score":110,"play_id":"744adf6d-f3fc-44ce-97c7-e0a160127741","local_time":"20210211032849","is_ascension_mode":false,"campfire_choices":[{"data":"HollowMod:DashSlash","floor":6,"key":"SMITH"},{"data":"HollowMod:DashSlash","floor":8,"key":"SMITH"},{"data":"HollowMod:SoulVessel","floor":15,"key":"SMITH"}],"circlet_count":0,"master_deck":["HollowMod:NailStrikeStart","HollowMod:NailStrikeStart","HollowMod:NailStrikeStart","HollowMod:QuickDashStart","HollowMod:QuickDashStart","HollowMod:QuickDashStart","HollowMod:QuickDashStart","HollowMod:FocusHealStart","HollowMod:PogoStrike","HollowMod:DashSlash+1","HollowMod:DashSlash+1","HollowMod:InfectedAttack","HollowMod:HornetsHelp","HollowMod:SoulStrike","HollowMod:GreatSlash","HollowMod:SoulVessel+1"],"relics":["HollowMod:VesselMask","Orichalcum","Bottled Flame","Anchor","Tiny Chest","Bag of Preparation"],"acts_visited":["Exordium"],"potions_floor_usage":[],"damage_taken":[{"damage":1.0,"enemies":"Hallownest:monsterHuskWarrior","floor":1.0,"turns":4.0},{"damage":0.0,"enemies":"Hallownest:2_Baldur","floor":2.0,"turns":3.0},{"damage":0.0,"enemies":"Hallownest:monsterHuskGuard","floor":3.0,"turns":3.0},{"damage":10,"enemies":"Hallownest:eliteCrystalGuardian","floor":7,"turns":5},{"damage":1,"enemies":"Hallownest:1_Baldur_1_Crawlid_1_Warrior","floor":10,"turns":5},{"damage":6,"enemies":"Hallownest:eliteMossKnight","floor":12,"turns":10},{"damage":2,"enemies":"Hallownest:Wandering_and_Horned","floor":14,"turns":4},{"damage":80,"enemies":"Hallownest:BossBrokenVessel","floor":16,"turns":13}],"seed_played":"-17845268988141738","potions_obtained":[{"floor":1.0,"key":"Strength Potion"},{"floor":7,"key":"LiquidMemories"},{"floor":10,"key":"PowerPotion"}],"is_trial":false,"path_per_floor":["M","M","M","T","?","R","E","R","T","M","?","E","T","M","R","B"],"character_chosen":"THE_BUGKNIGHT","items_purchased":[],"campfire_rested":0,"item_purchase_floors":[],"current_hp_per_floor":[82,82,82,82,82,82,72,72,72,81,81,75,75,73,73,0,0],"gold":367,"neow_bonus":"TEN_PERCENT_HP_BONUS","is_daily":false,"chose_seed":false,"campfire_upgraded":3,"win_rate":0.0,"timestamp":1613024929,"path_taken":["M","M","M","?","?","R","E","R","T","M","?","E","?","?","R","BOSS"],"items_purchased_type":[],"build_version":"2020-12-22","purchased_purges":0,"victory":false,"max_hp_per_floor":[82,82,82,82,82,82,82,82,82,82,82,82,82,82,82,82,82],"relic_stats":{"counters":[8,47],"Tiny Chest":0,"Bag of Preparation":[4],"Orichalcum":[36],"obtain_stats":[{"Bottled Flame":7,"Anchor":9,"HollowMod:VesselMask":0,"Tiny Chest":12,"Bag of Preparation":13,"Orichalcum":4},{"Bottled Flame":4,"Anchor":4,"HollowMod:VesselMask":0,"Tiny Chest":6,"Bag of Preparation":6,"Orichalcum":3},{"Bottled Flame":15,"Anchor":15,"HollowMod:VesselMask":0,"Tiny Chest":30,"Bag of Preparation":30,"Orichalcum":10}]},"card_choices":[{"not_picked":["HollowMod:BaldurShell","HollowMod:WraithStrike"],"picked":"HollowMod:DashSlash","floor":1.0},{"not_picked":["HollowMod:SharpenedNail","HollowMod:PerfectDash"],"picked":"HollowMod:DashSlash","floor":2.0},{"not_picked":["HollowMod:NewJinnsSoul","HollowMod:VengefulVoid"],"picked":"HollowMod:InfectedAttack","floor":3.0},{"not_picked":["HollowMod:SharpenedNail","HollowMod:DashSlash"],"picked":"HollowMod:HornetsHelp","floor":7},{"not_picked":["HollowMod:CycloneSlash","HollowMod:VengefulVoid"],"picked":"HollowMod:SoulStrike","floor":10},{"not_picked":["HollowMod:InfectedAttack","HollowMod:TaintedHusks"],"picked":"HollowMod:GreatSlash","floor":12},{"not_picked":["HollowMod:FastStrike","HollowMod:PureNailStrike"],"picked":"HollowMod:SoulVessel","floor":14}],"player_experience":708105,"relics_obtained":[{"floor":4.0,"key":"Orichalcum"},{"floor":7,"key":"Bottled Flame"},{"floor":9,"key":"Anchor"},{"floor":12,"key":"Tiny Chest"},{"floor":13,"key":"Bag of Preparation"}],"event_choices":[],"is_beta":false,"boss_relics":[],"items_purged_floors":[],"is_endless":false,"potions_floor_spawned":[1,7,10],"killed_by":"Hallownest:BossBrokenVessel","ascension_level":0}}