{"host":"1m3dfme8k5w8sg4k","time":1613074058,"event":{"mods":["AchievementEnabler","BaseMod","Colored Map","Colored Powertips","Minty Spire (QoL Compilation)","Random Character Button","Random Character Mod","Relic Stats","StSLib","everything is the same but u backflip on backflip"],"gold_per_floor":[114,133,133,147,157,184,184,194,194,209,209,222,257,273,273,378,378,395,420,433,269,283,283,312,50,50,76,76,76,87,99,99,194,194,210,210,225,447,407,435,435,455,481,501,532,532,160,175,175,175,175,175,39,73,73],"floor_reached":56,"language":"ENG","playtime":3147,"items_purged":["Cleave","Warcry"],"score":1236,"play_id":"2a8472c8-6bc2-438c-95ae-87e20f48cc35","local_time":"20210211150738","is_ascension_mode":false,"campfire_choices":[{"data":"Uppercut","floor":11.0,"key":"SMITH"},{"data":"True Grit","floor":15.0,"key":"SMITH"},{"data":"Limit Break","floor":23.0,"key":"SMITH"},{"data":"Disarm","floor":28.0,"key":"SMITH"},{"data":"Spot Weakness","floor":32.0,"key":"SMITH"},{"data":"Offering","floor":41.0,"key":"SMITH"},{"floor":46.0,"key":"REST"},{"floor":49,"key":"RECALL"},{"data":"Dark Embrace","floor":52,"key":"SMITH"}],"circlet_count":0,"master_deck":["Bash","Sever Soul","Anger","Clothesline","Flame Barrier","Uppercut+1","Battle Trance","Pommel Strike","True Grit+1","Offering+1","Second Wind","Pummel","Disarm+1","Limit Break+1","Spot Weakness+1","Pummel","Double Tap","Entrench+1","True Grit+1","Shrug It Off","Whirlwind","Reaper","Limit Break","Power Through+1","Impervious","Blood for Blood+1","Dark Embrace+1","Inflame"],"relics":["Burning Blood","NeowsBlessing","Singing Bowl","NlothsMask","Akabeko","Pandora\u0027s Box","Red Mask","Pantograph","The Courier","Dead Branch","Enchiridion","Philosopher\u0027s Stone","Bronze Scales","Meat on the Bone","Self Forming Clay","ClockworkSouvenir","White Beast Statue"],"acts_visited":["Exordium","TheCity","TheBeyond","TheEnding"],"potions_floor_usage":[50,54,55,55],"damage_taken":[{"damage":0.0,"enemies":"Jaw Worm","floor":1.0,"turns":1.0},{"damage":0.0,"enemies":"Cultist","floor":2.0,"turns":1.0},{"damage":0.0,"enemies":"Small Slimes","floor":4.0,"turns":1.0},{"damage":15.0,"enemies":"Gremlin Gang","floor":5.0,"turns":5.0},{"damage":29.0,"enemies":"Gremlin Nob","floor":6.0,"turns":5.0},{"damage":9.0,"enemies":"Large Slime","floor":8.0,"turns":5.0},{"damage":24.0,"enemies":"Exordium Wildlife","floor":10.0,"turns":4.0},{"damage":4.0,"enemies":"Looter","floor":12.0,"turns":3.0},{"damage":5.0,"enemies":"Lagavulin","floor":13.0,"turns":5.0},{"damage":0.0,"enemies":"2 Fungi Beasts","floor":14.0,"turns":2.0},{"damage":51.0,"enemies":"The Guardian","floor":16.0,"turns":14.0},{"damage":8.0,"enemies":"Shell Parasite","floor":18.0,"turns":3.0},{"damage":12.0,"enemies":"Masked Bandits","floor":19.0,"turns":3.0},{"damage":6.0,"enemies":"Chosen","floor":20.0,"turns":2.0},{"damage":11.0,"enemies":"Shelled Parasite and Fungi","floor":22.0,"turns":4.0},{"damage":26.0,"enemies":"Book of Stabbing","floor":24.0,"turns":6.0},{"damage":9.0,"enemies":"Slavers","floor":27.0,"turns":5.0},{"damage":0.0,"enemies":"Chosen and Byrds","floor":30.0,"turns":4.0},{"damage":15.0,"enemies":"Cultist and Chosen","floor":31.0,"turns":5.0},{"damage":86.0,"enemies":"Automaton","floor":33.0,"turns":11.0},{"damage":6.0,"enemies":"3 Shapes","floor":35.0,"turns":5.0},{"damage":9.0,"enemies":"Orb Walker","floor":37.0,"turns":4.0},{"damage":12.0,"enemies":"Giant Head","floor":40.0,"turns":4.0},{"damage":15.0,"enemies":"Spire Growth","floor":42.0,"turns":4.0},{"damage":24.0,"enemies":"Writhing Mass","floor":44.0,"turns":5.0},{"damage":55.0,"enemies":"Nemesis","floor":45.0,"turns":7.0},{"damage":33,"enemies":"Maw","floor":48,"turns":9},{"damage":70,"enemies":"Awakened One","floor":50,"turns":7},{"damage":41,"enemies":"Shield and Spear","floor":54,"turns":7},{"damage":112,"enemies":"The Heart","floor":55,"turns":10}],"seed_played":"-7768047191351560696","potions_obtained":[{"floor":2.0,"key":"BloodPotion"},{"floor":4.0,"key":"Dexterity Potion"},{"floor":8.0,"key":"SpeedPotion"},{"floor":14.0,"key":"Dexterity Potion"},{"floor":16.0,"key":"DistilledChaos"},{"floor":27.0,"key":"EssenceOfSteel"},{"floor":40.0,"key":"Regen Potion"},{"floor":42.0,"key":"DistilledChaos"},{"floor":44.0,"key":"Fruit Juice"},{"floor":48,"key":"Dexterity Potion"}],"is_trial":false,"path_per_floor":["M","M","?","M","M","E","?","M","T","M","R","M","E","M","R","B",null,"M","?","M","$","M","R","E","$","T","E","R","?","M","M","R","B",null,"M","?","M","?","?","E","R","M","T","M","E","R","$","M","R","B",null,"R","$","E","B",null],"character_chosen":"IRONCLAD","items_purchased":["Shrug It Off","Whirlwind","Reaper","Self Forming Clay","ClockworkSouvenir","Dark Embrace","Inflame","Block Potion","SteroidPotion"],"campfire_rested":1,"item_purchase_floors":[21,21,25,47,47,47,53,53,53],"current_hp_per_floor":[80,80,80,80,71,48,48,45,45,43,43,45,46,52,52,9,82,82,76,76,76,73,73,55,55,55,62,62,46,71,64,64,57,90,92,87,89,89,89,91,91,84,84,84,37,65,65,70,70,63,102,102,102,104,59],"gold":73,"neow_bonus":"THREE_ENEMY_KILL","is_daily":false,"chose_seed":false,"campfire_upgraded":7,"win_rate":0.0,"timestamp":1613074058,"path_taken":["M","M","?","?","M","E","?","M","T","M","R","?","E","?","R","BOSS","M","?","M","$","M","R","E","$","T","E","R","?","M","M","R","BOSS","M","?","M","?","?","E","R","?","T","M","E","R","$","M","R","BOSS","R","$","E","BOSS"],"items_purchased_type":["Card","Card","Card","Relic","Relic","Card","Card","Potion","Potion"],"build_version":"2020-12-22","purchased_purges":2,"victory":true,"max_hp_per_floor":[80,80,80,80,80,80,80,80,80,80,80,80,80,80,80,82,82,84,84,84,84,86,86,88,88,88,88,88,88,88,90,90,90,90,92,87,89,89,89,91,91,93,93,93,95,95,95,97,97,102,102,102,102,104,104],"relic_stats":{"Singing Bowl":24,"counters":[30,151],"Self Forming Clay":[126],"Pantograph":50,"Dead Branch":[156],"Bronze Scales":[225],"Pandora\u0027s Box":["Second Wind","Warcry","Pummel","Disarm","Limit Break","Spot Weakness","Pummel","Double Tap"],"obtain_stats":[{"NeowsBlessing":0,"Singing Bowl":6,"Self Forming Clay":47,"Dead Branch":27,"Enchiridion":29,"The Courier":26,"Burning Blood":0,"Akabeko":13,"White Beast Statue":54,"ClockworkSouvenir":47,"Pantograph":24,"Bronze Scales":40,"Pandora\u0027s Box":17,"Philosopher\u0027s Stone":34,"Red Mask":19,"NlothsMask":7,"Meat on the Bone":45},{"NeowsBlessing":0,"Singing Bowl":5,"Self Forming Clay":26,"Dead Branch":17,"Enchiridion":17,"The Courier":16,"Burning Blood":0,"Akabeko":9,"White Beast Statue":29,"ClockworkSouvenir":26,"Pantograph":16,"Bronze Scales":23,"Pandora\u0027s Box":11,"Philosopher\u0027s Stone":20,"Red Mask":13,"NlothsMask":5,"Meat on the Bone":26},{"NeowsBlessing":0,"Singing Bowl":13,"Self Forming Clay":118,"Dead Branch":69,"Enchiridion":69,"The Courier":64,"Burning Blood":0,"Akabeko":30,"White Beast Statue":141,"ClockworkSouvenir":118,"Pantograph":64,"Bronze Scales":102,"Pandora\u0027s Box":46,"Philosopher\u0027s Stone":89,"Red Mask":52,"NlothsMask":13,"Meat on the Bone":118}],"Burning Blood":143,"Meat on the Bone":0},"card_choices":[{"not_picked":["Havoc","Iron Wave"],"picked":"Sever Soul","floor":1.0},{"not_picked":["Perfected Strike","Pommel Strike"],"picked":"Anger","floor":2.0},{"not_picked":["Body Slam","Metallicize"],"picked":"Clothesline","floor":4.0},{"not_picked":["Havoc","Searing Blow"],"picked":"Flame Barrier","floor":5.0},{"not_picked":["Flex","Seeing Red"],"picked":"Uppercut","floor":6.0},{"not_picked":["Evolve","Warcry"],"picked":"Battle Trance","floor":8.0},{"not_picked":["Exhume","Wild Strike"],"picked":"Pommel Strike","floor":10.0},{"not_picked":["Infernal Blade","Rampage"],"picked":"True Grit","floor":12.0},{"not_picked":["Iron Wave","Flame Barrier"],"picked":"Cleave","floor":13.0},{"not_picked":["Warcry","Headbutt"],"picked":"Offering","floor":14.0},{"not_picked":["Double Tap","Brutality","Limit Break"],"picked":"Singing Bowl","floor":16.0},{"not_picked":["Perfected Strike","Clash+1","Dropkick"],"picked":"Singing Bowl","floor":18.0},{"not_picked":["Perfected Strike+1","Uppercut+1"],"picked":"Entrench+1","floor":19.0},{"not_picked":["Flex","Heavy Blade+1"],"picked":"True Grit","floor":20.0},{"not_picked":["Pommel Strike+1","Ghostly Armor","Sentinel"],"picked":"Singing Bowl","floor":22.0},{"not_picked":["Cleave","Dual Wield","Uppercut"],"picked":"Singing Bowl","floor":24.0},{"not_picked":["Dual Wield","Cleave"],"picked":"Limit Break","floor":27.0},{"not_picked":["Anger+1","Warcry"],"picked":"Power Through+1","floor":30.0},{"not_picked":["Searing Blow","Iron Wave","Carnage"],"picked":"Singing Bowl","floor":31.0},{"not_picked":["Immolate","Brutality"],"picked":"Impervious","floor":33.0},{"not_picked":["Cleave+1","Iron Wave+1","Clash+1"],"picked":"Singing Bowl","floor":35.0},{"not_picked":["Flex","Wild Strike","Cleave+1"],"picked":"Singing Bowl","floor":37.0},{"not_picked":["Immolate","Rage","Perfected Strike+1"],"picked":"Singing Bowl","floor":40.0},{"not_picked":["Headbutt+1","Pummel+1","Thunderclap"],"picked":"Singing Bowl","floor":42.0},{"not_picked":["Sword Boomerang+1","Clash"],"picked":"Blood for Blood+1","floor":44.0},{"not_picked":["Pommel Strike","Armaments","Warcry"],"picked":"Singing Bowl","floor":45.0},{"not_picked":["Infernal Blade+1","Sword Boomerang","Limit Break"],"picked":"Singing Bowl","floor":48},{"not_picked":["Pommel Strike+1","Rage+1","Warcry"],"picked":"Singing Bowl","floor":54}],"player_experience":1629506,"relics_obtained":[{"floor":6.0,"key":"Singing Bowl"},{"floor":13.0,"key":"Akabeko"},{"floor":19.0,"key":"Red Mask"},{"floor":24.0,"key":"Pantograph"},{"floor":26.0,"key":"The Courier"},{"floor":27.0,"key":"Dead Branch"},{"floor":29.0,"key":"Enchiridion"},{"floor":40.0,"key":"Bronze Scales"},{"floor":45.0,"key":"Meat on the Bone"},{"floor":54,"key":"White Beast Statue"}],"event_choices":[{"cards_removed":["Strike_R"],"damage_healed":0.0,"max_hp_gain":0.0,"max_hp_loss":0.0,"gold_gain":0.0,"event_name":"Purifier","player_choice":"Purged","floor":3.0,"gold_loss":0.0,"damage_taken":0.0},{"damage_healed":0.0,"max_hp_gain":0.0,"max_hp_loss":0.0,"gold_gain":0.0,"event_name":"FaceTrader","player_choice":"Trade","floor":7.0,"gold_loss":0.0,"damage_taken":0.0,"relics_obtained":["NlothsMask"]},{"damage_healed":0.0,"max_hp_gain":0.0,"max_hp_loss":0.0,"gold_gain":0.0,"event_name":"Masked Bandits","player_choice":"Fought Bandits","floor":19.0,"gold_loss":0.0,"damage_taken":0.0},{"damage_healed":0.0,"max_hp_gain":0.0,"max_hp_loss":0.0,"gold_gain":0.0,"event_name":"Cursed Tome","player_choice":"Obtained Book","floor":29.0,"gold_loss":0.0,"damage_taken":16.0},{"damage_healed":0.0,"max_hp_gain":0.0,"max_hp_loss":5.0,"gold_gain":0.0,"event_name":"Winding Halls","player_choice":"Max HP","floor":36.0,"gold_loss":0.0,"damage_taken":0.0},{"damage_healed":0.0,"max_hp_gain":0.0,"max_hp_loss":0.0,"gold_gain":222.0,"event_name":"Tomb of Lord Red Mask","player_choice":"Wore Mask","floor":38.0,"gold_loss":0.0,"damage_taken":0.0},{"damage_healed":0.0,"max_hp_gain":0.0,"max_hp_loss":0.0,"gold_gain":0.0,"event_name":"Designer","player_choice":"Upgrade","floor":39.0,"gold_loss":40.0,"damage_taken":0.0,"cards_upgraded":["True Grit"]}],"is_beta":false,"boss_relics":[{"not_picked":["Mark of Pain","Astrolabe"],"picked":"Pandora\u0027s Box"},{"not_picked":["Empty Cage","Black Blood"],"picked":"Philosopher\u0027s Stone"}],"items_purged_floors":[21,25],"is_endless":false,"potions_floor_spawned":[2,4,8,14,16,19,27,33,40,42,44,48],"ascension_level":0}}