{"host":"dt8tt9y5uobrbn6j","time":1613045238,"event":{"mods":["ATMod(°¢èªMod)","Act Like it!","BaseMod","Better Third Choice","BetterRewards","Bossed Relics","Card Forge","Colored Powertips","Conspire","Mimic Mod","Minty Spire (QoL Compilation)","Quick Restart","Relic Stats","Reliquary","Retaliation","Shop Mod","StSLib","The Jungle","Weighted Paths","óô»ðÖ¸ÄÏ"],"gold_per_floor":[110,185,235,235,250,279,110,145,190,109,109,212,299,357,228,330,330,415,253,298,298,298,375,413,413,413,472,334,401,401,401,154,353,353,467,342,342,486,486,596,458,150,225,284,395,395,451,451,451,501,501],"floor_reached":50,"language":"ZHS","playtime":2328,"items_purged":["Strike_P","Strike_P","Strike_P","Strike_P","Defend_P","Defend_P","Defend_P","AT_MachinaRedman","SignatureMove+1","Defend_P"],"score":2264,"play_id":"b57106e8-30fa-4651-9d0b-243cb87f2c38","local_time":"20210211200718","is_ascension_mode":true,"campfire_choices":[{"data":"AT_FamilyPortrait","floor":25.0,"key":"SMITH"},{"data":"Discovery","floor":30.0,"key":"SMITH"},{"floor":49.0,"key":"RECALL"}],"circlet_count":0,"master_deck":["AscendersBane","AT_FamilyPortrait+1","DeusExMachina","Discovery+1","AT_RealColorLess","DeceiveReality","MasterReality","Tantrum+1","Pray+1","Metamorphosis+1","Madness+1","AT_RealFormLess+1"],"relics":["PureWater","Hammer of Thor","Seething Fire","Anvil of the Gods","AT_ATBox","reliquary:BrokenClock","Gremlin Horn","reliquary:JackalopeAntler","Bag of Preparation","Potion Belt","conspire:TreasureMap","TheAbacus","Membership Card","reliquary:Dhvaja","Juzu Bracelet","FossilizedHelix","AT_MibuBalloonWealth","MerchantsRug","Cauldron","AT_ForceNature","Lantern","Omamori","VioletLotus","AT_ChloranthyRing","theJungle:WildPear","reliquary:Knoch","reliquary:FeatherDuster","Dream Catcher","Toxic Egg 2","Matryoshka","Philosopher\u0027s Stone","AT_ImmortalShieldbow","Calipers","Blood Vial","conspire:Dentures","reliquary:MudwinsCradle","HornCleat","reliquary:Stiletto"],"acts_visited":["Exordium","Exordium","TheBeyond"],"potions_floor_usage":[],"damage_taken":[{"damage":0.0,"enemies":"2 Louse","floor":1.0,"turns":2.0},{"damage":0.0,"enemies":"Cultist","floor":5.0,"turns":2.0},{"damage":0.0,"enemies":"Lagavulin","floor":6.0,"turns":4.0},{"damage":0.0,"enemies":"Jaw Worm","floor":8.0,"turns":2.0},{"damage":0.0,"enemies":"3 Sentries","floor":12.0,"turns":1.0},{"damage":0.0,"enemies":"2 Fungi Beasts","floor":13.0,"turns":2.0},{"damage":0.0,"enemies":"Gremlin Nob","floor":14.0,"turns":1.0},{"damage":0.0,"enemies":"The Guardian","floor":16.0,"turns":7.0},{"damage":0.0,"enemies":"theJungle:MUSHROOMGANG","floor":18.0,"turns":1.0},{"damage":0.0,"enemies":"Shell Parasite","floor":20.0,"turns":2.0},{"damage":0.0,"enemies":"theJungle:2_Phrogs","floor":23.0,"turns":2.0},{"damage":0.0,"enemies":"theJungle:SlimyTreeVines","floor":24.0,"turns":3.0},{"damage":0.0,"enemies":"theJungle:MamaSnecko","floor":27.0,"turns":2.0},{"damage":0.0,"enemies":"theJungle:2_Snecko_Cultists","floor":29.0,"turns":2.0},{"damage":0.0,"enemies":"theJungle:TotemBoss","floor":33.0,"turns":1.0},{"damage":0.0,"enemies":"3 Shapes","floor":35.0,"turns":1.0},{"damage":0.0,"enemies":"3 Darklings","floor":38.0,"turns":2.0},{"damage":0.0,"enemies":"Reptomancer","floor":40.0,"turns":2.0},{"damage":0.0,"enemies":"Giant Head","floor":44.0,"turns":2.0},{"damage":0.0,"enemies":"4 Shapes","floor":45.0,"turns":2.0},{"damage":0.0,"enemies":"Nemesis","floor":47.0,"turns":2.0},{"damage":150,"enemies":"Awakened One","floor":50,"turns":4}],"seed_played":"4225740134926773082","potions_obtained":[{"floor":10.0,"key":"AttackPotion"},{"floor":10.0,"key":"Dexterity Potion"},{"floor":10.0,"key":"Energy Potion"},{"floor":10.0,"key":"Ancient Potion"},{"floor":12.0,"key":"CultistPotion"},{"floor":13.0,"key":"DuplicationPotion"},{"floor":24.0,"key":"Energy Potion"}],"is_trial":false,"path_per_floor":["M","?","?","?","M","E","R","M","T","$","$","E","M","E","R","B",null,"M","$","M","?","?","E","M","R","T","E","R","M","R","T","R","B",null,"M","$","?","M","?","E","$","R","T","E","M","?","E","?","R","B"],"character_chosen":"WATCHER","items_purchased":["reliquary:BrokenClock","Gremlin Horn","reliquary:JackalopeAntler","SignatureMove","Bag of Preparation","Potion Belt","conspire:TreasureMap","DeusExMachina","TheAbacus","Membership Card","Juzu Bracelet","MerchantsRug","Cauldron","Omamori","Discovery","MasterReality","AT_ChloranthyRing","Sanctity","Matryoshka","Calipers"],"campfire_rested":0,"item_purchase_floors":[0,0,0,0,0,0,0,0,0,0,0,7,10,15,15,19,19,28,32,42],"current_hp_per_floor":[19,19,19,78,78,78,78,78,78,78,78,78,78,78,78,78,78,78,78,78,88,86,86,88,88,88,88,88,88,88,88,88,88,88,88,88,83,83,83,87,87,87,87,89,91,91,92,92,92,0,0],"gold":501,"neow_bonus":"","is_daily":false,"chose_seed":false,"campfire_upgraded":2,"win_rate":0.0,"timestamp":1613045238,"path_taken":["M","?","?","?","M","E","R","M","T","?","$","E","M","E","R","BOSS","M","$","M","?","?","E","M","R","T","E","R","M","E","?","R","BOSS","M","$","?","M","?","E","$","R","T","E","M","?","E","?","R","BOSS"],"items_purchased_type":["Relic","Relic","Relic","Card","Relic","Relic","Relic","Card","Relic","Relic","Relic","Relic","Relic","Relic","Card","Card","Relic","Card","Relic","Relic"],"build_version":"2020-12-22","purchased_purges":10,"victory":false,"max_hp_per_floor":[68,68,68,78,78,78,78,78,78,78,78,78,78,78,78,78,78,78,78,78,88,88,88,88,88,88,88,88,88,88,88,88,88,88,88,88,88,88,88,92,92,92,92,92,92,92,92,92,92,92,92],"relic_stats":{"Blood Vial":5,"Dream Catcher":0,"TheAbacus":[918],"Gremlin Horn":[25,24],"counters":[121,401],"VioletLotus":[6],"Bag of Preparation":[164],"Juzu Bracelet":2,"obtain_stats":[{"AT_ATBox":0,"Ginger":14,"Whetstone":11,"Boot":26,"BFFS":37,"Leech":40,"Blood Vial":43,"conspire:GlowingRock":43,"TheBean":10,"MealTicket":21,"Fusion Hammer":25,"TuHaoJin":34,"Kunai":21,"HollowMod:PaleOreRelic":21,"KeepersGift":0,"MerchantsRug":12,"conspire:TreasureMap":0,"BookofShadows":21,"Pear":37,"PunchingBag":37,"Blue Candle":21,"BelialBook":29,"Velvet Choker":40,"Eternal Feather":21,"SteamSale":3,"BloodBag":32,"Akabeko":37,"conspire:BottledYoYo":37,"reliquary:BrokenClock":0,"reliquary:MudwinsCradle":44,"HushsDoor":0,"StrikeDummy":40,"conspire:Flyswatter":21,"BloodDonationMachine":32,"GuppysTail":28,"Lantern":0,"Regal Pillow":48,"Singing Bowl":0,"GnawedLeaf":37,"StoneCalendar":37,"Bag of Preparation":37,"theJungle:WildPear":21,"Ancient Tea Set":37,"Cursed Key":37,"reliquary:TridentHead":15,"PokeGo":21,"Matryoshka":37,"AT_TrinityForce":17,"Chemical X":0,"InkBottle":47,"Potion Belt":0,"AT_ChloranthyRing":19,"Lee\u0027s Waffle":29,"Circlet":46,"Damaru":45,"The Courier":17,"PreservedInsect":21,"Omamori":9,"Seething Fire":0,"GoldenEye":21,"Habit":21,"D4":40,"AT_ImmortalShieldbow":25,"D6":21,"Busted Crown":21,"AT_BellowingDragoncrestRing":10,"TheBible":21,"Ornamental Fan":21,"MagicMushroom":21,"Orrery":31,"Art of War":21,"Bottled Lightning":37,"conspire:DeflatedDodgeball":40,"AT_SunfireAegis":31,"Toy Ornithopter":0,"Chaos":15,"reliquary:FeatherDuster":26,"Calipers":31,"Tiny House":37,"NineVolt":12,"conspire:RoyalGoblet":21,"Gremlin Horn":42,"CeramicFish":6,"AT_MibuBalloonWealth":6,"Vajra":9,"Hammer of Thor":0,"HollowMod:StagPassRelic":21,"reliquary:Dhvaja":0,"conspire:SeveredTorchhead":21,"Lizard Tail":12,"theJungle:SneckoAutograph":30,"HornCleat":37,"conspire:DecoderRing":12,"Strawberry":37,"Philosopher\u0027s Stone":21,"Prayer Wheel":32,"VioletLotus":17,"Toxic Egg 2":37,"theJungle:WildMango":29,"conspire:Dentures":25,"Girya":32,"Astrolabe":21,"Dead Branch":5,"BookOfRevelations":23,"Oddly Smooth Stone":37,"conspire:SlowCooker":21,"conspire:Boomerang":40,"Letter Opener":21,"War Paint":37,"Question Card":37,"Du-Vu Doll":37,"reliquary:JackalopeAntler":0,"OrangePellets":0,"conspire:GiftBox":21,"YumHeart":0,"Anvil of the Gods":0,"Shuriken":21,"Bronze Scales":21,"ForgetMeNow":48,"Molten Egg 2":27,"Black Star":21,"reliquary:Knoch":23,"EdensBlessing":21,"Pocketwatch":0,"Meat on the Bone":21,"SacredBark":42,"SharpPlug":21,"Mango":21,"conspire:SpecialSausage":40,"Yang":42,"Incense Burner":21,"Juzu Bracelet":42,"TeardropLocket":48,"PrismaticShard":0,"Empty Cage":21,"conspire:TopHat":21,"ClockworkSouvenir":21,"Frozen Eye":42,"Dream Catcher":29,"TheAbacus":37,"ChampionBelt":37,"Mummified Hand":6,"Pantograph":23,"PillsDrop":37,"Tiny Chest":9,"AT_ForceNature":12,"DoctorsRemote":21,"HollowMod:LifeEnderRelic":21,"Odd Mushroom":10,"Orichalcum":11,"Medical Kit":0,"White Beast Statue":37,"Calling Bell":21,"Peace Pipe":21,"Cauldron":10,"Anchor":15,"CaptainsWheel":32,"Hololive_LightStick":6,"HolyWater":21,"reliquary:Stiletto":48,"Bag of Marbles":35,"Coffee Dripper":17,"Membership Card":0,"PureWater":0,"TungstenRod":15,"FossilizedHelix":0},{"AT_ATBox":0,"Ginger":10,"Whetstone":44,"Boot":52,"BFFS":19,"Leech":27,"Blood Vial":117,"conspire:GlowingRock":21,"TheBean":8,"MealTicket":13,"Fusion Hammer":16,"TuHaoJin":18,"Kunai":13,"HollowMod:PaleOreRelic":13,"KeepersGift":0,"MerchantsRug":9,"conspire:TreasureMap":0,"BookofShadows":13,"Pear":19,"PunchingBag":19,"Blue Candle":13,"BelialBook":16,"Velvet Choker":21,"Eternal Feather":13,"SteamSale":3,"BloodBag":17,"Akabeko":19,"conspire:BottledYoYo":19,"reliquary:BrokenClock":65,"reliquary:MudwinsCradle":118,"HushsDoor":0,"StrikeDummy":21,"conspire:Flyswatter":13,"BloodDonationMachine":17,"GuppysTail":16,"Lantern":0,"Regal Pillow":31,"Singing Bowl":0,"GnawedLeaf":19,"StoneCalendar":19,"Bag of Preparation":19,"theJungle:WildPear":109,"Ancient Tea Set":19,"Cursed Key":19,"reliquary:TridentHead":72,"PokeGo":13,"Matryoshka":19,"AT_TrinityForce":73,"Chemical X":0,"InkBottle":94,"Potion Belt":0,"AT_ChloranthyRing":108,"Lee\u0027s Waffle":16,"Circlet":21,"Damaru":29,"The Courier":11,"PreservedInsect":13,"Omamori":42,"Seething Fire":0,"GoldenEye":13,"Habit":13,"D4":21,"AT_ImmortalShieldbow":81,"D6":13,"Busted Crown":13,"AT_BellowingDragoncrestRing":70,"TheBible":13,"Ornamental Fan":13,"MagicMushroom":13,"Orrery":17,"Art of War":13,"Bottled Lightning":19,"conspire:DeflatedDodgeball":61,"AT_SunfireAegis":85,"Toy Ornithopter":0,"Chaos":10,"reliquary:FeatherDuster":111,"Calipers":17,"Tiny House":19,"NineVolt":9,"conspire:RoyalGoblet":13,"Gremlin Horn":21,"CeramicFish":5,"AT_MibuBalloonWealth":102,"Vajra":42,"Hammer of Thor":0,"HollowMod:StagPassRelic":13,"reliquary:Dhvaja":99,"conspire:SeveredTorchhead":13,"Lizard Tail":9,"theJungle:SneckoAutograph":16,"HornCleat":19,"conspire:DecoderRing":9,"Strawberry":19,"Philosopher\u0027s Stone":13,"Prayer Wheel":17,"VioletLotus":107,"Toxic Egg 2":19,"theJungle:WildMango":83,"conspire:Dentures":16,"Girya":17,"Astrolabe":13,"Dead Branch":39,"BookOfRevelations":14,"Oddly Smooth Stone":19,"conspire:SlowCooker":13,"conspire:Boomerang":21,"Letter Opener":13,"War Paint":24,"Question Card":19,"Du-Vu Doll":19,"reliquary:JackalopeAntler":99,"OrangePellets":0,"conspire:GiftBox":13,"YumHeart":35,"Anvil of the Gods":0,"Shuriken":13,"Bronze Scales":13,"ForgetMeNow":22,"Molten Egg 2":53,"Black Star":13,"reliquary:Knoch":110,"EdensBlessing":13,"Pocketwatch":0,"Meat on the Bone":13,"SacredBark":21,"SharpPlug":13,"Mango":13,"conspire:SpecialSausage":21,"Yang":21,"Incense Burner":13,"Juzu Bracelet":21,"TeardropLocket":64,"PrismaticShard":0,"Empty Cage":13,"conspire:TopHat":13,"ClockworkSouvenir":13,"Frozen Eye":21,"Dream Catcher":16,"TheAbacus":19,"ChampionBelt":19,"Mummified Hand":40,"Pantograph":14,"PillsDrop":19,"Tiny Chest":7,"AT_ForceNature":104,"DoctorsRemote":13,"HollowMod:LifeEnderRelic":13,"Odd Mushroom":43,"Orichalcum":70,"Medical Kit":0,"White Beast Statue":19,"Calling Bell":13,"Peace Pipe":13,"Cauldron":103,"Anchor":10,"CaptainsWheel":17,"Hololive_LightStick":69,"HolyWater":13,"reliquary:Stiletto":120,"Bag of Marbles":23,"Coffee Dripper":48,"Membership Card":0,"PureWater":0,"TungstenRod":10,"FossilizedHelix":35},{"AT_ATBox":0,"Ginger":38,"Whetstone":154,"Boot":185,"BFFS":71,"Leech":88,"Blood Vial":391,"conspire:GlowingRock":76,"TheBean":33,"MealTicket":55,"Fusion Hammer":64,"TuHaoJin":68,"Kunai":55,"HollowMod:PaleOreRelic":55,"KeepersGift":0,"MerchantsRug":36,"conspire:TreasureMap":0,"BookofShadows":55,"Pear":71,"PunchingBag":71,"Blue Candle":55,"BelialBook":64,"Velvet Choker":76,"Eternal Feather":55,"SteamSale":9,"BloodBag":66,"Akabeko":71,"conspire:BottledYoYo":71,"reliquary:BrokenClock":240,"reliquary:MudwinsCradle":393,"HushsDoor":0,"StrikeDummy":76,"conspire:Flyswatter":55,"BloodDonationMachine":66,"GuppysTail":64,"Lantern":0,"Regal Pillow":94,"Singing Bowl":0,"GnawedLeaf":71,"StoneCalendar":71,"Bag of Preparation":71,"theJungle:WildPear":376,"Ancient Tea Set":71,"Cursed Key":71,"reliquary:TridentHead":254,"PokeGo":55,"Matryoshka":71,"AT_TrinityForce":261,"Chemical X":0,"InkBottle":331,"Potion Belt":0,"AT_ChloranthyRing":374,"Lee\u0027s Waffle":64,"Circlet":76,"Damaru":91,"The Courier":43,"PreservedInsect":55,"Omamori":149,"Seething Fire":0,"GoldenEye":55,"Habit":55,"D4":76,"AT_ImmortalShieldbow":288,"D6":55,"Busted Crown":55,"AT_BellowingDragoncrestRing":250,"TheBible":55,"Ornamental Fan":55,"MagicMushroom":55,"Orrery":66,"Art of War":55,"Bottled Lightning":71,"conspire:DeflatedDodgeball":213,"AT_SunfireAegis":303,"Toy Ornithopter":0,"Chaos":38,"reliquary:FeatherDuster":381,"Calipers":66,"Tiny House":71,"NineVolt":36,"conspire:RoyalGoblet":55,"Gremlin Horn":76,"CeramicFish":16,"AT_MibuBalloonWealth":360,"Vajra":149,"Hammer of Thor":0,"HollowMod:StagPassRelic":55,"reliquary:Dhvaja":352,"conspire:SeveredTorchhead":55,"Lizard Tail":36,"theJungle:SneckoAutograph":64,"HornCleat":71,"conspire:DecoderRing":36,"Strawberry":71,"Philosopher\u0027s Stone":55,"Prayer Wheel":66,"VioletLotus":373,"Toxic Egg 2":71,"theJungle:WildMango":296,"conspire:Dentures":64,"Girya":66,"Astrolabe":55,"Dead Branch":139,"BookOfRevelations":58,"Oddly Smooth Stone":71,"conspire:SlowCooker":55,"conspire:Boomerang":76,"Letter Opener":55,"War Paint":82,"Question Card":71,"Du-Vu Doll":71,"reliquary:JackalopeAntler":352,"OrangePellets":0,"conspire:GiftBox":55,"YumHeart":129,"Anvil of the Gods":0,"Shuriken":55,"Bronze Scales":55,"ForgetMeNow":78,"Molten Egg 2":188,"Black Star":55,"reliquary:Knoch":378,"EdensBlessing":55,"Pocketwatch":0,"Meat on the Bone":55,"SacredBark":76,"SharpPlug":55,"Mango":55,"conspire:SpecialSausage":76,"Yang":76,"Incense Burner":55,"Juzu Bracelet":76,"TeardropLocket":222,"PrismaticShard":0,"Empty Cage":55,"conspire:TopHat":55,"ClockworkSouvenir":55,"Frozen Eye":76,"Dream Catcher":64,"TheAbacus":71,"ChampionBelt":71,"Mummified Hand":144,"Pantograph":58,"PillsDrop":71,"Tiny Chest":30,"AT_ForceNature":363,"DoctorsRemote":55,"HollowMod:LifeEnderRelic":55,"Odd Mushroom":151,"Orichalcum":250,"Medical Kit":0,"White Beast Statue":71,"Calling Bell":55,"Peace Pipe":55,"Cauldron":362,"Anchor":38,"CaptainsWheel":66,"Hololive_LightStick":248,"HolyWater":55,"reliquary:Stiletto":397,"Bag of Marbles":81,"Coffee Dripper":171,"Membership Card":0,"PureWater":0,"TungstenRod":38,"FossilizedHelix":129}]},"card_choices":[{"not_picked":["JustLucky","Indignation","ClearTheMind"],"picked":"SKIP","floor":1.0},{"not_picked":["JustLucky","Indignation","ClearTheMind"],"picked":"SKIP","floor":1.0},{"not_picked":["JustLucky","AT_OneInchPunch","Nirvana"],"picked":"SKIP","floor":5.0},{"not_picked":["WindmillStrike","CutThroughFate","Halt"],"picked":"SKIP","floor":6.0},{"not_picked":["FearNoEvil","Prostrate","Consecrate"],"picked":"SKIP","floor":8.0},{"not_picked":["Evaluate","ThirdEye","CutThroughFate"],"picked":"SKIP","floor":12.0},{"not_picked":["BowlingBash","SashWhip"],"picked":"DeusExMachina","floor":13.0},{"not_picked":["Weave","Sanctity","WaveOfTheHand"],"picked":"SKIP","floor":14.0},{"not_picked":["Alpha","Judgement"],"picked":"AT_RealColorLess","floor":16.0},{"not_picked":["EmptyBody","Prostrate"],"picked":"DeceiveReality","floor":18.0},{"not_picked":["Nirvana","Consecrate","CutThroughFate"],"picked":"SKIP","floor":20.0},{"not_picked":["Protect","SashWhip"],"picked":"AT_MachinaRedman","floor":23.0},{"not_picked":["FlurryOfBlows","Evaluate","EmptyFist"],"picked":"SKIP","floor":24.0},{"not_picked":["SandsOfTime","Crescendo+1"],"picked":"Tantrum+1","floor":27.0},{"not_picked":["Consecrate","CutThroughFate+1","SandsOfTime"],"picked":"SKIP","floor":29.0},{"not_picked":["Halt+1","JustLucky"],"picked":"Pray+1","floor":35.0},{"not_picked":["Panacea+1","Mayhem"],"picked":"Metamorphosis+1","floor":37.0},{"not_picked":["Enlightenment+1","Flash of Steel"],"picked":"Madness+1","floor":37.0},{"not_picked":["PathToVictory+1","FlurryOfBlows+1","BowlingBash"],"picked":"SKIP","floor":38.0},{"not_picked":["BowlingBash","Weave","SashWhip+1"],"picked":"SKIP","floor":40.0},{"not_picked":["FlyingSleeves","Adaptation","ThirdEye+1"],"picked":"SKIP","floor":44.0},{"not_picked":["CutThroughFate","Evaluate+1","Crescendo+1"],"picked":"SKIP","floor":45.0},{"not_picked":["LikeWater","SandsOfTime"],"picked":"AT_RealFormLess+1","floor":47.0}],"player_experience":884189,"relics_obtained":[{"floor":6.0,"key":"AT_MibuBalloonWealth"},{"floor":12.0,"key":"AT_ForceNature"},{"floor":14.0,"key":"Lantern"},{"floor":23.0,"key":"reliquary:Knoch"},{"floor":26.0,"key":"reliquary:FeatherDuster"},{"floor":27.0,"key":"Dream Catcher"},{"floor":31.0,"key":"Toxic Egg 2"},{"floor":40.0,"key":"AT_ImmortalShieldbow"},{"floor":43.0,"key":"Blood Vial"},{"floor":43.0,"key":"conspire:Dentures"},{"floor":44.0,"key":"reliquary:MudwinsCradle"},{"floor":47.0,"key":"HornCleat"}],"event_choices":[{"damage_healed":0.0,"max_hp_gain":0.0,"max_hp_loss":0.0,"gold_gain":50.0,"event_name":"Golden Shrine","player_choice":"Pray","floor":3.0,"gold_loss":0.0,"damage_taken":0.0},{"cards_removed":["DeusExMachina"],"damage_healed":49.0,"max_hp_gain":10.0,"max_hp_loss":0.0,"gold_gain":0.0,"event_name":"Bonfire Elementals","player_choice":"Offered Rare","floor":4.0,"gold_loss":0.0,"damage_taken":0.0},{"damage_healed":0.0,"max_hp_gain":0.0,"max_hp_loss":0.0,"gold_gain":0.0,"event_name":"conspire:Investor","player_choice":"Leave","floor":22.0,"gold_loss":0.0,"damage_taken":0.0},{"damage_healed":0.0,"max_hp_gain":0.0,"max_hp_loss":0.0,"gold_gain":0.0,"event_name":"SensoryStone","player_choice":"Memory 3","floor":37.0,"gold_loss":0.0,"damage_taken":10.0},{"damage_healed":0.0,"max_hp_gain":0.0,"max_hp_loss":0.0,"gold_gain":0.0,"event_name":"Tomb of Lord Red Mask","player_choice":"Ignored","floor":39.0,"gold_loss":0.0,"damage_taken":0.0},{"cards_removed":["Sanctity"],"damage_healed":0.0,"max_hp_gain":0.0,"max_hp_loss":0.0,"gold_gain":0.0,"event_name":"Falling","player_choice":"Removed Skill","floor":46.0,"gold_loss":0.0,"damage_taken":0.0},{"damage_healed":0.0,"max_hp_gain":0.0,"max_hp_loss":0.0,"gold_gain":0.0,"event_name":"WeMeetAgain","player_choice":"Gave Potion","floor":48.0,"gold_loss":0.0,"damage_taken":0.0,"relics_obtained":["reliquary:Stiletto"]}],"is_beta":false,"boss_relics":[{"not_picked":["AT_TrinityForce","Pandora\u0027s Box"],"picked":"VioletLotus"},{"not_picked":["conspire:SeveredTorchhead","Runic Dome"],"picked":"Philosopher\u0027s Stone"}],"items_purged_floors":[0,0,0,0,7,28,32,36,41,42],"is_endless":false,"potions_floor_spawned":[12,13,24,27,33,38,45,47],"killed_by":"Awakened One","ascension_level":20}}