{"host":"0u8wq8q0l49hd262","time":1613071122,"event":{"mods":["2.2 Compatiblity","AchievementEnabler","Act Like it!","Aspiration","BaseMod","Better Match","Better Note","Better Sensory Stone","Better Third Choice","Block Reminder","Colored Map","Colored Powertips","GifTheSpireLib","Highlight Path","Minty Spire (QoL Compilation)","Pale of the Ancients","Permanent Neow","Quick Restart","Rare Cards Sparkle","Relic Sorter","Relic Stats","StSLib","Transform Curses","egg","everything is the same but u backflip on backflip"],"gold_per_floor":[113,2,2,26,50,89,102,102,171,236,270,23,23,47,47,47,47],"floor_reached":16,"language":"ENG","playtime":1116,"items_purged":["Strike_P","Defend_P"],"score":178,"play_id":"fc11fb92-f286-488a-ba2f-f6c3f35444a8","local_time":"20210211201842","is_ascension_mode":true,"campfire_choices":[{"floor":13,"key":"REST"},{"floor":15,"key":"REST"}],"circlet_count":0,"master_deck":["Strike_P","Strike_P","Strike_P","Defend_P","Defend_P","Defend_P","Eruption","Vigilance","Vengeance","Consecrate","Adaptation","TalkToTheHand","MentalFortress","CutThroughFate"],"relics":["PureWater","Golden Idol","Bottled Tornado","SsserpentHead","aspiration:FetidBarrel","Blood Vial"],"acts_visited":["Exordium"],"potions_floor_usage":[6,6],"damage_taken":[{"damage":0,"enemies":"2 Louse","floor":1,"turns":2},{"damage":0,"enemies":"Small Slimes","floor":4,"turns":2},{"damage":0,"enemies":"Cultist","floor":5,"turns":4},{"damage":0,"enemies":"Lagavulin","floor":6,"turns":3},{"damage":1,"enemies":"2 Fungi Beasts","floor":7,"turns":3},{"damage":13,"enemies":"Exordium Wildlife","floor":10,"turns":3},{"damage":32,"enemies":"3 Sentries","floor":11,"turns":6},{"damage":12,"enemies":"Lots of Slimes","floor":14,"turns":2},{"damage":39,"enemies":"Slime Boss","floor":16,"turns":7}],"seed_played":"3676482543975439763","potions_obtained":[{"floor":1,"key":"FearPotion"},{"floor":5,"key":"Energy Potion"},{"floor":11,"key":"Dexterity Potion"}],"is_trial":false,"path_per_floor":["M","$","?","M","M","E","M","?","T","M","E","$","R","M","R","B"],"character_chosen":"WATCHER","items_purchased":["Adaptation","Blood Vial"],"campfire_rested":2,"item_purchase_floors":[2,12],"current_hp_per_floor":[65,65,47,47,47,47,46,46,46,33,1,1,22,12,33,0,0],"gold":47,"neow_bonus":"THREE_CARDS","is_daily":false,"chose_seed":false,"campfire_upgraded":0,"win_rate":0.0,"timestamp":1613071122,"path_taken":["M","$","?","M","M","E","M","?","T","?","E","$","R","M","R","BOSS"],"items_purchased_type":["Card","Relic"],"build_version":"2020-12-22","purchased_purges":2,"victory":false,"max_hp_per_floor":[72,72,72,72,72,72,72,72,72,72,72,72,72,72,72,72,72],"relic_stats":{"Blood Vial":4,"SsserpentHead":50,"counters":[9,32],"Golden Idol":36,"obtain_stats":[{"Blood Vial":12,"SsserpentHead":8,"Golden Idol":3,"aspiration:FetidBarrel":11,"PureWater":0,"Bottled Tornado":6},{"Blood Vial":7,"SsserpentHead":5,"Golden Idol":1,"aspiration:FetidBarrel":7,"PureWater":0,"Bottled Tornado":4},{"Blood Vial":23,"SsserpentHead":14,"Golden Idol":2,"aspiration:FetidBarrel":23,"PureWater":0,"Bottled Tornado":11}]},"card_choices":[{"not_picked":["Fasting2","Swivel"],"picked":"Vengeance","floor":0},{"not_picked":["DeceiveReality","Prostrate"],"picked":"Consecrate","floor":1},{"not_picked":["ClearTheMind","Sanctity","CrushJoints"],"picked":"SKIP","floor":4},{"not_picked":["EmptyBody","FlyingSleeves","ThirdEye"],"picked":"SKIP","floor":5},{"not_picked":["EmptyFist","Fasting2"],"picked":"TalkToTheHand","floor":6},{"not_picked":["Prostrate","EmptyFist","Adaptation"],"picked":"SKIP","floor":7},{"not_picked":["Prostrate","Swivel","Halt"],"picked":"SKIP","floor":10},{"not_picked":["CrushJoints","Pray"],"picked":"MentalFortress","floor":11},{"not_picked":["CrushJoints","Wish"],"picked":"CutThroughFate","floor":14}],"player_experience":423790,"relics_obtained":[{"floor":6,"key":"Bottled Tornado"},{"floor":11,"key":"aspiration:FetidBarrel"}],"event_choices":[{"damage_healed":0,"gold_gain":0,"player_choice":"Take Damage","damage_taken":18,"relics_obtained":["Golden Idol"],"max_hp_gain":0,"max_hp_loss":0,"event_name":"Golden Idol","floor":3,"gold_loss":0},{"damage_healed":0,"gold_gain":0,"player_choice":"Trade","damage_taken":0,"relics_obtained":["SsserpentHead"],"max_hp_gain":0,"max_hp_loss":0,"event_name":"FaceTrader","floor":8,"gold_loss":0}],"is_beta":false,"boss_relics":[],"items_purged_floors":[2,12],"is_endless":false,"potions_floor_spawned":[1,5,11],"killed_by":"Slime Boss","ascension_level":6}}