{"host":"52m1o8iwwagurbjs","time":1613003421,"event":{"mods":["AchievementEnabler","BaseMod","Bestiary","Challenge The Spire","Colored Powertips","GifTheSpireLib","Minty Spire (QoL Compilation)","Quick Restart","Relic Stats","StSLib"],"gold_per_floor":[116,130,142,152,168,196,196,228,228,283,21,48,48,48,48,151,151,165,165,44,44,44,71,71,22,22,22,34,133,158,158,158],"floor_reached":31,"language":"ENG","playtime":1386,"items_purged":["Strike_R"],"score":328,"play_id":"c6c9bbc9-5d13-4bb4-8d4a-bbf49d8d01b4","local_time":"20210210193021","is_ascension_mode":true,"campfire_choices":[{"floor":7.0,"key":"REST"},{"floor":13,"key":"REST"},{"data":"True Grit","floor":15,"key":"SMITH"},{"data":"Juggernaut","floor":24,"key":"SMITH"},{"data":"Dark Embrace","floor":27,"key":"SMITH"}],"circlet_count":0,"master_deck":["Strike_R","Strike_R","Strike_R","Strike_R","Defend_R","Defend_R","Defend_R","Defend_R","Bash","Power Through","Sword Boomerang","Dark Embrace+1","Cleave","True Grit","Anger","Havoc","True Grit+1","Juggernaut+1","Shrug It Off","Feed","Fiend Fire","True Grit","Dropkick"],"relics":["SlaversCollar","Kunai","Centennial Puzzle","Pear","Letter Opener","StrikeDummy","Cursed Key","Nunchaku","Turnip"],"acts_visited":["Exordium","TheCity"],"potions_floor_usage":[12,23,23,23,23,28,30],"damage_taken":[{"damage":19.0,"enemies":"Jaw Worm","floor":1.0,"turns":5.0},{"damage":0.0,"enemies":"Small Slimes","floor":2.0,"turns":5.0},{"damage":0.0,"enemies":"2 Louse","floor":3.0,"turns":2.0},{"damage":2.0,"enemies":"Large Slime","floor":4.0,"turns":7.0},{"damage":10.0,"enemies":"Exordium Thugs","floor":5.0,"turns":2.0},{"damage":23.0,"enemies":"3 Sentries","floor":6.0,"turns":8.0},{"damage":14.0,"enemies":"Gremlin Nob","floor":8.0,"turns":5.0},{"damage":14,"enemies":"3 Sentries","floor":10,"turns":6},{"damage":13,"enemies":"3 Sentries","floor":12,"turns":5},{"damage":23,"enemies":"Slime Boss","floor":16,"turns":10},{"damage":0,"enemies":"Chosen","floor":18,"turns":5},{"damage":58,"enemies":"Book of Stabbing","floor":23,"turns":6},{"damage":16,"enemies":"2 Thieves","floor":28,"turns":3},{"damage":18,"enemies":"Gremlin Leader","floor":30,"turns":7},{"damage":22,"enemies":"Centurion and Healer","floor":31,"turns":2}],"seed_played":"1326700273568024756","potions_obtained":[{"floor":1.0,"key":"SkillPotion"},{"floor":3.0,"key":"DuplicationPotion"},{"floor":6.0,"key":"SkillPotion"},{"floor":16,"key":"EntropicBrew"},{"floor":23,"key":"LiquidBronze"}],"is_trial":false,"path_per_floor":["M","M","M","M","M","E","R","E","T","?","$","E","R","?","R","B",null,"M","?","$","?","$","E","R","$","T","R","M","?","E","M"],"character_chosen":"IRONCLAD","items_purchased":["Juggernaut","Shrug It Off","Explosive Potion","True Grit","Explosive Potion"],"campfire_rested":2,"item_purchase_floors":[11,11,11,20,25],"current_hp_per_floor":[61,61,61,59,49,26,50,36,46,32,32,19,46,46,46,26,93,93,93,93,93,93,49,49,49,49,49,36,36,21,0,0],"gold":158,"neow_bonus":"BOSS_RELIC","is_daily":false,"chose_seed":false,"campfire_upgraded":3,"win_rate":0.0,"timestamp":1613003421,"path_taken":["M","M","M","M","M","E","R","E","T","?","$","E","R","?","R","BOSS","M","?","$","?","$","E","R","$","T","R","M","?","E","M"],"items_purchased_type":["Card","Card","Potion","Card","Potion"],"build_version":"2020-12-22","purchased_purges":1,"victory":false,"max_hp_per_floor":[80,80,80,80,80,80,80,80,90,90,90,90,90,90,90,93,93,93,93,93,93,93,93,93,93,93,93,96,96,99,99,99],"relic_stats":{"Centennial Puzzle":[21],"Nunchaku":[3],"counters":[15,78],"Turnip":[2],"Kunai":[18],"Letter Opener":[68],"Cursed Key":0,"obtain_stats":[{"SlaversCollar":0,"Centennial Puzzle":8,"Nunchaku":23,"Pear":9,"Turnip":30,"Kunai":6,"Letter Opener":10,"StrikeDummy":12,"Cursed Key":17,"Burning Blood":0},{"SlaversCollar":0,"Centennial Puzzle":7,"Nunchaku":12,"Pear":7,"Turnip":14,"Kunai":6,"Letter Opener":7,"StrikeDummy":9,"Cursed Key":10,"Burning Blood":0},{"SlaversCollar":0,"Centennial Puzzle":34,"Nunchaku":66,"Pear":34,"Turnip":76,"Kunai":29,"Letter Opener":34,"StrikeDummy":45,"Cursed Key":55,"Burning Blood":0}]},"card_choices":[{"not_picked":["Seeing Red","Sentinel"],"picked":"Power Through","floor":1.0},{"not_picked":["Ghostly Armor","Thunderclap"],"picked":"Sword Boomerang","floor":2.0},{"not_picked":["Wild Strike","Sword Boomerang"],"picked":"Dark Embrace","floor":3.0},{"not_picked":["Armaments","Pummel"],"picked":"Cleave","floor":4.0},{"not_picked":["Thunderclap","Armaments"],"picked":"True Grit","floor":5.0},{"not_picked":["Headbutt","Clothesline"],"picked":"Anger","floor":6.0},{"not_picked":["Heavy Blade","Warcry"],"picked":"Havoc","floor":8.0},{"not_picked":["Sword Boomerang","Havoc"],"picked":"True Grit","floor":10},{"not_picked":["True Grit","Anger"],"picked":"Feed","floor":12},{"not_picked":["Exhume","Limit Break"],"picked":"Fiend Fire","floor":16},{"not_picked":["Iron Wave","Armaments+1","Heavy Blade"],"picked":"SKIP","floor":18},{"not_picked":["Searing Blow+1","Thunderclap","Havoc"],"picked":"SKIP","floor":23},{"not_picked":["Reckless Charge","Bloodletting"],"picked":"Dropkick","floor":28},{"not_picked":["Exhume","Heavy Blade","Reckless Charge"],"picked":"SKIP","floor":30}],"player_experience":1337746,"relics_obtained":[{"floor":6.0,"key":"Kunai"},{"floor":8.0,"key":"Centennial Puzzle"},{"floor":9.0,"key":"Pear"},{"floor":12,"key":"StrikeDummy"},{"floor":23,"key":"Nunchaku"},{"floor":30,"key":"Turnip"}],"event_choices":[{"damage_healed":0,"gold_gain":30,"player_choice":"Searched \u00273\u0027 times","damage_taken":0,"relics_obtained":["Letter Opener"],"max_hp_gain":0,"max_hp_loss":0,"event_name":"Dead Adventurer","floor":10,"gold_loss":0},{"damage_healed":0,"gold_gain":0,"player_choice":"Leave","damage_taken":0,"max_hp_gain":0,"max_hp_loss":0,"event_name":"The Cleric","floor":14,"gold_loss":0},{"damage_healed":0,"gold_gain":0,"player_choice":"Ignored","damage_taken":0,"max_hp_gain":0,"max_hp_loss":0,"event_name":"Ghosts","floor":19,"gold_loss":0},{"damage_healed":0,"gold_gain":99,"player_choice":"Stole From Cult","damage_taken":0,"max_hp_gain":0,"max_hp_loss":0,"event_name":"Nest","floor":29,"gold_loss":0}],"is_beta":false,"boss_relics":[{"not_picked":["Calling Bell","Tiny House"],"picked":"Cursed Key"}],"items_purged_floors":[20],"is_endless":false,"potions_floor_spawned":[1,3,6,16,23],"killed_by":"Centurion and Healer","ascension_level":1}}