{"host":"g907ck67u7c3hrs6","time":1613011915,"event":{"mods":["BaseMod","Colored Map","DeckTracker","Highlight Path","Keyboard Shortcuts","Minty Spire (QoL Compilation)","Permanent Neow","Say the Spire","SuperFastMode"],"gold_per_floor":[114,189,204,219,234,234,264,78,78,93,93,123,138,168,168,268,268,283,61,76,103,130,172,184,211,273,300,312,354,366,393,405,517,529,556,583,610,672,684,726,466,481,481,481,496,96,0,15,15,15],"floor_reached":51,"language":"KOR","playtime":1834,"items_purged":["Decay","Writhe"],"score":1018,"play_id":"1b72fdb9-6ab7-4c6b-890d-611afbd1e09d","local_time":"20210211115155","daily_mods":["Allstar","Vintage","Binary"],"is_ascension_mode":false,"campfire_choices":[{"data":"Eruption","floor":6.0,"key":"SMITH"},{"data":"SandsOfTime","floor":15.0,"key":"SMITH"},{"data":"Worship","floor":24.0,"key":"SMITH"},{"data":"Worship","floor":28,"key":"SMITH"},{"data":"Master of Strategy","floor":32,"key":"SMITH"},{"data":"Wallop","floor":49,"key":"SMITH"}],"circlet_count":0,"master_deck":["Strike_P","Strike_P+1","Strike_P","Strike_P+1","Defend_P+1","Defend_P+1","Defend_P","Defend_P","Eruption+1","Vigilance","Swift Strike","Dark Shackles","Sadistic Nature","Master of Strategy+1","Panacea","SandsOfTime+1","Worship+1","Worship+1","ThirdEye","Brilliance","Wallop+1","Worship+1","Scrawl","Secret Weapon","Finesse","Deep Breath","Magnetism+1"],"relics":["PureWater","Frozen Egg 2","Anchor","Art of War","Toy Ornithopter","Boot","Sling","Matryoshka","Akabeko","Kunai","Oddly Smooth Stone","Prayer Wheel","Cursed Key","Meat on the Bone","Bag of Preparation","MawBank","TeardropLocket","Question Card","PreservedInsect","Regal Pillow","Bronze Scales","Happy Flower","Torii","InkBottle","Ornamental Fan","Coffee Dripper","Damaru","Nunchaku","Whetstone","CloakClasp","Pear","Blood Vial","Yang","Bottled Flame","Dream Catcher","Incense Burner","Red Mask","Mummified Hand"],"acts_visited":["Exordium","TheCity","TheBeyond"],"potions_floor_usage":[27,37],"damage_taken":[{"damage":1.0,"enemies":"2 Louse","floor":1.0,"turns":4.0},{"damage":0.0,"enemies":"Jaw Worm","floor":3.0,"turns":3.0},{"damage":0.0,"enemies":"Cultist","floor":4.0,"turns":2.0},{"damage":1.0,"enemies":"Exordium Wildlife","floor":5.0,"turns":3.0},{"damage":35.0,"enemies":"3 Sentries","floor":7.0,"turns":10.0},{"damage":0.0,"enemies":"Looter","floor":10.0,"turns":2.0},{"damage":0.0,"enemies":"Lagavulin","floor":12.0,"turns":4.0},{"damage":0.0,"enemies":"Large Slime","floor":13.0,"turns":3.0},{"damage":0.0,"enemies":"3 Sentries","floor":14.0,"turns":6.0},{"damage":5.0,"enemies":"Hexaghost","floor":16.0,"turns":6.0},{"damage":0.0,"enemies":"2 Thieves","floor":18.0,"turns":2.0},{"damage":1.0,"enemies":"Spheric Guardian","floor":20.0,"turns":3.0},{"damage":0.0,"enemies":"Centurion and Healer","floor":21.0,"turns":4.0},{"damage":0.0,"enemies":"Cultist and Chosen","floor":22.0,"turns":3.0},{"damage":0.0,"enemies":"Gremlin Leader","floor":23.0,"turns":2.0},{"damage":5,"enemies":"Shelled Parasite and Fungi","floor":25,"turns":3},{"damage":0,"enemies":"Snake Plant","floor":27,"turns":3},{"damage":0,"enemies":"Book of Stabbing","floor":29,"turns":2},{"damage":0,"enemies":"Cultist and Chosen","floor":31,"turns":2},{"damage":27,"enemies":"Collector","floor":33,"turns":7},{"damage":9,"enemies":"3 Shapes","floor":35,"turns":4},{"damage":0,"enemies":"3 Darklings","floor":36,"turns":3},{"damage":12,"enemies":"Sphere and 2 Shapes","floor":37,"turns":5},{"damage":0,"enemies":"Mind Bloom Boss Battle","floor":38,"turns":3},{"damage":0,"enemies":"Reptomancer","floor":40,"turns":2},{"damage":31,"enemies":"Spire Growth","floor":42,"turns":3},{"damage":0,"enemies":"3 Darklings","floor":45,"turns":4},{"damage":0,"enemies":"Writhing Mass","floor":48,"turns":2},{"damage":0,"enemies":"Awakened One","floor":50,"turns":10}],"seed_played":"-587577638262706789","potions_obtained":[{"floor":1.0,"key":"Fruit Juice"},{"floor":3.0,"key":"Weak Potion"},{"floor":4.0,"key":"Block Potion"},{"floor":12.0,"key":"Energy Potion"},{"floor":20.0,"key":"PowerPotion"},{"floor":27,"key":"DuplicationPotion"},{"floor":40,"key":"LiquidMemories"}],"is_trial":false,"path_per_floor":["M","?","M","M","M","R","E","$","T","M","?","E","M","E","R","B",null,"M","$","M","M","M","E","R","M","T","M","R","E","?","M","R","B",null,"M","M","M","?","?","E","$","M","T","?","M","$","?","M","R","B",null],"character_chosen":"WATCHER","items_purchased":["Worship","Sling","Bag of Preparation","Wallop","Magnetism+1","Incense Burner"],"campfire_rested":0,"item_purchase_floors":[8,8,19,19,41,46],"current_hp_per_floor":[71,60,60,65,64,64,29,29,29,29,14,14,14,14,14,9,77,77,77,76,76,76,76,76,71,71,76,76,76,76,76,76,49,77,68,68,61,61,51,61,61,42,42,76,76,76,76,76,76,76],"gold":15,"neow_bonus":"","is_daily":true,"chose_seed":false,"campfire_upgraded":6,"win_rate":0.0,"timestamp":1613011915,"path_taken":["M","?","M","M","M","R","E","$","T","M","?","E","M","E","R","BOSS","M","$","M","M","M","E","R","M","T","M","R","E","?","?","R","BOSS","M","M","M","?","?","E","$","M","T","?","M","$","?","M","R","BOSS"],"items_purchased_type":["Card","Relic","Relic","Card","Card","Relic"],"build_version":"2020-12-22","purchased_purges":2,"victory":true,"max_hp_per_floor":[72,72,72,77,77,77,77,77,77,77,77,77,77,77,77,77,77,77,77,77,77,77,77,77,77,77,77,77,77,77,77,77,77,77,77,77,77,77,77,87,87,87,87,76,76,76,76,76,76,76],"card_choices":[{"not_picked":["Consecrate"],"picked":"SandsOfTime","floor":7.0},{"not_picked":["Tantrum"],"picked":"Worship","floor":12.0},{"not_picked":["Tantrum"],"picked":"ThirdEye","floor":14.0},{"not_picked":["Vault"],"picked":"Brilliance","floor":16.0},{"not_picked":["JustLucky","FlyingSleeves","SashWhip"],"picked":"SKIP","floor":23.0},{"not_picked":["Consecrate","EmptyBody+1","CarveReality+1"],"picked":"SKIP","floor":29},{"not_picked":["Blasphemy","SpiritShield"],"picked":"Scrawl","floor":33},{"not_picked":["Purity","Forethought"],"picked":"Secret Weapon","floor":39},{"not_picked":["Good Instincts","Transmutation"],"picked":"Finesse","floor":39},{"not_picked":["Enlightenment","Chrysalis"],"picked":"Deep Breath","floor":39},{"not_picked":["Crescendo","PathToVictory","CrushJoints"],"picked":"SKIP","floor":40}],"player_experience":278457,"relics_obtained":[{"floor":1.0,"key":"Frozen Egg 2"},{"floor":3.0,"key":"Anchor"},{"floor":4.0,"key":"Art of War"},{"floor":5.0,"key":"Toy Ornithopter"},{"floor":7.0,"key":"Boot"},{"floor":9.0,"key":"Matryoshka"},{"floor":10.0,"key":"Akabeko"},{"floor":12.0,"key":"Kunai"},{"floor":13.0,"key":"Oddly Smooth Stone"},{"floor":14.0,"key":"Prayer Wheel"},{"floor":18.0,"key":"Meat on the Bone"},{"floor":20.0,"key":"MawBank"},{"floor":21.0,"key":"TeardropLocket"},{"floor":22.0,"key":"Question Card"},{"floor":23.0,"key":"PreservedInsect"},{"floor":25,"key":"Regal Pillow"},{"floor":26,"key":"Bronze Scales"},{"floor":26,"key":"Happy Flower"},{"floor":27,"key":"Torii"},{"floor":29,"key":"InkBottle"},{"floor":31,"key":"Ornamental Fan"},{"floor":35,"key":"Damaru"},{"floor":36,"key":"Nunchaku"},{"floor":37,"key":"Whetstone"},{"floor":38,"key":"CloakClasp"},{"floor":40,"key":"Pear"},{"floor":42,"key":"Blood Vial"},{"floor":43,"key":"Yang"},{"floor":43,"key":"Bottled Flame"},{"floor":45,"key":"Dream Catcher"},{"floor":48,"key":"Mummified Hand"}],"event_choices":[{"damage_healed":0.0,"max_hp_gain":0.0,"max_hp_loss":0.0,"gold_gain":75.0,"event_name":"World of Goop","player_choice":"Gather Gold","floor":2.0,"gold_loss":0.0,"damage_taken":11.0},{"damage_healed":0.0,"max_hp_gain":0.0,"max_hp_loss":0.0,"gold_gain":0.0,"event_name":"Shining Light","player_choice":"Entered Light","floor":11.0,"gold_loss":0.0,"damage_taken":15.0,"cards_upgraded":["Defend_P","Defend_P"]},{"damage_healed":0,"gold_gain":0,"player_choice":"Copied","damage_taken":0,"max_hp_gain":0,"max_hp_loss":0,"event_name":"Duplicator","floor":30,"gold_loss":0,"cards_obtained":["Worship"]},{"damage_healed":0,"gold_gain":0,"player_choice":"Fight","damage_taken":0,"max_hp_gain":0,"max_hp_loss":0,"event_name":"MindBloom","floor":38,"gold_loss":0},{"damage_healed":0,"gold_gain":0,"player_choice":"Memory 3","damage_taken":10,"max_hp_gain":0,"max_hp_loss":0,"event_name":"SensoryStone","floor":39,"gold_loss":0},{"damage_healed":76,"gold_gain":0,"player_choice":"Heal","damage_taken":0,"max_hp_gain":0,"max_hp_loss":11,"event_name":"The Moai Head","floor":44,"gold_loss":0},{"damage_healed":0,"gold_gain":0,"player_choice":"Paid","damage_taken":0,"relics_obtained":["Red Mask"],"max_hp_gain":0,"max_hp_loss":0,"event_name":"Tomb of Lord Red Mask","floor":47,"gold_loss":96}],"is_beta":false,"boss_relics":[{"not_picked":["SlaversCollar","SacredBark"],"picked":"Cursed Key"},{"not_picked":["Busted Crown","Runic Dome"],"picked":"Coffee Dripper"}],"items_purged_floors":[41,46],"is_endless":false,"potions_floor_spawned":[1,3,4,12,16,20,21,23,25,27,31,40,42,48],"ascension_level":0}}