{"host":"ocll6kdfqxraqtza","time":1613024482,"event":{"mods":["2.2 Compatiblity","Act Like it!","Arknights","Aspiration","BaseMod","Better Third Choice","Gensokyo","Hallownest","Hermit","Hubris","Jorbs\u0027s Wanderer Trilogy","Luminous","Marisa（霧雨　魔理沙）","Minty Spire (QoL Compilation)","Reimu（博??梦）","Reliquary","Replay The Spire","Shade Mod","StSLib","The Alterego","The Bug Knight","The Cursed","The Hierophant","The Marked","The Runesmith","TheBandit","Wandering Minibosses"],"gold_per_floor":[110,130,60,71,71,71,86,111,137,137,137,405,405,40,40,40,40],"floor_reached":16,"language":"ENG","playtime":535,"items_purged":["Pain"],"score":108,"play_id":"4d2c607c-5169-49ac-99e1-414d75452215","local_time":"20210211142122","is_ascension_mode":false,"campfire_choices":[{"data":"Doppelganger","floor":6,"key":"SMITH"},{"data":"ats:Thorns","floor":11,"key":"SMITH"},{"floor":15,"key":"REST"}],"circlet_count":0,"master_deck":["ats:Strike C","ats:Strike G+1","ats:Strike V","ats:Armor Crushing Shot","ats:Defend","ats:Defend","ats:Emotion Absorption+1","ats:Dogmatic Field","ats:Consecutive Shot Auto","ats:Blood Oath","ats:Sword Rain","Poison Darts","Heel Hook","ats:Automatic Cover","ats:Thorns+1","ats:Roar Of Ursus","Flash of Steel"],"relics":["ats:Sanity","ats:Originium","Replay:Multitool","Akabeko","Gensokyo:OccultBall","Regal Pillow","Gensokyo:LunaticRedEyes","Membership Card","reliquary:HotPoker"],"acts_visited":["Gensokyo:Gensokyo"],"potions_floor_usage":[16],"damage_taken":[{"damage":7,"enemies":"Gensokyo:Gryphon","floor":1,"turns":4},{"damage":0,"enemies":"Gensokyo:2_Kodama","floor":2,"turns":3},{"damage":1,"enemies":"Gensokyo:3_Fairies","floor":4,"turns":4},{"damage":17,"enemies":"Gensokyo:CorruptedTreant","floor":7,"turns":3},{"damage":10,"enemies":"Gensokyo:Cirno","floor":8,"turns":5},{"damage":33,"enemies":"Gensokyo:Mamizou","floor":12,"turns":6},{"damage":61,"enemies":"Gensokyo:Reimu","floor":16,"turns":5}],"seed_played":"-564811181566871384","potions_obtained":[{"floor":7,"key":"LifebloodPotion"},{"floor":8,"key":"Elixir"},{"floor":12,"key":"AttackPotion"}],"is_trial":false,"path_per_floor":["M","M","?","M","?","R","M","E","T","?","R","E","?","$","R","B"],"character_chosen":"DOCTOR_CLASS","items_purchased":["Membership Card","reliquary:HotPoker","Flash of Steel"],"campfire_rested":1,"item_purchase_floors":[14,14,14],"current_hp_per_floor":[65,65,65,67,67,67,53,49,49,49,49,19,19,19,55,0,0],"gold":40,"neow_bonus":"ONE_RANDOM_RARE_CARD","is_daily":false,"chose_seed":false,"campfire_upgraded":2,"win_rate":0.0,"timestamp":1613024482,"path_taken":["M","M","?","M","?","R","?","E","T","?","R","E","?","$","R","BOSS"],"items_purchased_type":["Relic","Relic","Card"],"build_version":"2020-12-22","purchased_purges":1,"victory":false,"max_hp_per_floor":[72,72,72,72,72,72,72,72,72,72,72,72,72,72,72,72,72],"card_choices":[{"not_picked":["ats:Assault Order","ats:Cat Scratch"],"picked":"ats:Consecutive Shot Auto","floor":1},{"not_picked":["ats:Curse Doll","ats:Literary Storm"],"picked":"ats:Blood Oath","floor":2},{"not_picked":["ats:Consecutive Shot Auto","ats:Leaping Hammer"],"picked":"ats:Sword Rain","floor":4},{"not_picked":["ats:Curse Doll","ats:Powerful Strike"],"picked":"ats:Automatic Cover","floor":7},{"not_picked":["ats:Blood Oath","ats:Healing Drone"],"picked":"ats:Thorns","floor":8},{"not_picked":["ats:Rapid Magazine","ats:Hammer On"],"picked":"ats:Roar Of Ursus","floor":12}],"player_experience":521697,"relics_obtained":[{"floor":8,"key":"ats:Originium"},{"floor":8,"key":"Replay:Multitool"},{"floor":9,"key":"Akabeko"},{"floor":12,"key":"ats:Originium"},{"floor":12,"key":"Regal Pillow"}],"event_choices":[],"is_beta":false,"boss_relics":[],"items_purged_floors":[14],"is_endless":false,"potions_floor_spawned":[7,8,12],"killed_by":"Gensokyo:Reimu","ascension_level":0}}