{"host":"njruw0b0uprlitpx","time":1613071448,"event":{"mods":["2.2 Compatiblity","Act Like it!","Aspiration","Bartender","BaseMod","Better Altar","Better Match","Better Note","Better Sensory Stone","Better Skull","Better Third Choice","BetterRewards","Block Reminder","Colored Map","Colored Powertips","Curses Come First","Energized Spire","Hallownest","Jedi Mod","Keyboard Shortcuts","Minty Spire (QoL Compilation)","Quick Restart","Rare Cards Sparkle","Relic Stats","Replay The Spire","SacredBarkPlus","Spicy Shops","StSLib","SuperFastMode","The Blackbeard"],"gold_per_floor":[116,132,245,245,245,245,245,245,245,245,245,245,245,245,245,245,245,205,24,24,24,24,24,2,2,2,2,2,2,2,2,2,2,2,3,3,3,3,3,3,21,36,82,19,44,60,60,78,78,78],"floor_reached":51,"language":"ENG","playtime":2471,"items_purged":["betterMatch:CurseCard","Defend_Bartender","Defend_Bartender"],"score":2336,"play_id":"52fd6781-2393-4c56-ba2c-e67885577550","local_time":"20210211132408","is_ascension_mode":true,"campfire_choices":[{"data":"OpoOpo_Form","floor":13,"key":"SMITH"},{"floor":15,"key":"REST"},{"data":"Stick_and_Move","floor":25,"key":"SMITH"},{"data":"Momentum","floor":32,"key":"SMITH"},{"data":"Defend_Bartender","floor":47,"key":"PURGE"},{"data":"Strike_Bartender","floor":49,"key":"PURGE"}],"circlet_count":0,"master_deck":["AscendersBane","Strike_Bartender","Strike_Bartender","Strike_Bartender","Somersault","Raptor_Form+1","RockBreaker+","Breathe_Deep+1","Rope_A_Dope+1","Ball_Of_Ice+1","Vortex+","Cross+1","ReplayTheSpireMod:Private Reserves+1","Sucker_Punch+1","Scowl","Stick_and_Move+1","Breathe_Deep+1","Insight_B+1","OpoOpo_Form+1","Ripple","Windup+1","Snap_Punch","Wall_of_Ice","Dolphin_Blow+1","High_Tide+1","Hook+1","Meditate+1","Snap_Punch+1","Wall_of_Ice","Hook","Momentum+1","Moonsault_Kick+1","Scowl+1","Alacrity+1"],"relics":["Sneakers","ReplayTheSpireMod:CursedCoin","Golden Egg","jedi:gremlinknob","Shuriken","Replay:Wax Seal","BargainBundle","Replay:Multitool","Membership Card","Orrery","Mango","Bag of Preparation","aspiration:Nostalgia","Cracked Core","jedi:shrinkray","jedi:ominousloannote","Prayer Wheel","Ornamental Fan","DollysMirror","Singing Bowl","Oddly Smooth Stone","Replay:Accelerometer","Potion Belt","Toy Ornithopter","Odd Mushroom","Busted Crown","Piano_Music","The Courier","Power_Wrist","White Beast Statue","Replay:Bottled Flurry","Fusion Hammer","Replay:Baseball","Akabeko"],"acts_visited":["Exordium","TheCity","TheBeyond"],"potions_floor_usage":[8,16,18,23,23,23,33,33,50,50],"damage_taken":[{"damage":0,"enemies":"Cultist","floor":1,"turns":2},{"damage":4,"enemies":"Jaw Worm","floor":2,"turns":2},{"damage":0,"enemies":"Lagavulin","floor":6,"turns":4},{"damage":0,"enemies":"2 Louse","floor":7,"turns":1},{"damage":8,"enemies":"3 Sentries","floor":8,"turns":3},{"damage":0,"enemies":"Large Slime","floor":10,"turns":2},{"damage":0,"enemies":"Gremlin Nob","floor":12,"turns":3},{"damage":0,"enemies":"The Mushroom Lair","floor":14,"turns":3},{"damage":8,"enemies":"The Guardian","floor":16,"turns":4},{"damage":3,"enemies":"2 Thieves","floor":18,"turns":2},{"damage":0,"enemies":"Chosen","floor":22,"turns":3},{"damage":12,"enemies":"Slavers","floor":23,"turns":2},{"damage":0,"enemies":"Snake Plant","floor":28,"turns":1},{"damage":6,"enemies":"Book of Stabbing","floor":29,"turns":2},{"damage":0,"enemies":"Sentry and Sphere","floor":30,"turns":3},{"damage":0,"enemies":"Centurion and Healer","floor":31,"turns":2},{"damage":0,"enemies":"Automaton","floor":33,"turns":4},{"damage":12,"enemies":"3 Shapes","floor":35,"turns":2},{"damage":0,"enemies":"3 Darklings","floor":41,"turns":3},{"damage":0,"enemies":"Spire Growth","floor":42,"turns":3},{"damage":0,"enemies":"R_Hoarder","floor":45,"turns":3},{"damage":0,"enemies":"Transient","floor":46,"turns":3},{"damage":4,"enemies":"Maw","floor":48,"turns":3},{"damage":0,"enemies":"Time Eater","floor":50,"turns":3}],"seed_played":"-9197505285465776118","potions_obtained":[{"floor":12,"key":"AttackPotion"},{"floor":16,"key":"EntropicBrew"},{"floor":18,"key":"Regen Potion"},{"floor":22,"key":"Death Potion"},{"floor":30,"key":"SkillPotion"},{"floor":41,"key":"Swift Potion"},{"floor":42,"key":"PowerPotion"},{"floor":45,"key":"Flashbang"},{"floor":48,"key":"Weak Potion"}],"is_trial":false,"path_per_floor":["M","M","$","?","?","E","M","E","T","M","T","E","R","?","R","B",null,"M","$","?","?","M","E","$","R","T","R","M","E","M","M","R","B",null,"M","$","?","?","?","R","M","M","T","$","E","M","R","M","R","B",null],"character_chosen":"BARTENDER","items_purchased":["ReplayTheSpireMod:CursedCoin","Raptor_Form+1","Golden Egg","jedi:gremlinknob","Shuriken","Replay:Wax Seal","BargainBundle","LifebloodPotion","Adrenaline Potion","RockBreaker","Membership Card","Orrery","Bag of Preparation","aspiration:Nostalgia","Cross","ReplayTheSpireMod:Private Reserves","Sucker_Punch","jedi:shrinkray","jedi:ominousloannote","Prayer Wheel","Ornamental Fan","DollysMirror","Strength Potion","Insight_B","Piano_Music","Hook"],"campfire_rested":1,"item_purchase_floors":[0,0,0,0,0,0,0,0,0,0,0,0,0,0,0,0,0,0,3,3,3,3,3,3,19,24],"current_hp_per_floor":[73,69,69,69,69,69,71,63,63,65,65,65,65,65,83,75,81,84,84,84,84,86,91,91,91,91,91,93,89,89,91,91,97,97,87,87,87,87,87,94,98,102,102,102,104,108,108,108,108,112],"gold":78,"neow_bonus":"","is_daily":false,"chose_seed":false,"campfire_upgraded":3,"win_rate":0.0,"timestamp":1613071448,"path_taken":["M","M","$","?","?","E","M","E","T","?","?","E","R","?","R","BOSS","M","$","?","?","?","E","$","R","T","R","M","E","M","?","R","BOSS","M","$","?","?","?","R","?","M","T","?","E","?","R","M","R","BOSS"],"items_purchased_type":["Relic","Card","Relic","Relic","Relic","Relic","Relic","Potion","Potion","Card","Relic","Relic","Relic","Relic","Card","Card","Card","Relic","Relic","Relic","Relic","Relic","Potion","Card","Relic","Card"],"build_version":"2020-12-22","purchased_purges":3,"victory":true,"max_hp_per_floor":[79,79,79,79,79,79,81,81,81,83,83,83,83,83,83,83,83,87,87,87,87,89,91,91,91,91,91,93,95,95,97,97,97,97,99,99,99,94,94,94,98,102,102,102,104,108,108,112,112,112],"relic_stats":{"Busted Crown":48,"Singing Bowl":38,"counters":[121,362],"Shuriken":[30],"Ornamental Fan":[116],"Prayer Wheel":12,"Bag of Preparation":[50],"obtain_stats":[{"Golden Egg":0,"Replay:Accelerometer":9,"Whetstone":29,"jedi:shrinkray":45,"Blood Vial":29,"Replay:Ringing Soul":26,"jedi:firstaidkit":5,"Fusion Hammer":34,"Replay:Bottled Flurry":29,"Replay:Wax Seal":0,"aspiration:StickyExplosives":7,"Sneakers":0,"Akabeko":45,"Kintsugi":34,"Unceasing Top":10,"aspiration:Lifesprig":0,"Regal Pillow":25,"Lantern":0,"Singing Bowl":6,"Blue Doll":9,"GremlinMask":19,"Replay:Multitool":0,"Bag of Preparation":47,"Cursed Key":17,"White_Cape":20,"Power_Wrist":0,"Hallownest:GodTamersBeastRelic":38,"Pet Ghost":43,"Cleaning_Rag":26,"Replay:Rubber Ducky":45,"Silver_Glasses":34,"aspiration:ChemicalBlood":9,"Potion Belt":12,"Golden Idol":5,"Circlet":45,"jedi:gremlinknob":43,"The Courier":20,"Omamori":21,"jedi:crownofsimplicity":26,"Frozen Egg 2":9,"MawBank":23,"Busted Crown":17,"Ornamental Fan":3,"Orrery":8,"Garlic":20,"Bottled Lightning":36,"Toy Ornithopter":12,"Tiny House":34,"Calipers":41,"HornCleat":38,"jedi:paperlyon":17,"DollysMirror":47,"Philosopher\u0027s Stone":17,"Prayer Wheel":3,"Toxic Egg 2":5,"Girya":0,"aspiration:Nostalgia":11,"ReplayTheSpireMod:CursedCoin":12,"Replay:Grab Bag":17,"Dead Branch":0,"Oddly Smooth Stone":13,"aspiration:SeaSaltIceCream":45,"OrangePellets":0,"jedi:heavyjacket":0,"Replay:Baseball":43,"jedi:hotpepper":17,"Shuriken":0,"Onion Ring":27,"ReplayTheSpireMod:TigerMarble":24,"aspiration:HatOfInfinitePower":0,"ReplayTheSpireMod:DimensionalGlitch":34,"Mirror":39,"Replay:PocketPolymizer":37,"Piano_Music":25,"Mango":29,"Sizzling Blood":11,"ClockworkSouvenir":45,"Chameleon Ring":11,"Replay:Bottled Snecko":26,"Cracked Core":0,"BargainBundle":0,"Guide Book":45,"Quantum Egg":0,"Orichalcum":8,"Odd Mushroom":14,"White Beast Statue":26,"jedi:fakemustache":13,"Anchor":23,"CaptainsWheel":48,"Pondfish Scales":20,"jedi:kaleidoscope":37,"jedi:ominousloannote":5,"Bag of Marbles":48,"Membership Card":0,"Gem_Box":17,"PureWater":44,"jedi:arcanewood":28,"ReplayTheSpireMod:ShopPack":5},{"Golden Egg":97,"Replay:Accelerometer":102,"Whetstone":89,"jedi:shrinkray":69,"Blood Vial":35,"Replay:Ringing Soul":13,"jedi:firstaidkit":3,"Fusion Hammer":114,"Replay:Bottled Flurry":111,"Replay:Wax Seal":97,"aspiration:StickyExplosives":25,"Sneakers":0,"Akabeko":118,"Kintsugi":59,"Unceasing Top":78,"aspiration:Lifesprig":21,"Regal Pillow":56,"Lantern":72,"Singing Bowl":100,"Blue Doll":25,"GremlinMask":32,"Replay:Multitool":21,"Bag of Preparation":96,"Cursed Key":9,"White_Cape":32,"Power_Wrist":44,"Hallownest:GodTamersBeastRelic":65,"Pet Ghost":68,"Cleaning_Rag":56,"Replay:Rubber Ducky":69,"Silver_Glasses":91,"aspiration:ChemicalBlood":77,"Potion Belt":6,"Golden Idol":76,"Circlet":69,"jedi:gremlinknob":94,"The Courier":107,"Omamori":53,"jedi:crownofsimplicity":86,"Frozen Egg 2":5,"MawBank":86,"Busted Crown":106,"Ornamental Fan":99,"Orrery":25,"Garlic":53,"Bottled Lightning":92,"Toy Ornithopter":80,"Tiny House":36,"Calipers":39,"HornCleat":38,"jedi:paperlyon":82,"DollysMirror":96,"Philosopher\u0027s Stone":51,"Prayer Wheel":99,"Toxic Egg 2":46,"Girya":44,"aspiration:Nostalgia":6,"ReplayTheSpireMod:CursedCoin":6,"Replay:Grab Bag":51,"Dead Branch":72,"Oddly Smooth Stone":29,"aspiration:SeaSaltIceCream":69,"OrangePellets":21,"jedi:heavyjacket":44,"Replay:Baseball":117,"jedi:hotpepper":51,"Shuriken":97,"Onion Ring":87,"ReplayTheSpireMod:TigerMarble":34,"aspiration:HatOfInfinitePower":0,"ReplayTheSpireMod:DimensionalGlitch":17,"Mirror":38,"Replay:PocketPolymizer":93,"Piano_Music":34,"Mango":15,"Sizzling Blood":6,"ClockworkSouvenir":69,"Chameleon Ring":27,"Replay:Bottled Snecko":34,"Cracked Core":97,"BargainBundle":44,"Guide Book":69,"Quantum Egg":72,"Orichalcum":5,"Odd Mushroom":105,"White Beast Statue":109,"jedi:fakemustache":80,"Anchor":55,"CaptainsWheel":71,"Pondfish Scales":84,"jedi:kaleidoscope":38,"jedi:ominousloannote":3,"Bag of Marbles":43,"Membership Card":44,"Gem_Box":51,"PureWater":69,"jedi:arcanewood":34,"ReplayTheSpireMod:ShopPack":3},{"Golden Egg":299,"Replay:Accelerometer":311,"Whetstone":286,"jedi:shrinkray":233,"Blood Vial":108,"Replay:Ringing Soul":34,"jedi:firstaidkit":6,"Fusion Hammer":342,"Replay:Bottled Flurry":333,"Replay:Wax Seal":299,"aspiration:StickyExplosives":67,"Sneakers":0,"Akabeko":353,"Kintsugi":204,"Unceasing Top":257,"aspiration:Lifesprig":57,"Regal Pillow":193,"Lantern":242,"Singing Bowl":307,"Blue Doll":67,"GremlinMask":97,"Replay:Multitool":57,"Bag of Preparation":298,"Cursed Key":21,"White_Cape":97,"Power_Wrist":140,"Hallownest:GodTamersBeastRelic":222,"Pet Ghost":230,"Cleaning_Rag":193,"Replay:Rubber Ducky":233,"Silver_Glasses":291,"aspiration:ChemicalBlood":255,"Potion Belt":14,"Golden Idol":251,"Circlet":233,"jedi:gremlinknob":295,"The Courier":325,"Omamori":179,"jedi:crownofsimplicity":280,"Frozen Egg 2":11,"MawBank":280,"Busted Crown":323,"Ornamental Fan":303,"Orrery":67,"Garlic":179,"Bottled Lightning":292,"Toy Ornithopter":263,"Tiny House":113,"Calipers":124,"HornCleat":121,"jedi:paperlyon":270,"DollysMirror":298,"Philosopher\u0027s Stone":170,"Prayer Wheel":303,"Toxic Egg 2":146,"Girya":140,"aspiration:Nostalgia":14,"ReplayTheSpireMod:CursedCoin":14,"Replay:Grab Bag":170,"Dead Branch":242,"Oddly Smooth Stone":83,"aspiration:SeaSaltIceCream":233,"OrangePellets":57,"jedi:heavyjacket":140,"Replay:Baseball":350,"jedi:hotpepper":170,"Shuriken":299,"Onion Ring":282,"ReplayTheSpireMod:TigerMarble":105,"aspiration:HatOfInfinitePower":0,"ReplayTheSpireMod:DimensionalGlitch":46,"Mirror":121,"Replay:PocketPolymizer":294,"Piano_Music":105,"Mango":40,"Sizzling Blood":14,"ClockworkSouvenir":233,"Chameleon Ring":76,"Replay:Bottled Snecko":105,"Cracked Core":299,"BargainBundle":140,"Guide Book":233,"Quantum Egg":242,"Orichalcum":11,"Odd Mushroom":319,"White Beast Statue":330,"jedi:fakemustache":263,"Anchor":186,"CaptainsWheel":238,"Pondfish Scales":275,"jedi:kaleidoscope":121,"jedi:ominousloannote":6,"Bag of Marbles":134,"Membership Card":140,"Gem_Box":170,"PureWater":233,"jedi:arcanewood":105,"ReplayTheSpireMod:ShopPack":6}],"Toy Ornithopter":42},"card_choices":[{"not_picked":["Blizzard_Spikes","Pony_Shot"],"picked":"Breathe_Deep","floor":0},{"not_picked":["Pony_Shot","Dancing_Jab"],"picked":"Rope_A_Dope","floor":0},{"not_picked":["Perfect_Balance","Bloodbath_Bartender"],"picked":"Ball_Of_Ice","floor":0},{"not_picked":["Scoop","Training_Dummy"],"picked":"Vortex","floor":0},{"not_picked":["Phantom_Blow","Insight_B"],"picked":"Scowl","floor":1},{"not_picked":["On_The_Rocks","Dragonkick"],"picked":"Stick_and_Move","floor":2},{"not_picked":["Greased_Lightning","Scowl"],"picked":"OpoOpo_Form","floor":6},{"not_picked":["Tornado_Kick","On_The_Rocks"],"picked":"Ripple","floor":7},{"not_picked":["Phantom_Blow","On_The_Rocks","Dancing_Jab"],"picked":"Singing Bowl","floor":7},{"not_picked":["Insight_B","Scoop"],"picked":"Windup","floor":8},{"not_picked":["Foot_Thrust","Dancing_Jab"],"picked":"Snap_Punch","floor":10},{"not_picked":["Perfect_Balance","Press_Forward","Meditate"],"picked":"Singing Bowl","floor":10},{"not_picked":["ThreeSidedStar","On_The_House"],"picked":"Wall_of_Ice","floor":12},{"not_picked":["Hook","Bicycle_Kick"],"picked":"Form_Shift","floor":14},{"not_picked":["Butterfly_Float","Breathe_Deep"],"picked":"Dolphin_Blow","floor":16},{"not_picked":["Sucker_Punch"],"picked":"Singing Bowl","floor":18},{"not_picked":["Center_Self"],"picked":"Singing Bowl","floor":18},{"not_picked":["Pony_Shot"],"picked":"Singing Bowl","floor":22},{"not_picked":[],"picked":"High_Tide","floor":22},{"not_picked":["Meditate"],"picked":"Singing Bowl","floor":23},{"not_picked":["Pony_Shot"],"picked":"Singing Bowl","floor":28},{"not_picked":[],"picked":"Snap_Punch+1","floor":28},{"not_picked":["Pony_Shot"],"picked":"Singing Bowl","floor":29},{"not_picked":[],"picked":"Wall_of_Ice","floor":30},{"not_picked":[],"picked":"Hook","floor":30},{"not_picked":[],"picked":"Momentum","floor":31},{"not_picked":["Cross"],"picked":"Singing Bowl","floor":31},{"not_picked":[],"picked":"Moonsault_Kick","floor":33},{"not_picked":["Stick_and_Move"],"picked":"Singing Bowl","floor":35},{"not_picked":[],"picked":"Scowl+1","floor":35},{"not_picked":["With_A_Twist+1"],"picked":"Singing Bowl","floor":41},{"not_picked":["Raptor_Form+1"],"picked":"Singing Bowl","floor":41},{"not_picked":["Surge"],"picked":"Singing Bowl","floor":42},{"not_picked":["Bouncer"],"picked":"Singing Bowl","floor":42},{"not_picked":["Stick_and_Move"],"picked":"Singing Bowl","floor":45},{"not_picked":["Scoop+1"],"picked":"Singing Bowl","floor":46},{"not_picked":["Dragonkick"],"picked":"Singing Bowl","floor":46},{"not_picked":["Ball_Of_Ice"],"picked":"Singing Bowl","floor":48},{"not_picked":["Scoop"],"picked":"Singing Bowl","floor":48}],"player_experience":1216191,"relics_obtained":[{"floor":6,"key":"Singing Bowl"},{"floor":8,"key":"Oddly Smooth Stone"},{"floor":9,"key":"Replay:Accelerometer"},{"floor":11,"key":"Potion Belt"},{"floor":12,"key":"Toy Ornithopter"},{"floor":14,"key":"Odd Mushroom"},{"floor":20,"key":"The Courier"},{"floor":23,"key":"Power_Wrist"},{"floor":26,"key":"White Beast Statue"},{"floor":29,"key":"Replay:Bottled Flurry"},{"floor":43,"key":"Replay:Baseball"},{"floor":45,"key":"Akabeko"}],"event_choices":[{"damage_healed":69,"gold_gain":0,"player_choice":"Leave","damage_taken":0,"max_hp_gain":0,"max_hp_loss":79,"event_name":"betterThird:BetterShining","floor":5,"gold_loss":0},{"damage_healed":0,"gold_gain":0,"player_choice":"Fought Mushrooms","damage_taken":0,"max_hp_gain":0,"max_hp_loss":0,"event_name":"Mushrooms","floor":14,"gold_loss":0},{"damage_healed":0,"gold_gain":0,"player_choice":"Relic","damage_taken":0,"max_hp_gain":0,"max_hp_loss":0,"event_name":"Wheel of Change","floor":20,"gold_loss":0},{"damage_healed":0,"gold_gain":0,"player_choice":"Ignored","damage_taken":0,"max_hp_gain":0,"max_hp_loss":0,"event_name":"WeMeetAgain","floor":21,"gold_loss":0},{"damage_healed":0,"gold_gain":3,"player_choice":"4","damage_taken":0,"max_hp_gain":0,"max_hp_loss":0,"event_name":"betterStone:BetterStone","floor":37,"gold_loss":0,"cards_obtained":["Alacrity"]},{"damage_healed":0,"gold_gain":0,"player_choice":"Max HP","damage_taken":0,"max_hp_gain":0,"max_hp_loss":5,"event_name":"Winding Halls","floor":38,"gold_loss":0},{"cards_removed":["Form_Shift"],"damage_healed":0,"gold_gain":0,"player_choice":"Removed Skill","damage_taken":0,"max_hp_gain":0,"max_hp_loss":0,"event_name":"Falling","floor":39,"gold_loss":0}],"is_beta":false,"boss_relics":[{"not_picked":["Astrolabe","energizedSpire:MagnifyingGlass"],"picked":"Busted Crown"},{"not_picked":["aspiration:FutureDiary","energizedSpire:OgreHead"],"picked":"Fusion Hammer"}],"items_purged_floors":[0,19,44],"is_endless":false,"potions_floor_spawned":[1,7,12,16,18,22,28,29,30,31,33,35,41,42,45,46,48],"ascension_level":19}}