{"host":"b7j598ve05halrwk","time":1613028416,"event":{"mods":["2.2 Compatiblity","BaseMod","Block Reminder","DeckTracker","Minty Spire (QoL Compilation)","Relic Stats","Slay the Relics Exporter","StSLib","ojb\u0027s Better Paths Mod","ojb\u0027s Info Mod"],"gold_per_floor":[118,78,90,65,30,55,68,85,111,129,161,161,191,210,210,284,284,297,16,16,16,30,50,77,77,77],"floor_reached":25,"language":"ENG","playtime":1435,"items_purged":["Strike_B"],"score":590,"play_id":"5d66918d-48cb-4237-8e5f-6516a9dbd587","local_time":"20210211022656","is_ascension_mode":true,"campfire_choices":[{"data":"Beam Cell","floor":12.0,"key":"SMITH"},{"data":"Defragment","floor":15.0,"key":"SMITH"}],"circlet_count":0,"master_deck":["AscendersBane","Strike_B","Strike_B","Strike_B","Defend_B","Defend_B","Defend_B","Defend_B","Zap","Dualcast","Cold Snap","Beam Cell+1","Cold Snap","FTL","Ball Lightning","Auto Shields","Fission","Chaos","Defragment+1","Self Repair","All For One","Capacitor","Magnetism","Glacier+1","Sweeping Beam","Coolheaded"],"relics":["Cracked Core","NeowsBlessing","Pen Nib","Happy Flower","Boot","Toy Ornithopter","Snecko Eye","PreservedInsect"],"acts_visited":["Exordium","TheCity"],"potions_floor_usage":[24,24,25],"damage_taken":[{"damage":0.0,"enemies":"Cultist","floor":1.0,"turns":1.0},{"damage":0.0,"enemies":"2 Louse","floor":3.0,"turns":1.0},{"damage":0.0,"enemies":"Gremlin Nob","floor":6.0,"turns":1.0},{"damage":5.0,"enemies":"Jaw Worm","floor":7.0,"turns":3.0},{"damage":7.0,"enemies":"Large Slime","floor":8.0,"turns":3.0},{"damage":0.0,"enemies":"Red Slaver","floor":10.0,"turns":4.0},{"damage":0.0,"enemies":"3 Sentries","floor":11.0,"turns":7.0},{"damage":29.0,"enemies":"Lagavulin","floor":13.0,"turns":6.0},{"damage":0.0,"enemies":"Blue Slaver","floor":14.0,"turns":2.0},{"damage":30.0,"enemies":"Slime Boss","floor":16.0,"turns":8.0},{"damage":6.0,"enemies":"Spheric Guardian","floor":18.0,"turns":3.0},{"damage":0.0,"enemies":"3 Byrds","floor":20.0,"turns":2.0},{"damage":30.0,"enemies":"Centurion and Healer","floor":22.0,"turns":5.0},{"damage":9,"enemies":"Snecko","floor":23,"turns":11},{"damage":28,"enemies":"Book of Stabbing","floor":24,"turns":5},{"damage":19,"enemies":"Snake Plant","floor":25,"turns":1}],"seed_played":"5237352298607508657","potions_obtained":[{"floor":2.0,"key":"FearPotion"},{"floor":2.0,"key":"PowerPotion"},{"floor":8.0,"key":"Block Potion"},{"floor":11.0,"key":"Energy Potion"},{"floor":14.0,"key":"PowerPotion"},{"floor":16.0,"key":"AttackPotion"},{"floor":18.0,"key":"SmokeBomb"},{"floor":23,"key":"Strength Potion"},{"floor":24,"key":"SteroidPotion"}],"is_trial":false,"path_per_floor":["M","?","M","$","?","E","M","M","T","M","E","R","E","M","R","B",null,"M","$","M","?","M","M","E","M"],"character_chosen":"DEFECT","items_purchased":["Cold Snap","Magnetism"],"campfire_rested":0,"item_purchase_floors":[4,19],"current_hp_per_floor":[64,64,64,64,71,71,66,59,59,59,59,59,30,30,30,12,56,55,55,67,47,24,22,11,0,0],"gold":77,"neow_bonus":"THREE_ENEMY_KILL","is_daily":false,"chose_seed":false,"campfire_upgraded":2,"win_rate":0.0,"timestamp":1613028416,"path_taken":["M","?","?","$","?","E","M","M","T","M","E","R","E","M","R","BOSS","M","$","M","?","M","M","E","M"],"items_purchased_type":["Card","Card"],"build_version":"2020-12-22","purchased_purges":1,"victory":false,"max_hp_per_floor":[71,71,71,71,71,71,71,71,71,71,71,71,71,71,71,71,71,71,71,71,76,76,76,76,76,76],"relic_stats":{"Happy Flower":[18],"counters":[16,63],"Snecko Eye":[52,45,49,57],"Pen Nib":[12],"PreservedInsect":0,"Boot":[23],"obtain_stats":[{"NeowsBlessing":0,"Happy Flower":9,"Snecko Eye":17,"Pen Nib":6,"PreservedInsect":24,"Cracked Core":0,"Boot":11,"Toy Ornithopter":13},{"NeowsBlessing":0,"Happy Flower":5,"Snecko Eye":10,"Pen Nib":3,"PreservedInsect":15,"Cracked Core":0,"Boot":7,"Toy Ornithopter":8},{"NeowsBlessing":0,"Happy Flower":9,"Snecko Eye":36,"Pen Nib":3,"PreservedInsect":62,"Cracked Core":0,"Boot":20,"Toy Ornithopter":26}],"Toy Ornithopter":30},"card_choices":[{"not_picked":["Compile Driver","Aggregate"],"picked":"Cold Snap","floor":1.0},{"not_picked":["Capacitor","Go for the Eyes"],"picked":"Beam Cell","floor":3.0},{"not_picked":["Go for the Eyes","Leap"],"picked":"FTL","floor":6.0},{"not_picked":["Beam Cell","Double Energy"],"picked":"Ball Lightning","floor":7.0},{"not_picked":["Go for the Eyes","Compile Driver"],"picked":"Auto Shields","floor":8.0},{"not_picked":["Steam","Sweeping Beam"],"picked":"Fission","floor":10.0},{"not_picked":["Gash","Stack"],"picked":"Chaos","floor":11.0},{"not_picked":["Reprogram","Force Field"],"picked":"Defragment","floor":13.0},{"not_picked":["Go for the Eyes","Rebound"],"picked":"Self Repair","floor":14.0},{"not_picked":["Amplify","Hyperbeam"],"picked":"All For One","floor":16.0},{"not_picked":["Ball Lightning+1","Barrage"],"picked":"Capacitor","floor":18.0},{"not_picked":["Capacitor","Streamline"],"picked":"Glacier+1","floor":22.0},{"not_picked":["Conserve Battery","Beam Cell"],"picked":"Sweeping Beam","floor":23},{"not_picked":["FTL","Sweeping Beam"],"picked":"Coolheaded","floor":24}],"player_experience":1135579,"relics_obtained":[{"floor":6.0,"key":"Pen Nib"},{"floor":9.0,"key":"Happy Flower"},{"floor":11.0,"key":"Boot"},{"floor":13.0,"key":"Toy Ornithopter"},{"floor":24,"key":"PreservedInsect"}],"event_choices":[{"damage_healed":0.0,"max_hp_gain":0.0,"max_hp_loss":0.0,"gold_gain":0.0,"event_name":"The Woman in Blue","player_choice":"Bought 3 Potions","floor":2.0,"gold_loss":0.0,"damage_taken":0.0},{"damage_healed":17.0,"max_hp_gain":0.0,"max_hp_loss":0.0,"gold_gain":0.0,"event_name":"The Cleric","player_choice":"Healed","floor":5.0,"gold_loss":35.0,"damage_taken":0.0},{"damage_healed":0.0,"max_hp_gain":5.0,"max_hp_loss":0.0,"gold_gain":0.0,"event_name":"Forgotten Altar","player_choice":"Shed Blood","floor":21.0,"gold_loss":0.0,"damage_taken":25.0}],"is_beta":false,"boss_relics":[{"not_picked":["SacredBark","Empty Cage"],"picked":"Snecko Eye"}],"items_purged_floors":[19],"is_endless":false,"potions_floor_spawned":[6,7,8,11,14,16,18,23,24],"killed_by":"Snake Plant","ascension_level":20}}