{"host":"okvf2hy7r209l3k2","time":1613019959,"event":{"mods":["BaseMod","Block Reminder","Colored Map","Colored Powertips","Downfall","Hermit","Highlight Path","Minty Spire (QoL Compilation)","Permanent Neow","Quick Restart","StSLib","The Cursed","The Disciple","The Hierophant","The Necromancer","The Runesmith","The Servant 0.9.4"],"gold_per_floor":[111,130,38,48,63,73,91,104,104,104,121,151,151,165,165,294,294,317,341,341,341,341],"floor_reached":21,"language":"ENG","playtime":1681,"items_purged":[],"score":187,"play_id":"8c690cad-9769-47e1-b7bf-5f68c1020d2c","local_time":"20210210200559","is_ascension_mode":false,"campfire_choices":[{"floor":15,"key":"REST"}],"circlet_count":0,"master_deck":["Runesmith:Strike_RS","Runesmith:Strike_RS","Runesmith:Strike_RS","Runesmith:Strike_RS","Runesmith:Defend_RS","Runesmith:Defend_RS","Runesmith:Defend_RS","Runesmith:Defend_RS","Runesmith:CraftFirestone+1","Runesmith:Fortify","Runesmith:GoWithTheFlow","Runesmith:EarthShield","Runesmith:LithiumIon","Runesmith:CraftMagma","Runesmith:CreatorForm","Runesmith:Firewall","Regret","Runesmith:HammerThrow","Runesmith:Grindstone","Injury","Runesmith:PoweredAnvil","Runesmith:CraftIndustria","CurseOfTheBell","Runesmith:NanitesCloud+1","Runesmith:LithiumIon+1","Runesmith:RunicBlueprint+1","Runesmith:CraftProtectio+1","Slimebound:CheckThePlaybook"],"relics":["Runesmith:BrokenRuby","Du-Vu Doll","Pen Nib","Incense Burner","Golden Idol","Calling Bell","Toy Ornithopter","Eternal Feather","Prayer Wheel"],"acts_visited":["Exordium","TheCity"],"potions_floor_usage":[14],"damage_taken":[{"damage":2,"enemies":"Cultist","floor":1,"turns":4},{"damage":0,"enemies":"Jaw Worm","floor":2,"turns":4},{"damage":2,"enemies":"Small Slimes","floor":4,"turns":3},{"damage":0,"enemies":"3 Louse","floor":5,"turns":5},{"damage":2,"enemies":"Looter","floor":6,"turns":4},{"damage":0,"enemies":"Exordium Wildlife","floor":7,"turns":5},{"damage":4,"enemies":"Large Slime","floor":8,"turns":5},{"damage":18,"enemies":"Blue Slaver","floor":11,"turns":4},{"damage":17,"enemies":"Gremlin Nob","floor":12,"turns":5},{"damage":9,"enemies":"Looter","floor":14,"turns":4},{"damage":20,"enemies":"The Guardian","floor":16,"turns":8},{"damage":24,"enemies":"Shell Parasite","floor":18,"turns":7},{"damage":16,"enemies":"Spheric Guardian","floor":19,"turns":6},{"damage":30,"enemies":"Masked Bandits","floor":21,"turns":2}],"seed_played":"4978043089575904587","potions_obtained":[{"floor":1,"key":"CultistPotion"},{"floor":2,"key":"FearPotion"},{"floor":4,"key":"FearPotion"},{"floor":12,"key":"Swift Potion"},{"floor":19,"key":"EssenceOfSteel"}],"is_trial":false,"path_per_floor":["M","M","$","M","M","M","M","M","T","?","M","E","?","M","R","B",null,"M","M","?","?"],"character_chosen":"RUNESMITH_CLASS","items_purchased":["Runesmith:LithiumIon","Runesmith:CraftMagma"],"campfire_rested":1,"item_purchase_floors":[3,3],"current_hp_per_floor":[68,68,68,66,66,64,64,60,60,60,42,25,25,16,37,17,70,46,30,30,0,0],"gold":341,"neow_bonus":"UPGRADE_CARD","is_daily":false,"chose_seed":false,"campfire_upgraded":0,"win_rate":0.0,"timestamp":1613019959,"path_taken":["M","M","$","M","M","?","M","M","T","?","M","E","?","M","R","BOSS","M","M","?","?"],"items_purchased_type":["Card","Card"],"build_version":"2020-12-22","purchased_purges":0,"victory":false,"max_hp_per_floor":[70,70,70,70,70,70,70,70,70,70,70,70,70,70,70,70,70,70,70,63,63,63],"card_choices":[{"not_picked":["Runesmith:Prism","Runesmith:CraftReservo"],"picked":"Runesmith:GoWithTheFlow","floor":1},{"not_picked":["Runesmith:ChiselStab","Runesmith:Prism"],"picked":"Runesmith:EarthShield","floor":2},{"not_picked":["Runesmith:StaticCage","Runesmith:ShiftingStrike","Runesmith:Reinforce"],"picked":"SKIP","floor":4},{"not_picked":["Runesmith:MakeshiftArmor","Runesmith:CraftMagma","Runesmith:BackupBattery"],"picked":"SKIP","floor":5},{"not_picked":["Runesmith:ShiftingStrike","Runesmith:EarthShield","Runesmith:Repurpose"],"picked":"SKIP","floor":6},{"not_picked":["Runesmith:EarthShield","Runesmith:WhiteBalance"],"picked":"Runesmith:CreatorForm","floor":7},{"not_picked":["Runesmith:RuneHurl","Runesmith:HammerThrow"],"picked":"Runesmith:Firewall","floor":8},{"not_picked":["Runesmith:Terraform","Runesmith:EarthShield"],"picked":"Runesmith:HammerThrow","floor":11},{"not_picked":["Runesmith:ElementalConversion","Runesmith:Overpower"],"picked":"Runesmith:Grindstone","floor":12},{"not_picked":["Runesmith:ElementalConversion","Runesmith:Overpower"],"picked":"Runesmith:PoweredAnvil","floor":14},{"not_picked":["Runesmith:LightningRod","Runesmith:MetallurgicalResearch"],"picked":"Runesmith:CraftIndustria","floor":16},{"not_picked":["Runesmith:HeatedChisel+1","Runesmith:MakeshiftArmor+1"],"picked":"Runesmith:NanitesCloud+1","floor":18},{"not_picked":["Runesmith:Malloc+1","Runesmith:EarthShield"],"picked":"Runesmith:LithiumIon+1","floor":18},{"not_picked":["Runesmith:StaticCage","Runesmith:HeatExchange"],"picked":"Runesmith:RunicBlueprint+1","floor":19},{"not_picked":["Runesmith:Grindstone","Runesmith:CreatorForm"],"picked":"Runesmith:CraftProtectio+1","floor":19}],"player_experience":234538,"relics_obtained":[{"floor":9,"key":"Du-Vu Doll"},{"floor":12,"key":"Incense Burner"},{"floor":17,"key":"Toy Ornithopter"},{"floor":17,"key":"Eternal Feather"},{"floor":17,"key":"Prayer Wheel"}],"event_choices":[{"damage_healed":0,"gold_gain":0,"player_choice":"Box","damage_taken":0,"relics_obtained":["Pen Nib"],"max_hp_gain":0,"max_hp_loss":0,"event_name":"Big Fish","floor":10,"gold_loss":0,"cards_obtained":["Regret"]},{"damage_healed":0,"gold_gain":0,"player_choice":"Take Wound","damage_taken":0,"relics_obtained":["Golden Idol"],"max_hp_gain":0,"max_hp_loss":0,"event_name":"Golden Idol","floor":13,"gold_loss":0,"cards_obtained":["Injury"]},{"damage_healed":0,"gold_gain":0,"player_choice":"Fought Bandits","damage_taken":0,"max_hp_gain":0,"max_hp_loss":0,"event_name":"Masked Bandits","floor":21,"gold_loss":0}],"is_beta":false,"boss_relics":[{"not_picked":["Runic Pyramid","Black Star"],"picked":"Calling Bell"}],"items_purged_floors":[],"is_endless":false,"potions_floor_spawned":[1,2,4,12,19],"killed_by":"Masked Bandits","ascension_level":0}}