{"host":"trw84khdytc0ixrp","time":1613068335,"event":{"mods":["BaseMod","Downfall","Minty Spire (QoL Compilation)","StSLib"],"gold_per_floor":[99,117,129,129,143,169,169,182,82,82,82,21,48,62,72,177,177,77,89,89,104,104,104,104,122,140,50,68,68,68,99,113,212,212,212,231,251,266,285,124,124,166,166,74,84,113,13,44,54,54,54,84,6,6,6,6],"floor_reached":57,"language":"ENG","playtime":14396,"items_purged":["bronze:BitShift"],"score":1271,"play_id":"87982183-8b76-4eb2-a28b-bc760490afef","local_time":"20210211193215","is_ascension_mode":false,"campfire_choices":[{"data":"bronze:Goto","floor":1.0,"key":"SMITH"},{"floor":9.0,"key":"RECALL"},{"data":"bronze:DelayedSlice","floor":11.0,"key":"SMITH"},{"data":"bronze:Verify","floor":18.0,"key":"SMITH"},{"floor":30.0,"key":"REST"},{"data":"bronze:Turbo","floor":35,"key":"SMITH"},{"floor":47,"key":"REST"},{"floor":54,"key":"REST"}],"circlet_count":0,"master_deck":["bronze:Replicate","bronze:Goto+1","bronze:DelayedSlice+1","bronze:FineTuning","bronze:Frontload","bronze:FineTuning","bronze:Boost","bronze:DelayedSlice","bronze:ChosenStrike","bronze:Frontload","bronze:Verify+1","bronze:CloningBeam","bronze:OilSpill","bronze:CutThrough","bronze:ForLoop","bronze:Turbo+1","bronze:Optimize","bronze:ChildClass","bronze:ForceShield","bronze:FineTuning","Parasite","bronze:Fortify+1","bronze:Iterate","expansioncontent:InvincibleStrength","bronze:Frontload+1","bronze:BronzeOrb+1","bronze:GetLatest+1"],"relics":["bronze:BronzeCore","WingedGreaves","Du-Vu Doll","downfall:HeartBlessingGreen","Pandora\u0027s Box","downfall:HeartBlessingRed","Torii","StoneCalendar","Ornamental Fan","Runic Pyramid","Pen Nib","Incense Burner","Molten Egg 2","downfall:HeartBlessingBlue","The Courier","Gremlin Horn"],"acts_visited":["Exordium","TheCity","TheBeyond","TheEnding"],"potions_floor_usage":[36,48,56,56,56,56,56,56],"damage_taken":[{"damage":0.0,"enemies":"2 Louse","floor":2.0,"turns":3.0},{"damage":1.0,"enemies":"Jaw Worm","floor":3.0,"turns":3.0},{"damage":2.0,"enemies":"Small Slimes","floor":5.0,"turns":3.0},{"damage":27.0,"enemies":"Gremlin Nob","floor":6.0,"turns":6.0},{"damage":0.0,"enemies":"Blue Slaver","floor":8.0,"turns":5.0},{"damage":0.0,"enemies":"downfall:FleeingMerchant","floor":12.0,"turns":4.0},{"damage":9.0,"enemies":"3 Sentries","floor":13.0,"turns":5.0},{"damage":16.0,"enemies":"Exordium Wildlife","floor":14.0,"turns":6.0},{"damage":0.0,"enemies":"3 Louse","floor":15.0,"turns":2.0},{"damage":21.0,"enemies":"WA_ARCHETYPE_RETAIN","floor":16.0,"turns":11.0},{"damage":8.0,"enemies":"Shell Parasite","floor":19.0,"turns":3.0},{"damage":0.0,"enemies":"Snake Plant","floor":21.0,"turns":2.0},{"damage":2.0,"enemies":"Snake Plant","floor":22.0,"turns":2.0},{"damage":10.0,"enemies":"Shelled Parasite and Fungi","floor":25.0,"turns":4.0},{"damage":12.0,"enemies":"Centurion and Healer","floor":26.0,"turns":3.0},{"damage":0.0,"enemies":"downfall:FleeingMerchant","floor":27.0,"turns":4.0},{"damage":8.0,"enemies":"Snake Plant","floor":28.0,"turns":3.0},{"damage":10,"enemies":"Book of Stabbing","floor":31,"turns":5},{"damage":0,"enemies":"3 Cultists","floor":32,"turns":4},{"damage":30,"enemies":"SI_MIRROR_ARCHETYPE","floor":33,"turns":6},{"damage":6,"enemies":"3 Shapes","floor":36,"turns":2},{"damage":0,"enemies":"3 Darklings","floor":37,"turns":6},{"damage":12,"enemies":"Sphere and 2 Shapes","floor":38,"turns":5},{"damage":1,"enemies":"Writhing Mass","floor":39,"turns":3},{"damage":2,"enemies":"downfall:FleeingMerchant","floor":40,"turns":4},{"damage":0,"enemies":"downfall:FleeingMerchant","floor":42,"turns":1},{"damage":1,"enemies":"3 Darklings","floor":45,"turns":3},{"damage":23,"enemies":"Nemesis","floor":46,"turns":3},{"damage":45,"enemies":"Reptomancer","floor":48,"turns":7},{"damage":0,"enemies":"Transient","floor":49,"turns":5},{"damage":0,"enemies":"IC_BLOCK_ARCHETYPE","floor":50,"turns":5},{"damage":128,"enemies":"downfall:CharBossMerchant","floor":52,"turns":8},{"damage":24,"enemies":"downfall:NeowBoss","floor":55,"turns":11},{"damage":23,"enemies":"downfall:NeowBossFinal","floor":56,"turns":13}],"seed_played":"-2272277734327312819","potions_obtained":[{"floor":3.0,"key":"Guardian:BlockOnCardUsePotion"},{"floor":13.0,"key":"LiquidMemories"},{"floor":14.0,"key":"Strength Potion"},{"floor":15.0,"key":"LiquidBronze"},{"floor":16.0,"key":"BlessingOfTheForge"},{"floor":19.0,"key":"DistilledChaos"},{"floor":21.0,"key":"SkillPotion"},{"floor":25.0,"key":"FairyPotion"},{"floor":26.0,"key":"SkillPotion"},{"floor":27.0,"key":"Guardian:BlockOnCardUsePotion"},{"floor":28.0,"key":"bronze:CleanCodePotion"},{"floor":29.0,"key":"Fruit Juice"},{"floor":29.0,"key":"Ancient Potion"},{"floor":45,"key":"SpeedPotion"},{"floor":46,"key":"GamblersBrew"},{"floor":48,"key":"Ancient Potion"}],"is_trial":false,"path_per_floor":["R","M","M","?","M","E","T","M","R","?","R","$","E","M","M","B",null,"R","M","?","M","?","T","T","M","M","$","M","?","R","E","M","B",null,"R","M","M","M","M","?","T","$","?","$","M","E","R","E","M","B",null,"E","$","R","B","B",null],"character_chosen":"THE_AUTOMATON","items_purchased":["bronze:DelayedSlice","Pen Nib","Incense Burner","expansioncontent:InvincibleStrength","EntropicBrew"],"campfire_rested":3,"item_purchase_floors":[12,40,42,44,53],"current_hp_per_floor":[77,77,76,76,74,47,47,47,47,47,47,47,38,22,22,1,77,77,69,69,69,67,67,67,57,45,45,37,42,66,56,56,26,82,82,76,76,64,63,61,61,61,61,61,60,37,74,29,29,29,92,27,27,54,30,7],"gold":6,"neow_bonus":"TEN_PERCENT_HP_BONUS","is_daily":false,"chose_seed":false,"campfire_upgraded":4,"win_rate":0.0,"timestamp":1613068335,"path_taken":["R","M","M","?","M","E","T","M","R","?","R","?","E","M","M","BOSS","R","M","?","M","?","?","T","M","M","$","?","?","R","E","M","BOSS","R","M","M","M","?","?","T","$","?","?","M","E","R","E","M","BOSS","E","$","R","BOSS","BOSS"],"items_purchased_type":["Card","Relic","Relic","Card","Potion"],"build_version":"2020-12-22","purchased_purges":1,"victory":true,"max_hp_per_floor":[77,77,77,77,77,77,77,77,77,77,77,77,77,77,77,77,77,77,77,77,77,77,77,77,77,77,77,77,82,82,82,82,82,82,82,82,82,82,82,82,82,82,82,82,82,82,92,92,92,92,92,92,92,92,92,92],"card_choices":[{"not_picked":["bronze:CutThrough","bronze:Deprecate"],"picked":"bronze:DelayedSlice","floor":2.0},{"not_picked":["bronze:Branch","bronze:Iterate"],"picked":"bronze:FineTuning","floor":3.0},{"not_picked":["bronze:DarkDash","bronze:DelayedGuard"],"picked":"bronze:Frontload","floor":5.0},{"not_picked":["bronze:Overload","bronze:Backtrace"],"picked":"bronze:FineTuning","floor":6.0},{"not_picked":["bronze:GetLatest","bronze:Shield","bronze:BugBarrage"],"picked":"SKIP","floor":8.0},{"not_picked":["bronze:ShipIt","bronze:ForceShield"],"picked":"bronze:Boost","floor":12.0},{"not_picked":["bronze:Shield","bronze:Return"],"picked":"bronze:ChosenStrike","floor":13.0},{"not_picked":["bronze:Overheat","bronze:Deprecate"],"picked":"bronze:Frontload","floor":14.0},{"not_picked":["bronze:CloningBeam","bronze:BugBarrage","bronze:NullPointer"],"picked":"SKIP","floor":15.0},{"not_picked":["bronze:Assembly","bronze:RecursiveStrike"],"picked":"bronze:Verify","floor":16.0},{"not_picked":["bronze:Deprecate+1","bronze:Branch"],"picked":"bronze:Turbo","floor":19.0},{"not_picked":["bronze:ChosenStrike+1","bronze:OilSpill"],"picked":"bronze:Optimize","floor":21.0},{"not_picked":["bronze:CloningBeam+1","bronze:Deprecate"],"picked":"bronze:ChildClass","floor":25.0},{"not_picked":["bronze:Turbo","bronze:DelayedGuard","bronze:BugBarrage"],"picked":"SKIP","floor":26.0},{"not_picked":["bronze:Overload+1","bronze:Deprecate+1"],"picked":"bronze:ForceShield","floor":27.0},{"not_picked":["bronze:Safeguard","bronze:Deprecate","bronze:BugBarrage"],"picked":"SKIP","floor":28.0},{"not_picked":["bronze:DelayedGuard","bronze:Branch+1","bronze:BugBarrage"],"picked":"SKIP","floor":31},{"not_picked":["bronze:WhirlingStrike+1","bronze:DigitalCarnage+1"],"picked":"bronze:FineTuning","floor":32},{"not_picked":["bronze:Branch","bronze:BuggyMess","bronze:Overheat+1"],"picked":"SKIP","floor":36},{"not_picked":["bronze:Deprecate","bronze:ForceShield+1","bronze:CutThrough"],"picked":"SKIP","floor":37},{"not_picked":["bronze:WildBeam+1","bronze:WhirlingStrike","bronze:Return+1"],"picked":"SKIP","floor":38},{"not_picked":["bronze:DarkDash","bronze:Invalidate+1","bronze:Deprecate"],"picked":"SKIP","floor":39},{"not_picked":["bronze:Format","bronze:Iterate"],"picked":"bronze:Fortify+1","floor":40},{"not_picked":["bronze:BronzeOrb","bronze:BitShift+1"],"picked":"bronze:Iterate","floor":42},{"not_picked":["bronze:Optimize+1","bronze:Return"],"picked":"bronze:Frontload+1","floor":45},{"not_picked":["bronze:WhirlingStrike+1","bronze:Allocate","bronze:CutThrough+1"],"picked":"SKIP","floor":46},{"not_picked":["bronze:Verify","bronze:Invalidate","bronze:WildBeam+1"],"picked":"SKIP","floor":48},{"not_picked":["bronze:Shell+1","bronze:BronzeArmor"],"picked":"bronze:BronzeOrb+1","floor":49},{"not_picked":["bronze:ChosenStrike+1","bronze:RecursiveStrike+1"],"picked":"bronze:GetLatest+1","floor":52}],"player_experience":73645,"relics_obtained":[{"floor":6.0,"key":"WingedGreaves"},{"floor":7.0,"key":"Du-Vu Doll"},{"floor":13.0,"key":"White Beast Statue"},{"floor":23.0,"key":"Torii"},{"floor":24.0,"key":"StoneCalendar"},{"floor":31,"key":"Ornamental Fan"},{"floor":46,"key":"Molten Egg 2"},{"floor":48,"key":"The Courier"},{"floor":52,"key":"Gremlin Horn"}],"event_choices":[{"cards_removed":["bronze:Strike"],"damage_healed":0.0,"max_hp_gain":0.0,"max_hp_loss":0.0,"gold_gain":0.0,"event_name":"The Cleric","player_choice":"Card Removal","floor":4.0,"gold_loss":0.0,"damage_taken":0.0}],"is_beta":false,"boss_relics":[{"not_picked":["bronze:PlatinumCore","Runic Dome"],"picked":"Pandora\u0027s Box"},{"not_picked":["Coffee Dripper","Sozu"],"picked":"Runic Pyramid"}],"items_purged_floors":[27],"is_endless":false,"potions_floor_spawned":[3,13,14,15,16,19,21,22,25,26,27,28,45,46,48,49],"ascension_level":0}}