{"host":"d61fcf2p3sjwe6yo","time":1613037552,"event":{"mods":["Act Like it!","BaseMod","Colored Map","Hallownest","Minty Spire (QoL Compilation)","StSLib","SuperFastMode","The Bug Knight"],"gold_per_floor":[117,117,131,142,154,154,154],"floor_reached":6,"language":"ENG","playtime":476,"items_purged":[],"score":76,"play_id":"82a204e9-c7aa-4a09-8841-fe7f89698155","local_time":"20210211125912","is_ascension_mode":true,"campfire_choices":[],"circlet_count":0,"master_deck":["AscendersBane","HollowMod:NailStrikeStart","HollowMod:NailStrikeStart","HollowMod:NailStrikeStart","HollowMod:NailStrikeStart","HollowMod:QuickDashStart","HollowMod:QuickDashStart","HollowMod:QuickDashStart","HollowMod:QuickDashStart","HollowMod:FocusHealStart","HollowMod:PogoStrike","HollowMod:PaleKingsBlessing","HollowMod:DoubleDash","HollowMod:RecoilStrike","HollowMod:TaintedHusks"],"relics":["HollowMod:VesselMask","Hallownest:DreamNailRelic"],"acts_visited":["Hallownest:Greenpath"],"potions_floor_usage":[6],"damage_taken":[{"damage":11,"enemies":"Hallownest:monsterHuskGuard","floor":1,"turns":6},{"damage":8,"enemies":"Hallownest:2_MossCreeps","floor":3,"turns":6},{"damage":0,"enemies":"Hallownest:2_Baldur","floor":4,"turns":5},{"damage":13,"enemies":"Hallownest:monsterFoolEater","floor":5,"turns":6},{"damage":22,"enemies":"Hallownest:eliteVengeflyKing","floor":6,"turns":11}],"seed_played":"4163437803203807009","potions_obtained":[{"floor":1,"key":"SpeedPotion"},{"floor":3,"key":"SneckoOil"}],"is_trial":false,"path_per_floor":["M","?","M","M","M","E"],"character_chosen":"THE_BUGKNIGHT","items_purchased":[],"campfire_rested":0,"item_purchase_floors":[],"current_hp_per_floor":[70,70,72,75,75,59,59],"gold":154,"neow_bonus":"ONE_RANDOM_RARE_CARD","is_daily":false,"chose_seed":false,"campfire_upgraded":0,"win_rate":0.0,"timestamp":1613037552,"path_taken":["M","?","M","M","?","E"],"items_purchased_type":[],"build_version":"2020-12-22","purchased_purges":0,"victory":false,"max_hp_per_floor":[75,75,75,75,75,75,75],"card_choices":[{"not_picked":["HollowMod:SoulVessel","HollowMod:CoiledNail","HollowMod:HeavyBlow"],"picked":"SKIP","floor":1},{"not_picked":["HollowMod:CoiledNail","HollowMod:SoulStrike"],"picked":"HollowMod:DoubleDash","floor":3},{"not_picked":["HollowMod:SiblingsSouls","HollowMod:VengefulSpirit"],"picked":"HollowMod:RecoilStrike","floor":4},{"not_picked":["HollowMod:DescendingDark","HollowMod:HowlingWraiths"],"picked":"HollowMod:TaintedHusks","floor":5}],"player_experience":264293,"relics_obtained":[],"event_choices":[],"is_beta":false,"boss_relics":[],"items_purged_floors":[],"is_endless":false,"potions_floor_spawned":[1,3,5],"killed_by":"Hallownest:eliteVengeflyKing","ascension_level":20}}