{"host":"2rbn7ywmirq5y689","time":1613056311,"event":{"mods":["BaseMod","Colored Map","Colored Powertips","Highlight Path","Minty Spire (QoL Compilation)","Rare Cards Sparkle","Relic Stats","StSLib"],"gold_per_floor":[119,119,138,149,99,99,110,128,153,228,240,253,266,295,295,295,295],"floor_reached":16,"language":"ENG","playtime":957,"items_purged":[],"score":106,"play_id":"37732f56-2d69-46db-a183-2848710da581","local_time":"20210211231151","is_ascension_mode":false,"campfire_choices":[{"data":"Capacitor","floor":6,"key":"SMITH"},{"floor":15,"key":"REST"}],"circlet_count":0,"master_deck":["Strike_B+1","Strike_B+1","Strike_B","Defend_B","Defend_B","Defend_B","Defend_B","Zap","Dualcast+1","All For One","BootSequence","Capacitor+1","Ball Lightning","Glacier","FTL","Sweeping Beam","Conserve Battery","Defragment"],"relics":["Cracked Core","Whetstone","Potion Belt"],"acts_visited":["Exordium"],"potions_floor_usage":[16,16],"damage_taken":[{"damage":7,"enemies":"2 Louse","floor":1,"turns":3},{"damage":0,"enemies":"Cultist","floor":3,"turns":2},{"damage":8,"enemies":"Jaw Worm","floor":4,"turns":4},{"damage":3,"enemies":"3 Louse","floor":7,"turns":3},{"damage":5,"enemies":"Exordium Thugs","floor":8,"turns":3},{"damage":3,"enemies":"Red Slaver","floor":11,"turns":3},{"damage":0,"enemies":"Looter","floor":12,"turns":2},{"damage":2,"enemies":"Blue Slaver","floor":13,"turns":2},{"damage":24,"enemies":"3 Sentries","floor":14,"turns":6},{"damage":40,"enemies":"Slime Boss","floor":16,"turns":7}],"seed_played":"-5555729227987148698","potions_obtained":[{"floor":3,"key":"SkillPotion"},{"floor":7,"key":"DistilledChaos"},{"floor":12,"key":"PowerPotion"},{"floor":14,"key":"LiquidBronze"}],"is_trial":false,"path_per_floor":["M","?","M","M","?","R","M","M","T","?","M","M","M","E","R","B"],"character_chosen":"DEFECT","items_purchased":[],"campfire_rested":1,"item_purchase_floors":[],"current_hp_per_floor":[68,68,68,60,60,60,57,52,52,41,38,38,36,12,34,0,0],"gold":295,"neow_bonus":"ONE_RANDOM_RARE_CARD","is_daily":false,"chose_seed":false,"campfire_upgraded":1,"win_rate":0.0,"timestamp":1613056311,"path_taken":["M","?","?","M","?","R","M","M","T","?","M","M","?","E","R","BOSS"],"items_purchased_type":[],"build_version":"2020-12-22","purchased_purges":0,"victory":false,"max_hp_per_floor":[75,75,75,75,75,75,75,75,75,75,75,75,75,75,75,75,75],"relic_stats":{"counters":[10,35],"Whetstone":["Strike_B","Strike_B"],"obtain_stats":[{"Potion Belt":14,"Whetstone":9,"Cracked Core":0},{"Potion Belt":9,"Whetstone":5,"Cracked Core":0},{"Potion Belt":28,"Whetstone":15,"Cracked Core":0}]},"card_choices":[{"not_picked":["Stack","Turbo"],"picked":"BootSequence","floor":1},{"not_picked":["Go for the Eyes","Chaos"],"picked":"Capacitor","floor":3},{"not_picked":["Genetic Algorithm","Streamline"],"picked":"Ball Lightning","floor":4},{"not_picked":["Stack","Streamline"],"picked":"Glacier","floor":7},{"not_picked":["Glacier","Reinforced Body"],"picked":"FTL","floor":8},{"not_picked":["Consume","White Noise"],"picked":"Sweeping Beam","floor":11},{"not_picked":["Heatsinks","Redo"],"picked":"Conserve Battery","floor":12},{"not_picked":["Redo","Hologram"],"picked":"Defragment","floor":13},{"not_picked":["Storm","Reprogram","Compile Driver"],"picked":"SKIP","floor":14}],"player_experience":209873,"relics_obtained":[{"floor":9,"key":"Whetstone"},{"floor":14,"key":"Potion Belt"}],"event_choices":[{"damage_healed":0,"gold_gain":0,"player_choice":"Upgraded","damage_taken":0,"max_hp_gain":0,"max_hp_loss":0,"event_name":"Upgrade Shrine","floor":2,"gold_loss":0,"cards_upgraded":["Dualcast"]},{"cards_removed":["Strike_B"],"damage_healed":0,"gold_gain":0,"player_choice":"Card Removal","damage_taken":0,"max_hp_gain":0,"max_hp_loss":0,"event_name":"The Cleric","floor":5,"gold_loss":50},{"damage_healed":0,"gold_gain":75,"player_choice":"Gather Gold","damage_taken":11,"max_hp_gain":0,"max_hp_loss":0,"event_name":"World of Goop","floor":10,"gold_loss":0}],"is_beta":false,"boss_relics":[],"items_purged_floors":[],"is_endless":false,"potions_floor_spawned":[3,7,12,14],"killed_by":"Slime Boss","ascension_level":0}}