{"host":"uv5ws9rdk87e8i5k","time":1613071824,"event":{"mods":["AchievementEnabler","BaseMod","Colored Map","Minty Spire (QoL Compilation)","Permanent Neow","Quick Restart","StSLib","SuperFastMode","The Necromancer"],"gold_per_floor":[110,129,149,129,3,3,19,19,42,42,53,53,65,81,81,186,186,205,130,130],"floor_reached":19,"language":"ENG","playtime":381,"items_purged":["Strike_R"],"score":258,"play_id":"d151b58a-aea4-48e1-a915-f2a19bbe7056","local_time":"20210211133024","is_ascension_mode":true,"campfire_choices":[{"data":"Searing Blow","floor":6.0,"key":"SMITH"},{"data":"Searing Blow+1","floor":10.0,"key":"SMITH"},{"data":"Searing Blow+2","floor":12.0,"key":"SMITH"},{"data":"Searing Blow+3","floor":15.0,"key":"SMITH"}],"circlet_count":0,"master_deck":["AscendersBane","Strike_R","Strike_R","Strike_R","Strike_R","Defend_R","Defend_R","Defend_R","Defend_R","Bash","Fiend Fire","Ghostly Armor","True Grit","Searing Blow+4","Warcry","Armaments","Demon Form","Limit Break","Headbutt"],"relics":["Burning Blood","FaceOfCleric","Bronze Scales","Black Star"],"acts_visited":["Exordium","TheCity"],"potions_floor_usage":[],"damage_taken":[{"damage":7.0,"enemies":"Small Slimes","floor":1.0,"turns":4.0},{"damage":0.0,"enemies":"Cultist","floor":2.0,"turns":3.0},{"damage":4.0,"enemies":"Jaw Worm","floor":3.0,"turns":4.0},{"damage":21.0,"enemies":"Gremlin Gang","floor":7.0,"turns":9.0},{"damage":9.0,"enemies":"Blue Slaver","floor":11.0,"turns":3.0},{"damage":5.0,"enemies":"2 Fungi Beasts","floor":13.0,"turns":3.0},{"damage":5.0,"enemies":"Red Slaver","floor":14.0,"turns":3.0},{"damage":37.0,"enemies":"Hexaghost","floor":16.0,"turns":9.0},{"damage":35.0,"enemies":"Chosen","floor":18.0,"turns":6.0},{"damage":13,"enemies":"2 Thieves","floor":19,"turns":4}],"seed_played":"1290199363770099941","potions_obtained":[{"floor":3.0,"key":"SpeedPotion"},{"floor":4.0,"key":"Strength Potion"}],"is_trial":false,"path_per_floor":["M","M","M","?","$","R","M","?","T","R","M","R","M","M","R","B",null,"M","M"],"character_chosen":"IRONCLAD","items_purchased":["PowerPotion"],"campfire_rested":0,"item_purchase_floors":[5],"current_hp_per_floor":[50,56,58,58,58,58,43,43,43,43,41,41,43,45,45,15,67,39,26,26],"gold":130,"neow_bonus":"THREE_RARE_CARDS","is_daily":false,"chose_seed":false,"campfire_upgraded":4,"win_rate":0.0,"timestamp":1613071824,"path_taken":["M","M","M","?","$","R","?","?","T","R","M","R","?","M","R","BOSS","M","M"],"items_purchased_type":["Potion"],"build_version":"2020-12-22","purchased_purges":1,"victory":false,"max_hp_per_floor":[80,80,80,80,80,80,80,80,80,80,81,81,82,83,83,84,84,85,85,85],"card_choices":[{"not_picked":["Exhume","Berserk"],"picked":"Fiend Fire","floor":0.0},{"not_picked":["Thunderclap","Heavy Blade"],"picked":"Ghostly Armor","floor":1.0},{"not_picked":["Blood for Blood","Reckless Charge"],"picked":"True Grit","floor":2.0},{"not_picked":["Body Slam","Impervious"],"picked":"Searing Blow","floor":3.0},{"not_picked":["Flex","Clothesline","Havoc"],"picked":"SKIP","floor":7.0},{"not_picked":["Iron Wave","Havoc"],"picked":"Warcry","floor":11.0},{"not_picked":["Anger","Sword Boomerang"],"picked":"Armaments","floor":13.0},{"not_picked":["Anger","Iron Wave"],"picked":"Demon Form","floor":14.0},{"not_picked":["Brutality","Bludgeon"],"picked":"Limit Break","floor":16.0},{"not_picked":["Blood for Blood","Armaments"],"picked":"Headbutt","floor":18.0}],"player_experience":153468,"relics_obtained":[{"floor":9.0,"key":"Bronze Scales"}],"event_choices":[{"damage_healed":0.0,"max_hp_gain":0.0,"max_hp_loss":0.0,"gold_gain":0.0,"event_name":"The Woman in Blue","player_choice":"Bought 1 Potion","floor":4.0,"gold_loss":0.0,"damage_taken":0.0},{"damage_healed":0.0,"max_hp_gain":0.0,"max_hp_loss":0.0,"gold_gain":0.0,"event_name":"FaceTrader","player_choice":"Trade","floor":8.0,"gold_loss":0.0,"damage_taken":0.0,"relics_obtained":["FaceOfCleric"]}],"is_beta":false,"boss_relics":[{"not_picked":["Ectoplasm","Runic Dome"],"picked":"Black Star"}],"items_purged_floors":[5],"is_endless":false,"potions_floor_spawned":[3,7,11,14],"killed_by":"2 Thieves","ascension_level":12}}