{"host":"9jkzatiwan7o33sr","time":1613063311,"event":{"mods":["AchievementEnabler","Act Like it!","Aspiration","BaseMod","Colored Map","Colored Powertips","Conspire","Downfall","GifTheSpireLib","Hallownest","Hermit","Hubris","Infinite Spire","Jorbs\u0027s Wanderer Trilogy","Mad Scientist","Mimic Mod","Minty Spire (QoL Compilation)","Permanent Neow","Shade Mod","StSLib","Stuff the Spire","Td1madao Mod","The Bladedancer","The Bug Knight","The Cursed","The Forsaken","The Hierophant","The Jungle","The Mystic","The Necromancer","The Poker Player","The Servant 0.9.4","The Witch","[IsaacMod]????"],"gold_per_floor":[110,126,146,146,158,158,158,158,158,184,184,197,228,239,239,338,338,353,156,166,179,191,191,201,201,249,249,249,264,275,305,305,407,407,424,424,424,424,440,440,440,440],"floor_reached":41,"language":"ENG","playtime":3015,"items_purged":[],"score":477,"play_id":"a4554463-b1d0-44f1-8118-1527d59f661e","local_time":"20210211180831","is_ascension_mode":true,"campfire_choices":[{"data":"Eruption","floor":6,"key":"SMITH"},{"data":"Prostrate","floor":8,"key":"SMITH"},{"data":"Brilliance","floor":11,"key":"SMITH"},{"floor":15,"key":"REST"},{"floor":23,"key":"REST"},{"floor":28,"key":"REST"},{"floor":32,"key":"REST"},{"floor":40,"key":"REST"}],"circlet_count":0,"master_deck":["Strike_P","Strike_P","Strike_P","Strike_P","Defend_P","Defend_P","Defend_P","Defend_P","Eruption+1","Vigilance","FlurryOfBlows","FearNoEvil","DeceiveReality","Prostrate+1","Brilliance+1","Conclude","ReachHeaven","FlurryOfBlows","Establishment","Protect","Consecrate","Study","SashWhip+1","Halt+1","CrushJoints+1","LessonLearned","Consecrate","Wallop","ConjureBlade","Evaluate","Twin Strike+1"],"relics":["HolyWater","HushsDoor","BelialBook","Letter Opener","aspiration:HatOfInfinitePower","infinitespire:PuzzleCube","Akabeko","HowToJump","Ornamental Fan","aspiration:IroncladSkillbook","StuffTheSpire:GreaterSneckoEye"],"acts_visited":["Exordium","TheCity","TheBeyond"],"potions_floor_usage":[10,12,16,33],"damage_taken":[{"damage":0,"enemies":"Small Slimes","floor":1,"turns":3},{"damage":2,"enemies":"Jaw Worm","floor":2,"turns":4},{"damage":10,"enemies":"2 Louse","floor":3,"turns":2},{"damage":3,"enemies":"Blue Slaver","floor":5,"turns":4},{"damage":21,"enemies":"3 Sentries","floor":10,"turns":9},{"damage":20,"enemies":"Gremlin Gang","floor":12,"turns":5},{"damage":1,"enemies":"Exordium Thugs","floor":13,"turns":6},{"damage":8,"enemies":"Exordium Thugs","floor":14,"turns":4},{"damage":4,"enemies":"Hexaghost","floor":16,"turns":7},{"damage":2,"enemies":"Chosen","floor":18,"turns":4},{"damage":19,"enemies":"2 Thieves","floor":20,"turns":4},{"damage":4,"enemies":"3 Cultists","floor":21,"turns":5},{"damage":30,"enemies":"Snecko","floor":22,"turns":5},{"damage":22,"enemies":"Centurion and Healer","floor":24,"turns":6},{"damage":0,"enemies":"Sentry and Sphere","floor":29,"turns":3},{"damage":0,"enemies":"Snecko","floor":30,"turns":3},{"damage":21,"enemies":"Gremlin Leader","floor":31,"turns":5},{"damage":20,"enemies":"conspire:MysteriousRune","floor":33,"turns":6},{"damage":25,"enemies":"3 Darklings","floor":35,"turns":5},{"damage":19,"enemies":"Orb Walker","floor":39,"turns":4},{"damage":13,"enemies":"Reptomancer","floor":41,"turns":3}],"seed_played":"-8613512628864777258","potions_obtained":[{"floor":5,"key":"sneckomod:MuddlingPotion"},{"floor":12,"key":"Fruit Juice"},{"floor":14,"key":"Block Potion"},{"floor":22,"key":"SpeedPotion"},{"floor":24,"key":"ColorlessPotion"},{"floor":29,"key":"Weak Potion"},{"floor":30,"key":"infinitespire:BlackPotion"},{"floor":31,"key":"bronze:BurnAndBuffPotion"},{"floor":39,"key":"StancePotion"}],"is_trial":false,"path_per_floor":["M","M","M","?","M","R","?","R","T","E","R","M","MIM","M","R","B",null,"M","$","M","M","M","R","M","?","T","?","R","M","M","E","R","B",null,"M","?","?","$","M","R","E"],"character_chosen":"WATCHER","items_purchased":["Akabeko","Consecrate"],"campfire_rested":5,"item_purchase_floors":[19,19],"current_hp_per_floor":[79,77,67,67,64,64,64,64,64,43,43,28,27,19,44,40,84,82,82,63,59,29,54,32,32,32,32,57,57,57,36,61,41,84,63,43,43,43,28,53,40,40],"gold":440,"neow_bonus":"TEN_PERCENT_HP_BONUS","is_daily":false,"chose_seed":false,"campfire_upgraded":3,"win_rate":0.0,"timestamp":1613063311,"path_taken":["M","M","M","?","M","R","?","R","T","E","R","?","?","M","R","BOSS","M","$","M","M","M","R","M","?","T","?","R","?","M","E","R","BOSS","M","?","?","?","M","R","E"],"items_purchased_type":["Relic","Card"],"build_version":"2020-12-22","purchased_purges":0,"victory":false,"max_hp_per_floor":[79,79,79,79,79,79,79,79,79,79,79,84,84,84,84,84,84,84,84,84,84,84,84,84,84,84,84,84,84,84,84,84,84,84,84,84,84,84,84,84,84,84],"card_choices":[{"not_picked":["CrushJoints","WindmillStrike"],"picked":"FlurryOfBlows","floor":1},{"not_picked":["Perseverance","DeceiveReality"],"picked":"FearNoEvil","floor":2},{"not_picked":["FollowUp","Bomb"],"picked":"DeceiveReality","floor":3},{"not_picked":["SashWhip","BowlingBash"],"picked":"Prostrate","floor":5},{"not_picked":["Prostrate","FollowUp"],"picked":"Brilliance","floor":10},{"not_picked":["Study","Meditate"],"picked":"Conclude","floor":12},{"not_picked":["Crescendo","WaveOfTheHand"],"picked":"ReachHeaven","floor":13},{"not_picked":["CutThroughFate","ThirdEye"],"picked":"FlurryOfBlows","floor":14},{"not_picked":["MasterReality","Blasphemy"],"picked":"Establishment","floor":16},{"not_picked":["ClearTheMind+1","MentalFortress"],"picked":"Protect","floor":18},{"not_picked":["FlurryOfBlows","Weave"],"picked":"Study","floor":20},{"not_picked":["Crescendo+1","WindmillStrike+1"],"picked":"SashWhip+1","floor":21},{"not_picked":["WheelKick","PathToVictory"],"picked":"Halt+1","floor":22},{"not_picked":["Vengeance","SashWhip"],"picked":"CrushJoints+1","floor":24},{"not_picked":["Study+1","Evaluate+1"],"picked":"LessonLearned","floor":29},{"not_picked":["Collect","ForeignInfluence"],"picked":"Consecrate","floor":30},{"not_picked":["FlyingSleeves","Sanctity"],"picked":"Wallop","floor":31},{"not_picked":["Establishment","Blasphemy"],"picked":"ConjureBlade","floor":33},{"not_picked":["Tantrum","CutThroughFate","FlyingSleeves+1"],"picked":"Evaluate","floor":35},{"not_picked":["Searing Blow+1","Fasting2","hubris:ReadiedAction"],"picked":"Twin Strike+1","floor":39}],"player_experience":643420,"relics_obtained":[{"floor":9,"key":"Letter Opener"},{"floor":10,"key":"aspiration:HatOfInfinitePower"},{"floor":13,"key":"infinitespire:PuzzleCube"},{"floor":26,"key":"HowToJump"},{"floor":31,"key":"Ornamental Fan"},{"floor":36,"key":"StuffTheSpire:GreaterSneckoEye"}],"event_choices":[{"damage_healed":0,"gold_gain":0,"player_choice":"Ignored","damage_taken":0,"max_hp_gain":0,"max_hp_loss":0,"event_name":"Golden Idol","floor":4,"gold_loss":0},{"damage_healed":0,"gold_gain":0,"player_choice":"Ignored","damage_taken":0,"max_hp_gain":0,"max_hp_loss":0,"event_name":"Ghosts","floor":25,"gold_loss":0}],"is_beta":false,"boss_relics":[{"not_picked":["Cursed Key","Tiny House"],"picked":"HolyWater"},{"not_picked":[]},{"not_picked":["Astrolabe","Pandora\u0027s Box"],"picked":"aspiration:IroncladSkillbook"},{"not_picked":[]}],"items_purged_floors":[],"is_endless":false,"potions_floor_spawned":[5,12,14,22,24,29,30,31,39],"killed_by":"Reptomancer","ascension_level":3}}