{"host":"27c7lqff1bu0ydoz","time":1613067545,"event":{"mods":["AchievementEnabler","Act Like it!","Aspiration","BaseMod","Bestiary","Better Third Choice","Block Reminder","CapriCore","Colored Powertips","Conspire","Energized Spire","Friendly Minions","Gensokyo","GifTheSpireLib","Hermit","Highlight Path","Hubris","Infinite Spire","Koishi","Marisa????????","Minty Spire (QoL Compilation)","Rare Cards Sparkle","Reimu??????","Reliquary","Remilia??????","Replay The Spire","StSLib","The Immortal","Wandering Minibosses","Yakumo Yukari mod","Youmu??????","Yuyuko","yUi"],"gold_per_floor":[109,27,43,43,55,83,83,83,109,109,109,109,127,11,11,118,118,137,126,148,108,129,165,165,217,242,242,269,306,306,266,266,386,386,417,443,463,388,434,434,440,440],"floor_reached":41,"language":"ENG","playtime":4707,"items_purged":["hermit:Strike_Hermit"],"score":461,"play_id":"0ee7c5aa-5499-41f4-8574-a9b8b51fb03a","local_time":"20210211191905","is_ascension_mode":false,"campfire_choices":[{"data":"hermit:WideOpen","floor":8,"key":"SMITH"},{"data":"hermit:HighCaliber","floor":10,"key":"SMITH"},{"data":"hermit:Dive","floor":12,"key":"SMITH"},{"data":"hermit:Determination","floor":15,"key":"SMITH"},{"floor":24,"key":"REST"},{"floor":27,"key":"REST"},{"data":"hermit:Quickdraw","floor":30,"key":"SMITH"},{"floor":32,"key":"RECALL"},{"floor":40,"key":"REST"}],"circlet_count":0,"master_deck":["hermit:Strike_Hermit","hermit:Strike_Hermit","hermit:Strike_Hermit+1","hermit:Defend_Hermit","hermit:Defend_Hermit","hermit:Defend_Hermit","hermit:Defend_Hermit","hermit:Snapshot","hermit:Covet+1","hermit:WideOpen+1","hermit:GhostlyPresence","hermit:SprayPray","hermit:HighCaliber+1","hermit:Dive+1","hermit:Determination+1","hermit:ShadowCloak","hermit:Scavenge","hermit:FatalDesire","hermit:GhostlyPresence","hermit:Quickdraw+1","hermit:Gestalt+1","hermit:LowProfile+1","hermit:Vantage","hermit:GoldenBullet+1","hermit:BigShot+1","hermit:FinalCanter","hermit:CalledShot+1","hermit:FullyLoaded+1","hermit:Manifest+1"],"relics":["hermit:Momento","aspiration:Nostalgia","ScarletHat","reliquary:Firecrackers","Ancient Tea Set","energizedSpire:NeverEndingSparkler","ZunR:ReiMu","Gremlin Food","hubris:BundleOfHerbs","Replay:Bandana","Philosopher\u0027s Stone"],"acts_visited":["Exordium","TheCity","TheBeyond"],"potions_floor_usage":[16,22,23,23,33,37],"damage_taken":[{"damage":0,"enemies":"Cultist","floor":1,"turns":4},{"damage":0,"enemies":"Jaw Worm","floor":3,"turns":4},{"damage":0,"enemies":"Small Slimes","floor":5,"turns":3},{"damage":12,"enemies":"Lagavulin","floor":6,"turns":7},{"damage":0,"enemies":"Looter","floor":13,"turns":3},{"damage":0,"enemies":"The Guardian","floor":16,"turns":15},{"damage":0,"enemies":"3 Byrds","floor":18,"turns":7},{"damage":4,"enemies":"2 Thieves","floor":19,"turns":4},{"damage":22,"enemies":"Centurion and Healer","floor":20,"turns":10},{"damage":8,"enemies":"Shelled Parasite and Fungi","floor":22,"turns":11},{"damage":31,"enemies":"Gremlin Leader","floor":23,"turns":10},{"damage":0,"enemies":"conspire:MimicChest","floor":25,"turns":8},{"damage":2,"enemies":"Snake Plant","floor":28,"turns":7},{"damage":1,"enemies":"Sentry and Sphere","floor":29,"turns":14},{"damage":43,"enemies":"Collector","floor":33,"turns":25},{"damage":7,"enemies":"3 Darklings","floor":35,"turns":7},{"damage":14,"enemies":"3 Shapes","floor":36,"turns":5},{"damage":0,"enemies":"Maw","floor":37,"turns":8},{"damage":80,"enemies":"Reptomancer","floor":41,"turns":2}],"seed_played":"-534257027267426209","potions_obtained":[{"floor":1,"key":"Toxic Potion"},{"floor":3,"key":"PowerPotion"},{"floor":6,"key":"ZuzhouPotion:ReiMu"},{"floor":16,"key":"Languid Potion"},{"floor":18,"key":"Swift Potion"},{"floor":23,"key":"hermit:Tonic"},{"floor":36,"key":"DuplicationPotion"},{"floor":37,"key":"Dexterity Potion"}],"is_trial":false,"path_per_floor":["M","$","M","$","M","E","?","R","T","R","?","R","M","$","R","B",null,"M","M","M","?","M","E","R","?","T","R","M","M","R","?","R","B",null,"M","M","M","$","T","R","E"],"character_chosen":"HERMIT","items_purchased":["hermit:GhostlyPresence","hermit:ShadowCloak","hermit:Scavenge"],"campfire_rested":3,"item_purchase_floors":[2,14,14],"current_hp_per_floor":[75,75,75,75,75,63,63,63,63,63,63,63,63,63,63,63,75,75,71,49,49,41,10,32,32,32,54,52,51,51,51,51,75,75,68,54,54,54,54,75,0,0],"gold":440,"neow_bonus":"NOSTALGIA","is_daily":false,"chose_seed":false,"campfire_upgraded":5,"win_rate":0.0,"timestamp":1613067545,"path_taken":["M","?","?","$","M","E","?","R","T","R","?","R","M","$","R","BOSS","M","?","M","?","M","E","R","?","T","R","M","M","R","?","R","BOSS","M","M","M","$","?","R","E"],"items_purchased_type":["Card","Card","Card"],"build_version":"2020-12-22","purchased_purges":1,"victory":false,"max_hp_per_floor":[75,75,75,75,75,75,75,75,75,75,75,75,75,75,75,75,75,75,75,75,75,75,75,75,75,75,75,75,75,75,75,75,75,75,75,75,75,75,75,75,75,75],"card_choices":[{"not_picked":["hermit:Combo","hermit:Virtue"],"picked":"hermit:WideOpen","floor":1},{"not_picked":["hermit:TakeCover","hermit:DeadMansHand"],"picked":"hermit:SprayPray","floor":3},{"not_picked":["hermit:Glare","hermit:Vantage"],"picked":"hermit:HighCaliber","floor":5},{"not_picked":["hermit:Malice","hermit:Virtue"],"picked":"hermit:Dive","floor":6},{"not_picked":["hermit:Maintenance","hermit:BigShot"],"picked":"hermit:Determination","floor":13},{"not_picked":["hermit:RoundhouseKick","hermit:FromBeyond"],"picked":"hermit:FatalDesire","floor":16},{"not_picked":["hermit:BodyArmor","hermit:Ricochet"],"picked":"hermit:GhostlyPresence","floor":18},{"not_picked":["hermit:NoHoldsBarred","hermit:Ricochet","hermit:EternalForm"],"picked":"SKIP","floor":19},{"not_picked":["hermit:Coalescence","hermit:TakeAim"],"picked":"hermit:Quickdraw","floor":20},{"not_picked":["hermit:Dive","hermit:Malice+1"],"picked":"hermit:Gestalt","floor":22},{"not_picked":["hermit:WideOpen+1","hermit:Maintenance+1"],"picked":"hermit:LowProfile+1","floor":23},{"not_picked":["hermit:Snipe+1","hermit:Glare"],"picked":"hermit:Vantage","floor":25},{"not_picked":["hermit:HighCaliber","hermit:Headshot"],"picked":"hermit:GoldenBullet","floor":28},{"not_picked":["hermit:LowProfile","hermit:Gambit"],"picked":"hermit:BigShot+1","floor":29},{"not_picked":["hermit:HeroicBravado","hermit:Dissolve"],"picked":"hermit:FinalCanter","floor":33},{"not_picked":["hermit:Snipe","hermit:CursedWeapon"],"picked":"hermit:CalledShot+1","floor":35},{"not_picked":["hermit:Ricochet+1","hermit:TrackingShot+1"],"picked":"hermit:FullyLoaded+1","floor":36},{"not_picked":["hermit:CursedWeapon+1","hermit:WideOpen+1"],"picked":"hermit:Manifest+1","floor":37}],"player_experience":292381,"relics_obtained":[{"floor":6,"key":"reliquary:Firecrackers"},{"floor":9,"key":"Ancient Tea Set"},{"floor":23,"key":"Gremlin Food"},{"floor":25,"key":"hubris:BundleOfHerbs"},{"floor":26,"key":"Replay:Bandana"}],"event_choices":[{"damage_healed":0,"gold_gain":0,"player_choice":"Got Potions","damage_taken":0,"max_hp_gain":0,"max_hp_loss":0,"event_name":"Lab","floor":11,"gold_loss":0},{"damage_healed":0,"gold_gain":0,"player_choice":"Keep O-miki","damage_taken":0,"relics_obtained":["ZunR:ReiMu"],"max_hp_gain":0,"max_hp_loss":0,"event_name":"ZunEvent","floor":21,"gold_loss":40},{"damage_healed":0,"gold_gain":0,"player_choice":"Upgrade","damage_taken":0,"max_hp_gain":0,"max_hp_loss":0,"event_name":"Designer","floor":31,"gold_loss":40,"cards_upgraded":["hermit:GoldenBullet"]}],"is_beta":false,"boss_relics":[{"not_picked":["reliquary:WritOfMandamus","infinitespire:Cupcake"],"picked":"energizedSpire:NeverEndingSparkler"},{"not_picked":["energizedSpire:HugeHouse","Snecko Eye"],"picked":"Philosopher\u0027s Stone"}],"items_purged_floors":[38],"is_endless":false,"potions_floor_spawned":[1,3,6,16,18,20,23,36,37],"killed_by":"Reptomancer","ascension_level":0}}