{"host":"hbvn1mkfq2iixsau","time":1613027952,"event":{"mods":["AchievementEnabler","Act Like it!","BaseMod","Better Altar","Better Match","Better Sensory Stone","Better Skull","Better Third Choice","Colored Map","Downfall","Minty Spire (QoL Compilation)","Quick Restart","Relic Stats","Shop Mod","StSLib"],"gold_per_floor":[99,99,199,199,199,199,199,226,243,243,243,243],"floor_reached":10,"language":"ENG","playtime":197,"items_purged":[],"score":91,"play_id":"765c4d78-fd55-4275-b72a-c2eeb5acdee4","local_time":"20210211091911","is_ascension_mode":true,"campfire_choices":[{"floor":1,"key":"RECALL"}],"circlet_count":0,"master_deck":["Slimebound:Strike_Slimebound","Slimebound:Strike_Slimebound","Slimebound:Strike_Slimebound","Slimebound:Tackle","Slimebound:Defend_Slimebound","Slimebound:Defend_Slimebound","Slimebound:Defend_Slimebound","Slimebound:Defend_Slimebound","Slimebound:Split","Slimebound:CorrosiveSpit","Slimebound:FlameTackle","Regret","Slimebound:LivingWall","Slimebound:RallyTheTroops","Slimebound:SlimeBarrage"],"relics":["Slimebound:AbsorbEndCombat","downfall:HeartsMalice","Blue Candle","Akabeko","Mummified Hand","Prayer Wheel"],"acts_visited":["Exordium"],"potions_floor_usage":[],"damage_taken":[{"damage":0,"enemies":"Small Slimes","floor":2,"turns":1},{"damage":0,"enemies":"Jaw Worm","floor":5,"turns":1},{"damage":0,"enemies":"Lagavulin","floor":8,"turns":1},{"damage":2,"enemies":"Cultist","floor":9,"turns":3},{"damage":0,"enemies":"3 Sentries","floor":10,"turns":2}],"seed_played":"-8444196407501402522","potions_obtained":[{"floor":9,"key":"ColorlessPotion"}],"is_trial":false,"path_per_floor":["R","M","?","?","M","T","T","E","M","E"],"character_chosen":"SLIMEBOUND","items_purchased":[],"campfire_rested":0,"item_purchase_floors":[],"current_hp_per_floor":[65,65,65,65,65,65,65,65,64,64,64,64],"gold":243,"neow_bonus":"THREE_ENEMY_KILL","is_daily":false,"chose_seed":false,"campfire_upgraded":0,"win_rate":0.0,"timestamp":1613027951,"path_taken":["R","M","?","?","?","?","T","E","M","E"],"items_purchased_type":[],"build_version":"2020-12-22","purchased_purges":0,"victory":false,"max_hp_per_floor":[65,65,65,65,65,65,65,65,65,65,65,65],"relic_stats":{"counters":[5,5],"Mummified Hand":[0],"Blue Candle":[1],"Prayer Wheel":1,"obtain_stats":[{"Mummified Hand":7,"Blue Candle":4,"downfall:HeartsMalice":0,"Prayer Wheel":8,"Slimebound:AbsorbEndCombat":0,"Akabeko":6},{"Mummified Hand":2,"Blue Candle":1,"downfall:HeartsMalice":0,"Prayer Wheel":3,"Slimebound:AbsorbEndCombat":0,"Akabeko":2},{"Mummified Hand":0,"Blue Candle":0,"downfall:HeartsMalice":0,"Prayer Wheel":0,"Slimebound:AbsorbEndCombat":0,"Akabeko":0}]},"card_choices":[{"not_picked":["Slimebound:ComboTackle","Slimebound:Dissolve"],"picked":"Slimebound:FlameTackle","floor":2},{"not_picked":["Slimebound:DivideAndConquer","Slimebound:ServeAndProtect"],"picked":"Slimebound:LivingWall","floor":5},{"not_picked":["Slimebound:GoopSpray","Slimebound:LeechEnergy"],"picked":"Slimebound:RallyTheTroops","floor":8},{"not_picked":["Slimebound:AcidTongue","Slimebound:SplitAcid"],"picked":"Slimebound:SlimeBarrage","floor":9},{"not_picked":["Slimebound:ViciousTackle","Slimebound:ProtectTheBoss","Slimebound:ItLooksTasty"],"picked":"SKIP","floor":9}],"player_experience":348755,"relics_obtained":[{"floor":6,"key":"Akabeko"},{"floor":7,"key":"Mummified Hand"},{"floor":8,"key":"Prayer Wheel"}],"event_choices":[{"damage_healed":0,"gold_gain":0,"player_choice":"Box","damage_taken":0,"relics_obtained":["Blue Candle"],"max_hp_gain":0,"max_hp_loss":0,"event_name":"Big Fish","floor":4,"gold_loss":0,"cards_obtained":["Regret"]}],"is_beta":false,"boss_relics":[],"items_purged_floors":[],"is_endless":false,"potions_floor_spawned":[9],"killed_by":"3 Sentries","ascension_level":1}}