{"host":"hwuw9fxoqh6hcgug","time":1613030731,"event":{"mods":["BaseMod","Downfall","Highlight Path","Minty Spire (QoL Compilation)","StSLib"],"gold_per_floor":[99,112,112,112,123,154,177,7,7,7,22,36,36,21,31,131,131,131,149,162,177,177,203,228,247,247,247,267,300,323,346,374,386,386,386],"floor_reached":33,"language":"FRA","playtime":2437,"items_purged":["Doubt"],"score":306,"play_id":"f4a2d079-669c-43c1-ba23-6efb9e95432b","local_time":"20210211090531","is_ascension_mode":true,"campfire_choices":[{"data":"Guardian:TwinSlam","floor":1,"key":"SMITH"},{"floor":13,"key":"REST"},{"data":"Guardian:CurlUp","floor":18,"key":"SMITH"},{"data":"Guardian:EvasiveProtocol","floor":27,"key":"SMITH"}],"circlet_count":0,"master_deck":["Guardian:Strike_Guardian","Guardian:Strike_Guardian","Guardian:Strike_Guardian","Guardian:Defend_Guardian","Guardian:Defend_Guardian","Guardian:Defend_Guardian","Guardian:Defend_Guardian","Guardian:CurlUp+1","Guardian:TwinSlam+1","Guardian:PiercingHide","Guardian:EvasiveProtocol+1","Guardian:Recover+1","Guardian:TemporalShield+1","Guardian:Orbwalk+1","Guardian:Planning+1","Guardian:Emergency+1","Guardian:Suspension+1","Guardian:ConstructionForm+1","Guardian:FloatingOrbs+1","Guardian:Recover+1","Guardian:Gem_Red","Guardian:Gem_Crimson","Guardian:Planning+1","Guardian:TemporalShield+1"],"relics":["Guardian:ModeShifter","Toxic Egg 2","Frozen Egg 2","MealTicket","Busted Crown","Boot","Anchor","MawBank"],"acts_visited":["Exordium","TheCity"],"potions_floor_usage":[12,16,25,29,33],"damage_taken":[{"damage":5,"enemies":"Cultist","floor":2,"turns":4},{"damage":6,"enemies":"Jaw Worm","floor":5,"turns":6},{"damage":25,"enemies":"Gremlin Nob","floor":6,"turns":6},{"damage":0,"enemies":"downfall:FleeingMerchant","floor":8,"turns":4},{"damage":0,"enemies":"2 Louse","floor":11,"turns":4},{"damage":0,"enemies":"Large Slime","floor":12,"turns":6},{"damage":0,"enemies":"downfall:FleeingMerchant","floor":14,"turns":4},{"damage":2,"enemies":"Blue Slaver","floor":15,"turns":4},{"damage":33,"enemies":"WA_ARCHETYPE_RETAIN","floor":16,"turns":9},{"damage":2,"enemies":"Shell Parasite","floor":19,"turns":5},{"damage":0,"enemies":"Snecko","floor":20,"turns":7},{"damage":0,"enemies":"Cultist and Chosen","floor":21,"turns":5},{"damage":2,"enemies":"Gremlin Leader","floor":23,"turns":8},{"damage":0,"enemies":"Snake Plant","floor":25,"turns":5},{"damage":3,"enemies":"Sentry and Sphere","floor":28,"turns":6},{"damage":9,"enemies":"Slavers","floor":29,"turns":7},{"damage":0,"enemies":"Snecko","floor":30,"turns":6},{"damage":22,"enemies":"Snake Plant","floor":31,"turns":6},{"damage":10,"enemies":"Sentry and Sphere","floor":32,"turns":6},{"damage":39,"enemies":"DF_ARCHETYPE_CLAW","floor":33,"turns":5}],"seed_played":"-4968253117921061749","potions_obtained":[{"floor":11,"key":"Fire Potion"},{"floor":12,"key":"SkillPotion"},{"floor":15,"key":"Energy Potion"},{"floor":20,"key":"SneckoOil"},{"floor":23,"key":"bronze:BurnAndBuffPotion"},{"floor":25,"key":"Swift Potion"},{"floor":30,"key":"DuplicationPotion"}],"is_trial":false,"path_per_floor":["R","M","?","?","M","E","T","$","?","?","M","M","R","$","M","B",null,"R","M","M","M","?","E","T","M","?","R","M","E","M","M","M","B"],"character_chosen":"GUARDIAN","items_purchased":["Guardian:Orbwalk+1"],"campfire_rested":1,"item_purchase_floors":[8],"current_hp_per_floor":[80,75,75,50,44,19,19,34,34,28,28,28,52,67,65,32,80,80,78,78,78,78,76,76,76,61,61,58,49,49,27,17,0,0,0],"gold":386,"neow_bonus":"THREE_RARE_CARDS","is_daily":false,"chose_seed":false,"campfire_upgraded":3,"win_rate":0.0,"timestamp":1613030731,"path_taken":["R","M","?","?","M","E","T","$","?","?","M","?","R","$","M","BOSS","R","M","M","?","?","E","T","?","?","R","M","E","M","M","M","BOSS"],"items_purchased_type":["Card"],"build_version":"2020-12-22","purchased_purges":1,"victory":false,"max_hp_per_floor":[80,80,80,80,80,80,80,80,80,80,80,80,80,80,80,80,80,80,80,80,80,80,80,80,80,85,85,85,85,85,85,85,85,85,85],"card_choices":[{"not_picked":["Guardian:SphericShield","Guardian:RevengeProtocol"],"picked":"Guardian:Gem_Orange","floor":0},{"not_picked":["Guardian:PrismaticBarrier","Guardian:Gem_Red"],"picked":"Guardian:PiercingHide","floor":2},{"not_picked":["Guardian:Gem_Purple","Guardian:Gem_Red"],"picked":"Guardian:EvasiveProtocol","floor":5},{"not_picked":["Guardian:Gem_Yellow","Guardian:PiercingHide+1"],"picked":"Guardian:Recover+1","floor":6},{"not_picked":["Guardian:TemporalStrike","Guardian:VentSteam+1"],"picked":"Guardian:TemporalShield+1","floor":8},{"not_picked":["Guardian:TemporalShield+1","Guardian:Gem_Red"],"picked":"Guardian:Gem_Synthetic","floor":11},{"not_picked":["Guardian:Gem_Cyan","Guardian:TemporalStrike"],"picked":"Guardian:Planning+1","floor":12},{"not_picked":["Guardian:PiercingHide+1","Guardian:RollAttack"],"picked":"Guardian:Emergency+1","floor":14},{"not_picked":["Guardian:RollAttack","Guardian:FierceBash"],"picked":"Guardian:Suspension+1","floor":15},{"not_picked":["Guardian:StasisField+1","Guardian:HyperBeam_Guardian"],"picked":"Guardian:ConstructionForm+1","floor":16},{"not_picked":["Guardian:WalkerClaw"],"picked":"SKIP","floor":19},{"not_picked":[],"picked":"Guardian:FloatingOrbs+1","floor":20},{"not_picked":["Guardian:RefractedBeam"],"picked":"SKIP","floor":21},{"not_picked":["Guardian:RefractedBeam+1"],"picked":"SKIP","floor":23},{"not_picked":[],"picked":"Guardian:Gem_Red","floor":25},{"not_picked":[],"picked":"Guardian:Recover+1","floor":28},{"not_picked":[],"picked":"Guardian:Gem_Red","floor":29},{"not_picked":[],"picked":"Guardian:Gem_Crimson","floor":30},{"not_picked":[],"picked":"Guardian:Planning+1","floor":31},{"not_picked":[],"picked":"Guardian:TemporalShield+1","floor":32}],"player_experience":825591,"relics_obtained":[{"floor":6,"key":"Frozen Egg 2"},{"floor":7,"key":"MealTicket"},{"floor":23,"key":"Boot"},{"floor":24,"key":"Anchor"},{"floor":29,"key":"MawBank"}],"event_choices":[{"damage_healed":0,"gold_gain":0,"player_choice":"Success","damage_taken":25,"relics_obtained":["Toxic Egg 2"],"max_hp_gain":0,"max_hp_loss":0,"event_name":"Scrap Ooze","floor":4,"gold_loss":0}],"is_beta":false,"boss_relics":[{"not_picked":["Cursed Key","SacredBark"],"picked":"Busted Crown"}],"items_purged_floors":[8],"is_endless":false,"potions_floor_spawned":[11,12,15,20,23,25,30,31],"killed_by":"DF_ARCHETYPE_CLAW","ascension_level":1}}