{"host":"yqw1zpryoutrnocq","time":1613067772,"event":{"mods":["2.2 Compatiblity","AchievementEnabler","BaseMod","Colored Map","Custom Start","DeckTracker","Minty Spire (QoL Compilation)","StSLib","SuperFastMode"],"gold_per_floor":[112,112,129,129,53,81,81,92,146,158,158,32,50,61,61,61,61],"floor_reached":16,"language":"KOR","playtime":260,"items_purged":[],"score":148,"play_id":"1fdbf812-26a7-4863-9680-55dd7b2a2476","local_time":"20210211122252","is_ascension_mode":true,"campfire_choices":[{"data":"Defragment","floor":7,"key":"SMITH"},{"data":"Consume","floor":11,"key":"SMITH"},{"data":"Capacitor","floor":15,"key":"SMITH"}],"circlet_count":0,"master_deck":["Strike_B","Strike_B","Strike_B","Strike_B","Defend_B","Defend_B","Defend_B","Defend_B","Zap+1","Dualcast","Finesse","Consume+1","Capacitor+1","Defragment+1","Self Repair","Melter","Panacea","Defragment","Loop","Hologram"],"relics":["Cracked Core","Akabeko","TungstenRod"],"acts_visited":[],"potions_floor_usage":[6,14],"damage_taken":[{"damage":2,"enemies":"2 Louse","floor":1,"turns":3},{"damage":6,"enemies":"Cultist","floor":3,"turns":3},{"damage":26,"enemies":"Gremlin Nob","floor":6,"turns":4},{"damage":11,"enemies":"Small Slimes","floor":8,"turns":3},{"damage":23,"enemies":"Exordium Wildlife","floor":10,"turns":5},{"damage":3,"enemies":"Looter","floor":13,"turns":2},{"damage":11,"enemies":"2 Fungi Beasts","floor":14,"turns":4},{"damage":35,"enemies":"Slime Boss","floor":16,"turns":3}],"seed_played":"1085514057506505510","potions_obtained":[{"floor":1,"key":"AttackPotion"},{"floor":10,"key":"Strength Potion"},{"floor":13,"key":"Regen Potion"}],"is_trial":false,"path_per_floor":["M","?","M","?","$","E","R","M","T","M","R","$","M","M","R","B"],"character_chosen":"DEFECT","items_purchased":["Defragment","Panacea","Defragment"],"campfire_rested":0,"item_purchase_floors":[5,12,12],"current_hp_per_floor":[66,66,60,57,57,31,31,27,27,11,11,11,15,20,20,0,0],"gold":61,"neow_bonus":"RANDOM_COLORLESS","is_daily":false,"chose_seed":false,"campfire_upgraded":3,"win_rate":0.0,"timestamp":1613067772,"path_taken":["M","?","?","?","$","E","R","M","T","M","R","$","M","M","R","BOSS"],"items_purchased_type":["Card","Card","Card"],"build_version":"2020-12-22","purchased_purges":0,"victory":false,"max_hp_per_floor":[75,75,75,75,75,75,75,75,75,75,75,75,75,75,75,75,75],"card_choices":[{"not_picked":["Forethought","Discovery"],"picked":"Finesse","floor":0},{"not_picked":["Cold Snap","Compile Driver"],"picked":"Consume","floor":1},{"not_picked":["Defragment","Steam"],"picked":"Capacitor","floor":3},{"not_picked":["Sweeping Beam","Genetic Algorithm"],"picked":"Self Repair","floor":6},{"not_picked":["Go for the Eyes","Cold Snap"],"picked":"Melter","floor":8},{"not_picked":["Leap","Compile Driver","Stack"],"picked":"SKIP","floor":10},{"not_picked":["Rebound","Undo"],"picked":"Loop","floor":13},{"not_picked":["Buffer","Compile Driver"],"picked":"Hologram","floor":14}],"player_experience":329432,"relics_obtained":[{"floor":6,"key":"TungstenRod"}],"event_choices":[{"damage_healed":0,"gold_gain":0,"player_choice":"Upgraded","damage_taken":0,"max_hp_gain":0,"max_hp_loss":0,"event_name":"Upgrade Shrine","floor":2,"gold_loss":0,"cards_upgraded":["Zap"]},{"damage_healed":0,"gold_gain":0,"player_choice":"Success","damage_taken":3,"relics_obtained":["Akabeko"],"max_hp_gain":0,"max_hp_loss":0,"event_name":"Scrap Ooze","floor":4,"gold_loss":0}],"is_beta":false,"boss_relics":[],"items_purged_floors":[],"is_endless":false,"potions_floor_spawned":[1,10,13],"killed_by":"Slime Boss","ascension_level":9}}