{"host":"kv1pnk0cldlr55ks","time":1613081129,"event":{"mods":["AchievementEnabler","Aspiration","Bard","BaseMod","Beaked The Cultist","Better Match","Better Third Choice","Colored Map","Colored Powertips","Conspire","Downfall","Friendly Minions","Hermit","Hubris","Infinite Spire","Marisa????????","Minty Spire (QoL Compilation)","Quick Restart","Random Character Button","Rare Cards Sparkle","Remove Card Discount Mod","Replay The Spire","Robot Space Explorer","Spicy Shops","StSLib","The Cursed","The Disciple","The Necromancer","The Runesmith","The Servant 0.9.4","The Wild Card"],"gold_per_floor":[109,34,49,49,69,104,104,136,136,164,184,184,184,200,200,225,225,225,225],"floor_reached":18,"language":"ENG","playtime":1215,"items_purged":[],"score":157,"play_id":"074c66e9-5ba0-4fb6-8178-ffe13ba14d13","local_time":"20210211170528","is_ascension_mode":false,"campfire_choices":[{"data":"beaked:Overexert","floor":7,"key":"SMITH"},{"floor":17,"key":"REST"}],"circlet_count":0,"master_deck":["beaked:Strike_Y","beaked:Strike_Y","beaked:Strike_Y","beaked:Strike_Y","beaked:Strike_Y","beaked:Strike_Y","beaked:Defend_Y","beaked:Defend_Y","beaked:Defend_Y","beaked:Defend_Y","beaked:Ceremony","beaked:Ceremony","beaked:Ceremony","beaked:Recite","beaked:MachineEssence+1","beaked:ScreechingChant","beaked:Brace","beaked:Overexert+1","beaked:Resilience","beaked:Resilience","beaked:FeelMyPain","beaked:Tweet","Injury","beaked:Foresight"],"relics":["beaked:MendingPlumage","Boot","aspiration:ChemicalBlood","Mango","Smiling Mask","Golden Idol"],"acts_visited":["Exordium"],"potions_floor_usage":[6,10,10,10,10,11,11,11,14,14,14,18,18,18,18,18,18],"damage_taken":[{"damage":8,"enemies":"2 Louse","floor":1,"turns":4},{"damage":23,"enemies":"Cultist","floor":3,"turns":6},{"damage":34,"enemies":"Jaw Worm","floor":5,"turns":7},{"damage":35,"enemies":"3 Sentries","floor":6,"turns":8},{"damage":22,"enemies":"Replay:BlueRogue","floor":8,"turns":9},{"damage":55,"enemies":"Gremlin Nob","floor":10,"turns":5},{"damage":49,"enemies":"conspire:2 RoseBushes","floor":11,"turns":6},{"damage":23,"enemies":"3 Louse","floor":14,"turns":6},{"damage":36,"enemies":"Looter","floor":16,"turns":2},{"damage":75,"enemies":"Slime Boss","floor":18,"turns":3}],"seed_played":"-3062491885420526382","potions_obtained":[{"floor":5,"key":"Block Potion"},{"floor":8,"key":"GamblersBrew"},{"floor":10,"key":"hexamod:SoulburnPotion"},{"floor":11,"key":"EssenceOfSteel"},{"floor":14,"key":"Block Potion"}],"is_trial":false,"path_per_floor":["M","?","M","$","M","E","R","E","T","E","M","PTL","PTL","M","?","M","R","B"],"character_chosen":"BEAKED_THE_CULTIST","items_purchased":[],"campfire_rested":1,"item_purchase_floors":[],"current_hp_per_floor":[53,53,43,43,45,55,55,55,69,65,55,55,55,49,49,32,52,0,0],"gold":225,"neow_bonus":"TEN_PERCENT_HP_BONUS","is_daily":false,"chose_seed":false,"campfire_upgraded":1,"win_rate":0.0,"timestamp":1613081128,"path_taken":["M","?","M","$","M","E","R","E","T","E","M","PTL","PTL","M","?","M","R","BOSS"],"items_purchased_type":[],"build_version":"2020-12-22","purchased_purges":0,"victory":false,"max_hp_per_floor":[55,55,55,55,55,55,55,55,69,69,69,69,69,69,69,69,69,69,69],"card_choices":[{"not_picked":["beaked:Tweet","beaked:Tradeoff"],"picked":"beaked:Recite","floor":1},{"not_picked":["beaked:WildInstinct+1","beaked:FakeOut+1"],"picked":"beaked:MachineEssence+1","floor":2},{"not_picked":["beaked:BraceForImpact","beaked:Tradeoff"],"picked":"beaked:ScreechingChant","floor":3},{"not_picked":["beaked:RitualOfBody","beaked:Hexing"],"picked":"beaked:Brace","floor":5},{"not_picked":["ReplayTheSpireMod:Prepare the Ceremony","beaked:BraceForImpact"],"picked":"beaked:Overexert","floor":6},{"not_picked":["beaked:SurvivalInstinct","beaked:StickSmack"],"picked":"beaked:Resilience","floor":8},{"not_picked":["beaked:StickSmack","ReplayTheSpireMod:RavenHex"],"picked":"beaked:Resilience","floor":10},{"not_picked":["beaked:Replenish","beaked:CursingBlood"],"picked":"beaked:FeelMyPain","floor":11},{"not_picked":["beaked:Resilience","beaked:Tradeoff"],"picked":"beaked:Tweet","floor":14},{"not_picked":["beaked:WarriorEssence","beaked:Cower"],"picked":"beaked:Foresight","floor":16}],"player_experience":355939,"relics_obtained":[{"floor":6,"key":"Boot"},{"floor":8,"key":"aspiration:ChemicalBlood"},{"floor":9,"key":"Mango"},{"floor":10,"key":"Smiling Mask"}],"event_choices":[{"damage_healed":0,"gold_gain":0,"player_choice":"2","damage_taken":0,"max_hp_gain":0,"max_hp_loss":0,"event_name":"betterMatch:BetterMatch","floor":2,"gold_loss":0,"cards_obtained":["betterMatch:RareCard"]},{"damage_healed":0,"gold_gain":0,"player_choice":"Take Wound","damage_taken":0,"relics_obtained":["Golden Idol"],"max_hp_gain":0,"max_hp_loss":0,"event_name":"Golden Idol","floor":15,"gold_loss":0,"cards_obtained":["Injury"]}],"is_beta":false,"boss_relics":[],"items_purged_floors":[],"is_endless":false,"potions_floor_spawned":[5,8,10,11,14],"killed_by":"Slime Boss","ascension_level":0}}