{"host":"fmb9x04chdot191d","time":1613018901,"event":{"mods":["2.2 Compatiblity","AchievementEnabler","BaseMod","BetterRewards","Colored Map","Downfall","Hermit","Highlight Path","Marisa（霧雨　魔理沙）","Minty Spire (QoL Compilation)","Permanent Neow","Quick Restart","Replay The Spire","StSLib","The Servant 0.9.4","[IsaacMod]以撒尖塔"],"gold_per_floor":[110,60,7,7,21,21,50,66,92,92,118,118,136,136,136,276,276,276,276],"floor_reached":18,"language":"ENG","playtime":687,"items_purged":["Parasite"],"score":202,"play_id":"3bfe8094-097f-4446-b67f-cbb5946419aa","local_time":"20210211174821","is_ascension_mode":true,"campfire_choices":[{"data":"Perfected Strike","floor":6,"key":"SMITH"},{"data":"Bludgeon","floor":10,"key":"SMITH"},{"data":"Perfected Strike","floor":15,"key":"SMITH"}],"circlet_count":0,"master_deck":["Strike_R","Strike_R","Strike_R","Strike_R","Defend_R","Defend_R","Defend_R","Bash","Bludgeon+1","Pommel Strike","Perfected Strike+1","Shrug It Off","Clash","Perfected Strike+1","Twin Strike","Demonic Infusion","Enlightenment"],"relics":["Burning Blood","HushsDoor","TheBible","Bronze Scales","Red Skull","SalivaCoin","Black Star"],"acts_visited":["Exordium","TheCity"],"potions_floor_usage":[16],"damage_taken":[{"damage":1,"enemies":"Cultist","floor":1,"turns":4},{"damage":0,"enemies":"Small Slimes","floor":5,"turns":2},{"damage":17,"enemies":"Lagavulin","floor":7,"turns":6},{"damage":2,"enemies":"2 Louse","floor":8,"turns":2},{"damage":15,"enemies":"Replay:BlueRogue","floor":11,"turns":5},{"damage":4,"enemies":"Large Slime","floor":13,"turns":4},{"damage":36,"enemies":"Hexaghost","floor":16,"turns":3},{"damage":0,"enemies":"Shell Parasite","floor":18,"turns":1}],"seed_played":"1227640557373514587","potions_obtained":[{"floor":5,"key":"DistilledChaos"},{"floor":7,"key":"Elixir"},{"floor":11,"key":"PowerPotion"}],"is_trial":false,"path_per_floor":["M","?","$","?","M","R","E","M","T","R","E","?","M","?","R","B",null,"M"],"character_chosen":"IRONCLAD","items_purchased":["Perfected Strike","Enlightenment"],"campfire_rested":0,"item_purchase_floors":[3,17],"current_hp_per_floor":[80,80,80,80,80,80,69,73,73,73,64,80,80,65,65,35,70,70,70],"gold":276,"neow_bonus":"TRANSFORM_CARD","is_daily":false,"chose_seed":false,"campfire_upgraded":3,"win_rate":0.0,"timestamp":1613018901,"path_taken":["M","?","$","?","M","R","E","M","T","R","E","?","M","?","R","BOSS","M"],"items_purchased_type":["Card","Card"],"build_version":"2020-12-22","purchased_purges":1,"victory":false,"max_hp_per_floor":[80,80,80,80,80,80,80,80,80,80,80,80,80,80,80,80,70,70,70],"card_choices":[{"not_picked":["ReplayReversal","ReplayTheSpireMod:Strike From Hell"],"picked":"Pommel Strike","floor":1},{"not_picked":["Evolve","Wild Strike"],"picked":"Shrug It Off","floor":5},{"not_picked":["Carnage","Havoc"],"picked":"Clash","floor":7},{"not_picked":["Cleave","Abandon","Havoc"],"picked":"SKIP","floor":8},{"not_picked":["Brutality","Havoc"],"picked":"Perfected Strike","floor":11},{"not_picked":["Whirlwind","Clash"],"picked":"Twin Strike","floor":13},{"not_picked":["Berserk","Exhume"],"picked":"Demonic Infusion","floor":16}],"player_experience":94013,"relics_obtained":[{"floor":7,"key":"Bronze Scales"},{"floor":11,"key":"Red Skull"}],"event_choices":[{"cards_removed":["Defend_R"],"damage_healed":0,"gold_gain":0,"player_choice":"Card Removal","damage_taken":0,"max_hp_gain":0,"max_hp_loss":0,"event_name":"The Cleric","floor":2,"gold_loss":50},{"damage_healed":0,"gold_gain":0,"player_choice":"Ignored","damage_taken":0,"max_hp_gain":0,"max_hp_loss":0,"event_name":"Liars Game","floor":4,"gold_loss":0},{"damage_healed":20,"gold_gain":0,"player_choice":"Healed and dodged fight","damage_taken":0,"max_hp_gain":0,"max_hp_loss":0,"event_name":"Mushrooms","floor":12,"gold_loss":0,"cards_obtained":["Parasite"]}],"is_beta":false,"boss_relics":[{"not_picked":["Electric Blood","Fusion Hammer"],"picked":"Black Star"},{"not_picked":[]}],"items_purged_floors":[17],"is_endless":false,"potions_floor_spawned":[5,7,11],"killed_by":"Shell Parasite","ascension_level":4}}