{"host":"d52brwsy6af8zvaq","time":1613078801,"event":{"mods":["AchievementEnabler","BaseMod","Bestiary","Highlight Path","Minty Spire (QoL Compilation)","Quick Restart","Relic Stats","ojb\u0027s Better Paths Mod"],"gold_per_floor":[118,133,149,149,114,141,153,180,180,180,214,214,225,225,225,299,299,317,331,125,125,144,144,144],"floor_reached":23,"language":"ENG","playtime":2073,"items_purged":["Strike_B"],"score":422,"play_id":"aa92b994-fab5-4ae3-8c5a-9764b4e6e46d","local_time":"20210211142641","is_ascension_mode":true,"campfire_choices":[{"data":"Zap","floor":10.0,"key":"SMITH"},{"floor":12.0,"key":"REST"},{"data":"Dualcast","floor":15.0,"key":"SMITH"}],"circlet_count":0,"master_deck":["AscendersBane","Defend_B","Defend_B","Defend_B","Defend_B","Zap+1","Dualcast+1","White Noise","Barrage","Ball Lightning","Hologram","Coolheaded","Leap","Core Surge","Reinforced Body","Chill","Streamline","Echo Form","Steam","Redo+1","Bandage Up","Double Energy","Fission"],"relics":["Cracked Core","Orichalcum","Bronze Scales","TungstenRod","Pear","Centennial Puzzle","Black Star"],"acts_visited":["Exordium","TheCity"],"potions_floor_usage":[],"damage_taken":[{"damage":2.0,"enemies":"2 Louse","floor":1.0,"turns":4.0},{"damage":3.0,"enemies":"Small Slimes","floor":2.0,"turns":4.0},{"damage":0.0,"enemies":"Cultist","floor":3.0,"turns":3.0},{"damage":8.0,"enemies":"3 Sentries","floor":6.0,"turns":4.0},{"damage":10.0,"enemies":"Large Slime","floor":7.0,"turns":4.0},{"damage":7.0,"enemies":"Lagavulin","floor":8.0,"turns":7.0},{"damage":25.0,"enemies":"Gremlin Nob","floor":11.0,"turns":5.0},{"damage":0.0,"enemies":"Exordium Thugs","floor":13.0,"turns":4.0},{"damage":13.0,"enemies":"Hexaghost","floor":16.0,"turns":12.0},{"damage":10,"enemies":"Shell Parasite","floor":18,"turns":7},{"damage":0,"enemies":"3 Byrds","floor":19,"turns":3},{"damage":19,"enemies":"Snake Plant","floor":22,"turns":4},{"damage":50,"enemies":"Slavers","floor":23,"turns":4}],"seed_played":"7583167304666364726","potions_obtained":[{"floor":1.0,"key":"SkillPotion"},{"floor":3.0,"key":"SpeedPotion"},{"floor":11.0,"key":"Energy Potion"},{"floor":13.0,"key":"DuplicationPotion"},{"floor":19,"key":"PotionOfCapacity"}],"is_trial":false,"path_per_floor":["M","M","M","?","?","E","M","E","T","R","E","R","M","?","R","B",null,"M","M","$","?","M","E"],"character_chosen":"DEFECT","items_purchased":["Bandage Up","Double Energy"],"campfire_rested":1,"item_purchase_floors":[20,20],"current_hp_per_floor":[62,59,59,48,65,57,47,40,50,50,25,49,49,49,49,36,70,60,60,60,60,45,0,0],"gold":144,"neow_bonus":"TRANSFORM_CARD","is_daily":false,"chose_seed":false,"campfire_upgraded":2,"win_rate":0.0,"timestamp":1613078801,"path_taken":["M","M","M","?","?","E","M","E","T","R","E","R","M","?","R","BOSS","M","M","?","?","M","E"],"items_purchased_type":["Card","Card"],"build_version":"2020-12-22","purchased_purges":1,"victory":false,"max_hp_per_floor":[71,71,71,71,71,71,71,71,81,81,81,81,81,81,81,81,81,81,81,81,81,81,81,81],"relic_stats":{"Centennial Puzzle":[12],"counters":[13,65],"Bronze Scales":[216],"Black Star":0,"Orichalcum":[102],"obtain_stats":[{"Centennial Puzzle":11,"Pear":9,"Bronze Scales":6,"Black Star":17,"Orichalcum":4,"Cracked Core":0,"TungstenRod":8},{"Centennial Puzzle":7,"Pear":6,"Bronze Scales":4,"Black Star":9,"Orichalcum":3,"Cracked Core":0,"TungstenRod":6},{"Centennial Puzzle":31,"Pear":26,"Bronze Scales":15,"Black Star":47,"Orichalcum":11,"Cracked Core":0,"TungstenRod":26}],"TungstenRod":23},"card_choices":[{"not_picked":["Fusion","Hologram"],"picked":"Barrage","floor":1.0},{"not_picked":["Gash","Force Field"],"picked":"Ball Lightning","floor":2.0},{"not_picked":["Heatsinks","Force Field"],"picked":"Hologram","floor":3.0},{"not_picked":["Rebound","Redo"],"picked":"Coolheaded","floor":6.0},{"not_picked":["Stack","Loop"],"picked":"Leap","floor":7.0},{"not_picked":["Darkness","Conserve Battery"],"picked":"Core Surge","floor":8.0},{"not_picked":["Loop","Skim"],"picked":"Reinforced Body","floor":11.0},{"not_picked":["Streamline","Double Energy"],"picked":"Chill","floor":13.0},{"not_picked":["Machine Learning","Meteor Strike"],"picked":"Echo Form","floor":16.0},{"not_picked":["Tempest","Steam Power"],"picked":"Steam","floor":18},{"not_picked":["Steam","Rebound"],"picked":"Redo+1","floor":19},{"not_picked":["Rebound+1","Leap","Hello World"],"picked":"SKIP","floor":22}],"player_experience":2227973,"relics_obtained":[{"floor":6.0,"key":"Bronze Scales"},{"floor":8.0,"key":"TungstenRod"},{"floor":9.0,"key":"Pear"},{"floor":11.0,"key":"Centennial Puzzle"}],"event_choices":[{"damage_healed":0.0,"max_hp_gain":0.0,"max_hp_loss":0.0,"gold_gain":0.0,"event_name":"Scrap Ooze","player_choice":"Success","floor":4.0,"gold_loss":0.0,"damage_taken":11.0,"relics_obtained":["Orichalcum"]},{"damage_healed":17.0,"max_hp_gain":0.0,"max_hp_loss":0.0,"gold_gain":0.0,"event_name":"The Cleric","player_choice":"Healed","floor":5.0,"gold_loss":35.0,"damage_taken":0.0},{"damage_healed":0.0,"max_hp_gain":0.0,"max_hp_loss":0.0,"gold_gain":0.0,"cards_transformed":["Strike_B"],"event_name":"Transmorgrifier","player_choice":"Transformed","floor":14.0,"gold_loss":0.0,"damage_taken":0.0,"cards_obtained":["Streamline"]},{"damage_healed":0,"gold_gain":0,"cards_transformed":["Strike_B"],"player_choice":"Transformed","damage_taken":0,"max_hp_gain":0,"max_hp_loss":0,"event_name":"Transmorgrifier","floor":21,"gold_loss":0,"cards_obtained":["Fission"]}],"is_beta":false,"boss_relics":[{"not_picked":["SacredBark","Velvet Choker"],"picked":"Black Star"}],"items_purged_floors":[20],"is_endless":false,"potions_floor_spawned":[1,3,11,13,19],"killed_by":"Slavers","ascension_level":20}}