{"host":"kg61lsvem4dxoat8","time":1613056120,"event":{"mods":["AchievementEnabler","BaseMod","Better Altar","Better Match","Better Sensory Stone","Better Skull","Block Reminder","Highlight Path","Minty Spire (QoL Compilation)","Quick Restart","Rare Cards Sparkle","Relic Sorter","Relic Stats","StSLib","Synergy Search","slay the spire mod where everything is the same but ironclad has a cowboy hat"],"gold_per_floor":[110,110,60,60,75,75,75],"floor_reached":6,"language":"ENG","playtime":162,"items_purged":[],"score":51,"play_id":"f653f01d-bf29-4a05-bca3-cf94eab064cb","local_time":"20210211230840","is_ascension_mode":true,"campfire_choices":[],"circlet_count":0,"master_deck":["AscendersBane","Strike_R","Strike_R","Strike_R","Strike_R","Defend_R","Defend_R","Defend_R","Defend_R","Bash","Injury","Whirlwind","Seeing Red"],"relics":["Burning Blood","Champion Belt","Golden Idol","SsserpentHead"],"acts_visited":["Exordium"],"potions_floor_usage":[1],"damage_taken":[{"damage":24,"enemies":"Small Slimes","floor":1,"turns":4},{"damage":11,"enemies":"Jaw Worm","floor":5,"turns":5},{"damage":26,"enemies":"Gremlin Nob","floor":6,"turns":4}],"seed_played":"5744664088363747945","potions_obtained":[{"floor":1,"key":"Fruit Juice"}],"is_trial":false,"path_per_floor":["M","?","?","?","M","E"],"character_chosen":"IRONCLAD","items_purchased":[],"campfire_rested":0,"item_purchase_floors":[],"current_hp_per_floor":[59,59,59,59,54,28,28],"gold":75,"neow_bonus":"ONE_RARE_RELIC","is_daily":false,"chose_seed":false,"campfire_upgraded":0,"win_rate":0.0,"timestamp":1613056120,"path_taken":["M","?","?","?","M","E"],"items_purchased_type":[],"build_version":"2020-12-22","purchased_purges":0,"victory":false,"max_hp_per_floor":[85,79,79,79,79,79,79],"relic_stats":{"SsserpentHead":0,"counters":[3,13],"Golden Idol":3,"Champion Belt":[4],"obtain_stats":[{"SsserpentHead":4,"Golden Idol":2,"Champion Belt":0,"Burning Blood":0},{"SsserpentHead":1,"Golden Idol":1,"Champion Belt":0,"Burning Blood":0},{"SsserpentHead":4,"Golden Idol":4,"Champion Belt":0,"Burning Blood":0}],"Burning Blood":12},"card_choices":[{"not_picked":["Warcry","True Grit"],"picked":"Whirlwind","floor":1},{"not_picked":["Pommel Strike","Thunderclap"],"picked":"Seeing Red","floor":5}],"player_experience":1463680,"relics_obtained":[],"event_choices":[{"damage_healed":0,"gold_gain":0,"player_choice":"Lose Max HP","damage_taken":0,"relics_obtained":["Golden Idol"],"max_hp_gain":0,"max_hp_loss":6,"event_name":"Golden Idol","floor":2,"gold_loss":0},{"cards_removed":["Strike_R"],"damage_healed":0,"gold_gain":0,"player_choice":"Card Removal","damage_taken":0,"max_hp_gain":0,"max_hp_loss":0,"event_name":"The Cleric","floor":3,"gold_loss":50},{"damage_healed":0,"gold_gain":0,"player_choice":"Trade","damage_taken":0,"relics_obtained":["SsserpentHead"],"max_hp_gain":0,"max_hp_loss":0,"event_name":"FaceTrader","floor":4,"gold_loss":0}],"is_beta":false,"boss_relics":[],"items_purged_floors":[],"is_endless":false,"potions_floor_spawned":[1],"killed_by":"Gremlin Nob","ascension_level":10}}