{"host":"hzswyuuwdl03wwzr","time":1613014910,"event":{"mods":["100% Spire Juice","ATMod(∞¢Ë™Mod)","AchievementEnabler","Act Like it!","BaseMod","Bossed Relics","CapriCore","Hallownest","Lobotomy","LobotomyExtend","Luminous","Marisa£®ÏF”Í°°ƒß¿Ì…≥£©","Minty Spire (QoL Compilation)","MostiFishMod","Pale of the Ancients","Quick Restart","Reimu£®≤©¿ˆ¡È√Œ£©","Reliquary","Replay The Spire","StSLib","The Cursed","The Hierophant","The Immortal","The Runesmith","WarShipGirlsR/’ΩΩ¢…Ÿ≈ÆR mod","Warlord Emblem","Youmu£®ªÍ∆«—˝√Œ£©","Yuyuko","°æπ¶ƒ‹Mod°øªÏ„Á÷Æª∑–ﬁ∏¥≤π∂°","°æ“≈ŒÔø®≈∆°øREMEMod"],"gold_per_floor":[219,267,267,303,319,319,319,319,319,319,319,354,365,365,365,365,365],"floor_reached":16,"language":"ZHS","playtime":440,"items_purged":[],"score":96,"play_id":"bbb9f994-6dfc-4371-be0c-47e2bfc1582d","local_time":"20210211114150","is_ascension_mode":false,"campfire_choices":[{"data":"SwordExtraction","floor":6,"key":"SMITH"},{"data":"SlashOfPresentWorld","floor":8,"key":"SMITH"},{"floor":11,"key":"RECALL"},{"data":"CrescentMoonSlash","floor":15,"key":"SMITH"}],"circlet_count":0,"master_deck":["Strike_YM","Strike_YM","Strike_YM","Strike_YM","Defend_YM","Defend_YM","Defend_YM","Defend_YM","SlashOfPresentWorld+1","WheelOfPainOfLivingAndDead+1","SwordExtraction+1","TenKingsRetributionOnThePreta","CrescentMoonSlash+1"],"relics":["HalfPhantom","AT_ATBox","REME_ComplimentaryCards","DaveBox","SynthV:TestCard","LetterFromLob","Hallownest:SalubrasBlessingRelic","Mummified Hand","AT_ImmortalShieldbow","BionicSphere","HollowDreamFlower"],"acts_visited":["Hallownest:Greenpath"],"potions_floor_usage":[16,16,16],"damage_taken":[{"damage":10,"enemies":"Hallownest:monsterHuskGuard","floor":1,"turns":5},{"damage":3,"enemies":"Hallownest:2_MossCreeps","floor":5,"turns":5},{"damage":5,"enemies":"Hallownest:eliteCrystalGuardian","floor":12,"turns":5},{"damage":0,"enemies":"Hallownest:2_Baldur","floor":13,"turns":4},{"damage":34,"enemies":"Hallownest:BossHornet","floor":16,"turns":16}],"seed_played":"-907731746550188245","potions_obtained":[{"floor":1,"key":"Ancient Potion"},{"floor":12,"key":"Flashbang"},{"floor":13,"key":"Ancient Potion"}],"is_trial":false,"path_per_floor":["M","T","?","?","M","R","?","R","T","T","R","E","M","T","R","B"],"character_chosen":"YOUMU","items_purchased":[],"campfire_rested":0,"item_purchase_floors":[],"current_hp_per_floor":[65,65,65,65,62,62,62,62,62,62,62,57,57,57,57,27,27],"gold":365,"neow_bonus":"HUNDRED_GOLD","is_daily":false,"chose_seed":false,"campfire_upgraded":3,"win_rate":0.0,"timestamp":1613014910,"path_taken":["M","?","?","?","?","R","?","R","T","?","R","E","M","?","R","BOSS"],"items_purchased_type":[],"build_version":"2020-12-22","purchased_purges":0,"victory":false,"max_hp_per_floor":[75,75,75,75,75,75,75,75,75,75,75,75,75,75,75,75,75],"card_choices":[{"not_picked":["HellGodSword","SlashOfAscensionToBuddhahood","HellFireSword"],"picked":"SKIP","floor":1},{"not_picked":["HeartExcerptSlash","SanzenSekai","CherryBlossomFlashing","SpiritCuttingSword"],"picked":"SwordExtraction","floor":5},{"not_picked":["CrescentMoonSlash","SlashOfAscensionToBuddhahood","FlashingScatteredFlowers","SwordExtraction"],"picked":"TenKingsRetributionOnThePreta","floor":12},{"not_picked":["LifeCuttingSword","FiveSignsOfTheDyingDeva","SwordExtraction","SlashOfSaigyouSpringWind"],"picked":"CrescentMoonSlash","floor":13}],"player_experience":39664,"relics_obtained":[{"floor":1,"key":"SynthV:TestCard"},{"floor":1,"key":"LetterFromLob"},{"floor":9,"key":"Mummified Hand"},{"floor":10,"key":"AT_ImmortalShieldbow"},{"floor":12,"key":"BionicSphere"},{"floor":14,"key":"HollowDreamFlower"}],"event_choices":[],"is_beta":false,"boss_relics":[],"items_purged_floors":[],"is_endless":false,"potions_floor_spawned":[1,12,13],"killed_by":"Hallownest:BossHornet","ascension_level":0}}