{"host":"28p8ce41sjwa6lzf","time":1613080166,"event":{"mods":["BaseMod","Bestiary","Colored Map","Colored Powertips","Dark Map","Highlight Path","Minty Spire (QoL Compilation)","Permanent Neow","Quick Restart","Random Character Button","Rare Cards Sparkle","Relic Stats","StSLib","Unceasing Turn Reminder"],"gold_per_floor":[116,129,146,160,95,130,130,130,130,130,130],"floor_reached":10,"language":"ENG","playtime":1639,"items_purged":[],"score":136,"play_id":"a0371b72-385b-40cb-a21b-a1ca32e82cb8","local_time":"20210211154926","is_ascension_mode":true,"campfire_choices":[{"data":"Reprogram","floor":8,"key":"SMITH"}],"circlet_count":0,"master_deck":["AscendersBane","Strike_B","Strike_B","Strike_B","Strike_B","Defend_B","Defend_B","Defend_B","Defend_B","Zap","Dualcast","Rebound","Gash","Reprogram","Reprogram+1","Gash"],"relics":["Sozu","Bronze Scales","Singing Bowl"],"acts_visited":["Exordium"],"potions_floor_usage":[],"damage_taken":[{"damage":5.0,"enemies":"2 Louse","floor":1.0,"turns":3.0},{"damage":3.0,"enemies":"Small Slimes","floor":2.0,"turns":4.0},{"damage":9.0,"enemies":"Jaw Worm","floor":3.0,"turns":4.0},{"damage":5.0,"enemies":"Looter","floor":4.0,"turns":3.0},{"damage":20.0,"enemies":"Lagavulin","floor":6.0,"turns":8.0},{"damage":22,"enemies":"3 Sentries","floor":10,"turns":3}],"seed_played":"-3730770766970993508","potions_obtained":[],"is_trial":false,"path_per_floor":["M","M","M","M","?","E","?","R","T","E"],"character_chosen":"DEFECT","items_purchased":[],"campfire_rested":0,"item_purchase_floors":[],"current_hp_per_floor":[59,56,47,42,42,22,22,22,22,0,0],"gold":130,"neow_bonus":"BOSS_RELIC","is_daily":false,"chose_seed":false,"campfire_upgraded":1,"win_rate":0.0,"timestamp":1613080166,"path_taken":["M","M","M","M","?","E","?","R","T","E"],"items_purchased_type":[],"build_version":"2020-12-22","purchased_purges":0,"victory":false,"max_hp_per_floor":[71,71,71,71,71,71,71,71,71,71,71],"relic_stats":{"Sozu":1,"Singing Bowl":0,"counters":[6,25],"Bronze Scales":[9],"obtain_stats":[{"Sozu":0,"Singing Bowl":9,"Bronze Scales":6,"Cracked Core":0},{"Sozu":0,"Singing Bowl":5,"Bronze Scales":5,"Cracked Core":0},{"Sozu":0,"Singing Bowl":22,"Bronze Scales":22,"Cracked Core":0}]},"card_choices":[{"not_picked":["Stack","Steam"],"picked":"Rebound","floor":1.0},{"not_picked":["Leap","Redo"],"picked":"Gash","floor":2.0},{"not_picked":["Coolheaded","Aggregate"],"picked":"Reprogram","floor":3.0},{"not_picked":["Barrage","Consume"],"picked":"Reprogram","floor":4.0},{"not_picked":["Leap","Compile Driver"],"picked":"Gash","floor":6.0}],"player_experience":1037149,"relics_obtained":[{"floor":6.0,"key":"Bronze Scales"},{"floor":9,"key":"Singing Bowl"}],"event_choices":[{"damage_healed":0.0,"max_hp_gain":0.0,"max_hp_loss":0.0,"gold_gain":0.0,"event_name":"World of Goop","player_choice":"Left Gold","floor":5.0,"gold_loss":65.0,"damage_taken":0.0},{"damage_healed":0,"gold_gain":0,"player_choice":"Searched \u00271\u0027 times","damage_taken":0,"max_hp_gain":0,"max_hp_loss":0,"event_name":"Dead Adventurer","floor":7,"gold_loss":0}],"is_beta":false,"boss_relics":[],"items_purged_floors":[],"is_endless":false,"potions_floor_spawned":[4],"killed_by":"3 Sentries","ascension_level":20}}