{"host":"gjfulft9y42c2y2c","time":1613045311,"event":{"mods":["AchievementEnabler","BaseMod","Colored Map","DeckTracker","Keyboard Shortcuts","Minty Spire (QoL Compilation)","Permanent Neow","StSLib","SuperFastMode","everything is the same but u backflip on backflip"],"gold_per_floor":[110,121,138,154,154,183,183,193,193,193,210,210,23,43,43,142,142,160,189,189,81,95,95,128,141,141,141,141],"floor_reached":27,"language":"KOR","playtime":1116,"items_purged":["Strike_G"],"score":364,"play_id":"0fe4ea56-828d-4056-896e-d8b029eecbea","local_time":"20210211210831","is_ascension_mode":true,"campfire_choices":[{"floor":7.0,"key":"REST"},{"floor":15.0,"key":"REST"},{"floor":23.0,"key":"REST"}],"circlet_count":0,"master_deck":["AscendersBane","Strike_G+1","Strike_G","Strike_G","Strike_G","Defend_G","Defend_G","Defend_G","Defend_G","Defend_G","Survivor","Neutralize","Dagger Spray","Dagger Throw","Backflip","Deadly Poison","Bane+1","Cloak And Dagger","Backstab","Acrobatics","Apotheosis","Footwork","Dodge and Roll+1","Escape Plan+1","Well Laid Plans","PiercingWail+1","Terror"],"relics":["Ring of the Snake","Bottled Flame","Darkstone Periapt","HoveringKite","Red Mask","MutagenicStrength","Mercury Hourglass","Bottled Lightning"],"acts_visited":["Exordium","TheCity"],"potions_floor_usage":[27],"damage_taken":[{"damage":0.0,"enemies":"Cultist","floor":1.0,"turns":4.0},{"damage":2.0,"enemies":"Jaw Worm","floor":2.0,"turns":4.0},{"damage":0.0,"enemies":"2 Louse","floor":3.0,"turns":2.0},{"damage":10.0,"enemies":"Exordium Wildlife","floor":4.0,"turns":4.0},{"damage":42.0,"enemies":"3 Sentries","floor":6.0,"turns":8.0},{"damage":6.0,"enemies":"Large Slime","floor":8.0,"turns":7.0},{"damage":0.0,"enemies":"3 Louse","floor":11.0,"turns":2.0},{"damage":0.0,"enemies":"Blue Slaver","floor":14.0,"turns":2.0},{"damage":12.0,"enemies":"The Guardian","floor":16.0,"turns":13.0},{"damage":1.0,"enemies":"3 Byrds","floor":18.0,"turns":7.0},{"damage":46.0,"enemies":"Masked Bandits","floor":19.0,"turns":5.0},{"damage":5.0,"enemies":"Shell Parasite","floor":22.0,"turns":5.0},{"damage":7.0,"enemies":"Book of Stabbing","floor":24.0,"turns":7.0},{"damage":13.0,"enemies":"Snake Plant","floor":25.0,"turns":6.0},{"damage":9,"enemies":"Cultist and Chosen","floor":27,"turns":6}],"seed_played":"9219495104427782927","potions_obtained":[{"floor":2.0,"key":"SpeedPotion"},{"floor":11.0,"key":"DuplicationPotion"},{"floor":14.0,"key":"LiquidMemories"},{"floor":16.0,"key":"ColorlessPotion"},{"floor":19.0,"key":"AttackPotion"},{"floor":22.0,"key":"DistilledChaos"}],"is_trial":false,"path_per_floor":["M","M","M","M","?","E","R","M","T","?","M","?","$","M","R","B",null,"M","?","?","$","M","R","E","M","T","M"],"character_chosen":"THE_SILENT","items_purchased":["Apotheosis","Well Laid Plans"],"campfire_rested":3,"item_purchase_floors":[13,21],"current_hp_per_floor":[63,61,61,51,51,9,30,24,24,10,10,10,10,10,31,19,57,56,10,10,10,5,26,19,6,6,0,0],"gold":141,"neow_bonus":"THREE_CARDS","is_daily":false,"chose_seed":false,"campfire_upgraded":0,"win_rate":0.0,"timestamp":1613045311,"path_taken":["M","M","M","M","?","E","R","M","T","?","M","?","$","M","R","BOSS","M","?","?","$","M","R","E","M","T","M"],"items_purchased_type":["Card","Card"],"build_version":"2020-12-22","purchased_purges":1,"victory":false,"max_hp_per_floor":[70,70,70,70,70,70,70,70,70,70,70,70,70,70,70,70,70,70,70,70,70,70,70,70,70,70,70,70],"card_choices":[{"not_picked":["Sucker Punch","Slice"],"picked":"Dagger Spray","floor":0.0},{"not_picked":["Deflect","PiercingWail"],"picked":"Dagger Throw","floor":1.0},{"not_picked":["Slice","Accuracy"],"picked":"Backflip","floor":2.0},{"not_picked":["Acrobatics","Cloak And Dagger"],"picked":"Deadly Poison","floor":3.0},{"not_picked":["Underhanded Strike","Dagger Spray"],"picked":"Bane","floor":4.0},{"not_picked":["Catalyst","Dodge and Roll"],"picked":"Cloak And Dagger","floor":6.0},{"not_picked":["Infinite Blades","Flechettes"],"picked":"Backstab","floor":8.0},{"not_picked":["Calculated Gamble","All Out Attack"],"picked":"Acrobatics","floor":11.0},{"not_picked":["Underhanded Strike","Die Die Die"],"picked":"Footwork","floor":14.0},{"not_picked":["Skewer+1","Underhanded Strike"],"picked":"Dodge and Roll+1","floor":18.0},{"not_picked":["Backflip+1","Deadly Poison"],"picked":"Escape Plan+1","floor":19.0},{"not_picked":["Acrobatics","Heel Hook","Catalyst+1"],"picked":"SKIP","floor":22.0},{"not_picked":["Crippling Poison","Well Laid Plans"],"picked":"PiercingWail+1","floor":24.0},{"not_picked":["Masterful Stab+1","Dagger Spray"],"picked":"Terror","floor":25.0}],"player_experience":282757,"relics_obtained":[{"floor":6.0,"key":"Bottled Flame"},{"floor":9.0,"key":"Darkstone Periapt"},{"floor":19.0,"key":"Red Mask"},{"floor":24.0,"key":"Mercury Hourglass"},{"floor":26,"key":"Bottled Lightning"}],"event_choices":[{"damage_healed":0.0,"max_hp_gain":0.0,"max_hp_loss":0.0,"gold_gain":0.0,"event_name":"Liars Game","player_choice":"Ignored","floor":5.0,"gold_loss":0.0,"damage_taken":0.0},{"damage_healed":0.0,"max_hp_gain":0.0,"max_hp_loss":0.0,"gold_gain":0.0,"event_name":"Shining Light","player_choice":"Entered Light","floor":10.0,"gold_loss":0.0,"damage_taken":14.0,"cards_upgraded":["Bane","Strike_G"]},{"damage_healed":0.0,"max_hp_gain":0.0,"max_hp_loss":0.0,"gold_gain":0.0,"event_name":"Dead Adventurer","player_choice":"Searched \u00270\u0027 times","floor":12.0,"gold_loss":0.0,"damage_taken":0.0},{"damage_healed":0.0,"max_hp_gain":0.0,"max_hp_loss":0.0,"gold_gain":0.0,"event_name":"Masked Bandits","player_choice":"Fought Bandits","floor":19.0,"gold_loss":0.0,"damage_taken":0.0},{"damage_healed":0.0,"max_hp_gain":0.0,"max_hp_loss":0.0,"gold_gain":0.0,"event_name":"Drug Dealer","player_choice":"Inject Mutagens","floor":20.0,"gold_loss":0.0,"damage_taken":0.0,"relics_obtained":["MutagenicStrength"]}],"is_beta":false,"boss_relics":[{"not_picked":["Black Star","SacredBark"],"picked":"HoveringKite"}],"items_purged_floors":[21],"is_endless":false,"potions_floor_spawned":[2,11,14,16,19,22],"killed_by":"Cultist and Chosen","ascension_level":11}}