{"host":"vex7walpoxzv48nx","time":1613061810,"event":{"mods":["AchievementEnabler","BaseMod","Highlight Path","Minty Spire (QoL Compilation)","Permanent Neow","Quick Restart","StSLib","UnlockEverythingMod"],"gold_per_floor":[114,114,39,52,67,67,98,98,121,147,147,47,73,73,73,73,73],"floor_reached":16,"language":"ENG","playtime":1466,"items_purged":["Shame","Strike_G"],"score":232,"play_id":"85d58bfb-dd71-479f-947c-6e3f9b984ddf","local_time":"20210211174330","is_ascension_mode":true,"campfire_choices":[{"data":"Neutralize","floor":6,"key":"SMITH"},{"floor":11,"key":"REST"},{"floor":15,"key":"REST"}],"circlet_count":0,"master_deck":["AscendersBane","Strike_G","Strike_G","Strike_G","Strike_G","Defend_G+1","Defend_G","Defend_G","Defend_G","Defend_G+1","Survivor","Neutralize+1","Terror","Blade Dance","Underhanded Strike","Flechettes","Wraith Form v2","Footwork"],"relics":["Ring of the Snake","Calipers","Blood Vial","Anchor","Lantern","Strawberry"],"acts_visited":["Exordium"],"potions_floor_usage":[10,13,13],"damage_taken":[{"damage":12,"enemies":"Jaw Worm","floor":1,"turns":6},{"damage":0,"enemies":"Small Slimes","floor":4,"turns":3},{"damage":0,"enemies":"2 Louse","floor":5,"turns":3},{"damage":23,"enemies":"Gremlin Nob","floor":7,"turns":4},{"damage":9,"enemies":"3 Sentries","floor":10,"turns":8},{"damage":22,"enemies":"Lagavulin","floor":13,"turns":9},{"damage":19,"enemies":"Hexaghost","floor":16,"turns":11}],"seed_played":"-6091031076745101894","potions_obtained":[{"floor":4,"key":"SneckoOil"},{"floor":5,"key":"CultistPotion"},{"floor":7,"key":"Block Potion"},{"floor":10,"key":"Poison Potion"}],"is_trial":false,"path_per_floor":["M","?","$","M","M","R","E","?","T","E","R","$","E","?","R","B"],"character_chosen":"THE_SILENT","items_purchased":[],"campfire_rested":2,"item_purchase_floors":[],"current_hp_per_floor":[47,52,52,52,52,52,29,8,8,1,22,22,9,9,32,15,15],"gold":73,"neow_bonus":"ONE_RARE_RELIC","is_daily":false,"chose_seed":false,"campfire_upgraded":1,"win_rate":0.0,"timestamp":1613061810,"path_taken":["M","?","$","M","M","R","E","?","T","E","R","?","E","?","R","BOSS"],"items_purchased_type":[],"build_version":"2020-12-22","purchased_purges":2,"victory":false,"max_hp_per_floor":[66,71,71,71,71,71,71,71,71,71,71,71,78,78,78,78,78],"card_choices":[{"not_picked":["Deflect","Choke"],"picked":"Terror","floor":1},{"not_picked":["Deflect","Poisoned Stab"],"picked":"Blade Dance","floor":4},{"not_picked":["Dodge and Roll","Distraction"],"picked":"Underhanded Strike","floor":5},{"not_picked":["Slice","Distraction"],"picked":"Flechettes","floor":7},{"not_picked":["Infinite Blades","Backflip"],"picked":"Wraith Form v2","floor":10},{"not_picked":["Escape Plan","Concentrate"],"picked":"Footwork","floor":13}],"player_experience":287650,"relics_obtained":[{"floor":7,"key":"Blood Vial"},{"floor":9,"key":"Anchor"},{"floor":10,"key":"Lantern"},{"floor":13,"key":"Strawberry"}],"event_choices":[{"damage_healed":0,"gold_gain":0,"player_choice":"Donut","damage_taken":0,"max_hp_gain":5,"max_hp_loss":0,"event_name":"Big Fish","floor":2,"gold_loss":0},{"damage_healed":0,"gold_gain":0,"player_choice":"Entered Light","damage_taken":21,"max_hp_gain":0,"max_hp_loss":0,"event_name":"Shining Light","floor":8,"gold_loss":0,"cards_upgraded":["Defend_G","Defend_G"]},{"damage_healed":0,"gold_gain":0,"player_choice":"Fled","damage_taken":0,"max_hp_gain":0,"max_hp_loss":0,"event_name":"Scrap Ooze","floor":14,"gold_loss":0}],"is_beta":false,"boss_relics":[],"items_purged_floors":[3,12],"is_endless":false,"potions_floor_spawned":[4,5,7,10],"killed_by":"Hexaghost","ascension_level":20}}