{"host":"5jn3rki867005t18","time":1608910937,"event":{"mods":["AchievementEnabler","BaseMod","Colored Map","DeckTracker","Highlight Path","Minty Spire (QoL Compilation)","Permanent Neow","Quick Restart","StSLib","SuperFastMode"],"gold_per_floor":[109,109,129,141,72,72,87,103,181,181,211,386,420,432,432,534,534,550,550,570,495,95,95,128,145,224,324,339,355,374,574,574,671,671,683,697,751,766,726,726,743,768,780,806,833,859,883,913,925,937,937],"floor_reached":50,"playtime":3255,"items_purged":["Doubt"],"score":637,"play_id":"5e0aa6d6-ad71-49ae-a36e-bcd8ee2e7548","local_time":"20201226004217","is_ascension_mode":false,"campfire_choices":[{"data":"Eruption","floor":6.0,"key":"SMITH"},{"data":"MentalFortress","floor":10.0,"key":"SMITH"},{"data":"WheelKick","floor":15.0,"key":"SMITH"},{"floor":23.0,"key":"REST"},{"floor":32.0,"key":"REST"},{"floor":40.0,"key":"REST"},{"floor":49,"key":"REST"}],"circlet_count":0,"master_deck":["Strike_P","Strike_P","Strike_P","Defend_P","Defend_P","Defend_P","Defend_P","Eruption+1","Vigilance","Shame","Consecrate","Tantrum","EmptyMind","FearNoEvil","MentalFortress+1","WheelKick+1","DeceiveReality","Establishment","FollowUp","Scrawl","ClearTheMind+1","Meditate","CarveReality","Prostrate+1","SashWhip","Brilliance","FlurryOfBlows+1","Crescendo+1","Tantrum","Parasite","CarveReality"],"relics":["PureWater","FaceOfCleric","Mercury Hourglass","Pocketwatch","Dream Catcher","SlaversCollar","Ornamental Fan","Du-Vu Doll","Shuriken","Gambling Chip","Yang","Fusion Hammer","Thread and Needle","MawBank","Dead Branch"],"acts_visited":["Exordium","TheCity","TheBeyond"],"potions_floor_usage":[],"damage_taken":[{"damage":3.0,"enemies":"Jaw Worm","floor":1.0,"turns":3.0},{"damage":0.0,"enemies":"Cultist","floor":3.0,"turns":3.0},{"damage":0.0,"enemies":"2 Louse","floor":4.0,"turns":1.0},{"damage":6.0,"enemies":"Blue Slaver","floor":7.0,"turns":3.0},{"damage":2.0,"enemies":"3 Louse","floor":8.0,"turns":3.0},{"damage":0.0,"enemies":"Gremlin Nob","floor":11.0,"turns":2.0},{"damage":0.0,"enemies":"3 Sentries","floor":13.0,"turns":4.0},{"damage":0.0,"enemies":"Exordium Wildlife","floor":14.0,"turns":3.0},{"damage":15.0,"enemies":"The Guardian","floor":16.0,"turns":6.0},{"damage":5.0,"enemies":"Chosen","floor":18.0,"turns":4.0},{"damage":9.0,"enemies":"3 Byrds","floor":20.0,"turns":3.0},{"damage":23.0,"enemies":"Slavers","floor":24.0,"turns":4.0},{"damage":23.0,"enemies":"Snake Plant","floor":25.0,"turns":3.0},{"damage":20.0,"enemies":"Colosseum Slavers","floor":27.0,"turns":6.0},{"damage":11.0,"enemies":"Colosseum Nobs","floor":27.0,"turns":4.0},{"damage":6.0,"enemies":"3 Cultists","floor":28.0,"turns":3.0},{"damage":9.0,"enemies":"Shelled Parasite and Fungi","floor":29.0,"turns":5.0},{"damage":0.0,"enemies":"Cultist and Chosen","floor":30.0,"turns":3.0},{"damage":26.0,"enemies":"Champ","floor":33.0,"turns":7.0},{"damage":6.0,"enemies":"Orb Walker","floor":35.0,"turns":2.0},{"damage":21.0,"enemies":"3 Darklings","floor":36.0,"turns":3.0},{"damage":32.0,"enemies":"2 Orb Walkers","floor":37.0,"turns":4.0},{"damage":3.0,"enemies":"4 Shapes","floor":38.0,"turns":3.0},{"damage":0.0,"enemies":"Maw","floor":41.0,"turns":4.0},{"damage":56.0,"enemies":"Nemesis","floor":42.0,"turns":3.0},{"damage":0.0,"enemies":"3 Darklings","floor":44.0,"turns":3.0},{"damage":2.0,"enemies":"Writhing Mass","floor":45.0,"turns":4.0},{"damage":3.0,"enemies":"4 Shapes","floor":46.0,"turns":3.0},{"damage":14,"enemies":"Sphere and 2 Shapes","floor":47,"turns":3},{"damage":0,"enemies":"Transient","floor":48,"turns":5},{"damage":85,"enemies":"Awakened One","floor":50,"turns":4}],"seed_played":"-7721093232911722540","potions_obtained":[{"floor":1.0,"key":"Energy Potion"},{"floor":3.0,"key":"Ambrosia"},{"floor":7.0,"key":"GamblersBrew"},{"floor":13.0,"key":"Energy Potion"},{"floor":18.0,"key":"StancePotion"},{"floor":28.0,"key":"Strength Potion"},{"floor":29.0,"key":"SkillPotion"},{"floor":36.0,"key":"Regen Potion"},{"floor":37.0,"key":"SkillPotion"},{"floor":39.0,"key":"Ancient Potion"},{"floor":39.0,"key":"Fire Potion"},{"floor":39.0,"key":"Swift Potion"},{"floor":41.0,"key":"BottledMiracle"},{"floor":48,"key":"SmokeBomb"}],"is_trial":false,"path_per_floor":["M","?","M","M","$","R","M","M","T","R","E","?","E","M","R","B",null,"M","?","M","?","$","R","E","M","T","?","M","M","M","?","R","B",null,"M","M","?","M","?","R","M","E","T","M","M","M","M","M","R","B"],"character_chosen":"WATCHER","items_purchased":["FearNoEvil","CarveReality","Ornamental Fan"],"campfire_rested":4,"item_purchase_floors":[5,22,22],"current_hp_per_floor":[83,83,84,85,85,85,80,79,79,79,80,80,81,82,82,68,94,90,71,63,63,63,93,71,49,49,20,15,7,8,8,40,15,109,104,84,65,63,63,96,97,42,42,43,42,40,27,28,64,0,0],"gold":937,"neow_bonus":"TWENTY_PERCENT_HP_BONUS","is_daily":false,"chose_seed":false,"campfire_upgraded":3,"win_rate":0.0,"timestamp":1608910937,"path_taken":["M","?","M","?","$","R","M","M","T","R","E","?","E","M","R","BOSS","M","?","M","?","$","R","E","M","T","?","M","M","?","?","R","BOSS","M","?","?","M","?","R","M","E","T","M","M","M","?","?","R","BOSS"],"items_purchased_type":["Card","Card","Relic"],"build_version":"2020-12-22","purchased_purges":1,"victory":false,"max_hp_per_floor":[86,86,87,88,88,88,89,90,90,90,91,91,92,93,93,94,94,95,100,101,101,101,101,102,103,103,105,106,107,108,108,108,109,109,110,111,112,113,113,113,114,115,115,116,117,118,119,120,120,120,120],"card_choices":[{"not_picked":["CrushJoints","Evaluate"],"picked":"Consecrate","floor":1.0},{"not_picked":["Evaluate","CrushJoints"],"picked":"Tantrum","floor":3.0},{"not_picked":["BowlingBash","Perseverance"],"picked":"EmptyMind","floor":4.0},{"not_picked":["TalkToTheHand","Conclude"],"picked":"MentalFortress","floor":7.0},{"not_picked":["Study","Protect"],"picked":"WheelKick","floor":8.0},{"not_picked":["EmptyBody","EmptyFist"],"picked":"DeceiveReality","floor":11.0},{"not_picked":["Consecrate","Wallop"],"picked":"Establishment","floor":13.0},{"not_picked":["JustLucky","Crescendo"],"picked":"FollowUp","floor":14.0},{"not_picked":["Omniscience","Wish"],"picked":"Scrawl","floor":16.0},{"not_picked":["Weave","SashWhip+1"],"picked":"ClearTheMind+1","floor":18.0},{"not_picked":["JustLucky+1","ClearTheMind+1"],"picked":"Meditate","floor":20.0},{"not_picked":["Study","Wallop+1"],"picked":"Prostrate+1","floor":23.0},{"not_picked":["Wish","Crescendo","LikeWater"],"picked":"SKIP","floor":24.0},{"not_picked":["BattleHymn","JustLucky","Study+1"],"picked":"SKIP","floor":25.0},{"not_picked":["Meditate","WindmillStrike+1"],"picked":"SashWhip","floor":27.0},{"not_picked":["TalkToTheHand","ReachHeaven+1","EmptyFist"],"picked":"SKIP","floor":28.0},{"not_picked":["Evaluate","CrushJoints+1","MentalFortress+1"],"picked":"SKIP","floor":29.0},{"not_picked":["ThirdEye","FlyingSleeves","CutThroughFate+1"],"picked":"SKIP","floor":30.0},{"not_picked":["Alpha","ConjureBlade"],"picked":"Brilliance","floor":33.0},{"not_picked":["FlyingSleeves","SashWhip+1"],"picked":"FlurryOfBlows+1","floor":35.0},{"not_picked":["Prostrate","Collect"],"picked":"Crescendo+1","floor":36.0},{"not_picked":["Evaluate+1","FlurryOfBlows+1","Vengeance"],"picked":"SKIP","floor":38.0},{"not_picked":["WreathOfFlame","Wireheading"],"picked":"Tantrum","floor":40.0},{"not_picked":["EmptyBody","Nirvana+1","Consecrate+1"],"picked":"SKIP","floor":41.0},{"not_picked":["Collect+1","JustLucky+1","Protect"],"picked":"SKIP","floor":42.0},{"not_picked":["PathToVictory","CutThroughFate+1","FlyingSleeves"],"picked":"SKIP","floor":44.0},{"not_picked":["PathToVictory+1","Scrawl","WindmillStrike+1"],"picked":"SKIP","floor":45.0},{"not_picked":["EmptyBody+1","PathToVictory+1","Consecrate"],"picked":"SKIP","floor":46.0},{"not_picked":["Protect","Pray"],"picked":"CarveReality","floor":47},{"not_picked":["BowlingBash","ClearTheMind","ThirdEye"],"picked":"SKIP","floor":48}],"player_experience":136895,"relics_obtained":[{"floor":9.0,"key":"Mercury Hourglass"},{"floor":11.0,"key":"Pocketwatch"},{"floor":13.0,"key":"Dream Catcher"},{"floor":24.0,"key":"Du-Vu Doll"},{"floor":26.0,"key":"Shuriken"},{"floor":27.0,"key":"Gambling Chip"},{"floor":27.0,"key":"Yang"},{"floor":37.0,"key":"Thread and Needle"},{"floor":42.0,"key":"MawBank"},{"floor":43.0,"key":"Dead Branch"}],"event_choices":[{"damage_healed":0.0,"max_hp_gain":0.0,"max_hp_loss":0.0,"gold_gain":0.0,"event_name":"FaceTrader","player_choice":"Trade","floor":2.0,"gold_loss":0.0,"damage_taken":0.0,"relics_obtained":["FaceOfCleric"]},{"damage_healed":0.0,"max_hp_gain":0.0,"max_hp_loss":0.0,"gold_gain":175.0,"event_name":"Liars Game","player_choice":"AGREE","floor":12.0,"gold_loss":0.0,"damage_taken":0.0,"cards_obtained":["Doubt"]},{"damage_healed":0.0,"max_hp_gain":5.0,"max_hp_loss":0.0,"gold_gain":0.0,"event_name":"Forgotten Altar","player_choice":"Shed Blood","floor":19.0,"gold_loss":0.0,"damage_taken":24.0},{"cards_removed":["Strike_P"],"damage_healed":0.0,"max_hp_gain":0.0,"max_hp_loss":0.0,"gold_gain":0.0,"event_name":"Beggar","player_choice":"Gave Gold","floor":21.0,"gold_loss":75.0,"damage_taken":0.0},{"damage_healed":0.0,"max_hp_gain":0.0,"max_hp_loss":0.0,"gold_gain":0.0,"event_name":"Colosseum","player_choice":"Fight","floor":27.0,"gold_loss":0.0,"damage_taken":0.0},{"damage_healed":0.0,"max_hp_gain":0.0,"max_hp_loss":0.0,"gold_gain":0.0,"event_name":"Colosseum","player_choice":"Fought Nobs","floor":27.0,"gold_loss":0.0,"damage_taken":0.0},{"damage_healed":0.0,"max_hp_gain":0.0,"max_hp_loss":0.0,"gold_gain":200.0,"event_name":"Wheel of Change","player_choice":"Gold","floor":31.0,"gold_loss":0.0,"damage_taken":0.0},{"damage_healed":0.0,"max_hp_gain":0.0,"max_hp_loss":0.0,"gold_gain":0.0,"event_name":"Mysterious Sphere","player_choice":"Fight","floor":37.0,"gold_loss":0.0,"damage_taken":0.0},{"damage_healed":0.0,"max_hp_gain":0.0,"max_hp_loss":0.0,"gold_gain":0.0,"event_name":"The Woman in Blue","player_choice":"Bought 3 Potions","floor":39.0,"gold_loss":0.0,"damage_taken":0.0}],"is_beta":false,"boss_relics":[{"not_picked":["Coffee Dripper","Ectoplasm"],"picked":"SlaversCollar"},{"not_picked":["HolyWater","Sozu"],"picked":"Fusion Hammer"}],"items_purged_floors":[22],"is_endless":false,"potions_floor_spawned":[1,3,7,13,18,27,28,29,36,37,41,48],"killed_by":"Awakened One","ascension_level":0}}