{"host":"b4asi0laiv85suj9","time":1608877604,"event":{"mods":["BaseMod","Minty Spire (QoL Compilation)","MostiFishMod","Relic Stats","StSLib","TestMod","noobMod"],"gold_per_floor":[115,134,153,253,272,306,322,354,354,180,216,247,167,206,206,290,290,309,327,327,347,368,456,456,549,549,549,640,692,692,736,736,877,877,959,959,264,314,314,408,494,374,374,374,440,56,99,129,129,172,172,172,117,150,163],"floor_reached":56,"playtime":2172,"items_purged":["Strike_P","Defend_P","Defend_P","Strike_P","Defend_P"],"score":2443,"play_id":"603e8f8a-7774-47e0-be09-bffc99f7dc85","local_time":"20201225142644","is_ascension_mode":true,"campfire_choices":[{"data":"Eruption","floor":15.0,"key":"SMITH"},{"data":"Wish","floor":24.0,"key":"SMITH"},{"data":"Omniscience","floor":27.0,"key":"SMITH"},{"data":"TalkToTheHand","floor":30.0,"key":"SMITH"},{"data":"MostiFishMod:FlowState","floor":32.0,"key":"SMITH"},{"data":"MostiFishMod:ReadyAimFire","floor":44.0,"key":"SMITH"},{"floor":49,"key":"RECALL"},{"data":"Fasting2","floor":52,"key":"SMITH"}],"circlet_count":0,"master_deck":["AscendersBane","Strike_P","Defend_P","Eruption+1","Vigilance","ClearTheMind","BowlingBash","MostiFishMod:Adaptation","TalkToTheHand+1","Fasting2+1","DevaForm","Omniscience+1","Crescendo","Prostrate","Wish+1","Tantrum+1","Adaptation","MostiFishMod:FlowState+1","Ragnarok","MostiFishMod:ReadyAimFire+1","WheelKick+1","SpiritShield","Evolve","EmptyMind","MostiFishMod:DisColor"],"relics":["PureWater","testmod-TestBox","DaveBox","ice","NeowsBlessing","testmod-ObsoleteBoomerang","GreenFoldingFan","SynthV:TestCard","The Courier","PreservedInsect","testmod-Acrobat","OrangePellets","Regal Pillow","Odd Mushroom","testmod-HeartOfDaVinci","ChiXiaoBlade","Juzu Bracelet","Akabeko","Shuriken","testmod-IndustrialRevolution","Sozu","testmod-Justice","Bottled Tornado","testmod-ArcanaOfDestiny","InkBottle","Cracked Core","Boot","testmod-TurbochargingSystem","Bag of Marbles","Champion Belt","testmod-CrystalShield"],"acts_visited":["Exordium","TheCity","TheBeyond","TheEnding"],"potions_floor_usage":[50,55],"damage_taken":[{"damage":2.0,"enemies":"Cultist","floor":1.0,"turns":1.0},{"damage":2.0,"enemies":"Small Slimes","floor":2.0,"turns":1.0},{"damage":2.0,"enemies":"Jaw Worm","floor":3.0,"turns":1.0},{"damage":8.0,"enemies":"3 Louse","floor":5.0,"turns":3.0},{"damage":41.0,"enemies":"Gremlin Nob","floor":6.0,"turns":4.0},{"damage":4.0,"enemies":"Exordium Wildlife","floor":7.0,"turns":2.0},{"damage":23.0,"enemies":"3 Sentries","floor":8.0,"turns":4.0},{"damage":12.0,"enemies":"Gremlin Nob","floor":11.0,"turns":3.0},{"damage":19.0,"enemies":"The Mushroom Lair","floor":12.0,"turns":3.0},{"damage":8.0,"enemies":"3 Sentries","floor":14.0,"turns":3.0},{"damage":24.0,"enemies":"Hexaghost","floor":16.0,"turns":7.0},{"damage":8.0,"enemies":"Spheric Guardian","floor":18.0,"turns":3.0},{"damage":28.0,"enemies":"2 Thieves","floor":19.0,"turns":3.0},{"damage":30.0,"enemies":"Snake Plant","floor":21.0,"turns":3.0},{"damage":8.0,"enemies":"Snecko","floor":22.0,"turns":4.0},{"damage":6.0,"enemies":"Book of Stabbing","floor":23.0,"turns":3.0},{"damage":16.0,"enemies":"Gremlin Leader","floor":25.0,"turns":3.0},{"damage":11.0,"enemies":"Book of Stabbing","floor":28.0,"turns":3.0},{"damage":6.0,"enemies":"Shelled Parasite and Fungi","floor":29.0,"turns":3.0},{"damage":4.0,"enemies":"Chosen and Byrds","floor":31.0,"turns":2.0},{"damage":36.0,"enemies":"Champ","floor":33.0,"turns":3.0},{"damage":7.0,"enemies":"3 Darklings","floor":35.0,"turns":3.0},{"damage":4.0,"enemies":"Reptomancer","floor":40.0,"turns":2.0},{"damage":15.0,"enemies":"2 Orb Walkers","floor":41.0,"turns":2.0},{"damage":21.0,"enemies":"Nemesis","floor":45.0,"turns":3.0},{"damage":17.0,"enemies":"Orb Walker","floor":47.0,"turns":2.0},{"damage":2.0,"enemies":"Reptomancer","floor":48.0,"turns":1.0},{"damage":8,"enemies":"Awakened One","floor":50,"turns":3},{"damage":4,"enemies":"Shield and Spear","floor":54,"turns":2},{"damage":56,"enemies":"The Heart","floor":55,"turns":5}],"seed_played":"7400587810189909420","potions_obtained":[{"floor":3.0,"key":"BlessingOfTheForge"},{"floor":6.0,"key":"Weak Potion"},{"floor":18.0,"key":"testmod-SpacePotion"},{"floor":19.0,"key":"BottledMiracle"},{"floor":22.0,"key":"SpeedPotion"}],"is_trial":false,"path_per_floor":["M","M","M","?","M","E","M","E","T","$","E","?","$","E","R","B",null,"M","M","?","M","M","E","R","E","T","R","E","M","R","M","R","B",null,"M","?","$","?","?","E","?","$","T","R","E","$","M","E","R","B",null,"R","$","E","B",null],"character_chosen":"WATCHER","items_purchased":["OrangePellets","testmod-Justice","Bottled Tornado","testmod-ArcanaOfDestiny","testmod-TurbochargingSystem","Bag of Marbles","EmptyMind"],"campfire_rested":0,"item_purchase_floors":[10,37,37,37,46,46,53],"current_hp_per_floor":[68,68,68,68,68,37,43,30,30,30,28,19,19,21,21,69,69,70,52,31,11,82,86,86,80,80,80,79,83,83,89,89,63,92,95,95,95,95,95,101,96,96,96,96,85,85,78,86,86,88,105,105,105,111,65],"gold":163,"neow_bonus":"THREE_ENEMY_KILL","is_daily":false,"chose_seed":false,"campfire_upgraded":7,"win_rate":0.0,"timestamp":1608877604,"path_taken":["M","?","M","?","M","E","?","E","T","$","E","?","$","E","R","BOSS","M","M","?","M","M","E","R","E","T","R","E","M","R","M","R","BOSS","M","?","$","?","?","E","?","$","T","R","E","$","M","E","R","BOSS","R","$","E","BOSS"],"items_purchased_type":["Relic","Relic","Relic","Relic","Relic","Relic","Card"],"build_version":"2020-12-22","purchased_purges":5,"victory":true,"max_hp_per_floor":[68,68,68,68,68,68,68,68,68,68,68,68,68,68,68,69,69,70,73,78,81,82,87,87,92,92,92,95,97,97,99,99,101,101,103,103,103,103,103,103,105,105,105,105,111,111,111,111,111,111,111,111,111,111,111],"relic_stats":{"Sozu":1,"OrangePellets":[19],"Regal Pillow":0,"counters":[30,85],"Shuriken":[10],"PreservedInsect":439,"Juzu Bracelet":2,"Champion Belt":[4],"Boot":[8],"obtain_stats":[{"Regal Pillow":11,"DaveBox":0,"ice":0,"Juzu Bracelet":23,"Bottled Tornado":37,"Boot":45,"Sozu":34,"GreenFoldingFan":0,"testmod-CrystalShield":54,"testmod-ObsoleteBoomerang":0,"Cracked Core":41,"testmod-ArcanaOfDestiny":37,"InkBottle":40,"testmod-TestBox":0,"NeowsBlessing":0,"The Courier":6,"PreservedInsect":8,"testmod-TurbochargingSystem":46,"Odd Mushroom":12,"testmod-Justice":37,"testmod-IndustrialRevolution":28,"Akabeko":25,"OrangePellets":10,"SynthV:TestCard":1,"Shuriken":26,"testmod-Acrobat":9,"ChiXiaoBlade":17,"Bag of Marbles":46,"Champion Belt":48,"PureWater":0,"testmod-HeartOfDaVinci":14},{"Regal Pillow":8,"DaveBox":0,"ice":0,"Juzu Bracelet":16,"Bottled Tornado":22,"Boot":25,"Sozu":21,"GreenFoldingFan":0,"testmod-CrystalShield":29,"testmod-ObsoleteBoomerang":0,"Cracked Core":24,"testmod-ArcanaOfDestiny":22,"InkBottle":23,"testmod-TestBox":0,"NeowsBlessing":0,"The Courier":5,"PreservedInsect":7,"testmod-TurbochargingSystem":25,"Odd Mushroom":9,"testmod-Justice":22,"testmod-IndustrialRevolution":18,"Akabeko":17,"OrangePellets":7,"SynthV:TestCard":1,"Shuriken":17,"testmod-Acrobat":7,"ChiXiaoBlade":11,"Bag of Marbles":25,"Champion Belt":27,"PureWater":0,"testmod-HeartOfDaVinci":10},{"Regal Pillow":19,"DaveBox":0,"ice":0,"Juzu Bracelet":48,"Bottled Tornado":65,"Boot":72,"Sozu":62,"GreenFoldingFan":0,"testmod-CrystalShield":80,"testmod-ObsoleteBoomerang":0,"Cracked Core":69,"testmod-ArcanaOfDestiny":65,"InkBottle":67,"testmod-TestBox":0,"NeowsBlessing":0,"The Courier":10,"PreservedInsect":16,"testmod-TurbochargingSystem":72,"Odd Mushroom":22,"testmod-Justice":65,"testmod-IndustrialRevolution":54,"Akabeko":51,"OrangePellets":16,"SynthV:TestCard":1,"Shuriken":51,"testmod-Acrobat":16,"ChiXiaoBlade":32,"Bag of Marbles":72,"Champion Belt":75,"PureWater":0,"testmod-HeartOfDaVinci":25}],"InkBottle":[9]},"card_choices":[{"not_picked":["EmptyFist","WreathOfFlame","SashWhip"],"picked":"SKIP","floor":1.0},{"not_picked":["Swivel","SandsOfTime","Wireheading","PathToVictory","FlyingSleeves"],"picked":"SKIP","floor":2.0},{"not_picked":["Halt","FlurryOfBlows","Collect","JustLucky"],"picked":"ClearTheMind","floor":3.0},{"not_picked":["Worship","Protect","FlurryOfBlows","EmptyBody"],"picked":"BowlingBash","floor":5.0},{"not_picked":["MentalFortress","SandsOfTime","Study","Protect"],"picked":"MostiFishMod:Adaptation","floor":6.0},{"not_picked":["MostiFishMod:Speedup","BowlingBash","Evaluate","EmptyBody"],"picked":"TalkToTheHand","floor":7.0},{"not_picked":["SashWhip","ThirdEye","TalkToTheHand","ClearTheMind"],"picked":"Fasting2","floor":8.0},{"not_picked":["CrushJoints","CutThroughFate","PathToVictory","BowlingBash"],"picked":"DevaForm","floor":11.0},{"not_picked":["PathToVictory","ThirdEye","CutThroughFate","Protect","MostiFishMod:OutWit"],"picked":"SKIP","floor":14.0},{"not_picked":["MasterReality","MostiFishMod:Unraveling","MostiFishMod:StarOceanP","MostiFishMod:StarHerder"],"picked":"Omniscience","floor":16.0},{"not_picked":["Halt","ClearTheMind","JustLucky","FlyingSleeves","Nirvana"],"picked":"SKIP","floor":18.0},{"not_picked":["Evaluate+1","EmptyFist","SandsOfTime","ReachHeaven"],"picked":"Crescendo","floor":19.0},{"not_picked":["EmptyBody","FlyingSleeves","MentalFortress","JustLucky"],"picked":"Prostrate","floor":21.0},{"not_picked":["CutThroughFate","Halt","CrushJoints","FlurryOfBlows"],"picked":"Wish","floor":22.0},{"not_picked":["BowlingBash","Crescendo+1","MostiFishMod:Dust","Prostrate"],"picked":"Tantrum+1","floor":23.0},{"not_picked":["MostiFishMod:Clarity","ReachHeaven","EmptyBody","Protect"],"picked":"Adaptation","floor":25.0},{"not_picked":["SashWhip","FlurryOfBlows","Fasting2","ThirdEye+1","Tantrum"],"picked":"SKIP","floor":28.0},{"not_picked":["Swivel","PathToVictory+1","FlyingSleeves","ClearTheMind","FollowUp"],"picked":"SKIP","floor":29.0},{"not_picked":["EmptyBody","LikeWater","ThirdEye","Evaluate"],"picked":"MostiFishMod:FlowState","floor":31.0},{"not_picked":["MostiFishMod:OutWit","MostiFishMod:StarWish","MostiFishMod:StarLaLaLa","MasterReality"],"picked":"Ragnarok","floor":33.0},{"not_picked":["SignatureMove","Consecrate","FlurryOfBlows","Study+1","CrushJoints+1"],"picked":"SKIP","floor":35.0},{"not_picked":["SashWhip","CrushJoints","Perseverance","FlyingSleeves+1","Crescendo"],"picked":"SKIP","floor":40.0},{"not_picked":["Evaluate","FlurryOfBlows+1","CutThroughFate","DeceiveReality"],"picked":"WheelKick+1","floor":45.0},{"not_picked":["WindmillStrike+1","Consecrate+1","CrushJoints","FlyingSleeves+1"],"picked":"SpiritShield","floor":47.0},{"not_picked":["Halt","FearNoEvil","BowlingBash+1","ThirdEye","Fasting2"],"picked":"SKIP","floor":48},{"not_picked":["TalkToTheHand","Study","Evaluate","Pray+1"],"picked":"MostiFishMod:DisColor","floor":54}],"player_experience":228570,"relics_obtained":[{"floor":1.0,"key":"SynthV:TestCard"},{"floor":6.0,"key":"The Courier"},{"floor":8.0,"key":"PreservedInsect"},{"floor":9.0,"key":"testmod-Acrobat"},{"floor":11.0,"key":"Regal Pillow"},{"floor":12.0,"key":"Odd Mushroom"},{"floor":14.0,"key":"testmod-HeartOfDaVinci"},{"floor":23.0,"key":"Juzu Bracelet"},{"floor":25.0,"key":"Akabeko"},{"floor":26.0,"key":"Shuriken"},{"floor":28.0,"key":"testmod-IndustrialRevolution"},{"floor":40.0,"key":"InkBottle"},{"floor":41.0,"key":"Cracked Core"},{"floor":45.0,"key":"Boot"},{"floor":48,"key":"Champion Belt"},{"floor":54,"key":"testmod-CrystalShield"}],"event_choices":[{"damage_healed":0.0,"max_hp_gain":0.0,"max_hp_loss":0.0,"gold_gain":100.0,"event_name":"Wheel of Change","player_choice":"Gold","floor":4.0,"gold_loss":0.0,"damage_taken":0.0},{"damage_healed":0.0,"max_hp_gain":0.0,"max_hp_loss":0.0,"gold_gain":0.0,"event_name":"Mushrooms","player_choice":"Fought Mushrooms","floor":12.0,"gold_loss":0.0,"damage_taken":0.0},{"damage_healed":0.0,"max_hp_gain":5.0,"max_hp_loss":0.0,"gold_gain":0.0,"event_name":"Forgotten Altar","player_choice":"Shed Blood","floor":20.0,"gold_loss":0.0,"damage_taken":26.0},{"cards_removed":["Strike_P"],"damage_healed":0.0,"max_hp_gain":0.0,"max_hp_loss":0.0,"gold_gain":0.0,"event_name":"Falling","player_choice":"Removed Attack","floor":36.0,"gold_loss":0.0,"damage_taken":0.0},{"damage_healed":0.0,"max_hp_gain":0.0,"max_hp_loss":0.0,"gold_gain":50.0,"event_name":"Golden Shrine","player_choice":"Pray","floor":38.0,"gold_loss":0.0,"damage_taken":0.0},{"damage_healed":0.0,"max_hp_gain":0.0,"max_hp_loss":0.0,"gold_gain":0.0,"event_name":"Duplicator","player_choice":"Ignored","floor":39.0,"gold_loss":0.0,"damage_taken":0.0},{"damage_healed":0.0,"max_hp_gain":0.0,"max_hp_loss":0.0,"gold_gain":0.0,"event_name":"Mysterious Sphere","player_choice":"Fight","floor":41.0,"gold_loss":0.0,"damage_taken":0.0}],"is_beta":false,"boss_relics":[{"not_picked":["ExusiaiGun","testmod-Prudence"],"picked":"ChiXiaoBlade"},{"not_picked":["GuanYuAspect","Mark of Pain"],"picked":"Sozu"}],"items_purged_floors":[10,13,37,42,46],"is_endless":false,"potions_floor_spawned":[3,6,7,12,14,16,18,19,22,23,31,35],"ascension_level":15}}