{"host":"fvsruk02bthdqpa4","time":1608934371,"event":{"mods":["AchievementEnabler","Aspiration","BaseMod","Colored Map","Colored Powertips","Conspire","Minty Spire (QoL Compilation)","Quick Restart","Replay The Spire","Shop Mod","StSLib","SuperFastMode","The Blue Laboratory","The Runesmith"],"gold_per_floor":[110,128,1,19,34,34,45,45,116,132,207,222,222,242,242,340,340,353,365,365,138,65,91,109,135,135,135,135,135,145,164,164,164,164,266,266,277,277,290,44,44,44,70,94,94,94,94,113,113,42,42,42],"floor_reached":53,"playtime":8245,"items_purged":["Runesmith:Strike_RS","Runesmith:ArcReactor+1"],"score":1060,"play_id":"3d743f81-425f-4ee0-80c7-d63877422693","local_time":"20201225171251","is_ascension_mode":true,"campfire_choices":[{"data":"Runesmith:Permafrost","floor":6,"key":"SMITH"},{"data":"Runesmith:Grindstone","floor":8,"key":"SMITH"},{"floor":29,"key":"REST"},{"floor":32,"key":"REST"},{"data":"Runesmith:GoWithTheFlow","floor":34,"key":"SMITH"},{"data":"Concentrate","floor":42,"key":"SMITH"},{"floor":47,"key":"REST"},{"floor":51,"key":"REST"}],"circlet_count":0,"master_deck":["Runesmith:Defend_RS+1","Runesmith:Defend_RS+1","Runesmith:CraftFirestone","Runesmith:Fortify+1","Runesmith:EarthShield","Runesmith:CraftIncendium+1","Runesmith:Permafrost+1","Runesmith:Grindstone+1","Runesmith:RuneHurl","Runesmith:CraftMagma","Runesmith:CraftProtectio","Runesmith:Supernova+1","CurseOfTheBell","Runesmith:UnlimitedPower+1","Runesmith:PoweredAnvil+1","Magnetism+1","Go for the Eyes+1","Dagger Spray","Prepared+1","Apotheosis+1","Runesmith:FissionHammer+1","Armaments+1","Runesmith:LithiumIon+1","Runesmith:HammerTime"],"relics":["Runesmith:BrokenRuby","Golden Egg","Replay:Grab Bag","Sozu","Busted Crown","aspiration:SecretTechniqueScroll","Calling Bell","Lantern","Replay:Ringing Soul","Replay:PocketPolymizer","Nunchaku","Orichalcum","Replay:Bottled Eggs","PrismaticShard","conspire:RoyalGoblet","Runesmith:MiniCore","StoneCalendar","Potion Belt","Quantum Egg"],"acts_visited":["TheCity","TheBeyond"],"potions_floor_usage":[],"damage_taken":[{"damage":0,"enemies":"Cultist","floor":1,"turns":3},{"damage":0,"enemies":"2 Louse","floor":2,"turns":3},{"damage":2,"enemies":"Small Slimes","floor":4,"turns":5},{"damage":1,"enemies":"Exordium Wildlife","floor":5,"turns":3},{"damage":12,"enemies":"Blue Slaver","floor":7,"turns":5},{"damage":1,"enemies":"2 Fungi Beasts","floor":10,"turns":5},{"damage":9,"enemies":"Lots of Slimes","floor":12,"turns":4},{"damage":3,"enemies":"3 Louse","floor":14,"turns":4},{"damage":1,"enemies":"Slime Boss","floor":16,"turns":13},{"damage":0,"enemies":"Shell Parasite","floor":18,"turns":7},{"damage":18,"enemies":"2 Thieves","floor":19,"turns":4},{"damage":8,"enemies":"conspire:Head Lice","floor":23,"turns":7},{"damage":1,"enemies":"Centurion and Healer","floor":24,"turns":8},{"damage":9,"enemies":"Gremlin Leader","floor":25,"turns":6},{"damage":2,"enemies":"Shelled Parasite and Fungi","floor":30,"turns":5},{"damage":0,"enemies":"Snecko","floor":31,"turns":5},{"damage":17,"enemies":"Pondfish","floor":35,"turns":12},{"damage":0,"enemies":"3 Shapes","floor":37,"turns":7},{"damage":12,"enemies":"Orb Walker","floor":39,"turns":6},{"damage":15,"enemies":"R_Hoarder","floor":43,"turns":13},{"damage":31,"enemies":"Jaw Worm Horde","floor":48,"turns":5},{"damage":48,"enemies":"Awakened One","floor":52,"turns":9}],"seed_played":"5129361160887393426","potions_obtained":[{"floor":4,"key":"blueLaboratory:NullPotion"},{"floor":12,"key":"Energy Potion"},{"floor":16,"key":"Energy Potion"}],"is_trial":false,"path_per_floor":["M","M","$","M","M","R","M","R","T","M","?","M","?","M","R_BF","B",null,"M","M","?","$","$","E","M","E","T","PTL","PTL","R","M","M","R","?","R","B",null,"M","?","M","$","?","R","E","T","T","?","R","M","?","$","R","B",null],"character_chosen":"RUNESMITH_CLASS","items_purchased":["Runesmith:Permafrost","Runesmith:Grindstone","Runesmith:UnlimitedPower","Runesmith:PoweredAnvil","Runesmith:MiniCore","Runesmith:LithiumIon"],"campfire_rested":4,"item_purchase_floors":[3,3,21,22,40,50],"current_hp_per_floor":[70,70,70,68,67,67,55,55,55,54,43,34,34,31,31,30,70,70,52,52,55,58,50,49,40,40,40,40,66,64,64,82,74,77,63,88,88,88,79,79,82,85,74,74,74,77,107,79,79,82,116,68],"gold":42,"neow_bonus":"REMOVE_CARD","is_daily":false,"chose_seed":false,"campfire_upgraded":4,"win_rate":0.0,"timestamp":1608934371,"path_taken":["M","M","$","?","M","R","M","R","T","M","?","M","?","M","R_BF","BOSS","M","?","?","?","$","E","M","E","T","PTL","PTL","R","M","M","R","?","R","BOSS","M","?","?","$","?","R","E","?","T","?","R","M","?","$","R","BOSS"],"items_purchased_type":["Card","Card","Card","Card","Relic","Card"],"build_version":"2020-12-22","purchased_purges":2,"victory":true,"max_hp_per_floor":[70,70,70,70,70,70,70,70,70,70,70,70,70,70,70,70,70,70,70,70,73,76,76,76,76,76,76,76,79,79,79,82,82,85,88,88,88,88,91,91,94,97,101,101,101,104,107,110,110,113,116,116],"card_choices":[{"not_picked":["Runesmith:ChiselStab","Runesmith:CraftProtectio"],"picked":"Runesmith:EarthShield","floor":1},{"not_picked":["Runesmith:ChiselStab","Runesmith:HeatedChisel"],"picked":"Runesmith:CraftIncendium","floor":2},{"not_picked":["Runesmith:Grindstone","Runesmith:Repurpose","Runesmith:BackupBattery"],"picked":"SKIP","floor":4},{"not_picked":["Runesmith:HeatedChisel","Runesmith:CraftSpiculum"],"picked":"Runesmith:RuneHurl","floor":5},{"not_picked":["Runesmith:CraftSpiculum","Runesmith:Permafrost"],"picked":"Runesmith:CraftMagma","floor":7},{"not_picked":["Runesmith:CraftMagma","Runesmith:Repurpose","Runesmith:HeatExchange"],"picked":"SKIP","floor":10},{"not_picked":["Runesmith:EarthShield","Runesmith:HammerTime"],"picked":"Runesmith:GenerateForcefield","floor":12},{"not_picked":["Runesmith:Attraction","Runesmith:UnstableHammer"],"picked":"Runesmith:CraftProtectio","floor":14},{"not_picked":["Runesmith:Duplicate","Runesmith:ArcReactor"],"picked":"Runesmith:Supernova","floor":16},{"not_picked":["Runesmith:WhiteBalance"],"picked":"SKIP","floor":18},{"not_picked":["Runesmith:HammerThrow"],"picked":"SKIP","floor":19},{"not_picked":["Runesmith:CraftSpiculum"],"picked":"SKIP","floor":23},{"not_picked":["Runesmith:ChiselStab"],"picked":"SKIP","floor":24},{"not_picked":["Runesmith:ShiftingStrike"],"picked":"SKIP","floor":25},{"not_picked":["Runesmith:UnlimitedPower"],"picked":"SKIP","floor":30},{"not_picked":["Runesmith:ChiselStab"],"picked":"SKIP","floor":31},{"not_picked":["Runesmith:ChiselStab"],"picked":"SKIP","floor":31},{"not_picked":[],"picked":"Magnetism","floor":35},{"not_picked":["Armaments"],"picked":"SKIP","floor":37},{"not_picked":[],"picked":"Go for the Eyes+1","floor":39},{"not_picked":[],"picked":"Prepared+1","floor":43},{"not_picked":[],"picked":"Apotheosis","floor":46},{"not_picked":[],"picked":"Armaments+1","floor":48}],"player_experience":397603,"relics_obtained":[{"floor":9,"key":"Golden Egg"},{"floor":17,"key":"Lantern"},{"floor":17,"key":"Replay:Ringing Soul"},{"floor":17,"key":"Replay:PocketPolymizer"},{"floor":23,"key":"Nunchaku"},{"floor":25,"key":"Orichalcum"},{"floor":26,"key":"Replay:Bottled Eggs"},{"floor":33,"key":"PrismaticShard"},{"floor":43,"key":"StoneCalendar"},{"floor":44,"key":"Potion Belt"},{"floor":45,"key":"Quantum Egg"}],"event_choices":[{"damage_healed":0,"gold_gain":75,"player_choice":"Gather Gold","damage_taken":11,"max_hp_gain":0,"max_hp_loss":0,"event_name":"World of Goop","floor":11,"gold_loss":0},{"damage_healed":0,"gold_gain":0,"player_choice":"Forge","damage_taken":0,"max_hp_gain":0,"max_hp_loss":0,"event_name":"Accursed Blacksmith","floor":13,"gold_loss":0,"cards_upgraded":["Runesmith:Fortify"]},{"cards_removed":["Runesmith:Strike_RS"],"damage_healed":0,"gold_gain":0,"player_choice":"Offered Basic","damage_taken":0,"max_hp_gain":0,"max_hp_loss":0,"event_name":"Bonfire Elementals","floor":15,"gold_loss":0},{"damage_healed":0,"gold_gain":0,"player_choice":"Upgraded","damage_taken":0,"max_hp_gain":0,"max_hp_loss":0,"event_name":"Upgrade Shrine","floor":38,"gold_loss":0,"cards_upgraded":["Runesmith:CraftIncendium"]},{"damage_healed":0,"gold_gain":0,"player_choice":"Memory 1","damage_taken":0,"max_hp_gain":0,"max_hp_loss":0,"event_name":"SensoryStone","floor":46,"gold_loss":0},{"damage_healed":0,"gold_gain":0,"player_choice":"Ignored","damage_taken":0,"max_hp_gain":0,"max_hp_loss":0,"event_name":"SecretPortal","floor":49,"gold_loss":0}],"is_beta":false,"boss_relics":[{"not_picked":["Runic Pyramid","aspiration:RitualDagger"],"picked":"Replay:Grab Bag"},{"not_picked":["Fusion Hammer","ReplayTheSpireMod:DimensionalGlitch"],"picked":"Sozu"},{"not_picked":["ReplayTheSpireMod:Onyx Gauntlets","Coffee Dripper"],"picked":"Busted Crown"},{"not_picked":["conspire:RunicOctahedron","SlaversCollar"],"picked":"aspiration:SecretTechniqueScroll"},{"not_picked":["Astrolabe","Replay:Drink Me"],"picked":"Calling Bell"},{"not_picked":["Tiny House","Velvet Choker"],"picked":"conspire:RoyalGoblet"}],"items_purged_floors":[21,40],"is_endless":false,"potions_floor_spawned":[4,12,16,19,23,35,43,48],"ascension_level":1}}