{"host":"ya062ahhhuj9au1o","time":1608878011,"event":{"mods":["BaseMod","Better Third Choice","Filter the Spire","Hermit","Minty Spire (QoL Compilation)","Random Character Button","Robot Space Explorer","Somnambulant","StSLib","The Bug Knight","The Cursed","The Servant 0.9.4"],"gold_per_floor":[113,38,38,57,57,57,71,71,96,96,7,34,34,44,44,44,44],"floor_reached":16,"playtime":1103,"items_purged":["somnambulantmod: Defend_Somnambulant"],"score":128,"play_id":"e9482fa7-09f0-4d4d-a422-99e4e464611b","local_time":"20201225013331","is_ascension_mode":true,"campfire_choices":[{"floor":6.0,"key":"REST"},{"floor":8.0,"key":"REST"},{"floor":10.0,"key":"REST"},{"floor":13.0,"key":"REST"},{"data":"somnambulantmod: QuickNap","floor":15.0,"key":"SMITH"}],"circlet_count":0,"master_deck":["somnambulantmod: SomnambulantStrike","somnambulantmod: SomnambulantStrike","somnambulantmod: SomnambulantStrike+1","somnambulantmod: SomnambulantStrike+1","somnambulantmod: SomnambulantStrike","somnambulantmod: Defend_Somnambulant","somnambulantmod: Defend_Somnambulant","somnambulantmod: Defend_Somnambulant","somnambulantmod: Defend_Somnambulant+1","somnambulantmod: QuickNap+1","somnambulantmod: PrimingPunch","somnambulantmod: LoseForm","somnambulantmod: HorrificThought+1","Enlightenment","somnambulantmod: HeavyLids"],"relics":["somnambulantmod: DreamJournal","somnambulantmod: MemoryHouse","Odd Mushroom"],"acts_visited":["Exordium"],"potions_floor_usage":[],"damage_taken":[{"damage":10.0,"enemies":"Jaw Worm","floor":1.0,"turns":7.0},{"damage":10.0,"enemies":"Cultist","floor":4.0,"turns":4.0},{"damage":5.0,"enemies":"Small Slimes","floor":7.0,"turns":4.0},{"damage":22.0,"enemies":"The Mushroom Lair","floor":12.0,"turns":5.0},{"damage":1.0,"enemies":"Looter","floor":14.0,"turns":4.0},{"damage":0,"enemies":"Hexaghost","floor":16,"turns":1}],"seed_played":"2700477662602362334","potions_obtained":[{"floor":4.0,"key":"Strength Potion"},{"floor":5.0,"key":"DuplicationPotion"},{"floor":5.0,"key":"SkillPotion"},{"floor":12.0,"key":"Swift Potion"}],"is_trial":false,"path_per_floor":["M","$","?","M","?","R","M","R","T","R","$","?","R","M","R","B"],"character_chosen":"THE_SOMNAMBULANT","items_purchased":["Enlightenment"],"campfire_rested":4,"item_purchase_floors":[11],"current_hp_per_floor":[35,35,35,25,25,48,43,66,66,76,76,54,78,77,77,77,77],"gold":44,"neow_bonus":"THREE_RARE_CARDS","is_daily":false,"chose_seed":false,"campfire_upgraded":1,"win_rate":0.0,"timestamp":1608878011,"path_taken":["M","$","?","M","?","R","M","R","T","R","?","?","R","M","R","BOSS"],"items_purchased_type":["Card"],"build_version":"2020-12-22","purchased_purges":1,"victory":false,"max_hp_per_floor":[70,70,70,70,70,72,72,74,74,76,76,76,78,78,78,78,78],"card_choices":[{"not_picked":["somnambulantmod: SleepParalysis","somnambulantmod: Unburden"],"picked":"somnambulantmod: LoseForm","floor":0.0},{"not_picked":["somnambulantmod: RecurringDream","somnambulantmod: SickeningSwathe"],"picked":"somnambulantmod: HorrificThought","floor":1.0},{"not_picked":["somnambulantmod: Harden","somnambulantmod: Relive","somnambulantmod: LeechFears"],"picked":"SKIP","floor":4.0},{"not_picked":["somnambulantmod: Harden","somnambulantmod: Relive","somnambulantmod: LeechFears"],"picked":"SKIP","floor":4.0},{"not_picked":["somnambulantmod: SnuggleUp","somnambulantmod: InLimbo","somnambulantmod: Unknow"],"picked":"SKIP","floor":7.0},{"not_picked":["somnambulantmod: ShimmeringVeil","somnambulantmod: Harden"],"picked":"somnambulantmod: HeavyLids","floor":14.0}],"player_experience":1666692,"relics_obtained":[{"floor":9.0,"key":"somnambulantmod: MemoryHouse"},{"floor":12.0,"key":"Odd Mushroom"}],"event_choices":[{"damage_healed":0.0,"max_hp_gain":0.0,"max_hp_loss":0.0,"gold_gain":0.0,"event_name":"betterThird:BetterSerpent","player_choice":"Ignored","floor":3.0,"gold_loss":0.0,"damage_taken":38.0},{"damage_healed":0.0,"max_hp_gain":0.0,"max_hp_loss":0.0,"gold_gain":0.0,"event_name":"Lab","player_choice":"Got Potions","floor":5.0,"gold_loss":0.0,"damage_taken":0.0},{"damage_healed":0.0,"max_hp_gain":0.0,"max_hp_loss":0.0,"gold_gain":0.0,"event_name":"Mushrooms","player_choice":"Fought Mushrooms","floor":12.0,"gold_loss":0.0,"damage_taken":0.0}],"is_beta":false,"boss_relics":[],"items_purged_floors":[2],"is_endless":false,"potions_floor_spawned":[4,12],"killed_by":"Hexaghost","ascension_level":9}}