{"host":"e4o8jqjcho94s7p7","time":1608876476,"event":{"mods":["AchievementEnabler","BaseMod","Minty Spire (QoL Compilation)","Relic Stats"],"gold_per_floor":[114,129,129,142,157,192,63,19,69,100,0,0,32,48,48,149,149,161,113,113,124,124,153,169,169,196,223,235,235,13,31,31,135,135,151,163,183,39,389,418,418,418,418],"floor_reached":42,"playtime":4199,"items_purged":["Strike_B","Strike_B","Strike_B"],"score":560,"play_id":"9bfc873a-0203-46dc-846b-f868efed82b3","local_time":"20201225010756","is_ascension_mode":true,"campfire_choices":[{"floor":12,"key":"REST"},{"floor":15,"key":"REST"},{"data":"Defragment","floor":25,"key":"SMITH"},{"data":"Echo Form","floor":29,"key":"SMITH"},{"data":"Biased Cognition","floor":32,"key":"SMITH"},{"floor":41,"key":"RECALL"}],"circlet_count":0,"master_deck":["Strike_B","Defend_B","Defend_B","Defend_B","Defend_B","Zap","Dualcast","Go for the Eyes","Ball Lightning","Ball Lightning","Chaos+1","Hologram+1","Consume+1","Beam Cell","Coolheaded+1","Biased Cognition+1","Coolheaded+1","Defragment+1","Echo Form+1","Compile Driver+1","Doom and Gloom","Loop+1","Seek+1","Echo Form","Consecrate+1"],"relics":["Inserter","Toxic Egg 2","Pen Nib","Anchor","Turnip","Pear","Coffee Dripper","Bottled Tornado","Centennial Puzzle","Bronze Scales","Fusion Hammer","PrismaticShard","Old Coin","Orichalcum"],"acts_visited":["Exordium","TheCity","TheBeyond"],"potions_floor_usage":[10,14,23,27,31,42],"damage_taken":[{"damage":18,"enemies":"Small Slimes","floor":1,"turns":4},{"damage":3,"enemies":"Cultist","floor":2,"turns":4},{"damage":1,"enemies":"Jaw Worm","floor":4,"turns":4},{"damage":5,"enemies":"2 Fungi Beasts","floor":5,"turns":3},{"damage":24,"enemies":"Gremlin Nob","floor":6,"turns":4},{"damage":9,"enemies":"3 Sentries","floor":10,"turns":5},{"damage":24,"enemies":"Gremlin Nob","floor":13,"turns":4},{"damage":11,"enemies":"Gremlin Gang","floor":14,"turns":4},{"damage":19,"enemies":"Hexaghost","floor":16,"turns":9},{"damage":17,"enemies":"2 Thieves","floor":18,"turns":4},{"damage":6,"enemies":"3 Byrds","floor":21,"turns":4},{"damage":3,"enemies":"Gremlin Leader","floor":23,"turns":6},{"damage":12,"enemies":"Sentry and Sphere","floor":24,"turns":5},{"damage":34,"enemies":"Slavers","floor":27,"turns":7},{"damage":0,"enemies":"Centurion and Healer","floor":28,"turns":6},{"damage":6,"enemies":"Snecko","floor":31,"turns":5},{"damage":31,"enemies":"Automaton","floor":33,"turns":7},{"damage":0,"enemies":"3 Darklings","floor":35,"turns":5},{"damage":6,"enemies":"3 Shapes","floor":36,"turns":4},{"damage":25,"enemies":"Transient","floor":37,"turns":5},{"damage":0,"enemies":"Mind Bloom Boss Battle","floor":39,"turns":6},{"damage":31,"enemies":"Nemesis","floor":40,"turns":7},{"damage":24,"enemies":"Reptomancer","floor":42,"turns":2}],"seed_played":"-4617172128028512602","potions_obtained":[{"floor":6,"key":"ColorlessPotion"},{"floor":13,"key":"SpeedPotion"},{"floor":14,"key":"Fire Potion"},{"floor":16,"key":"Dexterity Potion"},{"floor":18,"key":"FocusPotion"},{"floor":24,"key":"SteroidPotion"},{"floor":28,"key":"Regen Potion"},{"floor":31,"key":"BlessingOfTheForge"},{"floor":37,"key":"EssenceOfDarkness"}],"is_trial":false,"path_per_floor":["M","M","?","M","M","E","$","?","T","E","$","R","E","M","R","B",null,"M","$","?","M","?","E","M","R","T","E","M","R","$","M","R","B",null,"M","M","M","$","?","E","R","E"],"character_chosen":"DEFECT","items_purchased":["Hologram+1","Coolheaded+1","FairyPotion","PrismaticShard"],"campfire_rested":2,"item_purchase_floors":[7,19,30,38],"current_hp_per_floor":[57,54,54,53,48,24,24,24,24,15,15,37,23,12,37,18,85,68,68,62,56,56,53,41,41,41,7,7,7,7,13,13,25,85,85,79,54,54,54,23,23,0,0],"gold":418,"neow_bonus":"BOSS_RELIC","is_daily":false,"chose_seed":false,"campfire_upgraded":3,"win_rate":0.0,"timestamp":1608876476,"path_taken":["M","M","?","M","M","E","$","?","T","E","?","R","E","M","R","BOSS","M","$","?","?","?","E","M","R","T","E","M","R","?","M","R","BOSS","M","M","M","$","?","E","R","E"],"items_purchased_type":["Card","Card","Potion","Relic"],"build_version":"2020-12-22","purchased_purges":3,"victory":false,"max_hp_per_floor":[75,75,75,75,75,75,75,75,75,75,75,75,85,85,85,85,85,85,85,85,85,85,85,85,85,85,85,85,85,85,85,85,85,85,85,85,85,85,85,85,85,85,85],"relic_stats":{"Centennial Puzzle":[21],"Inserter":[57],"counters":[23,114],"Bronze Scales":[116],"Pen Nib":[17],"Turnip":[11],"Orichalcum":[0],"obtain_stats":[{"Inserter":0,"Pear":13,"Pen Nib":6,"Bottled Tornado":23,"Orichalcum":40,"PrismaticShard":38,"Old Coin":39,"Anchor":9,"Centennial Puzzle":26,"Bronze Scales":27,"Turnip":10,"Fusion Hammer":34,"Coffee Dripper":17,"Toxic Egg 2":3,"Cracked Core":0},{"Inserter":0,"Pear":7,"Pen Nib":5,"Bottled Tornado":12,"Orichalcum":22,"PrismaticShard":20,"Old Coin":21,"Anchor":5,"Centennial Puzzle":13,"Bronze Scales":14,"Turnip":6,"Fusion Hammer":17,"Coffee Dripper":9,"Toxic Egg 2":2,"Cracked Core":0},{"Inserter":0,"Pear":28,"Pen Nib":19,"Bottled Tornado":55,"Orichalcum":112,"PrismaticShard":99,"Old Coin":105,"Anchor":19,"Centennial Puzzle":60,"Bronze Scales":67,"Turnip":24,"Fusion Hammer":85,"Coffee Dripper":41,"Toxic Egg 2":8,"Cracked Core":0}]},"card_choices":[{"not_picked":["Hologram","BootSequence"],"picked":"Coolheaded","floor":1},{"not_picked":["Streamline","Skim"],"picked":"Go for the Eyes","floor":2},{"not_picked":["Conserve Battery+1","Auto Shields+1"],"picked":"Ball Lightning","floor":4},{"not_picked":["Loop","Rip and Tear"],"picked":"Ball Lightning","floor":5},{"not_picked":["Skim+1","Ball Lightning"],"picked":"Chaos+1","floor":6},{"not_picked":["Hello World","Loop"],"picked":"Consume+1","floor":10},{"not_picked":["Rebound","Buffer"],"picked":"Beam Cell","floor":13},{"not_picked":["Leap+1","Scrape"],"picked":"Coolheaded+1","floor":14},{"not_picked":["Meteor Strike","Buffer"],"picked":"Biased Cognition","floor":16},{"not_picked":["Ball Lightning","Rebound+1","Steam+1"],"picked":"SKIP","floor":18},{"not_picked":["Steam Power+1","Heatsinks+1"],"picked":"Defragment","floor":21},{"not_picked":["Rebound","Tempest+1"],"picked":"Compile Driver+1","floor":23},{"not_picked":["Beam Cell","Turbo+1"],"picked":"Doom and Gloom","floor":24},{"not_picked":["Chaos+1","Melter","Beam Cell+1"],"picked":"SKIP","floor":27},{"not_picked":["Leap+1","Capacitor","Machine Learning"],"picked":"SKIP","floor":28},{"not_picked":["Capacitor","Compile Driver+1"],"picked":"Loop+1","floor":31},{"not_picked":["Biased Cognition","Reboot+1"],"picked":"Seek+1","floor":33},{"not_picked":["Turbo+1","Conserve Battery+1","Rip and Tear+1"],"picked":"SKIP","floor":35},{"not_picked":["Stack+1","Leap+1","Ball Lightning+1"],"picked":"SKIP","floor":36},{"not_picked":["Reinforced Body+1","Barrage+1"],"picked":"Echo Form","floor":37},{"not_picked":["Hello World","Blade Dance+1"],"picked":"Consecrate+1","floor":39},{"not_picked":["Turbo+1","Dagger Throw","Sweeping Beam"],"picked":"SKIP","floor":40}],"player_experience":134498,"relics_obtained":[{"floor":6,"key":"Pen Nib"},{"floor":9,"key":"Anchor"},{"floor":10,"key":"Turnip"},{"floor":13,"key":"Pear"},{"floor":23,"key":"Bottled Tornado"},{"floor":26,"key":"Centennial Puzzle"},{"floor":27,"key":"Bronze Scales"},{"floor":39,"key":"Old Coin"},{"floor":40,"key":"Orichalcum"}],"event_choices":[{"cards_removed":["Coolheaded"],"damage_healed":0,"gold_gain":0,"player_choice":"Gave Card","damage_taken":0,"relics_obtained":["Toxic Egg 2"],"max_hp_gain":0,"max_hp_loss":0,"event_name":"WeMeetAgain","floor":3,"gold_loss":0},{"damage_healed":0,"gold_gain":0,"player_choice":"Left Gold","damage_taken":0,"max_hp_gain":0,"max_hp_loss":0,"event_name":"World of Goop","floor":8,"gold_loss":44},{"damage_healed":0,"gold_gain":0,"player_choice":"","damage_taken":6,"max_hp_gain":0,"max_hp_loss":0,"event_name":"Knowing Skull","floor":20,"potions_obtained":[],"gold_loss":0,"cards_obtained":[]},{"damage_healed":0,"gold_gain":0,"player_choice":"Read","damage_taken":0,"max_hp_gain":0,"max_hp_loss":0,"event_name":"The Library","floor":22,"gold_loss":0,"cards_obtained":["Echo Form"]},{"damage_healed":0,"gold_gain":0,"player_choice":"Fight","damage_taken":0,"max_hp_gain":0,"max_hp_loss":0,"event_name":"MindBloom","floor":39,"gold_loss":0}],"is_beta":false,"boss_relics":[{"not_picked":["Empty Cage","Philosopher\u0027s Stone"],"picked":"Coffee Dripper"},{"not_picked":["Black Star","Calling Bell"],"picked":"Fusion Hammer"}],"items_purged_floors":[7,11,30],"is_endless":false,"potions_floor_spawned":[6,13,14,16,18,24,28,31,37,39],"killed_by":"Reptomancer","ascension_level":2}}