{"host":"v4s5k3c6jywmeofl","time":1608913822,"event":{"mods":["Act Like it!","BaseMod","Colored Map","Downfall","Gensokyo","Hallownest","Hermit","Marisa????????","Minty Spire (QoL Compilation)","Quick Restart","Random Character Button","Rare Cards Sparkle","Replay The Spire","StSLib","The Animator","The Bug Knight","The Cursed","The Hierophant","The Servant 0.9.4"],"gold_per_floor":[14,14,14,14,14,14,34,66,66,76,76,103,103,115,115,210,210,210,210,210,210,210,210,210,210,210,210,210,210],"floor_reached":28,"playtime":860,"items_purged":[],"score":249,"play_id":"590356fe-37ff-4a25-8ee3-d66b92e777d3","local_time":"20201225113022","is_ascension_mode":true,"campfire_choices":[{"floor":6,"key":"RECALL"},{"floor":11,"key":"REST"},{"floor":15,"key":"REST"},{"floor":24,"key":"REST"}],"circlet_count":0,"master_deck":["Strike_R","Strike_R","Strike_R","Strike_R","Strike_R","Defend_R","Defend_R","Defend_R","Defend_R","Bash","Demon Form+1","Iron Wave","Iron Wave","Twin Strike","Offering","Armaments+1","Cleave","Looming Evil","Rampage+1","Armaments"],"relics":["Burning Blood","Blue Doll","Gensokyo:Mercy","Ginger","Garlic","Toy Ornithopter","Ectoplasm","Ring of Hypnosis","ReplayTheSpireMod:Ring of Collecting","Bronze Scales"],"acts_visited":["Gensokyo:Gensokyo","Gensokyo:Gensokyoer"],"potions_floor_usage":[],"damage_taken":[{"damage":12,"enemies":"Gensokyo:3_Fairies","floor":1,"turns":4},{"damage":15,"enemies":"Gensokyo:Gryphon","floor":7,"turns":4},{"damage":27,"enemies":"Gensokyo:Cirno","floor":8,"turns":8},{"damage":0,"enemies":"Gensokyo:Python","floor":10,"turns":3},{"damage":25,"enemies":"Gensokyo:Aya","floor":12,"turns":6},{"damage":2,"enemies":"Gensokyo:VengefulSpirit","floor":14,"turns":4},{"damage":12,"enemies":"Gensokyo:Reimu","floor":16,"turns":7},{"damage":22,"enemies":"Gensokyo:Chomper","floor":18,"turns":3},{"damage":11,"enemies":"Gensokyo:3_Dogs","floor":20,"turns":6},{"damage":21,"enemies":"Gensokyo:Wraith","floor":23,"turns":4},{"damage":43,"enemies":"Gensokyo:Slime_Group","floor":25,"turns":4},{"damage":14,"enemies":"Gensokyo:Swordslinger","floor":27,"turns":4},{"damage":25,"enemies":"Gensokyo:Reisen","floor":28,"turns":4}],"seed_played":"-3811994973569577912","potions_obtained":[{"floor":7,"key":"BlessingOfTheForge"},{"floor":8,"key":"sneckomod:MuddlingPotion"},{"floor":10,"key":"Doom Potion"}],"is_trial":false,"path_per_floor":["M","?","?","?","$","R","M","E","T","M","R","E","?","M","R","B",null,"M","?","M","?","?","M","R","M","T","M","E"],"character_chosen":"IRONCLAD","items_purchased":[],"campfire_rested":3,"item_purchase_floors":[],"current_hp_per_floor":[74,74,58,58,58,58,49,28,28,34,58,39,39,43,67,61,80,64,64,59,59,59,44,68,31,31,23,0,0],"gold":210,"neow_bonus":"THREE_RARE_CARDS","is_daily":false,"chose_seed":false,"campfire_upgraded":0,"win_rate":0.0,"timestamp":1608913822,"path_taken":["M","?","?","?","?","R","M","E","T","?","R","E","?","?","R","BOSS","M","?","M","?","?","M","R","M","T","M","E"],"items_purchased_type":[],"build_version":"2020-12-22","purchased_purges":0,"victory":false,"max_hp_per_floor":[80,80,80,80,80,80,80,80,80,80,80,80,80,80,80,80,80,80,80,80,80,80,80,80,80,80,80,80,80],"card_choices":[{"not_picked":["Immolate","Reaper"],"picked":"Demon Form","floor":0},{"not_picked":["Anger","Cleave"],"picked":"Heavy Blade","floor":1},{"not_picked":["True Grit","Shrug It Off","Anger"],"picked":"SKIP","floor":7},{"not_picked":["Carnage","Sword Boomerang"],"picked":"Iron Wave","floor":8},{"not_picked":["Replay:Undeath\u0027s Touch","Flame Barrier"],"picked":"Iron Wave","floor":10},{"not_picked":["Shrug It Off","Hemokinesis"],"picked":"Twin Strike","floor":12},{"not_picked":["Metallicize","Shrug It Off","Anger"],"picked":"SKIP","floor":14},{"not_picked":["Demonic Infusion","Berserk"],"picked":"Offering","floor":16},{"not_picked":["Battle Trance+1","Heavy Blade"],"picked":"Armaments+1","floor":18},{"not_picked":["ReplayTheSpireMod:LeadingStrike","Clothesline"],"picked":"Cleave","floor":20},{"not_picked":["Feel No Pain","Searing Blow"],"picked":"Rampage+1","floor":23},{"not_picked":["Perfected Strike+1","Replay:Undeath\u0027s Touch","Evolve"],"picked":"SKIP","floor":25},{"not_picked":["Wild Strike","ReplayTheSpireMod:Strike From Hell"],"picked":"Armaments","floor":27}],"player_experience":154823,"relics_obtained":[{"floor":8,"key":"Ginger"},{"floor":9,"key":"Garlic"},{"floor":12,"key":"Toy Ornithopter"},{"floor":21,"key":"Ring of Hypnosis"},{"floor":21,"key":"ReplayTheSpireMod:Ring of Collecting"},{"floor":26,"key":"Bronze Scales"}],"event_choices":[],"is_beta":false,"boss_relics":[{"not_picked":["Velvet Choker","Runic Pyramid"],"picked":"Ectoplasm"}],"items_purged_floors":[],"is_endless":false,"potions_floor_spawned":[7,8,10,20,27],"killed_by":"Gensokyo:Reisen","ascension_level":2}}