{"host":"cfluht5kr2kfk9p9","time":1608918579,"event":{"mods":["ATMod(阿瑾Mod)","Act Like it!","BaseMod","Gensokyo","GungeonMod","Hallownest","Highlight Path","Minty Spire (QoL Compilation)","Quick Restart","Rare Cards Sparkle","Relic Stats","RumiaBox-露米娅的神秘盒子","Spicy Shops","StSLib","TestMod","The Alterego","【功能Mod】混沌之环修复补丁"],"gold_per_floor":[113,43,63,73,86,86,115,140,195,195,195],"floor_reached":10,"playtime":243,"items_purged":[],"score":186,"play_id":"0fb54464-df70-4aec-af8a-e83228632e69","local_time":"20201226014939","is_ascension_mode":true,"campfire_choices":[{"data":"AT_KingSlayer","floor":6,"key":"SMITH"}],"circlet_count":0,"master_deck":["AscendersBane","Strike_R","Strike_R+1","Strike_R","Strike_R+1","Strike_R","Defend_R","Defend_R","Defend_R","Defend_R","Bash","AT_KingSlayer+1","Whirlwind","Feel No Pain"],"relics":["testmod-TestBox","AT_ATBox","testmod-Fanaticism","testmod-Recursion","Calipers","Bottled Flame","testmod-Antiphasic"],"acts_visited":["Exordium"],"potions_floor_usage":[],"damage_taken":[{"damage":11,"enemies":"Gensokyo:Gryphon","floor":1,"turns":2},{"damage":8,"enemies":"Gensokyo:2_Kodama","floor":3,"turns":2},{"damage":0,"enemies":"Gensokyo:Python","floor":4,"turns":2},{"damage":0,"enemies":"Gensokyo:VengefulSpirit","floor":5,"turns":2},{"damage":0,"enemies":"Gensokyo:Aya","floor":7,"turns":2},{"damage":47,"enemies":"Gensokyo:Cirno","floor":8,"turns":4},{"damage":13,"enemies":"Gensokyo:Cirno","floor":10,"turns":3}],"seed_played":"-8937875729491231487","potions_obtained":[{"floor":5,"key":"Dexterity Potion"},{"floor":8,"key":"DemoMod:LeadSkinPotion"}],"is_trial":false,"path_per_floor":["M","?","M","M","M","R","E","?","T","E"],"character_chosen":"IRONCLAD","items_purchased":[],"campfire_rested":0,"item_purchase_floors":[],"current_hp_per_floor":[63,63,58,58,58,58,58,11,11,0,0],"gold":195,"neow_bonus":"BOSS_RELIC","is_daily":false,"chose_seed":false,"campfire_upgraded":1,"win_rate":0.0,"timestamp":1608918579,"path_taken":["M","?","M","?","M","R","E","?","T","E"],"items_purchased_type":[],"build_version":"2020-12-22","purchased_purges":0,"victory":false,"max_hp_per_floor":[75,75,75,75,75,75,75,75,75,75,75],"relic_stats":{"counters":[7,17],"obtain_stats":[{"testmod-Fanaticism":0,"testmod-Antiphasic":9,"Bottled Flame":8,"testmod-TestBox":0,"AT_ATBox":0,"Calipers":7,"testmod-Recursion":0,"DemoMod:GlassGuonStoneRelic":7,"Burning Blood":0},{"testmod-Fanaticism":0,"testmod-Antiphasic":6,"Bottled Flame":6,"testmod-TestBox":0,"AT_ATBox":0,"Calipers":5,"testmod-Recursion":0,"DemoMod:GlassGuonStoneRelic":5,"Burning Blood":0},{"testmod-Fanaticism":0,"testmod-Antiphasic":14,"Bottled Flame":14,"testmod-TestBox":0,"AT_ATBox":0,"Calipers":10,"testmod-Recursion":0,"DemoMod:GlassGuonStoneRelic":10,"Burning Blood":0}]},"card_choices":[{"not_picked":["Headbutt","Twin Strike","Cleave"],"picked":"SKIP","floor":1},{"not_picked":["True Grit","AT_IchimonjiDouble","Spot Weakness"],"picked":"SKIP","floor":3},{"not_picked":["Clothesline","Dropkick"],"picked":"Whirlwind","floor":4},{"not_picked":["True Grit","Intimidate","Cleave"],"picked":"SKIP","floor":5},{"not_picked":["Spot Weakness","Iron Wave"],"picked":"Feel No Pain","floor":7},{"not_picked":["Blood for Blood","Wild Strike","Fire Breathing"],"picked":"SKIP","floor":8}],"player_experience":30420,"relics_obtained":[{"floor":7,"key":"Calipers"},{"floor":8,"key":"Bottled Flame"},{"floor":9,"key":"testmod-Antiphasic"}],"event_choices":[],"is_beta":false,"boss_relics":[],"items_purged_floors":[],"is_endless":false,"potions_floor_spawned":[5,8],"killed_by":"Gensokyo:Cirno","ascension_level":20}}