{"host":"hm3ikmf8oxbtqms2","time":1608884590,"event":{"mods":["BaseMod","Best Route Mod","Bestiary","Better Vampires","Block Reminder","Colored Map","Colored Powertips","Curses Come First","DeckTracker","Displayed Cursed Tome","Highlight Path","Minty Spire (QoL Compilation)","Quick Restart","StSLib"],"gold_per_floor":[110,60,60,76,76,104,104,27,27,61,61,136,136,149,149,253,253,272,187,187,20,20,20,46,46,71,71,105,115,115,150,150,249,249,262,272,272,290,133,167,167,247,247,1,13,113,125,57,57,57],"floor_reached":51,"playtime":3955,"items_purged":[],"score":771,"play_id":"1f762926-d08d-49f2-92ea-3e5222671367","local_time":"20201225032310","is_ascension_mode":true,"campfire_choices":[{"floor":7.0,"key":"REST"},{"data":"Noxious Fumes","floor":11.0,"key":"SMITH"},{"floor":13.0,"key":"REST"},{"data":"Deadly Poison","floor":15.0,"key":"SMITH"},{"data":"Apotheosis","floor":23,"key":"SMITH"},{"data":"Neutralize","floor":25,"key":"SMITH"},{"data":"Acrobatics","floor":27,"key":"SMITH"},{"floor":30,"key":"REST"},{"data":"Dodge and Roll","floor":32,"key":"SMITH"},{"floor":49,"key":"DIG"}],"circlet_count":0,"master_deck":["Defend_G","Defend_G","Defend_G+1","Defend_G","Defend_G","Survivor","Neutralize+1","Deadly Poison+1","Slice","Acrobatics+1","Blade Dance","Bane","Noxious Fumes+1","Predator","Corpse Explosion","Dodge and Roll+1","Apotheosis+1","Bite","Bite","Bite","Bite","Cloak And Dagger+1","Backflip+1","Cloak And Dagger+1","PiercingWail+1","Swift Strike","Footwork"],"relics":["Ring of the Serpent","Unceasing Top","Smiling Mask","Blue Candle","Regal Pillow","Busted Crown","MealTicket","Bag of Marbles","Blood Vial","PreservedInsect","Anchor","War Paint","Boot","Mercury Hourglass","Shovel","TwistedFunnel","Centennial Puzzle"],"acts_visited":["Exordium","TheCity","TheBeyond"],"potions_floor_usage":[36,50,50],"damage_taken":[{"damage":2.0,"enemies":"Small Slimes","floor":1.0,"turns":5.0},{"damage":9.0,"enemies":"2 Louse","floor":4.0,"turns":3.0},{"damage":26.0,"enemies":"3 Sentries","floor":6.0,"turns":13.0},{"damage":0.0,"enemies":"Gremlin Nob","floor":10.0,"turns":2.0},{"damage":11.0,"enemies":"Jaw Worm","floor":14.0,"turns":3.0},{"damage":36.0,"enemies":"The Guardian","floor":16.0,"turns":9.0},{"damage":19.0,"enemies":"Spheric Guardian","floor":18.0,"turns":4.0},{"damage":24,"enemies":"Book of Stabbing","floor":24,"turns":6},{"damage":33,"enemies":"Slavers","floor":28,"turns":4},{"damage":1,"enemies":"Chosen","floor":29,"turns":4},{"damage":10,"enemies":"Book of Stabbing","floor":31,"turns":5},{"damage":35,"enemies":"Champ","floor":33,"turns":11},{"damage":21,"enemies":"3 Darklings","floor":35,"turns":3},{"damage":10,"enemies":"3 Shapes","floor":36,"turns":3},{"damage":10,"enemies":"3 Darklings","floor":38,"turns":3},{"damage":42,"enemies":"Giant Head","floor":40,"turns":8},{"damage":13,"enemies":"4 Shapes","floor":45,"turns":3},{"damage":2,"enemies":"Jaw Worm Horde","floor":47,"turns":2},{"damage":50,"enemies":"Awakened One","floor":50,"turns":14}],"seed_played":"8688881073823699976","potions_obtained":[{"floor":1.0,"key":"EntropicBrew"},{"floor":4.0,"key":"Swift Potion"},{"floor":14.0,"key":"Weak Potion"},{"floor":33,"key":"FearPotion"},{"floor":35,"key":"Explosive Potion"},{"floor":47,"key":"Energy Potion"}],"is_trial":false,"path_per_floor":["M","?","?","M","?","E","R","$","T","E","R","?","R","M","R","B",null,"M","?","?","$","?","R","E","R","T","R","E","M","R","E","R","B",null,"M","M","?","M","$","E","?","T","T","$","M","?","M","$","R","B",null],"character_chosen":"THE_SILENT","items_purchased":["Blade Dance","Bane","Apotheosis","War Paint","TwistedFunnel","Swift Strike","Footwork"],"campfire_rested":3,"item_purchase_floors":[8,8,21,39,44,44,48],"current_hp_per_floor":[61,61,61,52,52,26,44,44,44,44,44,33,63,52,52,16,63,44,44,44,59,47,47,32,32,32,32,7,16,45,37,37,14,47,32,30,30,25,40,12,12,12,12,27,20,20,26,41,41,8],"gold":57,"neow_bonus":"ONE_RARE_RELIC","is_daily":false,"chose_seed":false,"campfire_upgraded":6,"win_rate":0.0,"timestamp":1608884590,"path_taken":["M","?","?","M","?","E","R","?","T","E","R","?","R","M","R","BOSS","M","?","?","?","?","R","E","R","T","R","E","M","R","E","R","BOSS","M","M","?","M","$","E","?","?","T","$","M","?","?","$","R","BOSS"],"items_purchased_type":["Card","Card","Card","Relic","Relic","Card","Card"],"build_version":"2020-12-22","purchased_purges":0,"victory":true,"max_hp_per_floor":[63,63,63,63,63,63,63,63,63,63,63,63,63,63,63,63,63,63,63,63,63,47,47,47,47,47,47,47,47,47,47,47,47,47,47,47,47,47,47,47,47,47,47,47,47,47,47,47,47,47],"card_choices":[{"not_picked":["Accuracy","Poisoned Stab"],"picked":"Deadly Poison","floor":1.0},{"not_picked":["Escape Plan","Quick Slash"],"picked":"Slice","floor":4.0},{"not_picked":["Choke","Deadly Poison"],"picked":"Acrobatics","floor":6.0},{"not_picked":["Crippling Poison","Night Terror"],"picked":"Noxious Fumes","floor":10.0},{"not_picked":["Deadly Poison","Flechettes"],"picked":"Predator","floor":14.0},{"not_picked":["Doppelganger","Glass Knife"],"picked":"Corpse Explosion","floor":16.0},{"not_picked":[],"picked":"Dodge and Roll","floor":18.0},{"not_picked":["Deadly Poison"],"picked":"SKIP","floor":24},{"not_picked":[],"picked":"Cloak And Dagger+1","floor":28},{"not_picked":["Cloak And Dagger"],"picked":"SKIP","floor":29},{"not_picked":["Bane"],"picked":"SKIP","floor":31},{"not_picked":[],"picked":"Backflip+1","floor":35},{"not_picked":[],"picked":"Cloak And Dagger+1","floor":36},{"not_picked":[],"picked":"PiercingWail","floor":38},{"not_picked":["A Thousand Cuts"],"picked":"SKIP","floor":40},{"not_picked":["Distraction+1"],"picked":"SKIP","floor":45},{"not_picked":["Choke"],"picked":"SKIP","floor":47}],"player_experience":232715,"relics_obtained":[{"floor":6.0,"key":"Smiling Mask"},{"floor":9.0,"key":"Blue Candle"},{"floor":10.0,"key":"Regal Pillow"},{"floor":24,"key":"Bag of Marbles"},{"floor":26,"key":"Blood Vial"},{"floor":28,"key":"PreservedInsect"},{"floor":31,"key":"Anchor"},{"floor":40,"key":"Boot"},{"floor":42,"key":"Mercury Hourglass"},{"floor":43,"key":"Shovel"},{"floor":49,"key":"Centennial Puzzle"}],"event_choices":[{"cards_removed":["Strike_G"],"damage_healed":0.0,"max_hp_gain":0.0,"max_hp_loss":0.0,"gold_gain":0.0,"event_name":"The Cleric","player_choice":"Card Removal","floor":2.0,"gold_loss":50.0,"damage_taken":0.0},{"damage_healed":0.0,"max_hp_gain":0.0,"max_hp_loss":0.0,"gold_gain":0.0,"event_name":"Liars Game","player_choice":"Ignored","floor":3.0,"gold_loss":0.0,"damage_taken":0.0},{"damage_healed":0.0,"max_hp_gain":0.0,"max_hp_loss":0.0,"gold_gain":0.0,"event_name":"Golden Wing","player_choice":"Ignored","floor":5.0,"gold_loss":0.0,"damage_taken":0.0},{"damage_healed":0.0,"max_hp_gain":0.0,"max_hp_loss":0.0,"gold_gain":75.0,"event_name":"World of Goop","player_choice":"Gather Gold","floor":12.0,"gold_loss":0.0,"damage_taken":11.0},{"damage_healed":0.0,"max_hp_gain":0.0,"max_hp_loss":0.0,"gold_gain":0.0,"event_name":"Addict","player_choice":"Obtained Relic","floor":19.0,"gold_loss":85.0,"damage_taken":0.0,"relics_obtained":["MealTicket"]},{"damage_healed":0,"gold_gain":0,"player_choice":"Ignored","damage_taken":0,"max_hp_gain":0,"max_hp_loss":0,"event_name":"Beggar","floor":20,"gold_loss":0},{"damage_healed":0,"gold_gain":0,"player_choice":"Became a vampire","damage_taken":0,"max_hp_gain":0,"max_hp_loss":16,"event_name":"Vampires","floor":22,"gold_loss":0,"cards_obtained":["Bite","Bite","Bite","Bite"]},{"damage_healed":0,"gold_gain":0,"player_choice":"Ignored","damage_taken":0,"max_hp_gain":0,"max_hp_loss":0,"event_name":"Tomb of Lord Red Mask","floor":37,"gold_loss":0},{"damage_healed":0,"gold_gain":0,"player_choice":"Ignored","damage_taken":0,"max_hp_gain":0,"max_hp_loss":0,"event_name":"The Moai Head","floor":41,"gold_loss":0},{"damage_healed":0,"gold_gain":100,"player_choice":"Pray","damage_taken":0,"max_hp_gain":0,"max_hp_loss":0,"event_name":"Golden Shrine","floor":46,"gold_loss":0}],"is_beta":false,"boss_relics":[{"not_picked":["Snecko Eye","Tiny House"],"picked":"Busted Crown"},{"not_picked":["Sozu","Fusion Hammer"],"picked":"Ring of the Serpent"}],"items_purged_floors":[],"is_endless":false,"potions_floor_spawned":[1,4,14,33,35,47],"ascension_level":1}}