{"host":"lqtll83nun4jn4k7","time":1608862171,"event":{"mods":["BaseMod","Challenge The Spire","Colored Map","Colored Powertips","Highlight Path","KinomotoSakuraMod(木之本樱)","Minty Spire (QoL Compilation)","Prisma Mod","Quick Restart","StSLib","SuperFastMode","The Bug Knight","Waifu the Spire","【东方二次创作】八云紫mod"],"gold_per_floor":[133,28,28,47,63,98,98,98,98],"floor_reached":8,"playtime":524,"items_purged":[],"score":59,"play_id":"e6958681-5e73-4c23-85ad-04c1d7df884c","local_time":"20201225100931","is_ascension_mode":true,"campfire_choices":[{"data":"Bait_HighSpeedFlying_purple","floor":7,"key":"SMITH"}],"circlet_count":0,"master_deck":["AT_purpleEX","AT_purpleEX","AT_purpleEX","AT_purpleEX","Defend_purpleEX","Defend_purpleEX","Defend_purpleEX","Defend_purpleEX","Observe_purple_1","Observe_purple_2","StateErode_purple","RuleDissolution_purple","CommonSense_AntiCommonSense_purple+1","Bait_HighSpeedFlying_purple+1","WangLiang_OokamiKakushi_purple","ButterflyHabitatTemple_purple","PurpleNeedle_purple"],"relics":["Boundary_crack","Memoryfragments_purpleEX","Bottled Flame"],"acts_visited":["Exordium"],"potions_floor_usage":[8],"damage_taken":[{"damage":1.0,"enemies":"Cultist","floor":1.0,"turns":3.0},{"damage":0.0,"enemies":"Small Slimes","floor":4.0,"turns":3.0},{"damage":0.0,"enemies":"2 Louse","floor":5.0,"turns":2.0},{"damage":53,"enemies":"3 Sentries","floor":6,"turns":11},{"damage":22,"enemies":"Gremlin Nob","floor":8,"turns":3}],"seed_played":"-629518163598622250","potions_obtained":[{"floor":4.0,"key":"Weak Potion"},{"floor":6,"key":"Ancient Potion"}],"is_trial":false,"path_per_floor":["M","$","?","M","M","E","R","E"],"character_chosen":"Youkari","items_purchased":["CommonSense_AntiCommonSense_purple","Bait_HighSpeedFlying_purple"],"campfire_rested":0,"item_purchase_floors":[2,2],"current_hp_per_floor":[70,70,70,70,70,22,22,0,0],"gold":98,"neow_bonus":"THREE_CARDS","is_daily":false,"chose_seed":false,"campfire_upgraded":1,"win_rate":0.0,"timestamp":1608862171,"path_taken":["M","$","?","?","M","E","R","E"],"items_purchased_type":["Card","Card"],"build_version":"2020-12-22","purchased_purges":0,"victory":false,"max_hp_per_floor":[70,70,70,70,70,70,70,70,70],"card_choices":[{"not_picked":["Charmbait_purple","Line_surface_state_purple"],"picked":"StateErode_purple","floor":0.0},{"not_picked":["Charmbait_purple","Line_surface_state_purple"],"picked":"RuleDissolution_purple","floor":1.0},{"not_picked":["Shallow_ocean_purpleEX","Yakumo_Ran_purple"],"picked":"WangLiang_OokamiKakushi_purple","floor":4.0},{"not_picked":["Mirror_FormAndEmptin_purple","AdvanceAttack_purple"],"picked":"ButterflyHabitatTemple_purple","floor":5.0},{"not_picked":["RealityDreamConfluencek_purple","PositiveMatter_Antimatter_Universe_purple"],"picked":"PurpleNeedle_purple","floor":6}],"player_experience":534572,"relics_obtained":[{"floor":6,"key":"Bottled Flame"}],"event_choices":[{"damage_healed":0.0,"max_hp_gain":0.0,"max_hp_loss":0.0,"gold_gain":0.0,"event_name":"Accursed Blacksmith","player_choice":"Forge","floor":3.0,"gold_loss":0.0,"damage_taken":0.0,"cards_upgraded":["CommonSense_AntiCommonSense_purple"]}],"is_beta":false,"boss_relics":[],"items_purged_floors":[],"is_endless":false,"potions_floor_spawned":[4,6],"killed_by":"Gremlin Nob","ascension_level":1}}