{"host":"h7xtspmc2x3i8s2i","time":1608938814,"event":{"mods":["2.2 Compatiblity","AchievementEnabler","Act Like it!","AlwaysNeverKeys","Aspiration","Astrologer","BaseMod","Beaked The Cultist","Bestiary","Better Match","Better Sensory Stone","Better Third Choice","Better Vampires","BetterRewards","Challenge The Spire","Colored Map","Colored Powertips","Colorless Booster Pack","Curses Come First","Defuse TimeMaze Blight","Dio Mod","Downfall","Duelist Mod","EXCEPTION","Energized Spire","Friendly Minions","GifTheSpireLib","Gold Saver","Gremlin Skip","Halation","Hubris","Jedi Mod","Key Reminder","Marked Mod","Minty Spire (QoL Compilation)","Permanent Neow","Potion Indicator Mod","Random Character Button","Random Character Mod","Rare Cards Sparkle","Relic Filter","Relic Stats","Replay The Spire","SacredBarkPlus","Shop Mod","Somnambulant","Spicy Shops","Spikes Relics","Spire Birthday Party","StSLib","Steal the Spire","Stuff the Spire","SuperFastMode","The Awakened One except there are too many feathers","The Blue Laboratory","The Cursed","The Death Knight","The Dragon Tamer","The Edgeheg","The Hierophant","The Problem Sleuth","The Wild Card","Transform Curses","Unceasing Turn Reminder","everything is the same but u backflip on backflip","slay the spire mod where everything is the same but ironclad has a cowboy hat","vexMod"],"gold_per_floor":[1039,1056,1056,1080,1092,1029,1041,1072,1084,1116,1161,1173,1210,1232,1256,1366,1378,1315,1338,1369,1401,87,87,87,87,87,72,84,84,9,29,48,150,150,150,164,41,56,68,68,116,127,160,178,188,188,188,206,225,225,225,256,62,62,62],"floor_reached":56,"playtime":5578,"items_purged":["champ:Strike"],"score":1236,"play_id":"00d703f2-0642-4387-8248-effa704496be","local_time":"20201225182654","is_ascension_mode":true,"campfire_choices":[{"floor":1,"key":"RECALL"},{"data":"champ:Taunt","floor":6,"key":"SMITH"},{"data":"champ:Backstep","floor":9,"key":"SMITH"},{"data":"champ:StrikeOfGenius","floor":18,"key":"SMITH"},{"floor":30,"key":"REST"},{"data":"champ:Backstep","floor":35,"key":"SMITH"},{"data":"champ:Control","floor":40,"key":"SMITH"},{"floor":47,"key":"REST"},{"data":"champ:Balance","floor":54,"key":"SMITH"}],"circlet_count":0,"master_deck":["champ:Defend","champ:Defend","champ:Defend","champ:Execute","champ:Taunt+1","StuffTheSpire:PlasmaPunch","champ:Balance+1","champ:Backstep+1","champ:Strike","champ:GladiatorStyle","champ:Riposte+1","champ:StrikeOfGenius+1","champ:Backstep+1","champ:Control+1","champ:GutPunch+1","champ:FanOfKnives+1","champ:Balance+1","champ:DefensiveStyle","Replay:SS_hec_2","champ:DefensiveStyle","champ:FanOfKnives+1","champ:Control","champ:SteelEdge","champ:FanOfKnives","champ:FanOfKnives","champ:Backstep+1","champ:GladiatorStyle+1","champ:FaceSlap","champ:DancingMaster"],"relics":["champ:ChampionCrown","downfall:HeartBlessingRed","Eternal Feather","aspiration:EmptySkull","downfall:HeartBlessingGreen","MerchantsRug","Strange Spoon","hubris:ToyBattleship","Chameleon Ring","Potion Belt","aspiration:RitualStick","downfall:HeartBlessingBlue","halation:Prosthetics","champ:BerserkersGuideToSlaughter","MiniBlackHole","jedi:angrymask","StuffTheSpire:HeavyRock","Bag of Preparation","Durian","SnailShell","champ:SpectersHand","Lee\u0027s Waffle"],"acts_visited":["Exordium","TheCity","TheBeyond","TheEnding"],"potions_floor_usage":[14,15,16,16,28,37,38,45,48,55],"damage_taken":[{"damage":11,"enemies":"Jaw Worm","floor":2,"turns":3},{"damage":5,"enemies":"2 Louse","floor":8,"turns":3},{"damage":7,"enemies":"Small Slimes","floor":10,"turns":3},{"damage":19,"enemies":"3 Sentries","floor":11,"turns":7},{"damage":30,"enemies":"Lagavulin","floor":13,"turns":5},{"damage":28,"enemies":"Exordium Wildlife","floor":14,"turns":3},{"damage":0,"enemies":"3 Louse","floor":15,"turns":2},{"damage":27,"enemies":"downfall:Watcher","floor":16,"turns":11},{"damage":2,"enemies":"3 Byrds","floor":19,"turns":4},{"damage":8,"enemies":"Snake Plant","floor":20,"turns":4},{"damage":31,"enemies":"Cultist and Chosen","floor":21,"turns":5},{"damage":27,"enemies":"downfall:FleeingMerchant","floor":22,"turns":4},{"damage":10,"enemies":"downfall:FleeingMerchant","floor":27,"turns":4},{"damage":21,"enemies":"Chosen and Byrds","floor":28,"turns":6},{"damage":33,"enemies":"Shelled Parasite and Fungi","floor":31,"turns":3},{"damage":24,"enemies":"Snecko","floor":32,"turns":6},{"damage":33,"enemies":"downfall:Silent","floor":33,"turns":8},{"damage":10,"enemies":"3 Shapes","floor":36,"turns":2},{"damage":20,"enemies":"downfall:FleeingMerchant","floor":37,"turns":4},{"damage":26,"enemies":"3 Darklings","floor":38,"turns":5},{"damage":1,"enemies":"Spire Growth","floor":39,"turns":4},{"damage":32,"enemies":"Sphere and 2 Shapes","floor":42,"turns":4},{"damage":47,"enemies":"Nemesis","floor":43,"turns":7},{"damage":34,"enemies":"Writhing Mass","floor":44,"turns":7},{"damage":5,"enemies":"4 Shapes","floor":45,"turns":3},{"damage":0,"enemies":"Spire Growth","floor":48,"turns":2},{"damage":10,"enemies":"Sphere and 2 Shapes","floor":49,"turns":3},{"damage":15,"enemies":"downfall:Defect","floor":50,"turns":5},{"damage":50,"enemies":"downfall:CharBossMerchant","floor":52,"turns":7},{"damage":64,"enemies":"downfall:NeowBoss","floor":55,"turns":14}],"seed_played":"-2792649522279710717","potions_obtained":[{"floor":8,"key":"blueLaboratory:Moonshine"},{"floor":10,"key":"blueLaboratory:CorrosionFlask"},{"floor":14,"key":"EntropicBrew"},{"floor":20,"key":"jedi:StrikingPotion"},{"floor":21,"key":"Dexterity Potion"},{"floor":33,"key":"LifebloodPotion"},{"floor":36,"key":"AttackPotion"},{"floor":44,"key":"blueLaboratory:ImpenetrablePotion"},{"floor":45,"key":"LifebloodPotion"},{"floor":49,"key":"champ:UltimateStancePotion"},{"floor":52,"key":"blueLaboratory:BottleOfRum"}],"is_trial":false,"path_per_floor":["R","M","?","T","?","R","T","M","R","M","E","?","E","M","M","B",null,"R","M","M","M","$","?","T","?","?","$","M","?","R","M","M","B",null,"R","M","$","M","M","R","T","M","E","M","M","?","R","M","M","B",null,"E","$","R","B",null],"character_chosen":"THE_CHAMP","items_purchased":["MerchantsRug","Matryoshka","champ:FanOfKnives","champ:Balance","champ:DefensiveStyle","Strange Spoon","hubris:ToyBattleship","Replay:SS_hec_2","Chameleon Ring","Whetstone","champ:BerserkersGuideToSlaughter","MiniBlackHole","SnailShell","champ:SpectersHand","Lee\u0027s Waffle"],"campfire_rested":2,"item_purchase_floors":[22,22,22,22,22,22,22,22,22,37,37,37,53,53,53],"current_hp_per_floor":[90,84,84,84,84,84,84,84,90,88,79,79,49,41,41,34,120,120,120,117,101,101,101,101,77,77,77,71,71,130,115,115,109,95,95,95,95,95,95,95,95,72,41,19,33,33,76,76,86,81,95,54,107,107,107],"gold":62,"neow_bonus":"RANDOM_COLORLESS","is_daily":false,"chose_seed":false,"campfire_upgraded":6,"win_rate":0.0,"timestamp":1608938814,"path_taken":["R","M","?","?","?","R","T","?","R","M","E","?","E","M","M","BOSS","R","M","M","M","$","?","T","?","?","$","?","?","R","?","M","BOSS","R","M","$","M","M","R","T","M","E","?","M","?","R","?","M","BOSS","E","$","R","BOSS"],"items_purchased_type":["Relic","Relic","Card","Card","Card","Relic","Relic","Card","Relic","Relic","Relic","Relic","Relic","Relic","Relic"],"build_version":"2020-12-22","purchased_purges":1,"victory":true,"max_hp_per_floor":[90,90,90,90,90,90,90,90,90,90,90,90,90,90,90,90,120,120,120,120,120,120,120,120,120,120,120,120,120,130,130,130,130,95,95,95,95,95,95,95,95,95,95,95,95,95,95,95,95,95,95,100,107,107,107],"relic_stats":{"Strange Spoon":[42],"Lee\u0027s Waffle":53,"counters":[30,148],"Eternal Feather":33,"Bag of Preparation":[14],"obtain_stats":[{"jedi:angrymask":41,"SnailShell":53,"champ:ChampionCrown":0,"downfall:HeartBlessingGreen":18,"Bag of Preparation":43,"Whetstone":37,"halation:Prosthetics":34,"aspiration:RitualStick":25,"downfall:BrokenWingStatue":3,"Matryoshka":22,"Chameleon Ring":22,"downfall:HeartBlessingBlue":30,"StuffTheSpire:HeavyRock":41,"MiniBlackHole":37,"champ:BerserkersGuideToSlaughter":37,"Potion Belt":24,"MerchantsRug":22,"Lee\u0027s Waffle":53,"downfall:HeartBlessingRed":6,"Eternal Feather":7,"MawBank":4,"keyreminder:keyreminder":1,"Strange Spoon":22,"aspiration:EmptySkull":13,"StuffTheSpire:Mouthbags":11,"hubris:ToyBattleship":22,"Durian":52,"champ:SpectersHand":53,"vexMod:BigBerry":17},{"jedi:angrymask":21,"SnailShell":29,"champ:ChampionCrown":0,"downfall:HeartBlessingGreen":8,"Bag of Preparation":23,"Whetstone":19,"halation:Prosthetics":17,"aspiration:RitualStick":12,"downfall:BrokenWingStatue":1,"Matryoshka":12,"Chameleon Ring":12,"downfall:HeartBlessingBlue":14,"StuffTheSpire:HeavyRock":21,"MiniBlackHole":19,"champ:BerserkersGuideToSlaughter":19,"Potion Belt":12,"MerchantsRug":12,"Lee\u0027s Waffle":29,"downfall:HeartBlessingRed":1,"Eternal Feather":1,"MawBank":1,"keyreminder:keyreminder":0,"Strange Spoon":12,"aspiration:EmptySkull":5,"StuffTheSpire:Mouthbags":4,"hubris:ToyBattleship":12,"Durian":29,"champ:SpectersHand":29,"vexMod:BigBerry":8},{"jedi:angrymask":96,"SnailShell":134,"champ:ChampionCrown":0,"downfall:HeartBlessingGreen":37,"Bag of Preparation":107,"Whetstone":87,"halation:Prosthetics":81,"aspiration:RitualStick":54,"downfall:BrokenWingStatue":3,"Matryoshka":54,"Chameleon Ring":54,"downfall:HeartBlessingBlue":64,"StuffTheSpire:HeavyRock":96,"MiniBlackHole":87,"champ:BerserkersGuideToSlaughter":87,"Potion Belt":54,"MerchantsRug":54,"Lee\u0027s Waffle":134,"downfall:HeartBlessingRed":3,"Eternal Feather":3,"MawBank":3,"keyreminder:keyreminder":0,"Strange Spoon":54,"aspiration:EmptySkull":21,"StuffTheSpire:Mouthbags":16,"hubris:ToyBattleship":54,"Durian":134,"champ:SpectersHand":134,"vexMod:BigBerry":37}],"aspiration:RitualStick":[0]},"card_choices":[{"not_picked":["expansioncontent:DefensiveMode","Replay:SS_fish_1"],"picked":"StuffTheSpire:PlasmaPunch","floor":0},{"not_picked":["champ:AdrenalArmor","champ:RapidStrikes"],"picked":"champ:Balance","floor":2},{"not_picked":["champ:StanceDance","champ:Haymaker"],"picked":"champ:Backstep","floor":8},{"not_picked":["champ:FalseCounter","champ:EndlessRage","champ:GladiatorsShout"],"picked":"SKIP","floor":10},{"not_picked":["champ:MurderStrike","champ:SwordSigil"],"picked":"champ:GladiatorStyle","floor":11},{"not_picked":["champ:GladiatorsShout","champ:CrookedStrike","champ:FocusedGladiator"],"picked":"SKIP","floor":13},{"not_picked":["champ:ShieldSigil","champ:BladeFlurry","champ:RageSigil"],"picked":"SKIP","floor":14},{"not_picked":["champ:BringItOn","champ:CrookedStrike","champ:ShieldSigil"],"picked":"SKIP","floor":15},{"not_picked":["champ:LastStand","champ:HeavySlash"],"picked":"champ:StrikeOfGenius","floor":16},{"not_picked":["champ:Circumvent+1","champ:PerfectedStrike"],"picked":"champ:Backstep","floor":19},{"not_picked":["champ:Shatter+1","champ:PerfectedStrike","champ:GladiatorsShout"],"picked":"SKIP","floor":20},{"not_picked":["champ:BerserkersShout","champ:StanceDance"],"picked":"champ:Control","floor":21},{"not_picked":["champ:FocusedGladiator","champ:BerserkerStyle"],"picked":"champ:GutPunch","floor":22},{"not_picked":["champ:ViciousMockery","champ:RisingSlash","champ:HeavySlash"],"picked":"SKIP","floor":27},{"not_picked":["champ:RageSigil+1","champ:BladeFlurry"],"picked":"champ:DefensiveStyle","floor":28},{"not_picked":["champ:Backstep","champ:TornadoPunch"],"picked":"champ:FanOfKnives+1","floor":31},{"not_picked":["champ:Haymaker+1","champ:BerserkersShout"],"picked":"champ:Control","floor":32},{"not_picked":["champ:VampiricStrike","champ:PerfectForm"],"picked":"champ:SteelEdge","floor":33},{"not_picked":["champ:ShieldSigil","champ:CrookedStrike+1","champ:PreciseThrust"],"picked":"SKIP","floor":36},{"not_picked":["champ:Lariat+1","champ:CrookedStrike+1","champ:Duel"],"picked":"SKIP","floor":37},{"not_picked":["champ:Circumvent","champ:BerserkersShout","champ:AdrenalArmor+1"],"picked":"SKIP","floor":38},{"not_picked":["champ:PerfectedStrike+1","champ:FocusedBerserking+1","champ:ShieldWall"],"picked":"SKIP","floor":39},{"not_picked":["champ:TornadoPunch","champ:DefensiveShout+1","champ:BringItOn+1"],"picked":"SKIP","floor":42},{"not_picked":["champ:CrownThrow","champ:FocusedDefense+1"],"picked":"champ:FanOfKnives","floor":43},{"not_picked":["champ:RisingSlash+1","champ:BladeFlurry"],"picked":"champ:FanOfKnives","floor":44},{"not_picked":["champ:Riposte+1","champ:TornadoPunch"],"picked":"champ:Backstep+1","floor":45},{"not_picked":["champ:PerfectedStrike+1","champ:DefensiveShout+1"],"picked":"champ:GladiatorStyle+1","floor":48},{"not_picked":["champ:BladeFlurry","champ:HeavySlash"],"picked":"champ:FaceSlap","floor":49},{"not_picked":["champ:PerfectedStrike+1","champ:CrookedStrike"],"picked":"champ:DancingMaster","floor":52}],"player_experience":575992,"relics_obtained":[{"floor":4,"key":"MawBank"},{"floor":7,"key":"Eternal Feather"},{"floor":11,"key":"StuffTheSpire:Mouthbags"},{"floor":13,"key":"aspiration:EmptySkull"},{"floor":24,"key":"Potion Belt"},{"floor":41,"key":"jedi:angrymask"},{"floor":41,"key":"StuffTheSpire:HeavyRock"},{"floor":43,"key":"Bag of Preparation"},{"floor":52,"key":"Durian"}],"event_choices":[{"damage_healed":0,"gold_gain":0,"player_choice":"Grow","damage_taken":0,"max_hp_gain":0,"max_hp_loss":0,"event_name":"Living Wall","floor":5,"gold_loss":0,"cards_upgraded":["champ:Balance"]},{"cards_removed":["champ:Strike"],"damage_healed":0,"gold_gain":0,"player_choice":"Offered Basic","damage_taken":0,"max_hp_gain":0,"max_hp_loss":0,"event_name":"Bonfire Elementals","floor":29,"gold_loss":0},{"cards_removed":["champ:Defend"],"damage_healed":0,"gold_gain":0,"player_choice":"Purged","damage_taken":0,"max_hp_gain":0,"max_hp_loss":0,"event_name":"Purifier","floor":46,"gold_loss":0}],"is_beta":false,"boss_relics":[{"not_picked":["jedi:hotpepper","champ:PowerArmor"],"picked":"vexMod:BigBerry"},{"not_picked":["Astrolabe","energizedSpire:StickyHand"],"picked":"halation:Prosthetics"}],"items_purged_floors":[22],"is_endless":false,"potions_floor_spawned":[8,10,14,20,21,33,36,44,45,49,52],"ascension_level":1}}