{"host":"jjunaul04msmo6r1","time":1608924127,"event":{"mods":["BaseMod","Better Third Choice","Booster Modes","Colored Map","Downfall","Minty Spire (QoL Compilation)","Relic Stats","StSLib","UnlockEverythingMod","everything is the same but u backflip on backflip"],"gold_per_floor":[99,109,109,119,132,117,198,210,240,90,100,129,12,25,42,42,42,42],"floor_reached":16,"playtime":1631,"items_purged":[],"score":120,"play_id":"58d94f16-38ed-48d7-9aee-a489125f4b30","local_time":"20201225122207","is_ascension_mode":true,"campfire_choices":[{"floor":1,"key":"RECALL"},{"data":"Guardian:CurlUp","floor":10,"key":"SMITH"}],"circlet_count":0,"master_deck":["Guardian:Strike_Guardian","Guardian:Strike_Guardian","Guardian:Strike_Guardian","Guardian:Defend_Guardian","Guardian:Defend_Guardian","Guardian:Defend_Guardian","Guardian:Defend_Guardian","Guardian:CurlUp+1","Guardian:TwinSlam","Guardian:Gem_White","Guardian:Harden","Guardian:PolyBeam","Guardian:ShieldCharger","Guardian:SentryBeam","Guardian:Gem_Red","Guardian:Gem_Red","Guardian:SpikerProtocol","Guardian:PrismaticBarrier"],"relics":["Guardian:ModeShifter","Matryoshka","Orichalcum","downfall:HeartBlessingGreen","downfall:HeartBlessingRed","PreservedInsect"],"acts_visited":["Exordium"],"potions_floor_usage":[9,9,12,15,16,16],"damage_taken":[{"damage":7,"enemies":"Small Slimes","floor":2,"turns":4},{"damage":0,"enemies":"Cultist","floor":4,"turns":4},{"damage":0,"enemies":"2 Louse","floor":5,"turns":3},{"damage":0,"enemies":"downfall:FleeingMerchant","floor":6,"turns":4},{"damage":0,"enemies":"Red Slaver","floor":8,"turns":4},{"damage":55,"enemies":"Gremlin Nob","floor":9,"turns":6},{"damage":4,"enemies":"2 Fungi Beasts","floor":11,"turns":3},{"damage":17,"enemies":"3 Sentries","floor":12,"turns":8},{"damage":0,"enemies":"downfall:FleeingMerchant","floor":13,"turns":4},{"damage":0,"enemies":"Large Slime","floor":14,"turns":4},{"damage":0,"enemies":"Exordium Thugs","floor":15,"turns":5},{"damage":6,"enemies":"downfall:Defect","floor":16,"turns":5}],"seed_played":"-7254166293445012910","potions_obtained":[{"floor":4,"key":"LiquidBronze"},{"floor":5,"key":"sneckomod:MuddlingPotion"},{"floor":8,"key":"LiquidMemories"},{"floor":12,"key":"ColorlessPotion"},{"floor":15,"key":"sneckomod:MuddlingPotion"}],"is_trial":false,"path_per_floor":["R","M","?","M","M","$","T","M","E","R","M","E","$","M","M","B"],"character_chosen":"GUARDIAN","items_purchased":["Guardian:Gem_Red","Block Potion"],"campfire_rested":0,"item_purchase_floors":[13,13],"current_hp_per_floor":[88,81,81,81,81,81,81,81,26,26,22,5,5,5,5,0,0,0],"gold":42,"neow_bonus":"TEN_PERCENT_HP_BONUS","is_daily":false,"chose_seed":false,"campfire_upgraded":1,"win_rate":0.0,"timestamp":1608924127,"path_taken":["R","M","?","?","M","$","T","M","E","R","M","E","?","M","M","BOSS"],"items_purchased_type":["Card","Potion"],"build_version":"2020-12-22","purchased_purges":0,"victory":false,"max_hp_per_floor":[88,88,88,88,88,88,88,88,88,88,88,88,88,88,88,88,88,88],"relic_stats":{"counters":[12,54],"PreservedInsect":55,"Orichalcum":[24],"obtain_stats":[{"Matryoshka":7,"downfall:HeartBlessingRed":10,"Guardian:ModeShifter":0,"downfall:HeartBlessingGreen":10,"PreservedInsect":12,"Orichalcum":9},{"Matryoshka":4,"downfall:HeartBlessingRed":6,"Guardian:ModeShifter":0,"downfall:HeartBlessingGreen":6,"PreservedInsect":8,"Orichalcum":6},{"Matryoshka":15,"downfall:HeartBlessingRed":25,"Guardian:ModeShifter":0,"downfall:HeartBlessingGreen":25,"PreservedInsect":36,"Orichalcum":25}]},"card_choices":[{"not_picked":["Guardian:Planning","Guardian:TemporalShield"],"picked":"Guardian:Gem_Fragmented","floor":2},{"not_picked":["Guardian:Gem_Green","Guardian:VentSteam"],"picked":"Guardian:Gem_Purple","floor":4},{"not_picked":["Guardian:Recover","Guardian:ChargeCore"],"picked":"Guardian:Gem_White","floor":5},{"not_picked":["Guardian:RollAttack","Guardian:Incinerate"],"picked":"Guardian:Harden","floor":6},{"not_picked":["Guardian:Reroute","Guardian:VentSteam"],"picked":"Guardian:PolyBeam","floor":8},{"not_picked":["Guardian:Emergency","Guardian:RefractedBeam","Guardian:Gem_Green"],"picked":"SKIP","floor":9},{"not_picked":["Guardian:Planning","Guardian:BronzeArmor"],"picked":"Guardian:ShieldCharger","floor":11},{"not_picked":["Guardian:FastForward","Guardian:DecasProtection"],"picked":"Guardian:SentryBeam","floor":12},{"not_picked":["Guardian:Gem_Crimson","Guardian:TemporalStrike"],"picked":"Guardian:Gem_Red","floor":13},{"not_picked":["Guardian:Gem_Red","Guardian:TemporalStrike"],"picked":"Guardian:SpikerProtocol","floor":14},{"not_picked":["Guardian:Gem_Cyan","Guardian:Reroute"],"picked":"Guardian:PrismaticBarrier","floor":15}],"player_experience":437753,"relics_obtained":[{"floor":7,"key":"Matryoshka"},{"floor":9,"key":"Orichalcum"},{"floor":12,"key":"PreservedInsect"}],"event_choices":[{"cards_removed":["Guardian:Strike_Guardian"],"damage_healed":0,"gold_gain":0,"player_choice":"Purged","damage_taken":0,"max_hp_gain":0,"max_hp_loss":0,"event_name":"Purifier","floor":3,"gold_loss":0}],"is_beta":false,"boss_relics":[],"items_purged_floors":[],"is_endless":false,"potions_floor_spawned":[4,5,8,12,15],"killed_by":"downfall:Defect","ascension_level":1}}