{"host":"dntw6kil9p09eemm","time":1608878281,"event":{"mods":["Alarm Clock","Aspiration","BaseMod","Colored Powertips","Downfall","Hermit","Hubris","Minty Spire (QoL Compilation)","Permanent Neow","Shop Mod","Spicy Shops","StSLib"],"gold_per_floor":[218,234,254,266,115,115,125,160,160,160,110,110,125,102,102,197,197,216,43,43,43,56,56,56,56,56],"floor_reached":24,"playtime":1161,"items_purged":[],"score":196,"play_id":"f018b4a6-290f-4dc9-86a9-568527bba186","local_time":"20201225153801","is_ascension_mode":false,"campfire_choices":[{"data":"Slimebound:CorrosiveSpit","floor":6.0,"key":"SMITH"},{"floor":15.0,"key":"REST"},{"floor":23,"key":"REST"}],"circlet_count":0,"master_deck":["Slimebound:Strike_Slimebound","Slimebound:Tackle","Slimebound:Defend_Slimebound","Slimebound:Defend_Slimebound","Slimebound:Split","Slimebound:CorrosiveSpit+1","Slimebound:ItLooksTasty","Slimebound:RainOfGoop","Slimebound:SlimeBarrage","Slimebound:SplitMire","Slimebound:Gluttony","Slimebound:ViciousTackle","Slimebound:ViciousTackle","Slimebound:GrowthPunch","Slimebound:Overexert","Slimebound:Replication+1","Slimebound:LeadByExample+1","Slimebound:Recollect+1","Slimebound:Schlurp+1","Slimebound:PressTheAttack"],"relics":["Slimebound:AbsorbEndCombat","Slimebound:AggressiveSlimeRelic","Darkstone Periapt","MerchantsRug","Boot"],"acts_visited":["Exordium","TheCity"],"potions_floor_usage":[24],"damage_taken":[{"damage":5.0,"enemies":"Jaw Worm","floor":1.0,"turns":4.0},{"damage":11.0,"enemies":"2 Louse","floor":2.0,"turns":3.0},{"damage":4.0,"enemies":"Cultist","floor":3.0,"turns":3.0},{"damage":19.0,"enemies":"3 Louse","floor":4.0,"turns":3.0},{"damage":17.0,"enemies":"Looter","floor":7.0,"turns":2.0},{"damage":42.0,"enemies":"3 Sentries","floor":8.0,"turns":6.0},{"damage":24.0,"enemies":"Blue Slaver","floor":13.0,"turns":2.0},{"damage":29.0,"enemies":"Slime Boss","floor":16.0,"turns":6.0},{"damage":17.0,"enemies":"Chosen","floor":18.0,"turns":4.0},{"damage":49,"enemies":"3 Byrds","floor":22,"turns":5},{"damage":69,"enemies":"Book of Stabbing","floor":24,"turns":4}],"seed_played":"8515400423769996944","potions_obtained":[{"floor":1.0,"key":"champ:CounterPotion"},{"floor":3.0,"key":"hexamod:EctoCoolerPotion"},{"floor":8.0,"key":"FearPotion"},{"floor":16.0,"key":"SteroidPotion"},{"floor":22,"key":"Explosive Potion"}],"is_trial":false,"path_per_floor":["M","M","M","M","$","R","M","E","T","?","?","?","M","$","R","B",null,"M","$","?","$","M","R","E"],"character_chosen":"SLIMEBOUND","items_purchased":["Slimebound:AggressiveSlimeRelic","Slimebound:GrowthPunch","MerchantsRug","Boot"],"campfire_rested":2,"item_purchase_floors":[5,14,19,19],"current_hp_per_floor":[60,57,60,49,49,49,48,26,26,26,26,32,28,28,46,45,60,60,60,60,60,35,53,0,0,0],"gold":56,"neow_bonus":"HUNDRED_GOLD","is_daily":false,"chose_seed":false,"campfire_upgraded":1,"win_rate":0.0,"timestamp":1608878281,"path_taken":["M","M","M","M","$","R","M","E","T","?","?","?","M","$","R","BOSS","M","$","?","$","M","R","E"],"items_purchased_type":["Relic","Card","Relic","Relic"],"build_version":"2020-12-22","purchased_purges":0,"victory":false,"max_hp_per_floor":[60,60,60,60,60,60,60,60,60,60,60,60,60,60,60,60,60,60,60,60,60,60,60,60,60,60],"card_choices":[{"not_picked":["Slimebound:HungryTackle","Slimebound:Prepare"],"picked":"Slimebound:ItLooksTasty","floor":1.0},{"not_picked":["Slimebound:AcidTongue","Slimebound:Equalize"],"picked":"Slimebound:RainOfGoop","floor":2.0},{"not_picked":["Slimebound:FinishingTackle","Slimebound:SlimeBrawl"],"picked":"Slimebound:SlimeBarrage","floor":3.0},{"not_picked":["Slimebound:FlameTackle","Slimebound:LeechEnergy"],"picked":"Slimebound:SplitMire","floor":4.0},{"not_picked":["Slimebound:GrowthPunch","Slimebound:SlimeSpikes"],"picked":"Slimebound:Gluttony","floor":7.0},{"not_picked":["Slimebound:MegaLick","Slimebound:FinishingTackle"],"picked":"Slimebound:ViciousTackle","floor":8.0},{"not_picked":["Slimebound:ServeAndProtect","Slimebound:SplitLeeching"],"picked":"Slimebound:ViciousTackle","floor":13.0},{"not_picked":["Slimebound:WasteNot","Slimebound:DuplicatedForm"],"picked":"Slimebound:Overexert","floor":16.0},{"not_picked":["Slimebound:DivideAndConquer","Slimebound:SpikyOuterGoop+1"],"picked":"Slimebound:Schlurp+1","floor":18.0},{"not_picked":["Slimebound:Dissolve+1","Slimebound:ComboTackle"],"picked":"Slimebound:PressTheAttack","floor":22}],"player_experience":445158,"relics_obtained":[{"floor":8.0,"key":"Blood Vial"},{"floor":9.0,"key":"Darkstone Periapt"}],"event_choices":[{"cards_removed":["Slimebound:Strike_Slimebound"],"damage_healed":0.0,"max_hp_gain":0.0,"max_hp_loss":0.0,"gold_gain":0.0,"event_name":"The Cleric","player_choice":"Card Removal","floor":11.0,"gold_loss":50.0,"damage_taken":0.0}],"is_beta":false,"boss_relics":[{"not_picked":["Busted Crown","hubris:RunicObelisk"],"picked":"Astrolabe"}],"items_purged_floors":[],"is_endless":false,"potions_floor_spawned":[1,3,8,16,22],"killed_by":"Book of Stabbing","ascension_level":0}}