{"host":"x565ttcahk6mfbvs","time":1608936755,"event":{"mods":["AchievementEnabler","BaseMod","BetterRewards","Downfall","Minty Spire (QoL Compilation)","Permanent Neow","Remove Card Discount Mod","StSLib"],"gold_per_floor":[99,117,176,186,732,732,732,732,767,777,702,720,601,621,636,735,785,785,804,904,904,924,938,938,863,877,877,893,908,707,717,729,825,825,825,839,857,155,167,200,200,125,125,139,139,139,150,201,211,211,211,245,169,169,169],"floor_reached":56,"playtime":4640,"items_purged":["hexamod:UnleashSpirits","Mayhem"],"score":1460,"play_id":"0f2a439c-d828-40ba-9c6f-c5053238987e","local_time":"20201225165235","is_ascension_mode":false,"campfire_choices":[{"floor":1.0,"key":"RECALL"},{"data":"hexamod:Float","floor":11.0,"key":"SMITH"},{"data":"hexamod:WildfireWeapon","floor":18.0,"key":"SMITH"},{"data":"hexamod:VolcanoVisage","floor":25.0,"key":"SMITH"},{"floor":27,"key":"REST"},{"data":"hexamod:HexaLevel","floor":35,"key":"SMITH"},{"data":"hexamod:SearingWound","floor":42,"key":"SMITH"},{"data":"hexamod:FlamesFromBeyond","floor":54,"key":"SMITH"}],"circlet_count":0,"master_deck":["hexamod:Strike+1","hexamod:Strike+1","hexamod:Defend+1","hexamod:Defend+1","hexamod:Defend+1","hexamod:Defend+1","hexamod:Sear+1","hexamod:Float+1","hexamod:BurningTouch+1","hexamod:BurningTouch+1","hexamod:Firestarter+1","hexamod:Incineration+1","hexamod:EmpoweredFlame+1","hexamod:ThermalTransfer+1","hexamod:Firestarter+1","hexamod:HeatShield+1","hexamod:ChargedBarrage+1","hexamod:SearingWound+1","expansioncontent:DecasProtection+1","hexamod:ExtraCrispy+1","hexamod:InspiringFlames+1","hexamod:WildfireWeapon+1","J.A.X.+1","hexamod:HeatCrush+1","hexamod:HauntingEcho+1","hexamod:Incineration+1","hexamod:GhostflameBarrier+1","hexamod:VolcanoVisage+1","hexamod:BurningTouch+1","hexamod:HexaLevel+1","hexamod:SearingWound+1","hexamod:HeatMetal+1","hexamod:EmpoweredFlame+1","hexamod:WildfireWeapon+1","hexamod:ExtraCrispy+1","expansioncontent:StudyTheSpire+1","hexamod:Incineration+1","hexamod:HeatMetal+1","hexamod:FlamesFromBeyond+1"],"relics":["hexamod:SpiritBrand","Girya","Pear","Sundial","Akabeko","Runic Pyramid","Du-Vu Doll","Torii","Letter Opener","Cauldron","Tiny House","MutagenicStrength","Unceasing Top","DollysMirror","Art of War","Happy Flower","SlaversCollar","Mango","Lee\u0027s Waffle","Omamori","Mummified Hand","Incense Burner","Dead Branch"],"acts_visited":["Exordium","TheCity","TheBeyond","TheEnding"],"potions_floor_usage":[32,33],"damage_taken":[{"damage":1.0,"enemies":"Jaw Worm","floor":2.0,"turns":3.0},{"damage":29.0,"enemies":"Gremlin Nob","floor":3.0,"turns":5.0},{"damage":6.0,"enemies":"2 Louse","floor":4.0,"turns":3.0},{"damage":0.0,"enemies":"downfall:FleeingMerchant","floor":5.0,"turns":4.0},{"damage":4.0,"enemies":"Lagavulin","floor":9.0,"turns":4.0},{"damage":0.0,"enemies":"Cultist","floor":10.0,"turns":3.0},{"damage":0.0,"enemies":"Large Slime","floor":12.0,"turns":2.0},{"damage":0.0,"enemies":"downfall:FleeingMerchant","floor":13.0,"turns":4.0},{"damage":10.0,"enemies":"Exordium Thugs","floor":14.0,"turns":3.0},{"damage":0.0,"enemies":"Blue Slaver","floor":15.0,"turns":2.0},{"damage":12.0,"enemies":"downfall:Silent","floor":16.0,"turns":5.0},{"damage":6.0,"enemies":"Shell Parasite","floor":19.0,"turns":3.0},{"damage":31.0,"enemies":"downfall:Augmenter","floor":20.0,"turns":4.0},{"damage":16.0,"enemies":"Spheric Guardian","floor":22.0,"turns":5.0},{"damage":3.0,"enemies":"Snake Plant","floor":23.0,"turns":3.0},{"damage":3.0,"enemies":"Sentry and Sphere","floor":26.0,"turns":2.0},{"damage":3,"enemies":"Snecko","floor":28,"turns":3},{"damage":0,"enemies":"Centurion and Healer","floor":29,"turns":4},{"damage":3,"enemies":"downfall:FleeingMerchant","floor":30,"turns":2},{"damage":3,"enemies":"3 Cultists","floor":31,"turns":2},{"damage":0,"enemies":"Snake Plant","floor":32,"turns":1},{"damage":3,"enemies":"downfall:Watcher","floor":33,"turns":4},{"damage":6,"enemies":"3 Shapes","floor":36,"turns":3},{"damage":3,"enemies":"3 Darklings","floor":37,"turns":3},{"damage":0,"enemies":"Sphere and 2 Shapes","floor":39,"turns":1},{"damage":0,"enemies":"Nemesis","floor":40,"turns":1},{"damage":1,"enemies":"Maw","floor":44,"turns":3},{"damage":0,"enemies":"Jaw Worm Horde","floor":47,"turns":1},{"damage":3,"enemies":"2 Orb Walkers","floor":48,"turns":2},{"damage":1,"enemies":"4 Shapes","floor":49,"turns":2},{"damage":3,"enemies":"downfall:Ironclad","floor":50,"turns":2},{"damage":3,"enemies":"downfall:CharBossMerchant","floor":52,"turns":1},{"damage":25,"enemies":"downfall:NeowBoss","floor":55,"turns":11}],"seed_played":"3404070696447476410","potions_obtained":[{"floor":3.0,"key":"BlessingOfTheForge"},{"floor":9.0,"key":"sneckomod:MuddlingPotion"},{"floor":13.0,"key":"Fruit Juice"},{"floor":13.0,"key":"hexamod:EctoCoolerPotion"},{"floor":13.0,"key":"Fire Potion"},{"floor":14.0,"key":"Block Potion"},{"floor":15.0,"key":"Regen Potion"},{"floor":16.0,"key":"sneckomod:MuddlingPotion"},{"floor":17.0,"key":"sneckomod:MuddlingPotion"},{"floor":28,"key":"Energy Potion"},{"floor":29,"key":"Block Potion"},{"floor":31,"key":"ColorlessPotion"},{"floor":33,"key":"ColorlessPotion"},{"floor":39,"key":"AttackPotion"},{"floor":40,"key":"LiquidBronze"}],"is_trial":false,"path_per_floor":["R","M","?","M","$","?","T","?","E","M","R","M","$","M","M","B",null,"R","M","?","?","M","M","T","R","M","R","M","M","$","M","M","B",null,"R","M","M","$","M","E","T","R","$","M","$","?","M","?","M","B",null,"E","$","R","B",null],"character_chosen":"THE_SPIRIT","items_purchased":["hexamod:EmpoweredFlame","hexamod:ThermalTransfer","Pear","Regen Potion","Mayhem","hexamod:SearingWound","Torii","Letter Opener","Cauldron","expansioncontent:DecasProtection","DollysMirror","hexamod:HeatMetal","Art of War","Happy Flower","Mango","expansioncontent:StudyTheSpire","Lee\u0027s Waffle","hexamod:Incineration","hexamod:FlamesFromBeyond"],"campfire_rested":1,"item_purchase_floors":[5,5,5,5,13,13,13,13,13,13,30,30,30,30,38,38,38,38,53],"current_hp_per_floor":[70,69,40,34,44,44,44,44,45,45,45,45,50,40,40,40,90,90,84,53,53,37,34,34,44,41,71,68,68,65,62,62,59,100,100,94,91,121,121,121,121,121,121,120,120,120,120,117,116,113,121,118,118,118,93],"gold":169,"neow_bonus":"ONE_RANDOM_RARE_CARD","is_daily":false,"chose_seed":false,"campfire_upgraded":6,"win_rate":0.0,"timestamp":1608936755,"path_taken":["R","M","?","M","$","?","T","?","E","?","R","M","$","M","M","BOSS","R","M","?","?","M","?","T","R","M","R","M","M","$","M","M","BOSS","R","M","M","$","M","E","T","R","$","M","$","?","M","?","M","BOSS","E","$","R","BOSS"],"items_purchased_type":["Card","Card","Relic","Potion","Card","Card","Relic","Relic","Relic","Card","Relic","Card","Relic","Relic","Relic","Card","Relic","Card","Card"],"build_version":"2020-12-22","purchased_purges":2,"victory":true,"max_hp_per_floor":[70,70,70,70,80,80,80,80,80,80,80,80,85,85,85,85,90,90,90,90,90,90,90,90,100,100,100,100,100,100,100,100,100,100,100,100,100,121,121,121,121,121,121,121,121,121,121,121,121,121,121,121,121,121,121],"card_choices":[{"not_picked":["hexamod:ShieldOfDarkness","hexamod:AdvancingGuard"],"picked":"hexamod:BurningTouch","floor":2.0},{"not_picked":["hexamod:GhostLash","hexamod:Hexaguard"],"picked":"hexamod:BurningTouch","floor":3.0},{"not_picked":["hexamod:ShieldOfDarkness","hexamod:HauntingEcho"],"picked":"hexamod:Firestarter","floor":4.0},{"not_picked":["hexamod:RecurringNightmare","hexamod:FastForward"],"picked":"hexamod:Incineration","floor":5.0},{"not_picked":["hexamod:CrushingStance","hexamod:InspiringFlames","hexamod:PhantomCloak"],"picked":"SKIP","floor":9.0},{"not_picked":["hexamod:GhostOfSpirePast","hexamod:HeatShield"],"picked":"hexamod:Firestarter","floor":10.0},{"not_picked":["hexamod:Rewind","hexamod:HauntingEcho"],"picked":"hexamod:HeatShield","floor":12.0},{"not_picked":["hexamod:GhostOfSpireFuture","hexamod:SpectralAdrenaline"],"picked":"hexamod:ChargedBarrage","floor":13.0},{"not_picked":["hexamod:FirstSeal","hexamod:ShieldOfDarkness"],"picked":"hexamod:ExtraCrispy","floor":14.0},{"not_picked":["hexamod:ThermalTransfer","hexamod:ShieldOfDarkness"],"picked":"hexamod:InspiringFlames","floor":15.0},{"not_picked":["hexamod:CrushingStance","hexamod:SixthSeal"],"picked":"hexamod:WildfireWeapon","floor":16.0},{"not_picked":["hexamod:InspiringFlames","hexamod:NightmareStrike","hexamod:GhostOfSpirePast"],"picked":"SKIP","floor":19.0},{"not_picked":[],"picked":"J.A.X.","floor":20.0},{"not_picked":["hexamod:FastForward","hexamod:SpectersWail"],"picked":"hexamod:HeatCrush","floor":20.0},{"not_picked":["hexamod:BacktrackSmack","hexamod:GhostLash"],"picked":"hexamod:GhostflameBarrier","floor":22.0},{"not_picked":["hexamod:Rewind","hexamod:RecurringNightmare"],"picked":"hexamod:VolcanoVisage","floor":23.0},{"not_picked":["hexamod:GhostShield","hexamod:Firestarter"],"picked":"hexamod:BurningTouch+1","floor":26.0},{"not_picked":["hexamod:GhostShield","hexamod:SwordOfDarkness","hexamod:ShieldOfDarkness+1"],"picked":"SKIP","floor":28},{"not_picked":["hexamod:Rewind","hexamod:HauntingEcho"],"picked":"hexamod:HexaLevel","floor":29},{"not_picked":["hexamod:EtherealExpedition","hexamod:FastForward","hexamod:GhostShield"],"picked":"SKIP","floor":30},{"not_picked":["hexamod:RecurringNightmare","hexamod:AdvancingGuard"],"picked":"hexamod:EmpoweredFlame","floor":31},{"not_picked":["hexamod:Firestarter","hexamod:HauntingEcho","hexamod:SwordOfDarkness+1"],"picked":"SKIP","floor":32},{"not_picked":["hexamod:TurnItUp","hexamod:GiftsFromTheDead"],"picked":"hexamod:WildfireWeapon","floor":33},{"not_picked":["hexamod:PowerFromBeyond+1","hexamod:AdvancingGuard+1"],"picked":"hexamod:ExtraCrispy+1","floor":36},{"not_picked":["hexamod:Haunt+1","hexamod:AdvancingGuard","hexamod:Hexaguard+1"],"picked":"SKIP","floor":37},{"not_picked":["hexamod:Haunt+1","hexamod:SwordOfDarkness","hexamod:RainOfEmbers+1"],"picked":"SKIP","floor":39},{"not_picked":["hexamod:GhostLash+1","hexamod:TurnItUp","hexamod:SwordOfDarkness"],"picked":"SKIP","floor":40},{"not_picked":["hexamod:InspiringFlames","hexamod:ThermalTransfer","hexamod:GhostLash+1"],"picked":"SKIP","floor":44},{"not_picked":["hexamod:EmpoweringStance","hexamod:HeatShield+1"],"picked":"hexamod:HeatMetal+1","floor":47},{"not_picked":["hexamod:RetreatToShadows+1","hexamod:HeatMetal+1","hexamod:SpectersWail+1"],"picked":"SKIP","floor":49},{"not_picked":["hexamod:RecurringNightmare","hexamod:SpectersWail","hexamod:GhostOfSpirePast"],"picked":"SKIP","floor":52}],"player_experience":288707,"relics_obtained":[{"floor":7.0,"key":"Sundial"},{"floor":8.0,"key":"Akabeko"},{"floor":9.0,"key":"Du-Vu Doll"},{"floor":20.0,"key":"MutagenicStrength"},{"floor":40,"key":"Omamori"},{"floor":41,"key":"Mummified Hand"},{"floor":48,"key":"Incense Burner"},{"floor":52,"key":"Dead Branch"}],"event_choices":[{"damage_healed":0.0,"max_hp_gain":0.0,"max_hp_loss":0.0,"gold_gain":0.0,"event_name":"Wheel of Change","player_choice":"Relic","floor":8.0,"gold_loss":0.0,"damage_taken":0.0},{"damage_healed":0.0,"max_hp_gain":0.0,"max_hp_loss":0.0,"gold_gain":0.0,"cards_transformed":["hexamod:UnleashSpirits"],"event_name":"Transmorgrifier","player_choice":"Transformed","floor":21.0,"gold_loss":0.0,"damage_taken":0.0,"cards_obtained":["hexamod:Incineration"]},{"damage_healed":0,"gold_gain":0,"player_choice":"Fight","damage_taken":0,"max_hp_gain":0,"max_hp_loss":0,"event_name":"Mysterious Sphere","floor":48,"gold_loss":0}],"is_beta":false,"boss_relics":[{"not_picked":["Philosopher\u0027s Stone","Fusion Hammer"],"picked":"Tiny House"},{"not_picked":["Cursed Key","Snecko Eye"],"picked":"SlaversCollar"}],"items_purged_floors":[5,13],"is_endless":false,"potions_floor_spawned":[3,9,14,15,16,19,26,28,29,31,33,39,40,47,49,52],"ascension_level":0}}