{"host":"k2x36244ucab5lxq","time":1608931296,"event":{"mods":["2.2 Compatiblity","AchievementEnabler","Act Like it!","Aspiration","BaseMod","Beaked The Cultist","Bestiary","Better Altar","Better Match","Better Note","Better Sensory Stone","Better Skull","Better Third Choice","Better Vampires","BetterRewards","Block Reminder","CatGirl Mod","Clawfect","Clockwork Mod","Colored Map","Conspire","Curses Come First","Downfall","Energized Spire","Gensokyo","GungeonMod","Halation","Hermit","Hubris","Infinite Spire","Jedi Mod","JesterMod","Jorbs\u0027s Wanderer Trilogy","Marisa????????","Marked Mod","Mimic Mod","Minty Spire (QoL Compilation)","Pale of the Ancients","Random Character Button","Rare Cards Sparkle","Relic Sorter","Relic Stats","Replay The Spire","SCP261 Mod","Shop Mod","StSLib","The Administrix","The Alterego","The Blackbeard","The Bladedancer","The Construct","The Cursed","The Disciple","The Judge","The Necromancer","The Problem Sleuth","The Sage","The Servant 0.9.4","The Showman","Transform Curses","Unceasing Turn Reminder","Virulent Crown","egg","everything is the same but u backflip on backflip","slay the spire mod where everything is the same but ironclad has a cowboy hat","thorton"],"gold_per_floor":[99,116,134,154,164,89,129,141,158,158,158,176,176,186,203,304,304,304,324,383,383,383,383,417,427,427,427],"floor_reached":26,"playtime":1387,"items_purged":[],"score":378,"play_id":"23bec6b0-8420-4a09-a714-087c018623c3","local_time":"20201225162136","is_ascension_mode":true,"campfire_choices":[{"floor":1,"key":"RECALL"},{"floor":6,"key":"REST"},{"floor":11,"key":"REST"},{"data":"Mayhem","floor":18,"key":"SMITH"}],"circlet_count":0,"master_deck":["Moderato","sneckomod:Strike","sneckomod:Strike","sneckomod:Strike","sneckomod:Defend","sneckomod:Defend","sneckomod:Defend","sneckomod:TailWhip","sneckomod:SnekBite","sneckomod:Unknown","sneckomod:Unknown","Decay","Mayhem+1","sneckomod:RainOfDice","sneckomod:UnknownExhaust","sneckomod:ImprovisedGuard","sneckomod:UnknownWeak","sneckomod:IronFang","sneckomod:UnknownCommonAttack","sneckomod:MasterEye","Pain","sneckomod:Unknown3Cost","sneckomod:SoulRoll","sneckomod:UnknownX","sneckomod:UnknownColorless","sneckomod:UnknownClassBLACKBEARD_BLACK","sneckomod:Unknown0Cost","Dramatic Entrance","jedi:forcepull","Replay:Fractal Strike","sneckomod:PureSnecko"],"relics":["sneckomod:SneckoSoul","hubris:Icosahedron","downfall:HeartBlessingRed","Lantern","WarpedTongs","ReplayTheSpireMod:DimensionalGlitch","Gremlin Food","sneckomod:CleanMud"],"acts_visited":["Exordium","TheCity"],"potions_floor_usage":[5,5,20,20,20,20,20,25,25],"damage_taken":[{"damage":9,"enemies":"Cultist","floor":2,"turns":4},{"damage":13,"enemies":"Jaw Worm","floor":3,"turns":4},{"damage":17,"enemies":"Small Slimes","floor":4,"turns":3},{"damage":7,"enemies":"2 Fungi Beasts","floor":5,"turns":3},{"damage":7,"enemies":"Blue Slaver","floor":7,"turns":8},{"damage":11,"enemies":"Blue Slaver","floor":8,"turns":3},{"damage":2,"enemies":"Large Slime","floor":9,"turns":5},{"damage":7,"enemies":"3 Louse","floor":12,"turns":3},{"damage":13,"enemies":"Red Slaver","floor":14,"turns":4},{"damage":11,"enemies":"Large Slime","floor":15,"turns":5},{"damage":17,"enemies":"downfall:Defect","floor":16,"turns":8},{"damage":16,"enemies":"3 Byrds","floor":19,"turns":5},{"damage":48,"enemies":"Shell Parasite","floor":20,"turns":8},{"damage":24,"enemies":"Cultist and Chosen","floor":24,"turns":5},{"damage":34,"enemies":"Cultist and Chosen","floor":25,"turns":7},{"damage":11,"enemies":"Slavers","floor":26,"turns":3}],"seed_played":"1717380250508294023","potions_obtained":[{"floor":2,"key":"Fire Potion"},{"floor":4,"key":"SkillPotion"},{"floor":8,"key":"Weak Potion"},{"floor":14,"key":"GamblersBrew"},{"floor":15,"key":"champ:CounterPotion"},{"floor":16,"key":"Strength Potion"},{"floor":25,"key":"sneckomod:MuddlingPotion"}],"is_trial":false,"path_per_floor":["R","M","M","M","M","R","MIM","M","M","?","R","M","?","M","M","B",null,"R","M","M","?","?","AVR","MIM","M","E"],"character_chosen":"THE_SNECKO","items_purchased":[],"campfire_rested":2,"item_purchase_floors":[],"current_hp_per_floor":[90,81,69,52,46,73,66,56,54,54,81,75,75,62,52,36,96,96,81,34,66,66,66,42,10,0,0],"gold":427,"neow_bonus":"RANDOM_COLORLESS_2","is_daily":false,"chose_seed":false,"campfire_upgraded":1,"win_rate":0.0,"timestamp":1608931296,"path_taken":["R","M","M","M","M","R","MIM","?","M","?","R","?","?","M","M","BOSS","R","M","M","?","?","AVR","MIM","M","E"],"items_purchased_type":[],"build_version":"2020-12-22","purchased_purges":0,"victory":false,"max_hp_per_floor":[90,90,91,91,92,92,92,93,93,93,93,94,94,94,95,96,96,96,97,98,98,98,98,98,96,96,96],"relic_stats":{"counters":[16,78],"obtain_stats":[{"Gremlin Food":23,"Lantern":7,"hubris:Icosahedron":13,"downfall:HeartBlessingRed":6,"DemoMod:GlassGuonStoneRelic":2,"sneckomod:CleanMud":24,"sneckomod:SneckoSoul":0,"ReplayTheSpireMod:DimensionalGlitch":17,"WarpedTongs":10},{"Gremlin Food":13,"Lantern":5,"hubris:Icosahedron":8,"downfall:HeartBlessingRed":4,"DemoMod:GlassGuonStoneRelic":1,"sneckomod:CleanMud":14,"sneckomod:SneckoSoul":0,"ReplayTheSpireMod:DimensionalGlitch":11,"WarpedTongs":7},{"Gremlin Food":63,"Lantern":22,"hubris:Icosahedron":33,"downfall:HeartBlessingRed":14,"DemoMod:GlassGuonStoneRelic":4,"sneckomod:CleanMud":68,"sneckomod:SneckoSoul":0,"ReplayTheSpireMod:DimensionalGlitch":50,"WarpedTongs":30}],"WarpedTongs":[48]},"card_choices":[{"not_picked":["DemoMod:Deposit","expansioncontent:QuickStudy"],"picked":"Mayhem","floor":0},{"not_picked":["sneckomod:QuickMove","sneckomod:SoulRoll"],"picked":"sneckomod:RainOfDice","floor":2},{"not_picked":["sneckomod:UnknownClassCONSTRUCTMOD","sneckomod:UnknownClassJESTER_ORANGE"],"picked":"sneckomod:UnknownExhaust","floor":3},{"not_picked":["sneckomod:UnknownClassSHOWMAN_PURPLE_COLOR","sneckomod:QuickMove"],"picked":"sneckomod:ImprovisedGuard","floor":4},{"not_picked":["sneckomod:UnknownExhaust","sneckomod:Nope"],"picked":"sneckomod:UnknownWeak","floor":5},{"not_picked":["sneckomod:UnknownStrike","sneckomod:SoulRoll"],"picked":"sneckomod:IronFang","floor":7},{"not_picked":["sneckomod:UnknownCommonSkill","sneckomod:RainOfDice"],"picked":"sneckomod:UnknownCommonAttack","floor":8},{"not_picked":["sneckomod:RainOfDice","sneckomod:SoulRoll"],"picked":"sneckomod:MasterEye","floor":9},{"not_picked":["sneckomod:Unknown0Cost","sneckomod:Rotation"],"picked":"sneckomod:Unknown3Cost","floor":12},{"not_picked":["sneckomod:UnknownClasssleuth_GRAY_COLOR","sneckomod:UnknownWeak"],"picked":"sneckomod:SoulRoll","floor":14},{"not_picked":["sneckomod:UnknownBlock","sneckomod:SoulRoll"],"picked":"sneckomod:UnknownX","floor":15},{"not_picked":["sneckomod:UnknownRareSkill","sneckomod:UnlimitedRolls"],"picked":"sneckomod:UnknownColorless","floor":16},{"not_picked":["sneckomod:UnknownVulnerable","sneckomod:WideSting"],"picked":"sneckomod:UnknownClassBLACKBEARD_BLACK","floor":19},{"not_picked":["sneckomod:UnknownClassTHORT_GRAY_COLOR","sneckomod:UnknownX"],"picked":"sneckomod:Unknown0Cost","floor":20},{"not_picked":["Forethought","expansioncontent:QuickStudy"],"picked":"Dramatic Entrance","floor":22},{"not_picked":["The Bomb","expansioncontent:YouAreMine"],"picked":"jedi:forcepull","floor":22},{"not_picked":["sneckomod:Unknown1Cost","DemoMod:Spice+1"],"picked":"sneckomod:PureSnecko","floor":25}],"player_experience":575196,"relics_obtained":[{"floor":7,"key":"Lantern"},{"floor":24,"key":"sneckomod:CleanMud"}],"event_choices":[{"damage_healed":0,"gold_gain":0,"player_choice":"Rummage","damage_taken":0,"relics_obtained":["WarpedTongs"],"max_hp_gain":0,"max_hp_loss":0,"event_name":"Accursed Blacksmith","floor":10,"gold_loss":0,"cards_obtained":["Pain"]},{"damage_healed":32,"gold_gain":0,"player_choice":"Heal","damage_taken":0,"max_hp_gain":0,"max_hp_loss":0,"event_name":"The Library","floor":21,"gold_loss":0},{"damage_healed":0,"gold_gain":2,"player_choice":"1","damage_taken":0,"max_hp_gain":0,"max_hp_loss":0,"event_name":"betterStone:BetterStone","floor":22,"gold_loss":0}],"is_beta":false,"boss_relics":[{"not_picked":["halation:LoveArrow","energizedSpire:OgreHead"],"picked":"ReplayTheSpireMod:DimensionalGlitch"}],"items_purged_floors":[],"is_endless":false,"potions_floor_spawned":[2,4,8,14,15,16,19,25],"killed_by":"Slavers","ascension_level":3}}