{"host":"97k5lqmr6aaz1p9r","time":1608885102,"event":{"mods":["BaseMod","Colored Map","Downfall","Jorbs\u0027s Wanderer Trilogy","Minty Spire (QoL Compilation)","StSLib"],"gold_per_floor":[99,118,138,154,154,183,183,198,224,149,164,164,219,235,254,352,352,352,363,363,374,191,210,210,229,240,270,120,136,221,221,241,338,338,338,356,356,370,390,422,422,772,785,670,520,541,541,557,568,568,568,568,568,568],"floor_reached":52,"playtime":6286,"items_purged":["Slimebound:Strike_Slimebound","Slimebound:Defend_Slimebound","Slimebound:SpikyOuterGoop"],"score":745,"play_id":"63f1e73c-0975-482f-8a43-30909a2d48da","local_time":"20201225083142","is_ascension_mode":false,"campfire_choices":[{"data":"Slimebound:Split","floor":1,"key":"SMITH"},{"data":"Slimebound:GrowthPunch","floor":10,"key":"SMITH"},{"data":"Slimebound:GrowthPunch","floor":12,"key":"SMITH"},{"floor":18,"key":"RECALL"},{"data":"Slimebound:GrowthPunch","floor":28,"key":"SMITH"},{"data":"Slimebound:AcidTongue","floor":35,"key":"SMITH"},{"data":"Slimebound:LivingWall","floor":47,"key":"SMITH"}],"circlet_count":0,"master_deck":["Slimebound:Strike_Slimebound","Slimebound:Defend_Slimebound","Slimebound:Defend_Slimebound","Slimebound:Defend_Slimebound","Slimebound:Split+1","Slimebound:CorrosiveSpit","Slimebound:GrowthPunch+1","Slimebound:GrowthPunch+1","Slimebound:Dissolve","Slimebound:SplitBruiser","Slimebound:LeechEnergy","Slimebound:SamplingLick","Slimebound:SplitLeeching","Slimebound:GoopSpray","Slimebound:AcidTongue+1","Slimebound:MassRepurpose","Slimebound:SamplingLick","Slimebound:SplitLeeching","Slimebound:SplitMire","Slimebound:GrowthPunch+1","Slimebound:Prepare+1","Slimebound:SlimeBrawl+1","Slimebound:Schlurp+1","Slimebound:LivingWall+1","Slimebound:OozeBath","Slimebound:SplitMire","Slimebound:WasteNot","Slimebound:PressTheAttack+1","Panache"],"relics":["Slimebound:AbsorbEndCombat","Letter Opener","Shuriken","Meat on the Bone","downfall:HeartBlessingGreen","Lantern","Sozu","Centennial Puzzle","downfall:HeartBlessingRed","downfall:HeartBlessingBlue","Slimebound:TarBlob","Vajra","HornCleat","Old Coin"],"acts_visited":["Exordium","TheCity","TheBeyond","TheEnding"],"potions_floor_usage":[13],"damage_taken":[{"damage":14,"enemies":"Jaw Worm","floor":2,"turns":4},{"damage":13,"enemies":"Small Slimes","floor":3,"turns":3},{"damage":8,"enemies":"2 Louse","floor":4,"turns":3},{"damage":42,"enemies":"3 Sentries","floor":6,"turns":9},{"damage":21,"enemies":"Blue Slaver","floor":8,"turns":3},{"damage":35,"enemies":"Gremlin Nob","floor":9,"turns":5},{"damage":12,"enemies":"Exordium Wildlife","floor":11,"turns":3},{"damage":28,"enemies":"Lagavulin Event","floor":13,"turns":4},{"damage":13,"enemies":"2 Fungi Beasts","floor":14,"turns":4},{"damage":8,"enemies":"Lots of Slimes","floor":15,"turns":3},{"damage":24,"enemies":"downfall:Ironclad","floor":16,"turns":9},{"damage":16,"enemies":"3 Byrds","floor":19,"turns":3},{"damage":20,"enemies":"Snecko","floor":21,"turns":5},{"damage":16,"enemies":"downfall:FleeingMerchant","floor":22,"turns":4},{"damage":24,"enemies":"Centurion and Healer","floor":23,"turns":6},{"damage":20,"enemies":"Chosen and Byrds","floor":25,"turns":4},{"damage":16,"enemies":"Snake Plant","floor":26,"turns":3},{"damage":26,"enemies":"Book of Stabbing","floor":27,"turns":5},{"damage":21,"enemies":"Shelled Parasite and Fungi","floor":29,"turns":4},{"damage":24,"enemies":"Shelled Parasite and Fungi","floor":31,"turns":5},{"damage":27,"enemies":"Sentry and Sphere","floor":32,"turns":4},{"damage":51,"enemies":"downfall:Watcher","floor":33,"turns":8},{"damage":9,"enemies":"3 Shapes","floor":36,"turns":2},{"damage":19,"enemies":"3 Darklings","floor":38,"turns":4},{"damage":52,"enemies":"Writhing Mass","floor":39,"turns":5},{"damage":62,"enemies":"Giant Head","floor":40,"turns":8},{"damage":30,"enemies":"Mind Bloom Boss Battle","floor":42,"turns":4},{"damage":43,"enemies":"4 Shapes","floor":43,"turns":6},{"damage":36,"enemies":"downfall:FleeingMerchant","floor":44,"turns":4},{"damage":36,"enemies":"downfall:FleeingMerchant","floor":46,"turns":3},{"damage":42,"enemies":"3 Darklings","floor":48,"turns":4},{"damage":57,"enemies":"Writhing Mass","floor":49,"turns":4},{"damage":97,"enemies":"downfall:Silent","floor":50,"turns":9},{"damage":149,"enemies":"downfall:CharBossMerchant","floor":52,"turns":7}],"seed_played":"8974726823832341262","potions_obtained":[{"floor":3,"key":"BlessingOfTheForge"},{"floor":8,"key":"Dexterity Potion"},{"floor":9,"key":"EssenceOfSteel"},{"floor":13,"key":"Guardian:BlockOnCardUsePotion"},{"floor":14,"key":"Slimebound:SpawnSlimePotion"},{"floor":16,"key":"BlessingOfTheForge"}],"is_trial":false,"path_per_floor":["R","M","M","M","?","E","T","M","E","R","M","R","?","M","M","B",null,"R","M","?","M","$","M","T","M","M","E","R","M","?","?","M","B",null,"R","M","?","M","M","E","T","?","M","$","?","$","R","M","M","B",null,"E"],"character_chosen":"SLIMEBOUND","items_purchased":["Slimebound:SplitMire","Slimebound:GrowthPunch","Panache"],"campfire_rested":0,"item_purchase_floors":[22,22,46],"current_hp_per_floor":[66,64,61,63,63,39,39,34,19,19,33,33,39,54,58,56,66,66,66,66,64,66,64,64,62,62,66,76,76,64,74,71,61,76,76,76,76,76,74,74,74,76,69,74,86,84,84,84,79,50,86,0,0,0],"gold":568,"neow_bonus":"TEN_PERCENT_HP_BONUS","is_daily":false,"chose_seed":false,"campfire_upgraded":6,"win_rate":0.0,"timestamp":1608885102,"path_taken":["R","M","M","M","?","E","T","M","E","R","M","R","?","M","M","BOSS","R","M","?","M","$","M","T","M","M","E","R","M","?","?","M","BOSS","R","M","?","M","M","E","T","?","M","$","?","$","R","M","M","BOSS","E"],"items_purchased_type":["Card","Card","Card"],"build_version":"2020-12-22","purchased_purges":3,"victory":false,"max_hp_per_floor":[66,66,66,66,66,66,66,66,66,66,66,66,66,66,66,66,66,66,66,66,66,66,66,66,66,66,66,76,76,76,76,76,76,76,76,76,76,76,76,76,76,76,76,76,86,86,86,86,86,86,86,86,86,86],"card_choices":[{"not_picked":["Slimebound:SamplingLick","Slimebound:ComboTackle"],"picked":"Slimebound:GrowthPunch","floor":2},{"not_picked":["Slimebound:SlimeTap","Slimebound:SlimeSpikes"],"picked":"Slimebound:GrowthPunch","floor":3},{"not_picked":["Slimebound:FormOfPuddle","Slimebound:LeechingTouch"],"picked":"Slimebound:Dissolve","floor":4},{"not_picked":["Slimebound:FinishingTackle","Slimebound:Nibble"],"picked":"Slimebound:SplitBruiser","floor":6},{"not_picked":["Slimebound:SlimeTap","Slimebound:ComboTackle"],"picked":"Slimebound:LeechEnergy","floor":8},{"not_picked":["Slimebound:SplitAcid","Slimebound:PressTheAttack"],"picked":"Slimebound:SamplingLick","floor":9},{"not_picked":["Slimebound:LeechEnergy","Slimebound:ComboTackle"],"picked":"Slimebound:SplitLeeching","floor":11},{"not_picked":["Slimebound:SlimeBarrage","Slimebound:SplitAcid"],"picked":"Slimebound:GoopSpray","floor":13},{"not_picked":["Slimebound:GoopTackle","Slimebound:SelfFormingGoo"],"picked":"Slimebound:AcidTongue","floor":14},{"not_picked":["Slimebound:SplitLeeching","Slimebound:SplitAcid","Slimebound:GoopSpray"],"picked":"SKIP","floor":15},{"not_picked":["Slimebound:SelfFormingGoo","Slimebound:PrepareCrush"],"picked":"Slimebound:MassRepurpose","floor":16},{"not_picked":["Slimebound:FinishingTackle+1","Slimebound:LeechingTouch"],"picked":"Slimebound:SamplingLick","floor":19},{"not_picked":["Slimebound:LeechEnergy","Slimebound:SlimeSpikes"],"picked":"Slimebound:SamplingLick","floor":21},{"not_picked":["Slimebound:SplitAcid","Slimebound:ProtectTheBoss"],"picked":"Slimebound:SplitLeeching","floor":22},{"not_picked":["Slimebound:SplitMire","Slimebound:SplitBruiser"],"picked":"Slimebound:Prepare+1","floor":23},{"not_picked":["Slimebound:RejuvenatingLick","Slimebound:ViciousTackle"],"picked":"Slimebound:SlimeBrawl+1","floor":25},{"not_picked":["Slimebound:GoopTackle","Slimebound:Dissolve+1"],"picked":"Slimebound:Schlurp+1","floor":26},{"not_picked":["Slimebound:FinishingTackle","Slimebound:TongueLash"],"picked":"Slimebound:SpikyOuterGoop","floor":27},{"not_picked":["Slimebound:FinishingTackle","Slimebound:LeechingTouch"],"picked":"Slimebound:LivingWall","floor":29},{"not_picked":["Slimebound:RollThrough","Slimebound:LeechLife","Slimebound:Schlurp"],"picked":"SKIP","floor":32},{"not_picked":["Slimebound:MinionMaster","Slimebound:RallyTheTroops"],"picked":"Slimebound:OozeBath","floor":33},{"not_picked":["Slimebound:LeechingTouch","Slimebound:BestDefense+1","Slimebound:Schlurp"],"picked":"SKIP","floor":36},{"not_picked":["Slimebound:SlimeTap+1","Slimebound:GrowthPunch+1"],"picked":"Slimebound:SplitMire","floor":38},{"not_picked":["Slimebound:FinishingTackle+1","Slimebound:LeechEnergy","Slimebound:RollThrough+1"],"picked":"SKIP","floor":39},{"not_picked":["Slimebound:ViciousTackle","Slimebound:SlimeSpikes"],"picked":"Slimebound:WasteNot","floor":40},{"not_picked":["Slimebound:LeechEnergy","Slimebound:SlimeSpikes+1","Slimebound:Replication+1"],"picked":"SKIP","floor":43},{"not_picked":["Slimebound:LeechingTouch+1","Slimebound:ViciousTackle+1","Slimebound:LeechEnergy+1"],"picked":"SKIP","floor":44},{"not_picked":["Slimebound:Teamwork","Slimebound:SamplingLick+1"],"picked":"Slimebound:PressTheAttack+1","floor":46},{"not_picked":["Slimebound:HauntingLick+1","Slimebound:DisruptingSlam+1","Slimebound:ComboTackle"],"picked":"SKIP","floor":48},{"not_picked":["Slimebound:Schlurp","Slimebound:ComboTackle","Slimebound:GoopTackle+1"],"picked":"SKIP","floor":49}],"player_experience":529813,"relics_obtained":[{"floor":6,"key":"Letter Opener"},{"floor":7,"key":"Shuriken"},{"floor":9,"key":"Meat on the Bone"},{"floor":13,"key":"Lantern"},{"floor":27,"key":"Centennial Puzzle"},{"floor":40,"key":"Vajra"},{"floor":41,"key":"HornCleat"},{"floor":42,"key":"Old Coin"}],"event_choices":[{"cards_removed":["Slimebound:Tackle"],"damage_healed":0,"gold_gain":0,"player_choice":"Card Removal","damage_taken":0,"max_hp_gain":0,"max_hp_loss":0,"event_name":"The Cleric","floor":5,"gold_loss":0},{"damage_healed":0,"gold_gain":0,"player_choice":"Ignored","damage_taken":0,"max_hp_gain":0,"max_hp_loss":0,"event_name":"Ghosts","floor":20,"gold_loss":0}],"is_beta":false,"boss_relics":[{"not_picked":["Coffee Dripper","Runic Dome"],"picked":"Sozu"},{"not_picked":["SlaversCollar","Calling Bell"],"picked":"Slimebound:TarBlob"}],"items_purged_floors":[22,44,46],"is_endless":false,"potions_floor_spawned":[3,8,9,13,14,16,21,23,31,32,36,39,42,48],"killed_by":"downfall:CharBossMerchant","ascension_level":0}}