{"host":"63i9af1iackg93c4","time":1608931559,"event":{"mods":["BaseMod","Colored Map","Filter the Spire","Minty Spire (QoL Compilation)","Relic Stats","StSLib"],"gold_per_floor":[116,135,60,74,74,107,107,7,32,42,117,117,147,165,165,262,262,280,280,280,300,318,318,345,345,345,380,295,311,83,102,102,207,207,222,1221,1234,873,873,905,905,905,905],"floor_reached":42,"playtime":2143,"items_purged":["Strike_R","Strike_R","Writhe","Normality"],"score":499,"play_id":"2207bf52-640e-4219-a324-22f92c4c44d1","local_time":"20201225222559","is_ascension_mode":false,"campfire_choices":[{"data":"Flex","floor":7.0,"key":"SMITH"},{"data":"Carnage","floor":15.0,"key":"SMITH"},{"data":"True Grit","floor":23.0,"key":"SMITH"},{"data":"Power Through","floor":25.0,"key":"SMITH"},{"data":"1","floor":32.0,"key":"LIFT"}],"circlet_count":0,"master_deck":["Defend_R+1","Defend_R+1","Defend_R+1","Bash","Shrug It Off+1","Flex+1","Pommel Strike","Offering","Carnage+1","Warcry","Pummel","Sword Boomerang","Bludgeon","Power Through+1","Thunderclap","True Grit+1","Clash+1","Impervious","Shockwave","Feel No Pain","Shrug It Off","Uppercut","Barricade","Body Slam+1","Normality","Fire Breathing","Fiend Fire","Body Slam","Apotheosis","Dark Shackles","Dark Shackles","Reaper"],"relics":["Burning Blood","War Paint","Juzu Bracelet","MealTicket","Philosopher\u0027s Stone","Dream Catcher","Ice Cream","Girya","TungstenRod","Self Forming Clay","Mark of Pain","Happy Flower"],"acts_visited":["Exordium","TheCity","TheBeyond"],"potions_floor_usage":[],"damage_taken":[{"damage":9.0,"enemies":"2 Louse","floor":1.0,"turns":4.0},{"damage":1.0,"enemies":"Jaw Worm","floor":2.0,"turns":5.0},{"damage":4.0,"enemies":"Cultist","floor":4.0,"turns":5.0},{"damage":24.0,"enemies":"Gremlin Nob","floor":6.0,"turns":5.0},{"damage":0.0,"enemies":"2 Fungi Beasts","floor":10.0,"turns":4.0},{"damage":8.0,"enemies":"3 Sentries","floor":13.0,"turns":14.0},{"damage":0.0,"enemies":"Large Slime","floor":14.0,"turns":9.0},{"damage":24.0,"enemies":"The Guardian","floor":16.0,"turns":8.0},{"damage":13.0,"enemies":"3 Byrds","floor":18.0,"turns":4.0},{"damage":13.0,"enemies":"2 Thieves","floor":21.0,"turns":3.0},{"damage":6.0,"enemies":"Snecko","floor":22.0,"turns":4.0},{"damage":13.0,"enemies":"Slavers","floor":24.0,"turns":4.0},{"damage":17.0,"enemies":"Book of Stabbing","floor":27.0,"turns":5.0},{"damage":6.0,"enemies":"Sentry and Sphere","floor":29.0,"turns":5.0},{"damage":9.0,"enemies":"Centurion and Healer","floor":31.0,"turns":3.0},{"damage":40.0,"enemies":"Champ","floor":33.0,"turns":14.0},{"damage":0.0,"enemies":"3 Shapes","floor":35.0,"turns":5.0},{"damage":5.0,"enemies":"3 Darklings","floor":37.0,"turns":12.0},{"damage":58.0,"enemies":"Reptomancer","floor":40.0,"turns":6.0},{"damage":72,"enemies":"Giant Head","floor":42,"turns":8}],"seed_played":"8332221550915737778","potions_obtained":[{"floor":2.0,"key":"GamblersBrew"},{"floor":13.0,"key":"Block Potion"},{"floor":14.0,"key":"ColorlessPotion"},{"floor":16.0,"key":"Regen Potion"},{"floor":29.0,"key":"Energy Potion"},{"floor":31.0,"key":"SkillPotion"},{"floor":37.0,"key":"GamblersBrew"}],"is_trial":false,"path_per_floor":["M","M","$","M","?","E","R","$","T","M","?","?","E","M","R","B",null,"M","?","?","M","M","R","E","R","T","E","?","M","$","M","R","B",null,"M","?","M","$","?","E","?","E"],"character_chosen":"IRONCLAD","items_purchased":["Feel No Pain","Shrug It Off","Fiend Fire","Body Slam"],"campfire_rested":0,"item_purchase_floors":[30,30,38,38],"current_hp_per_floor":[53,58,58,60,44,26,26,26,26,32,24,24,22,28,28,10,80,73,73,73,66,75,75,68,68,68,57,57,57,72,69,69,35,80,80,80,80,80,71,19,19,0,0],"gold":905,"neow_bonus":"REMOVE_TWO","is_daily":false,"chose_seed":false,"campfire_upgraded":4,"win_rate":0.0,"timestamp":1608931559,"path_taken":["M","M","$","M","?","E","R","$","T","M","?","?","E","M","R","BOSS","M","?","?","M","M","R","E","R","T","E","?","M","$","M","R","BOSS","M","?","M","$","?","E","?","E"],"items_purchased_type":["Card","Card","Card","Card"],"build_version":"2020-12-22","purchased_purges":4,"victory":false,"max_hp_per_floor":[80,80,80,80,80,80,80,80,80,80,80,80,80,80,80,80,80,80,80,80,80,80,80,80,80,80,80,80,80,80,80,80,80,80,80,80,80,80,80,80,80,80,80],"relic_stats":{"Dream Catcher":0,"Happy Flower":[2],"counters":[20,127],"Self Forming Clay":[60],"MealTicket":15,"Juzu Bracelet":1,"War Paint":["Shrug It Off","Defend_R"],"obtain_stats":[{"Ice Cream":24,"Girya":26,"Dream Catcher":20,"Happy Flower":40,"Self Forming Clay":28,"MealTicket":13,"Philosopher\u0027s Stone":17,"Mark of Pain":34,"Juzu Bracelet":9,"War Paint":6,"Burning Blood":0,"TungstenRod":27},{"Ice Cream":12,"Girya":12,"Dream Catcher":9,"Happy Flower":19,"Self Forming Clay":13,"MealTicket":6,"Philosopher\u0027s Stone":8,"Mark of Pain":16,"Juzu Bracelet":4,"War Paint":4,"Burning Blood":0,"TungstenRod":13},{"Ice Cream":69,"Girya":69,"Dream Catcher":58,"Happy Flower":119,"Self Forming Clay":74,"MealTicket":37,"Philosopher\u0027s Stone":54,"Mark of Pain":96,"Juzu Bracelet":19,"War Paint":19,"Burning Blood":0,"TungstenRod":74}],"Burning Blood":107,"TungstenRod":24},"card_choices":[{"not_picked":["Flex","Entrench"],"picked":"Shrug It Off","floor":1.0},{"not_picked":["Fire Breathing","Entrench"],"picked":"Flex","floor":2.0},{"not_picked":["Perfected Strike","Flex"],"picked":"Pommel Strike","floor":4.0},{"not_picked":["Headbutt","Anger"],"picked":"Offering","floor":6.0},{"not_picked":["Clothesline","Rampage"],"picked":"Carnage","floor":10.0},{"not_picked":["Sword Boomerang","Pommel Strike"],"picked":"Pummel","floor":13.0},{"not_picked":["Cleave","Headbutt"],"picked":"Sword Boomerang","floor":14.0},{"not_picked":["Brutality","Offering"],"picked":"Bludgeon","floor":16.0},{"not_picked":["Iron Wave","Metallicize"],"picked":"Power Through","floor":18.0},{"not_picked":["Perfected Strike","Iron Wave"],"picked":"Thunderclap","floor":21.0},{"not_picked":["Headbutt","Anger"],"picked":"True Grit","floor":22.0},{"not_picked":["Headbutt","Whirlwind"],"picked":"Clash+1","floor":24.0},{"not_picked":["Clothesline","Warcry+1"],"picked":"Impervious","floor":27.0},{"not_picked":["Cleave","Thunderclap"],"picked":"Shockwave","floor":29.0},{"not_picked":["Searing Blow","Iron Wave+1"],"picked":"Uppercut","floor":31.0},{"not_picked":["Brutality","Bludgeon"],"picked":"Barricade","floor":33.0},{"not_picked":["Perfected Strike","Metallicize"],"picked":"Body Slam+1","floor":35.0},{"not_picked":["Battle Trance","Hemokinesis"],"picked":"Fire Breathing","floor":37.0},{"not_picked":["Violence","Purity"],"picked":"Apotheosis","floor":39.0},{"not_picked":["Secret Technique","Trip"],"picked":"Dark Shackles","floor":39.0},{"not_picked":["Enlightenment","Bandage Up"],"picked":"Dark Shackles","floor":39.0},{"not_picked":["Body Slam+1","Pummel+1"],"picked":"Reaper","floor":40.0}],"player_experience":0,"relics_obtained":[{"floor":6.0,"key":"War Paint"},{"floor":9.0,"key":"Juzu Bracelet"},{"floor":13.0,"key":"MealTicket"},{"floor":24.0,"key":"Ice Cream"},{"floor":26.0,"key":"Girya"},{"floor":27.0,"key":"TungstenRod"},{"floor":40.0,"key":"Happy Flower"}],"event_choices":[{"damage_healed":0.0,"max_hp_gain":0.0,"max_hp_loss":0.0,"gold_gain":0.0,"event_name":"Shining Light","player_choice":"Entered Light","floor":5.0,"gold_loss":0.0,"damage_taken":16.0,"cards_upgraded":["Defend_R","Defend_R"]},{"damage_healed":0.0,"max_hp_gain":0.0,"max_hp_loss":0.0,"gold_gain":75.0,"event_name":"FaceTrader","player_choice":"Touch","floor":11.0,"gold_loss":0.0,"damage_taken":8.0},{"damage_healed":0.0,"max_hp_gain":0.0,"max_hp_loss":0.0,"gold_gain":0.0,"cards_transformed":["Strike_R"],"event_name":"Living Wall","player_choice":"Change","floor":12.0,"gold_loss":0.0,"damage_taken":0.0,"cards_obtained":["Warcry"]},{"cards_removed":["Defend_R"],"damage_healed":0.0,"max_hp_gain":0.0,"max_hp_loss":0.0,"gold_gain":0.0,"event_name":"Back to Basics","player_choice":"Elegance","floor":19.0,"gold_loss":0.0,"damage_taken":0.0},{"damage_healed":0.0,"max_hp_gain":0.0,"max_hp_loss":0.0,"gold_gain":0.0,"event_name":"The Mausoleum","player_choice":"Opened","floor":20.0,"gold_loss":0.0,"damage_taken":0.0,"relics_obtained":["Dream Catcher"],"cards_obtained":["Writhe"]},{"damage_healed":0.0,"max_hp_gain":0.0,"max_hp_loss":0.0,"gold_gain":0.0,"event_name":"Addict","player_choice":"Obtained Relic","floor":28.0,"gold_loss":85.0,"damage_taken":0.0,"relics_obtained":["Self Forming Clay"]},{"damage_healed":0.0,"max_hp_gain":0.0,"max_hp_loss":0.0,"gold_gain":999.0,"event_name":"MindBloom","player_choice":"Gold","floor":36.0,"gold_loss":0.0,"damage_taken":0.0,"cards_obtained":["Normality","Normality"]},{"damage_healed":0.0,"max_hp_gain":0.0,"max_hp_loss":0.0,"gold_gain":0.0,"event_name":"SensoryStone","player_choice":"Memory 3","floor":39.0,"gold_loss":0.0,"damage_taken":10.0},{"damage_healed":0.0,"max_hp_gain":0.0,"max_hp_loss":0.0,"gold_gain":0.0,"event_name":"Tomb of Lord Red Mask","player_choice":"Ignored","floor":41.0,"gold_loss":0.0,"damage_taken":0.0}],"is_beta":false,"boss_relics":[{"not_picked":["Runic Cube","Empty Cage"],"picked":"Philosopher\u0027s Stone"},{"not_picked":["Cursed Key","Black Star"],"picked":"Mark of Pain"}],"items_purged_floors":[3,8,30,38],"is_endless":false,"potions_floor_spawned":[2,13,14,16,21,29,31,37],"killed_by":"Giant Head","ascension_level":0}}