{"host":"30jsp143e4v19aze","time":1608865430,"event":{"mods":["BaseMod","Colored Map","Colored Powertips","Curses Come First","DeckTracker","Highlight Path","Minty Spire (QoL Compilation)","Quick Restart","Relic Stats","StSLib","everything is the same but u backflip on backflip","slay the spire mod where everything is the same but ironclad has a cowboy hat"],"gold_per_floor":[212,61,71,14,31,59,69,100,100,100,140,140,184,184,184,273,273,296,331,331,1,1,39,39,39,39,39,82,96,96,120,120,211,211,231,231,56,71,87,87,87,87],"floor_reached":41,"playtime":1366,"items_purged":["Strike_R"],"score":910,"play_id":"b13a7a97-6254-4558-9a6c-c452d9b41d9f","local_time":"20201225040350","is_ascension_mode":true,"campfire_choices":[{"data":"Whirlwind","floor":12,"key":"SMITH"},{"data":"Demon Form","floor":15,"key":"SMITH"},{"data":"Offering","floor":24,"key":"SMITH"},{"data":"Warcry","floor":27,"key":"SMITH"},{"data":"Offering","floor":30,"key":"SMITH"},{"data":"Seeing Red","floor":32,"key":"SMITH"},{"floor":40,"key":"RECALL"}],"circlet_count":0,"master_deck":["AscendersBane","Strike_R","Strike_R","Strike_R","Defend_R","Defend_R","Defend_R","Defend_R","Bash","Dropkick+1","Immolate","Whirlwind+1","Demon Form+1","True Grit","Twin Strike","Warcry+1","Sword Boomerang","Pummel+1","Offering+1","Bloodletting","Offering+1","Second Wind","Ghostly","Ghostly","Ghostly","Pummel+1","Seeing Red+1","Shrug It Off","Barricade","True Grit","Flash of Steel","Dropkick"],"relics":["Black Blood","Akabeko","Bottled Lightning","Eternal Feather","Golden Idol","Letter Opener","Shuriken","Runic Dome","Red Mask","Whetstone","Strawberry"],"acts_visited":["Exordium","TheCity","TheBeyond"],"potions_floor_usage":[7,13,33,41,41,41,41],"damage_taken":[{"damage":6,"enemies":"Cultist","floor":1,"turns":3},{"damage":4,"enemies":"2 Louse","floor":3,"turns":2},{"damage":7,"enemies":"Jaw Worm","floor":5,"turns":2},{"damage":30,"enemies":"Lagavulin","floor":6,"turns":6},{"damage":0,"enemies":"Looter","floor":7,"turns":1},{"damage":31,"enemies":"Gremlin Nob","floor":8,"turns":4},{"damage":20,"enemies":"Lagavulin","floor":11,"turns":7},{"damage":10,"enemies":"Gremlin Nob","floor":13,"turns":3},{"damage":11,"enemies":"Hexaghost","floor":16,"turns":7},{"damage":0,"enemies":"Spheric Guardian","floor":18,"turns":1},{"damage":0,"enemies":"Masked Bandits","floor":19,"turns":1},{"damage":5,"enemies":"Book of Stabbing","floor":23,"turns":4},{"damage":17,"enemies":"Slavers","floor":28,"turns":4},{"damage":0,"enemies":"2 Thieves","floor":29,"turns":1},{"damage":13,"enemies":"Cultist and Chosen","floor":31,"turns":3},{"damage":6,"enemies":"Collector","floor":33,"turns":6},{"damage":4,"enemies":"3 Shapes","floor":35,"turns":2},{"damage":6,"enemies":"3 Darklings","floor":38,"turns":1},{"damage":31,"enemies":"Maw","floor":39,"turns":6},{"damage":60,"enemies":"Giant Head","floor":41,"turns":6}],"seed_played":"8502695071594395536","potions_obtained":[{"floor":1,"key":"Fire Potion"},{"floor":11,"key":"SpeedPotion"},{"floor":18,"key":"GamblersBrew"},{"floor":28,"key":"EssenceOfSteel"},{"floor":33,"key":"PowerPotion"},{"floor":39,"key":"EntropicBrew"}],"is_trial":false,"path_per_floor":["M","$","M","$","M","E","M","E","T","?","E","R","E","?","R","B",null,"M","?","?","$","?","E","R","$","T","R","E","M","R","M","R","B",null,"M","?","$","M","M","R","E"],"character_chosen":"IRONCLAD","items_purchased":["Immolate","Strength Potion","Offering","Second Wind","Flash of Steel","Dropkick"],"campfire_rested":0,"item_purchase_floors":[2,4,21,21,37,37],"current_hp_per_floor":[68,68,70,70,69,45,51,26,26,26,12,21,17,10,19,14,55,61,67,67,67,34,34,34,34,34,34,30,36,41,34,41,41,41,41,41,41,41,22,40,0,0],"gold":87,"neow_bonus":"HUNDRED_GOLD","is_daily":false,"chose_seed":false,"campfire_upgraded":6,"win_rate":0.0,"timestamp":1608865430,"path_taken":["M","$","M","$","M","E","?","E","T","?","E","R","E","?","R","BOSS","M","?","?","$","?","E","R","$","T","R","E","M","R","M","R","BOSS","M","?","$","?","?","R","E"],"items_purchased_type":["Card","Potion","Card","Card","Card","Card"],"build_version":"2020-12-22","purchased_purges":1,"victory":false,"max_hp_per_floor":[75,75,75,75,75,75,75,75,75,68,68,68,68,68,68,68,68,68,68,68,68,34,34,34,34,34,34,41,41,41,41,41,41,41,41,41,41,41,41,41,41,41],"relic_stats":{"counters":[20,70],"Golden Idol":100,"Shuriken":[12],"Black Blood":117,"Eternal Feather":48,"Letter Opener":[95],"Whetstone":["Dropkick","Pummel"],"obtain_stats":[{"Runic Dome":17,"Golden Idol":10,"Shuriken":13,"Strawberry":28,"Black Blood":34,"Eternal Feather":9,"Red Mask":19,"Bottled Lightning":8,"Letter Opener":11,"Whetstone":23,"Burning Blood":0,"Akabeko":6},{"Runic Dome":9,"Golden Idol":6,"Shuriken":8,"Strawberry":13,"Black Blood":16,"Eternal Feather":6,"Red Mask":11,"Bottled Lightning":6,"Letter Opener":7,"Whetstone":12,"Burning Blood":0,"Akabeko":4},{"Runic Dome":35,"Golden Idol":18,"Shuriken":28,"Strawberry":45,"Black Blood":55,"Eternal Feather":18,"Red Mask":37,"Bottled Lightning":18,"Letter Opener":25,"Whetstone":41,"Burning Blood":0,"Akabeko":13}]},"card_choices":[{"not_picked":["Iron Wave","Clash"],"picked":"Dropkick","floor":1},{"not_picked":["True Grit","Anger"],"picked":"Whirlwind","floor":3},{"not_picked":["Perfected Strike","Armaments"],"picked":"Demon Form","floor":5},{"not_picked":["Heavy Blade","Havoc"],"picked":"True Grit","floor":6},{"not_picked":["Clothesline","Perfected Strike"],"picked":"Twin Strike","floor":7},{"not_picked":["Havoc","Entrench"],"picked":"Warcry","floor":8},{"not_picked":["Cleave","Ghostly Armor"],"picked":"Sword Boomerang","floor":11},{"not_picked":["Intimidate","Rampage"],"picked":"Pummel","floor":13},{"not_picked":["Feed","Exhume"],"picked":"Offering","floor":16},{"not_picked":["Heavy Blade","Anger","Clothesline"],"picked":"SKIP","floor":18},{"not_picked":["Burning Pact+1","Perfected Strike"],"picked":"Bloodletting","floor":19},{"not_picked":["Flex","Second Wind"],"picked":"Pummel+1","floor":23},{"not_picked":["Havoc","True Grit"],"picked":"Seeing Red","floor":28},{"not_picked":["Clothesline","Rupture","Heavy Blade"],"picked":"SKIP","floor":29},{"not_picked":["Rupture","Perfected Strike"],"picked":"Shrug It Off","floor":31},{"not_picked":["Immolate","Brutality"],"picked":"Barricade","floor":33},{"not_picked":["Shrug It Off","Body Slam"],"picked":"True Grit","floor":35},{"not_picked":["Heavy Blade","Wild Strike+1","Reckless Charge"],"picked":"SKIP","floor":38},{"not_picked":["Evolve","Rupture","Sword Boomerang"],"picked":"SKIP","floor":39}],"player_experience":3183581,"relics_obtained":[{"floor":6,"key":"Akabeko"},{"floor":8,"key":"Bottled Lightning"},{"floor":9,"key":"Eternal Feather"},{"floor":11,"key":"Letter Opener"},{"floor":13,"key":"Shuriken"},{"floor":19,"key":"Red Mask"},{"floor":23,"key":"Whetstone"},{"floor":28,"key":"Strawberry"}],"event_choices":[{"damage_healed":0,"gold_gain":0,"player_choice":"Lose Max HP","damage_taken":0,"relics_obtained":["Golden Idol"],"max_hp_gain":0,"max_hp_loss":7,"event_name":"Golden Idol","floor":10,"gold_loss":0},{"cards_removed":["Strike_R"],"damage_healed":0,"gold_gain":0,"player_choice":"Card Removal","damage_taken":7,"max_hp_gain":0,"max_hp_loss":0,"event_name":"Golden Wing","floor":14,"gold_loss":0},{"damage_healed":0,"gold_gain":0,"player_choice":"Fought Bandits","damage_taken":0,"max_hp_gain":0,"max_hp_loss":0,"event_name":"Masked Bandits","floor":19,"gold_loss":0},{"damage_healed":0,"gold_gain":0,"player_choice":"Ignored","damage_taken":0,"max_hp_gain":0,"max_hp_loss":0,"event_name":"Vampires","floor":20,"gold_loss":0},{"damage_healed":0,"gold_gain":0,"player_choice":"Became a Ghost","damage_taken":0,"max_hp_gain":0,"max_hp_loss":34,"event_name":"Ghosts","floor":22,"gold_loss":0,"cards_obtained":["Ghostly","Ghostly","Ghostly"]},{"damage_healed":0,"gold_gain":0,"player_choice":"Full Heal","damage_taken":0,"max_hp_gain":0,"max_hp_loss":0,"event_name":"Wheel of Change","floor":36,"gold_loss":0}],"is_beta":false,"boss_relics":[{"not_picked":["Runic Cube","Black Star"],"picked":"Runic Dome"},{"not_picked":["Snecko Eye","Velvet Choker"],"picked":"Black Blood"}],"items_purged_floors":[21],"is_endless":false,"potions_floor_spawned":[1,6,11,18,28,33,39],"killed_by":"Giant Head","ascension_level":20}}