{"host":"mjau5a91be6b66g4","time":1608874568,"event":{"mods":["BaseMod","Minty Spire (QoL Compilation)","StSLib","The Animator","The Bug Knight","The Jungle"],"gold_per_floor":[110,110,110,110,128,162,162,237,262,262,275,275,291,312,312,435,435,435],"floor_reached":17,"playtime":372,"items_purged":[],"score":180,"play_id":"d6f96257-9b54-49c9-8fba-d0f11e963e56","local_time":"20201225133608","is_ascension_mode":false,"campfire_choices":[{"data":"Bash","floor":7,"key":"SMITH"},{"floor":10,"key":"REST"},{"data":"True Grit","floor":12,"key":"SMITH"},{"data":"Metallicize","floor":15,"key":"SMITH"}],"circlet_count":0,"master_deck":["Strike_R","Strike_R+1","Strike_R","Strike_R","Strike_R","Defend_R","Defend_R+1","Defend_R","Defend_R","Bash+1","Wild Strike","Shockwave","Metallicize+1","True Grit+1","Warcry","True Grit","Offering"],"relics":["Burning Blood","NeowsBlessing","Golden Idol","Anchor","HollowMod:PaleOreRelic","Runic Cube"],"acts_visited":["Exordium","TheCity"],"potions_floor_usage":[16,16],"damage_taken":[{"damage":0,"enemies":"Cultist","floor":1,"turns":1},{"damage":0,"enemies":"Jaw Worm","floor":5,"turns":1},{"damage":0,"enemies":"Gremlin Nob","floor":6,"turns":1},{"damage":0,"enemies":"2 Louse","floor":11,"turns":2},{"damage":0,"enemies":"2 Fungi Beasts","floor":13,"turns":3},{"damage":0,"enemies":"Blue Slaver","floor":14,"turns":3},{"damage":59,"enemies":"Hexaghost","floor":16,"turns":13}],"seed_played":"-7907608326255567797","potions_obtained":[{"floor":6,"key":"SteroidPotion"},{"floor":11,"key":"AttackPotion"},{"floor":16,"key":"LiquidBronze"}],"is_trial":false,"path_per_floor":["M","?","?","?","M","E","R","?","T","R","M","R","M","M","R","B",null],"character_chosen":"IRONCLAD","items_purchased":[],"campfire_rested":1,"item_purchase_floors":[],"current_hp_per_floor":[80,64,44,44,50,56,56,45,45,69,75,75,80,80,80,27,80,80],"gold":435,"neow_bonus":"THREE_ENEMY_KILL","is_daily":false,"chose_seed":false,"campfire_upgraded":3,"win_rate":0.0,"timestamp":1608874568,"path_taken":["M","?","?","?","M","E","R","?","T","R","?","R","M","M","R","BOSS"],"items_purchased_type":[],"build_version":"2020-12-22","purchased_purges":0,"victory":false,"max_hp_per_floor":[80,80,80,80,80,80,80,80,80,80,80,80,80,80,80,80,80,80],"card_choices":[{"not_picked":["Evolve","Bloodletting"],"picked":"Wild Strike","floor":1},{"not_picked":["Hemokinesis","Rampage"],"picked":"Shockwave","floor":5},{"not_picked":["Rupture","Perfected Strike"],"picked":"Metallicize","floor":6},{"not_picked":["Clash","Blood for Blood"],"picked":"True Grit","floor":11},{"not_picked":["Bloodletting","Armaments"],"picked":"Warcry","floor":13},{"not_picked":["Offering","Heavy Blade"],"picked":"True Grit","floor":14},{"not_picked":["Bludgeon","Demon Form"],"picked":"Offering","floor":16}],"player_experience":227543,"relics_obtained":[{"floor":6,"key":"Anchor"},{"floor":9,"key":"HollowMod:PaleOreRelic"}],"event_choices":[{"damage_healed":0,"gold_gain":0,"player_choice":"Entered Light","damage_taken":16,"max_hp_gain":0,"max_hp_loss":0,"event_name":"Shining Light","floor":2,"gold_loss":0,"cards_upgraded":["Defend_R","Strike_R"]},{"damage_healed":0,"gold_gain":0,"player_choice":"Take Damage","damage_taken":20,"relics_obtained":["Golden Idol"],"max_hp_gain":0,"max_hp_loss":0,"event_name":"Golden Idol","floor":3,"gold_loss":0},{"damage_healed":0,"gold_gain":0,"player_choice":"Ignored","damage_taken":0,"max_hp_gain":0,"max_hp_loss":0,"event_name":"Liars Game","floor":4,"gold_loss":0},{"damage_healed":0,"gold_gain":75,"player_choice":"Gather Gold","damage_taken":11,"max_hp_gain":0,"max_hp_loss":0,"event_name":"World of Goop","floor":8,"gold_loss":0}],"is_beta":false,"boss_relics":[{"not_picked":["Fusion Hammer","SacredBark"],"picked":"Runic Cube"}],"items_purged_floors":[],"is_endless":false,"potions_floor_spawned":[6,11,16],"ascension_level":0}}