{"host":"q9718omregw4er46","time":1608895006,"event":{"mods":["BaseMod","Colored Powertips","Minty Spire (QoL Compilation)","Quick Restart","Relic Stats"],"gold_per_floor":[109,109,128,53,53,81,81,114,137,167,167,167,206,275,275,373,373,388,402,219,269,290,290,315,328,328,328],"floor_reached":26,"playtime":707,"items_purged":["Strike_P","Strike_P"],"score":618,"play_id":"153bb781-887a-4f55-baf2-5debc1d1c12b","local_time":"20201225161646","is_ascension_mode":true,"campfire_choices":[{"data":"Conclude","floor":7.0,"key":"SMITH"},{"data":"CrushJoints","floor":11.0,"key":"SMITH"},{"data":"Wallop","floor":15.0,"key":"SMITH"},{"data":"Wireheading","floor":23,"key":"SMITH"}],"circlet_count":0,"master_deck":["AscendersBane","Strike_P","Strike_P+1","Defend_P","Defend_P+1","Defend_P","Defend_P","Eruption","Vigilance+1","CrushJoints+1","Conclude+1","Scrawl","EmptyFist","Wireheading+1","Wallop+1","DevaForm","LessonLearned","Sanctity","Adaptation","MentalFortress","Normality"],"relics":["PureWater","NeowsBlessing","War Paint","Bronze Scales","MealTicket","Bag of Marbles","Golden Idol","HornCleat","Potion Belt","Cursed Key","Pen Nib"],"acts_visited":["Exordium","TheCity"],"potions_floor_usage":[],"damage_taken":[{"damage":0.0,"enemies":"Jaw Worm","floor":1.0,"turns":1.0},{"damage":0.0,"enemies":"Small Slimes","floor":3.0,"turns":1.0},{"damage":0.0,"enemies":"Lagavulin","floor":6.0,"turns":1.0},{"damage":15.0,"enemies":"3 Sentries","floor":8.0,"turns":3.0},{"damage":0.0,"enemies":"Lagavulin","floor":10.0,"turns":2.0},{"damage":0.0,"enemies":"3 Sentries","floor":13.0,"turns":2.0},{"damage":0.0,"enemies":"3 Sentries","floor":14.0,"turns":2.0},{"damage":39.0,"enemies":"Hexaghost","floor":16.0,"turns":10.0},{"damage":15.0,"enemies":"Spheric Guardian","floor":18.0,"turns":4.0},{"damage":2.0,"enemies":"2 Thieves","floor":19.0,"turns":2.0},{"damage":0,"enemies":"Snecko","floor":22,"turns":3},{"damage":18,"enemies":"Cultist and Chosen","floor":24,"turns":7},{"damage":0,"enemies":"Snake Plant","floor":25,"turns":3}],"seed_played":"-6996312783573308171","potions_obtained":[{"floor":6.0,"key":"BottledMiracle"},{"floor":8.0,"key":"Weak Potion"},{"floor":10.0,"key":"EssenceOfSteel"},{"floor":14.0,"key":"Regen Potion"},{"floor":18.0,"key":"StancePotion"}],"is_trial":false,"path_per_floor":["M","?","M","$","?","E","R","E","T","E","R","?","E","?","R","B",null,"M","M","$","?","M","R","M","M","T"],"character_chosen":"WATCHER","items_purchased":["LessonLearned"],"campfire_rested":0,"item_purchase_floors":[20],"current_hp_per_floor":[61,61,61,61,66,66,66,51,51,51,51,26,26,26,26,2,55,40,38,53,53,53,53,35,35,35,35],"gold":328,"neow_bonus":"THREE_ENEMY_KILL","is_daily":false,"chose_seed":false,"campfire_upgraded":4,"win_rate":0.0,"timestamp":1608895006,"path_taken":["M","?","M","$","?","E","R","E","T","E","R","?","E","?","R","BOSS","M","M","$","?","M","R","M","?","T"],"items_purchased_type":["Card"],"build_version":"2020-12-22","purchased_purges":2,"victory":false,"max_hp_per_floor":[68,68,68,68,73,73,73,73,73,73,73,73,73,73,73,73,73,73,73,73,73,73,73,73,73,73,73],"relic_stats":{"counters":[13,41],"Golden Idol":66,"Bronze Scales":[94],"MealTicket":15,"Pen Nib":[0],"War Paint":["Defend_P","Vigilance"],"Cursed Key":1,"obtain_stats":[{"Potion Belt":14,"HornCleat":13,"NeowsBlessing":0,"Golden Idol":12,"Bronze Scales":8,"MealTicket":9,"Pen Nib":26,"Bag of Marbles":10,"PureWater":0,"War Paint":6,"Cursed Key":17},{"Potion Belt":6,"HornCleat":6,"NeowsBlessing":0,"Golden Idol":5,"Bronze Scales":4,"MealTicket":4,"Pen Nib":13,"Bag of Marbles":5,"PureWater":0,"War Paint":3,"Cursed Key":8},{"Potion Belt":10,"HornCleat":10,"NeowsBlessing":0,"Golden Idol":8,"Bronze Scales":6,"MealTicket":6,"Pen Nib":41,"Bag of Marbles":8,"PureWater":0,"War Paint":3,"Cursed Key":22}]},"card_choices":[{"not_picked":["Crescendo","Perseverance"],"picked":"CrushJoints","floor":1.0},{"not_picked":["Perseverance","EmptyBody","Evaluate"],"picked":"SKIP","floor":3.0},{"not_picked":["Wish","SandsOfTime"],"picked":"Conclude","floor":6.0},{"not_picked":["EmptyBody","Collect"],"picked":"Scrawl","floor":8.0},{"not_picked":["FlurryOfBlows","Evaluate"],"picked":"EmptyFist","floor":10.0},{"not_picked":["Pray","Brilliance"],"picked":"Wireheading","floor":13.0},{"not_picked":["FollowUp","Worship"],"picked":"Wallop","floor":14.0},{"not_picked":["Brilliance","Omniscience"],"picked":"DevaForm","floor":16.0},{"not_picked":["PathToVictory","EmptyFist","SashWhip"],"picked":"SKIP","floor":18.0},{"not_picked":["FlyingSleeves","Prostrate","SashWhip"],"picked":"SKIP","floor":19.0},{"not_picked":["Perseverance","Protect"],"picked":"Sanctity","floor":22},{"not_picked":["EmptyBody","WindmillStrike"],"picked":"Adaptation","floor":24},{"not_picked":["SashWhip","SignatureMove"],"picked":"MentalFortress","floor":25}],"player_experience":1108648,"relics_obtained":[{"floor":6.0,"key":"War Paint"},{"floor":8.0,"key":"Bronze Scales"},{"floor":9.0,"key":"MealTicket"},{"floor":10.0,"key":"Bag of Marbles"},{"floor":13.0,"key":"HornCleat"},{"floor":26,"key":"Pen Nib"}],"event_choices":[{"damage_healed":0.0,"max_hp_gain":0.0,"max_hp_loss":0.0,"gold_gain":0.0,"event_name":"The Cleric","player_choice":"Leave","floor":2.0,"gold_loss":0.0,"damage_taken":0.0},{"damage_healed":0.0,"max_hp_gain":5.0,"max_hp_loss":0.0,"gold_gain":0.0,"event_name":"Big Fish","player_choice":"Donut","floor":5.0,"gold_loss":0.0,"damage_taken":0.0},{"damage_healed":0.0,"max_hp_gain":0.0,"max_hp_loss":0.0,"gold_gain":0.0,"event_name":"Golden Idol","player_choice":"Take Damage","floor":12.0,"gold_loss":0.0,"damage_taken":25.0,"relics_obtained":["Golden Idol"]},{"damage_healed":0.0,"max_hp_gain":0.0,"max_hp_loss":0.0,"gold_gain":0.0,"event_name":"Dead Adventurer","player_choice":"Searched \u00272\u0027 times","floor":14.0,"gold_loss":0.0,"damage_taken":0.0,"relics_obtained":["Potion Belt"]},{"damage_healed":0,"gold_gain":100,"player_choice":"Bet on Murderer","damage_taken":0,"max_hp_gain":0,"max_hp_loss":0,"event_name":"The Joust","floor":21,"gold_loss":50}],"is_beta":false,"boss_relics":[{"not_picked":["Philosopher\u0027s Stone","Calling Bell"],"picked":"Cursed Key"}],"items_purged_floors":[4,20],"is_endless":false,"potions_floor_spawned":[6,8,10,14,18],"ascension_level":20}}