{"host":"sabve5zmqufxyc5o","time":1608903545,"event":{"mods":["2.2 Compatiblity","AchievementEnabler","Act Like it!","Arknights The Spire","BaseMod","Block Reminder","Colored Map","Colored Powertips","DeckTracker","KOR Keyword Fix","Keyboard Shortcuts","Minty Spire (QoL Compilation)","Quick Restart","Rare Cards Sparkle","Relic Stats","StSLib","SuperFastMode"],"gold_per_floor":[116,131,149,149,22,22,39,56,56,56,56],"floor_reached":10,"playtime":296,"items_purged":["ats:Strike G"],"score":63,"play_id":"35b97e0b-d77c-47f9-9f55-8fd3c6f8ea5f","local_time":"20201225223905","is_ascension_mode":true,"campfire_choices":[{"data":"ats:Composite Medical Shells","floor":6,"key":"SMITH"}],"circlet_count":0,"master_deck":["ats:Strike S","ats:Strike V","ats:Armor Crushing Shot","ats:Defend","ats:Defend","ats:Defend","ats:Defend","ats:Emotion Absorption","ats:Curse Doll","ats:Composite Medical Shells+1","ats:Revitalization","ats:Burning Ground","ats:Assault Order","ats:Consecutive Shot Auto","ats:Defend Order"],"relics":["ats:Sanity","Centennial Puzzle"],"acts_visited":["Exordium"],"potions_floor_usage":[],"damage_taken":[{"damage":0.0,"enemies":"Small Slimes","floor":1.0,"turns":5.0},{"damage":1.0,"enemies":"Cultist","floor":2.0,"turns":3.0},{"damage":8.0,"enemies":"2 Louse","floor":3.0,"turns":3.0},{"damage":34,"enemies":"Lots of Slimes","floor":7,"turns":5},{"damage":16,"enemies":"3 Louse","floor":8,"turns":4},{"damage":27,"enemies":"Lagavulin","floor":10,"turns":7}],"seed_played":"197560832416164809","potions_obtained":[{"floor":7,"key":"BlessingOfTheForge"},{"floor":8,"key":"SkillPotion"}],"is_trial":false,"path_per_floor":["M","M","M","?","$","R","M","M","T","E"],"character_chosen":"DOCTOR_CLASS","items_purchased":["ats:Assault Order"],"campfire_rested":0,"item_purchase_floors":[5],"current_hp_per_floor":[79,78,70,70,70,70,44,28,28,7,7],"gold":56,"neow_bonus":"TEN_PERCENT_HP_BONUS","is_daily":false,"chose_seed":false,"campfire_upgraded":1,"win_rate":0.0,"timestamp":1608903545,"path_taken":["M","M","M","?","$","R","M","?","T","E"],"items_purchased_type":["Card"],"build_version":"2020-12-22","purchased_purges":1,"victory":false,"max_hp_per_floor":[79,79,79,79,79,79,79,79,79,79,79],"relic_stats":{"Centennial Puzzle":[3],"counters":[6,27],"obtain_stats":[{"Centennial Puzzle":9,"ats:Sanity":0},{"Centennial Puzzle":5,"ats:Sanity":0},{"Centennial Puzzle":20,"ats:Sanity":0}]},"card_choices":[{"not_picked":["ats:Apocalypse","ats:Revitalization"],"picked":"ats:Curse Doll","floor":1.0},{"not_picked":["ats:Demon Strength","ats:Beaten Up"],"picked":"ats:Composite Medical Shells","floor":2.0},{"not_picked":["ats:Leaping Hammer","ats:Flame Of Heaven"],"picked":"ats:Revitalization","floor":3.0},{"not_picked":["ats:Collapsing Strike","ats:Assault Order"],"picked":"ats:Consecutive Shot Auto","floor":7},{"not_picked":["ats:Consecutive Shot Auto","ats:Leaping Hammer"],"picked":"ats:Defend Order","floor":8}],"player_experience":810187,"relics_obtained":[{"floor":9,"key":"Centennial Puzzle"}],"event_choices":[{"damage_healed":0.0,"max_hp_gain":0.0,"max_hp_loss":0.0,"gold_gain":0.0,"cards_transformed":["ats:Strike C"],"event_name":"Transmorgrifier","player_choice":"Transformed","floor":4.0,"gold_loss":0.0,"damage_taken":0.0,"cards_obtained":["ats:Burning Ground"]}],"is_beta":false,"boss_relics":[],"items_purged_floors":[5],"is_endless":false,"potions_floor_spawned":[7,8],"killed_by":"Lagavulin","ascension_level":1}}