{"host":"0cnf9zf1gia27zti","time":1608936879,"event":{"mods":["BaseMod","BetterRewards","Card Forge","Colored Map","Colored Powertips","Conspire","Downfall","Minty Spire (QoL Compilation)","Practice Mode","Quick Restart","Replay The Spire","Robot Space Explorer","Shade Mod","Spicy Shops","StSLib"],"gold_per_floor":[112,123,123,56,82,82,109,123,123,123,66,66,84,118,118,192,192,206,225,37,37,37,37,7,7,31,49,49,64,64,83,83,155,155,169,95,95,105,61,61,95,95,95,129,129,142,154,154,154,154,154],"floor_reached":50,"playtime":10149,"items_purged":["Strike_B"],"score":1285,"play_id":"4eee1d2d-ede7-4b53-994b-0ee4225cd0e3","local_time":"20201225225439","is_ascension_mode":true,"campfire_choices":[{"data":"Reprogram","floor":6,"key":"SMITH"},{"floor":15,"key":"REST"},{"floor":23,"key":"REST"},{"data":"Scrape","floor":25,"key":"SMITH"},{"data":"Gash","floor":30,"key":"SMITH"},{"floor":32,"key":"DIG"},{"data":"Beam Cell","floor":40,"key":"SMITH"},{"data":"Sweeping Beam","floor":42,"key":"SMITH"},{"data":"Scrape","floor":45,"key":"SMITH"},{"floor":49,"key":"REST"}],"circlet_count":0,"master_deck":["AscendersBane","Strike_B","Strike_B","Defend_B","Defend_B","Defend_B","Reprogram+1","ReplayGash","Sweeping Beam+1","Melter+1","Secret Weapon+1","Scrape+1","Go for the Eyes+1","Gash+1","Scrape+1","Self Repair+1","Auto Shields","Beam Cell+1","Gash+1","Gash","Hyperbeam+1","Steam+1","Self Repair+1","Steam+1","Gash+1","Hologram+1","Beam Cell+1","Machine Learning+1","Self Repair","Reprogram+1","Sweeping Beam+1","Thinking Ahead+1","Scrape+1"],"relics":["Cracked Core","Hammer of Thor","Seething Fire","Anvil of the Gods","Golden Egg","Potion Belt","Boot","Garlic","Calipers","Snack Pack","conspire:SpecialSausage","Enchiridion","Omamori","Turnip","Philosopher\u0027s Stone","ReplayTheSpireMod:CursedCoin","Pet Ghost","Frozen Egg 2","Oddly Smooth Stone"],"acts_visited":["Exordium","TheCity","TheBeyond"],"potions_floor_usage":[16,16,27,31,33],"damage_taken":[{"damage":0,"enemies":"2 Louse","floor":1,"turns":2},{"damage":0,"enemies":"Cultist","floor":2,"turns":2},{"damage":23,"enemies":"3 Sentries","floor":7,"turns":5},{"damage":2,"enemies":"Jaw Worm","floor":8,"turns":3},{"damage":9,"enemies":"Exordium Wildlife","floor":13,"turns":3},{"damage":14,"enemies":"Lagavulin","floor":14,"turns":4},{"damage":9,"enemies":"Hexaghost","floor":16,"turns":6},{"damage":0,"enemies":"Spheric Guardian","floor":18,"turns":3},{"damage":4,"enemies":"2 Thieves","floor":19,"turns":3},{"damage":21,"enemies":"Shelled Parasite and Fungi","floor":27,"turns":2},{"damage":5,"enemies":"Centurion and Healer","floor":29,"turns":3},{"damage":0,"enemies":"3 Cultists","floor":31,"turns":3},{"damage":53,"enemies":"Automaton","floor":33,"turns":7},{"damage":4,"enemies":"Orb Walker","floor":35,"turns":2},{"damage":16,"enemies":"3 Darklings","floor":38,"turns":3},{"damage":39,"enemies":"Nemesis","floor":41,"turns":5},{"damage":0,"enemies":"R_Hoarder","floor":44,"turns":5},{"damage":22,"enemies":"Jaw Worm Horde","floor":46,"turns":3},{"damage":9,"enemies":"Sphere and 2 Shapes","floor":47,"turns":2},{"damage":77,"enemies":"Time Eater","floor":50,"turns":5}],"seed_played":"1254283564759834995","potions_obtained":[{"floor":8,"key":"SkillPotion"},{"floor":14,"key":"Strength Potion"},{"floor":16,"key":"FearPotion"},{"floor":19,"key":"Adrenaline Potion"},{"floor":29,"key":"DistilledChaos"},{"floor":47,"key":"Toxic Potion"}],"is_trial":false,"path_per_floor":["M","M","?","$","T","R","E","M","T","?","$","?","M","E","R","B",null,"M","M","$","?","?","R","$","R","T","M","$","M","R","M","R_BF","B",null,"M","$","?","M","$","R","E","R","T","E","R","M","M","?","R","B"],"character_chosen":"DEFECT","items_purchased":["Reprogram","ReplayGash","Golden Egg","Sweeping Beam","Potion Belt","Melter","Secret Weapon","Scrape","Go for the Eyes","Self Repair+1","Beam Cell","Self Repair","Steam","Gash","Reprogram+1","ReplayTheSpireMod:CursedCoin","Thinking Ahead"],"campfire_rested":3,"item_purchase_floors":[0,0,0,0,0,0,0,0,0,4,11,20,20,24,36,39,39],"current_hp_per_floor":[64,64,64,64,64,64,51,49,49,49,49,49,40,26,47,56,67,71,67,67,46,46,67,67,67,67,58,58,67,67,71,71,46,65,65,65,65,71,71,71,56,56,56,71,71,52,59,55,71,0,0],"gold":154,"neow_bonus":"","is_daily":false,"chose_seed":false,"campfire_upgraded":6,"win_rate":0.0,"timestamp":1608936879,"path_taken":["M","M","?","$","?","R","E","M","T","?","$","?","M","E","R","BOSS","M","M","$","?","?","R","?","R","T","M","$","?","R","M","R_BF","BOSS","M","$","?","M","$","R","E","R","T","E","R","M","?","?","R","BOSS"],"items_purchased_type":["Card","Card","Relic","Card","Relic","Card","Card","Card","Card","Card","Card","Card","Card","Card","Card","Relic","Card"],"build_version":"2020-12-22","purchased_purges":1,"victory":false,"max_hp_per_floor":[71,71,71,71,71,71,71,71,71,71,71,71,71,71,71,71,71,71,71,71,71,71,71,71,71,71,71,71,71,71,71,71,71,71,71,71,71,71,71,71,71,71,71,71,71,71,71,71,71,71,71],"card_choices":[{"not_picked":["Leap","Barrage"],"picked":"Scrape","floor":1},{"not_picked":["Skim","BasicCrystalCard","Creative AI"],"picked":"SKIP","floor":2},{"not_picked":["Compile Driver","Storm"],"picked":"Auto Shields","floor":7},{"not_picked":["Leap","Darkness","Static Discharge"],"picked":"SKIP","floor":8},{"not_picked":["Hologram","Undo"],"picked":"Gash","floor":13},{"not_picked":["Streamline","ReplayTheSpireMod:Omega Cannon"],"picked":"Gash","floor":14},{"not_picked":["Reboot","Amplify"],"picked":"Hyperbeam","floor":16},{"not_picked":["Sweeping Beam","Conserve Battery"],"picked":"Steam+1","floor":18},{"not_picked":["Rebound","ReplayTheSpireMod:System Scan","Chill"],"picked":"SKIP","floor":19},{"not_picked":["Coolheaded+1","Redo","Streamline"],"picked":"SKIP","floor":27},{"not_picked":["Ball Lightning","BasicCrystalCard"],"picked":"Hologram+1","floor":29},{"not_picked":["Rip and Tear","Steam"],"picked":"Beam Cell","floor":31},{"not_picked":["Rainbow","Buffer"],"picked":"Machine Learning","floor":33},{"not_picked":["Genetic Algorithm+1","Rebound"],"picked":"Self Repair","floor":35},{"not_picked":["Defragment","ReplayTheSpireMod:GoodbyeWorld"],"picked":"Sweeping Beam","floor":38},{"not_picked":["conspire:Rain","ReplayTheSpireMod:Reroute Power","Rebound"],"picked":"SKIP","floor":41},{"not_picked":["Turbo","Reinforced Body+1"],"picked":"Scrape","floor":44},{"not_picked":["Barrage","Panic Button","Ball Lightning"],"picked":"SKIP","floor":46},{"not_picked":["BasicCrystalCard","Rebound","Lockon"],"picked":"SKIP","floor":47}],"player_experience":2503903,"relics_obtained":[{"floor":5,"key":"Boot"},{"floor":7,"key":"Garlic"},{"floor":9,"key":"Calipers"},{"floor":14,"key":"Snack Pack"},{"floor":21,"key":"Enchiridion"},{"floor":26,"key":"Omamori"},{"floor":32,"key":"Turnip"},{"floor":41,"key":"Pet Ghost"},{"floor":43,"key":"Frozen Egg 2"},{"floor":44,"key":"Oddly Smooth Stone"}],"event_choices":[{"damage_healed":0,"gold_gain":0,"player_choice":"Upgraded","damage_taken":0,"max_hp_gain":0,"max_hp_loss":0,"event_name":"Upgrade Shrine","floor":3,"gold_loss":0,"cards_upgraded":["Zap"]},{"cards_removed":["Strike_B"],"damage_healed":0,"gold_gain":0,"player_choice":"Forget","damage_taken":0,"max_hp_gain":0,"max_hp_loss":0,"event_name":"Living Wall","floor":10,"gold_loss":0},{"damage_healed":0,"gold_gain":0,"player_choice":"Obtained Book","damage_taken":21,"max_hp_gain":0,"max_hp_loss":0,"event_name":"Cursed Tome","floor":21,"gold_loss":0},{"cards_removed":["Zap"],"damage_healed":0,"gold_gain":0,"player_choice":"Purged","damage_taken":0,"max_hp_gain":0,"max_hp_loss":0,"event_name":"Purifier","floor":37,"gold_loss":0},{"damage_healed":0,"gold_gain":0,"player_choice":"Leave","damage_taken":0,"max_hp_gain":0,"max_hp_loss":0,"event_name":"conspire:Investor","floor":48,"gold_loss":0}],"is_beta":false,"boss_relics":[{"not_picked":["Cursed Key","Replay:Drink Me"],"picked":"conspire:SpecialSausage"},{"not_picked":["conspire:SeveredTorchhead","Painkiller Herb"],"picked":"Philosopher\u0027s Stone"}],"items_purged_floors":[20],"is_endless":false,"potions_floor_spawned":[8,14,16,19,29,47],"killed_by":"Time Eater","ascension_level":17}}