{"host":"9ubnrp80z7gv8v8p","time":1608935108,"event":{"mods":["AchievementEnabler","BaseMod","Better Altar","Better Match","Better Note","Better Sensory Stone","Better Skull","Better Third Choice","Better Vampires","BetterRewards","Block Reminder","Colored Map","DeckTracker","Displayed Cursed Tome","Highlight Path","Minty Spire (QoL Compilation)","Quick Restart","Rare Cards Sparkle","Relic Stats","Spire Birthday Party","StSLib","everything is the same but u backflip on backflip","slay the spire mod where everything is the same but ironclad has a cowboy hat"],"gold_per_floor":[19,35,46,46,0,35,35,50,104,124,49,49,67,84,84,186,186,202,202,215,230,230,230,241,241,241,251,251,251],"floor_reached":28,"playtime":1905,"items_purged":["Strike_B"],"score":258,"play_id":"b1965b6b-1d06-462e-b683-b8356c912b2b","local_time":"20201225162508","is_ascension_mode":true,"campfire_choices":[{"floor":15.0,"key":"REST"},{"floor":23,"key":"REST"},{"floor":25,"key":"REST"}],"circlet_count":0,"master_deck":["Defend_B","Defend_B","Defend_B","Defend_B","Zap","Dualcast","All For One","Beam Cell","Loop","BootSequence","Enlightenment","Static Discharge","Metamorphosis","Static Discharge","FTL","Hyperbeam","Gash+1","Bite","Bite","Leap","Redo"],"relics":["Cracked Core","Mummified Hand","MealTicket","Busted Crown","Bottled Tornado"],"acts_visited":["Exordium","TheCity"],"potions_floor_usage":[20],"damage_taken":[{"damage":7.0,"enemies":"Jaw Worm","floor":1.0,"turns":3.0},{"damage":0.0,"enemies":"2 Louse","floor":2.0,"turns":2.0},{"damage":0.0,"enemies":"Small Slimes","floor":3.0,"turns":2.0},{"damage":28.0,"enemies":"Gremlin Nob","floor":6.0,"turns":4.0},{"damage":10.0,"enemies":"Gremlin Gang","floor":8.0,"turns":3.0},{"damage":16.0,"enemies":"2 Fungi Beasts","floor":10.0,"turns":3.0},{"damage":2.0,"enemies":"Looter","floor":13.0,"turns":4.0},{"damage":0.0,"enemies":"Large Slime","floor":14.0,"turns":4.0},{"damage":29.0,"enemies":"Hexaghost","floor":16.0,"turns":11.0},{"damage":9,"enemies":"3 Byrds","floor":18,"turns":2},{"damage":29,"enemies":"2 Thieves","floor":20,"turns":3},{"damage":42,"enemies":"Snake Plant","floor":21,"turns":5},{"damage":23,"enemies":"Snecko","floor":24,"turns":5},{"damage":23,"enemies":"Cultist and Chosen","floor":27,"turns":4},{"damage":31,"enemies":"Slavers","floor":28,"turns":2}],"seed_played":"-5239880954895875858","potions_obtained":[{"floor":1.0,"key":"FearPotion"},{"floor":6.0,"key":"FearPotion"},{"floor":13.0,"key":"Explosive Potion"},{"floor":14.0,"key":"Regen Potion"},{"floor":20,"key":"Fruit Juice"}],"is_trial":false,"path_per_floor":["M","M","M","$","?","E","?","M","T","M","$","?","M","M","R","B",null,"M","?","M","M","?","R","M","R","T","M","E"],"character_chosen":"DEFECT","items_purchased":[],"campfire_rested":3,"item_purchase_floors":[],"current_hp_per_floor":[68,68,68,68,74,46,46,36,36,20,35,35,33,33,57,28,81,72,71,51,15,15,37,20,42,42,21,0,0],"gold":251,"neow_bonus":"THREE_RARE_CARDS","is_daily":false,"chose_seed":false,"campfire_upgraded":0,"win_rate":0.0,"timestamp":1608935108,"path_taken":["M","M","M","$","?","E","?","M","T","M","$","?","?","M","R","BOSS","M","?","M","M","?","R","M","R","T","M","E"],"items_purchased_type":[],"build_version":"2020-12-22","purchased_purges":1,"victory":false,"max_hp_per_floor":[75,75,75,75,81,81,81,81,81,81,81,81,81,81,81,81,81,81,71,76,76,76,76,76,76,76,76,76,76],"relic_stats":{"Busted Crown":10,"counters":[15,57],"Mummified Hand":[25],"MealTicket":15,"obtain_stats":[{"Busted Crown":17,"Mummified Hand":6,"MealTicket":9,"Bottled Tornado":26,"Cracked Core":0},{"Busted Crown":9,"Mummified Hand":4,"MealTicket":5,"Bottled Tornado":13,"Cracked Core":0},{"Busted Crown":36,"Mummified Hand":11,"MealTicket":14,"Bottled Tornado":51,"Cracked Core":0}]},"card_choices":[{"not_picked":["Amplify","Thunder Strike"],"picked":"All For One","floor":0.0},{"not_picked":["Recycle","Leap"],"picked":"Beam Cell","floor":1.0},{"not_picked":["Cold Snap","Conserve Battery"],"picked":"Loop","floor":2.0},{"not_picked":["Compile Driver","Rebound"],"picked":"BootSequence","floor":3.0},{"not_picked":["Go for the Eyes","Fission"],"picked":"Static Discharge","floor":6.0},{"not_picked":["Swift Strike","Enlightenment"],"picked":"Metamorphosis","floor":7.0},{"not_picked":["Redo","Conserve Battery","Skim"],"picked":"SKIP","floor":8.0},{"not_picked":["Coolheaded","Rip and Tear"],"picked":"Static Discharge","floor":10.0},{"not_picked":["Leap","Sweeping Beam","Turbo"],"picked":"SKIP","floor":13.0},{"not_picked":["Force Field","Redo"],"picked":"FTL","floor":14.0},{"not_picked":["Biased Cognition","Machine Learning"],"picked":"Hyperbeam","floor":16.0},{"not_picked":[],"picked":"Gash+1","floor":18},{"not_picked":[],"picked":"Leap","floor":20},{"not_picked":["Cold Snap+1"],"picked":"SKIP","floor":21},{"not_picked":["Turbo"],"picked":"SKIP","floor":24},{"not_picked":[],"picked":"Redo","floor":27}],"player_experience":895841,"relics_obtained":[{"floor":6.0,"key":"Mummified Hand"},{"floor":9.0,"key":"MealTicket"},{"floor":26,"key":"Bottled Tornado"}],"event_choices":[{"damage_healed":0.0,"max_hp_gain":0.0,"max_hp_loss":0.0,"gold_gain":0.0,"event_name":"betterThird:BetterSerpent","player_choice":"RENOUNCE","floor":5.0,"gold_loss":46.0,"damage_taken":46.0,"cards_obtained":["Enlightenment"]},{"damage_healed":0.0,"max_hp_gain":0.0,"max_hp_loss":0.0,"gold_gain":1.0,"event_name":"betterStone:BetterStone","player_choice":"1","floor":7.0,"gold_loss":0.0,"damage_taken":0.0},{"cards_removed":["Strike_B"],"damage_healed":0.0,"max_hp_gain":0.0,"max_hp_loss":0.0,"gold_gain":0.0,"event_name":"Bonfire Elementals","player_choice":"Offered Basic","floor":12.0,"gold_loss":0.0,"damage_taken":0.0},{"damage_healed":0,"gold_gain":0,"player_choice":"Became a vampire","damage_taken":0,"max_hp_gain":0,"max_hp_loss":10,"event_name":"Vampires","floor":19,"gold_loss":0,"cards_obtained":["Bite","Bite"]},{"damage_healed":0,"gold_gain":0,"player_choice":"Ignored","damage_taken":0,"max_hp_gain":0,"max_hp_loss":0,"event_name":"Ghosts","floor":22,"gold_loss":0}],"is_beta":false,"boss_relics":[{"not_picked":["Snecko Eye","Fusion Hammer"],"picked":"Busted Crown"}],"items_purged_floors":[11],"is_endless":false,"potions_floor_spawned":[1,6,13,14,20],"killed_by":"Slavers","ascension_level":3}}