{"host":"mqhvlr3kpxebko0t","time":1608865768,"event":{"mods":["AchievementEnabler","BaseMod","Colored Map","Keyboard Shortcuts","Minty Spire (QoL Compilation)","StSLib","SuperFastMode"],"gold_per_floor":[111,111,36,36,61,97,112,145,197,222,246,36,55,68,68,68,68],"floor_reached":16,"playtime":240,"items_purged":["Strike_R"],"score":278,"play_id":"e8b0cb6d-a522-46bb-8b1d-0498f980c074","local_time":"20201225120928","is_ascension_mode":true,"campfire_choices":[{"data":"Evolve","floor":15,"key":"SMITH"}],"circlet_count":0,"master_deck":["AscendersBane","Strike_R","Strike_R","Strike_R","Defend_R","Defend_R","Defend_R","Defend_R","Bash","Blood for Blood","Ghostly Armor","Evolve+1","Shrug It Off","Fire Breathing","Power Through"],"relics":["Burning Blood","NeowsBlessing","Golden Idol","Mummified Hand","Vajra","Potion Belt"],"acts_visited":["Exordium"],"potions_floor_usage":[8,8,11,13,14,14,16],"damage_taken":[{"damage":0,"enemies":"Jaw Worm","floor":1,"turns":1},{"damage":0,"enemies":"Small Slimes","floor":5,"turns":1},{"damage":0,"enemies":"3 Sentries","floor":6,"turns":2},{"damage":7,"enemies":"Cultist","floor":7,"turns":4},{"damage":32,"enemies":"Gremlin Nob","floor":8,"turns":4},{"damage":14,"enemies":"3 Louse","floor":10,"turns":3},{"damage":24,"enemies":"Red Slaver","floor":11,"turns":4},{"damage":1,"enemies":"Looter","floor":13,"turns":3},{"damage":4,"enemies":"Large Slime","floor":14,"turns":5},{"damage":14,"enemies":"Hexaghost","floor":16,"turns":9}],"seed_played":"-6556205343783470008","potions_obtained":[{"floor":5,"key":"Energy Potion"},{"floor":7,"key":"Fire Potion"},{"floor":11,"key":"EntropicBrew"}],"is_trial":false,"path_per_floor":["M","?","?","$","M","E","M","E","T","M","M","$","M","M","R","B"],"character_chosen":"IRONCLAD","items_purchased":["Evolve","Shrug It Off"],"campfire_rested":0,"item_purchase_floors":[12,12],"current_hp_per_floor":[74,48,48,48,54,60,59,33,33,25,7,7,12,14,14,0,0],"gold":68,"neow_bonus":"THREE_ENEMY_KILL","is_daily":false,"chose_seed":false,"campfire_upgraded":1,"win_rate":0.0,"timestamp":1608865768,"path_taken":["M","?","?","$","M","E","M","E","T","M","M","?","M","M","R","BOSS"],"items_purchased_type":["Card","Card"],"build_version":"2020-12-22","purchased_purges":1,"victory":false,"max_hp_per_floor":[75,75,75,75,75,75,75,75,75,75,75,75,75,75,75,75,75],"card_choices":[{"not_picked":["Clash","Armaments"],"picked":"Blood for Blood","floor":1},{"not_picked":["Perfected Strike","Clash","Bloodletting"],"picked":"SKIP","floor":5},{"not_picked":["Flex","Bloodletting","Cleave"],"picked":"SKIP","floor":6},{"not_picked":["Exhume","Twin Strike","Metallicize"],"picked":"SKIP","floor":7},{"not_picked":["Perfected Strike","Pummel","True Grit"],"picked":"SKIP","floor":8},{"not_picked":["Burning Pact","Thunderclap"],"picked":"Ghostly Armor","floor":10},{"not_picked":["Seeing Red","Perfected Strike","Searing Blow"],"picked":"SKIP","floor":11},{"not_picked":["Inflame","Feel No Pain"],"picked":"Fire Breathing","floor":13},{"not_picked":["Headbutt","Heavy Blade"],"picked":"Power Through","floor":14}],"player_experience":684265,"relics_obtained":[{"floor":6,"key":"Mummified Hand"},{"floor":8,"key":"Vajra"},{"floor":9,"key":"Potion Belt"}],"event_choices":[{"damage_healed":0,"gold_gain":0,"player_choice":"Take Damage","damage_taken":26,"relics_obtained":["Golden Idol"],"max_hp_gain":0,"max_hp_loss":0,"event_name":"Golden Idol","floor":2,"gold_loss":0},{"cards_removed":["Strike_R"],"damage_healed":0,"gold_gain":0,"player_choice":"Card Removal","damage_taken":0,"max_hp_gain":0,"max_hp_loss":0,"event_name":"The Cleric","floor":3,"gold_loss":75}],"is_beta":false,"boss_relics":[],"items_purged_floors":[12],"is_endless":false,"potions_floor_spawned":[5,7,11],"killed_by":"Hexaghost","ascension_level":20}}