{"host":"yuhy0i501zzmn1iz","time":1608869984,"event":{"mods":["AchievementEnabler","AlwaysNeverKeys","BaseMod","Bestiary","Better Match","Better Third Choice","Curses Come First","Downfall","Minty Spire (QoL Compilation)","StSLib","The Blue Laboratory","slay the spire mod where everything is the same but ironclad has a cowboy hat"],"gold_per_floor":[99,99,116,126,126,152,152,168,168,168,34,67,67,85,97,194,194,194,211,211,266,285,285,355,423,423,479,530,581,640,693,705,705,705,705],"floor_reached":33,"playtime":2484,"items_purged":["Regret"],"score":298,"play_id":"3705ea80-7617-46d1-ae3b-e250dde5fa72","local_time":"20201224231944","is_ascension_mode":false,"campfire_choices":[{"data":"champ:FlashCut","floor":1.0,"key":"SMITH"},{"data":"champ:BerserkerStyle","floor":9.0,"key":"SMITH"},{"data":"champ:ArenaPreparation","floor":13.0,"key":"SMITH"},{"data":"champ:LastStand","floor":18.0,"key":"SMITH"},{"floor":26,"key":"REST"}],"circlet_count":0,"master_deck":["champ:Strike","champ:Strike","champ:Strike+1","champ:Strike","champ:Defend","champ:Defend","champ:Defend","champ:Defend+1","champ:Execute","champ:Taunt+1","champ:FlashCut+1","champ:BerserkerStyle+1","champ:HeartStrike","champ:ArenaPreparation+1","champ:HeartStrike","champ:Backstep","champ:CrookedStrike","champ:Shatter","champ:LastStand+1","champ:Duel","champ:Control+1","champ:ArenaPreparation","champ:ShieldThrow","champ:EnGarde+1","champ:BerserkersShout","champ:BerserkerStyle","champ:IronFortress+1","champ:FocusedBerserking","champ:Encircle+1","champ:FanOfKnives+1"],"relics":["champ:ChampionCrown","Oddly Smooth Stone","Smiling Mask","Sozu","downfall:KnowingSkull","Gremlin Horn","Bottled Tornado"],"acts_visited":["Exordium","TheCity"],"potions_floor_usage":[33],"damage_taken":[{"damage":5.0,"enemies":"Small Slimes","floor":3.0,"turns":3.0},{"damage":12.0,"enemies":"2 Louse","floor":4.0,"turns":4.0},{"damage":13.0,"enemies":"Jaw Worm","floor":8.0,"turns":3.0},{"damage":14.0,"enemies":"downfall:FleeingMerchant","floor":11.0,"turns":4.0},{"damage":48.0,"enemies":"Gremlin Nob","floor":12.0,"turns":3.0},{"damage":53.0,"enemies":"Exordium Thugs","floor":14.0,"turns":3.0},{"damage":41.0,"enemies":"Large Slime","floor":15.0,"turns":6.0},{"damage":86.0,"enemies":"downfall:Ironclad","floor":16.0,"turns":11.0},{"damage":59.0,"enemies":"Shell Parasite","floor":19.0,"turns":4.0},{"damage":56.0,"enemies":"Chosen","floor":21.0,"turns":2.0},{"damage":56,"enemies":"Snake Plant","floor":22,"turns":3},{"damage":69,"enemies":"Book of Stabbing","floor":25,"turns":4},{"damage":51,"enemies":"Sentry and Sphere","floor":27,"turns":5},{"damage":54,"enemies":"Centurion and Healer","floor":28,"turns":3},{"damage":38,"enemies":"Snecko","floor":29,"turns":5},{"damage":54,"enemies":"Snake Plant","floor":30,"turns":4},{"damage":48,"enemies":"3 Cultists","floor":31,"turns":4},{"damage":44,"enemies":"Shelled Parasite and Fungi","floor":32,"turns":3},{"damage":68,"enemies":"downfall:Watcher","floor":33,"turns":4}],"seed_played":"-7709178949297190880","potions_obtained":[{"floor":3.0,"key":"blueLaboratory:HorrorPotion"},{"floor":4.0,"key":"blueLaboratory:RememoryPotion"},{"floor":12.0,"key":"blueLaboratory:FruitPunch"},{"floor":15.0,"key":"SpeedPotion"},{"floor":16.0,"key":"blueLaboratory:ExaltedPotion"}],"is_trial":false,"path_per_floor":["R","?","M","M","?","T","T","M","R","?","$","E","R","M","M","B",null,"R","M","?","M","M","?","T","E","R","M","M","M","M","M","M","B"],"character_chosen":"THE_CHAMP","items_purchased":["champ:HeartStrike"],"campfire_rested":1,"item_purchase_floors":[11],"current_hp_per_floor":[90,100,100,95,100,100,100,92,92,92,90,91,91,89,80,14,114,114,108,99,86,81,81,81,74,109,101,89,81,57,53,53,0,0,0],"gold":705,"neow_bonus":"THREE_CARDS","is_daily":false,"chose_seed":false,"campfire_upgraded":4,"win_rate":0.0,"timestamp":1608869984,"path_taken":["R","?","M","M","?","?","T","?","R","?","$","E","R","M","M","BOSS","R","M","?","?","M","?","T","E","R","M","?","M","M","M","M","BOSS"],"items_purchased_type":["Card"],"build_version":"2020-12-22","purchased_purges":1,"victory":false,"max_hp_per_floor":[90,100,100,100,105,105,105,105,105,105,105,112,112,114,114,114,114,114,119,119,119,119,119,119,119,119,119,119,119,119,119,119,119,119,119],"card_choices":[{"not_picked":["champ:BladeFlurry","champ:PerfectedStrike"],"picked":"champ:FlashCut","floor":0.0},{"not_picked":["champ:PerfectedStrike","champ:EndlessRage"],"picked":"champ:BerserkerStyle","floor":3.0},{"not_picked":["champ:PerfectedStrike","champ:DefensiveShout"],"picked":"champ:HeartStrike","floor":4.0},{"not_picked":["champ:FanOfKnives","champ:RisingSlash"],"picked":"champ:FightOn","floor":8.0},{"not_picked":["champ:TornadoPunch","champ:Haymaker"],"picked":"champ:ArenaPreparation","floor":11.0},{"not_picked":["champ:RapidStrikes","champ:Riposte"],"picked":"champ:Backstep","floor":12.0},{"not_picked":["champ:BerserkerStyle","champ:GutPunch"],"picked":"champ:CrookedStrike","floor":14.0},{"not_picked":["champ:Haymaker","champ:ShieldWall"],"picked":"champ:Shatter","floor":15.0},{"not_picked":["champ:Devastate","champ:DancingMaster"],"picked":"champ:LastStand","floor":16.0},{"not_picked":["champ:AdrenalArmor","champ:GladiatorStyle"],"picked":"champ:Duel","floor":19.0},{"not_picked":["champ:BerserkersShout","champ:PerfectedStrike+1"],"picked":"champ:Control+1","floor":21},{"not_picked":["champ:FanOfKnives","champ:CrookedStrike+1"],"picked":"champ:ArenaPreparation","floor":22},{"not_picked":["champ:StanceDance","champ:GutPunch"],"picked":"champ:EnGarde+1","floor":25},{"not_picked":["champ:AdrenalArmor","champ:Riposte"],"picked":"champ:BerserkersShout","floor":27},{"not_picked":["champ:Backstep","champ:Circumvent"],"picked":"champ:BerserkerStyle","floor":28},{"not_picked":["champ:SteelEdge","champ:EnGarde+1"],"picked":"champ:IronFortress+1","floor":29},{"not_picked":["champ:BerserkersShout+1","champ:FocusedDefense"],"picked":"champ:FocusedBerserking","floor":30},{"not_picked":["champ:EnragedBash","champ:Shatter"],"picked":"champ:Encircle+1","floor":31},{"not_picked":["champ:DefensiveShout+1","champ:TornadoPunch"],"picked":"champ:FanOfKnives+1","floor":32}],"player_experience":240953,"relics_obtained":[{"floor":6.0,"key":"Oddly Smooth Stone"},{"floor":7.0,"key":"Smiling Mask"},{"floor":12.0,"key":"Strawberry"},{"floor":24,"key":"Gremlin Horn"},{"floor":25,"key":"Bottled Tornado"}],"event_choices":[{"damage_healed":0.0,"max_hp_gain":5.0,"max_hp_loss":0.0,"gold_gain":0.0,"event_name":"Big Fish","player_choice":"Donut","floor":5.0,"gold_loss":0.0,"damage_taken":0.0}],"is_beta":false,"boss_relics":[{"not_picked":["Fusion Hammer","Calling Bell"],"picked":"Sozu"}],"items_purged_floors":[11],"is_endless":false,"potions_floor_spawned":[3,4,12,15,16,19,22,25,28],"killed_by":"downfall:Watcher","ascension_level":0}}