{"host":"ayh4nqhr0ddw4ozv","time":1608934729,"event":{"mods":["BaseMod","Minty Spire (QoL Compilation)","Relic Stats","Robot Space Explorer","StSLib"],"gold_per_floor":[116,40,40,40,53,84,84,118,118,118,128,155,155,169,169,264,264,280,205,223,138,138,138,164,181,205,205,205,205,219,250,262,372,384,407,419,86,86,103,136,136,236,236,236,255,30,78,111,111,111],"floor_reached":51,"playtime":2573,"items_purged":["RobotSpaceExplorer:Strike","RobotSpaceExplorer:Defend"],"score":935,"play_id":"659ce9ee-bfbc-4614-bf8c-5cd3af4757c7","local_time":"20201225141849","is_ascension_mode":true,"campfire_choices":[{"data":"RobotSpaceExplorer:StarLightning","floor":7,"key":"SMITH"},{"data":"RobotSpaceExplorer:PlasmaMissile","floor":10,"key":"SMITH"},{"data":"RobotSpaceExplorer:Blaster","floor":13,"key":"SMITH"},{"data":"RobotSpaceExplorer:SurgingStrike","floor":15,"key":"SMITH"},{"data":"RobotSpaceExplorer:DroneSwarm","floor":23,"key":"SMITH"},{"data":"RobotSpaceExplorer:BlastShield","floor":27,"key":"SMITH"},{"floor":29,"key":"REST"},{"data":"RobotSpaceExplorer:Jetpack","floor":32,"key":"SMITH"},{"data":"RobotSpaceExplorer:FreezingShield","floor":41,"key":"SMITH"},{"data":"RobotSpaceExplorer:StarLightning","floor":44,"key":"SMITH"},{"data":"RobotSpaceExplorer:FranticSearch","floor":49,"key":"SMITH"}],"circlet_count":0,"master_deck":["RobotSpaceExplorer:Strike","RobotSpaceExplorer:Defend","RobotSpaceExplorer:Defend","RobotSpaceExplorer:Defend","RobotSpaceExplorer:Scan","RobotSpaceExplorer:MiniLasers","RobotSpaceExplorer:SurgingStrike+1","RobotSpaceExplorer:PlasmaMissile+1","RobotSpaceExplorer:StarLightning+1","RobotSpaceExplorer:RigExplosive","RobotSpaceExplorer:Blaster+1","RobotSpaceExplorer:DroneSwarm+1","RobotSpaceExplorer:BlastShield+1","RobotSpaceExplorer:ScrapShield+1","RobotSpaceExplorer:Jetpack+1","RobotSpaceExplorer:StarLightning+1","RobotSpaceExplorer:Jetpack+1","RobotSpaceExplorer:StarLightning+1","RobotSpaceExplorer:FreezingShield+1","RobotSpaceExplorer:StarLightning+1","RobotSpaceExplorer:FranticSearch+1","RobotSpaceExplorer:TurboDodge+1"],"relics":["RobotSpaceExplorer:RoboCore","NeowsBlessing","Letter Opener","Art of War","Smiling Mask","Meat on the Bone","RobotSpaceExplorer:Reprocessor","Dream Catcher","Juzu Bracelet","Anchor","RobotSpaceExplorer:ClockworkSextant","MawBank","Cursed Key","Bag of Preparation","RobotSpaceExplorer:SlideRule","Bronze Scales","Lantern","StoneCalendar","Sundial"],"acts_visited":["Exordium","TheCity","TheBeyond"],"potions_floor_usage":[8,8,12,16,16,18,18,24,24,31,33,39,40,45,47,50],"damage_taken":[{"damage":0,"enemies":"Cultist","floor":1,"turns":1},{"damage":0,"enemies":"2 Louse","floor":5,"turns":1},{"damage":0,"enemies":"3 Sentries","floor":6,"turns":1},{"damage":24,"enemies":"Lagavulin","floor":8,"turns":5},{"damage":0,"enemies":"Jaw Worm","floor":11,"turns":2},{"damage":7,"enemies":"Gremlin Nob","floor":12,"turns":3},{"damage":0,"enemies":"3 Louse","floor":14,"turns":3},{"damage":16,"enemies":"Slime Boss","floor":16,"turns":9},{"damage":5,"enemies":"Shell Parasite","floor":18,"turns":3},{"damage":13,"enemies":"Spheric Guardian","floor":20,"turns":4},{"damage":24,"enemies":"Gremlin Leader","floor":24,"turns":6},{"damage":7,"enemies":"Shelled Parasite and Fungi","floor":25,"turns":5},{"damage":0,"enemies":"Snecko","floor":30,"turns":4},{"damage":0,"enemies":"Book of Stabbing","floor":31,"turns":5},{"damage":25,"enemies":"Automaton","floor":33,"turns":11},{"damage":0,"enemies":"Orb Walker","floor":35,"turns":3},{"damage":3,"enemies":"3 Darklings","floor":39,"turns":5},{"damage":0,"enemies":"Nemesis","floor":40,"turns":7},{"damage":0,"enemies":"Spire Growth","floor":45,"turns":4},{"damage":2,"enemies":"2 Orb Walkers","floor":47,"turns":4},{"damage":6,"enemies":"Reptomancer","floor":48,"turns":5},{"damage":1,"enemies":"Awakened One","floor":50,"turns":10}],"seed_played":"2092430290653705937","potions_obtained":[{"floor":4,"key":"Ancient Potion"},{"floor":4,"key":"RobotSpaceExplorer:LiquidFusion"},{"floor":4,"key":"ColorlessPotion"},{"floor":8,"key":"Swift Potion"},{"floor":11,"key":"Energy Potion"},{"floor":14,"key":"Block Potion"},{"floor":18,"key":"Dexterity Potion"},{"floor":25,"key":"EssenceOfSteel"},{"floor":40,"key":"Explosive Potion"},{"floor":45,"key":"FearPotion"}],"is_trial":false,"path_per_floor":["M","$","?","?","M","E","R","E","T","R","M","E","R","M","R","B",null,"M","?","M","?","T","R","E","M","T","R","?","R","M","E","R","B",null,"M","?","$","?","M","E","R","?","T","R","M","$","?","E","R","B",null],"character_chosen":"RobotSpaceExplorer","items_purchased":["RobotSpaceExplorer:PlasmaMissile","Bag of Preparation","RobotSpaceExplorer:SlideRule","Lantern","RobotSpaceExplorer:FranticSearch"],"campfire_rested":1,"item_purchase_floors":[2,37,37,46,46],"current_hp_per_floor":[75,75,75,75,75,75,75,51,51,51,51,44,44,44,44,40,75,70,70,57,57,57,57,45,38,38,38,24,48,48,48,48,35,80,80,80,80,80,77,77,77,77,77,77,77,77,75,69,69,68],"gold":111,"neow_bonus":"THREE_ENEMY_KILL","is_daily":false,"chose_seed":false,"campfire_upgraded":10,"win_rate":0.0,"timestamp":1608934729,"path_taken":["M","$","?","?","M","E","R","E","T","R","M","E","R","?","R","BOSS","M","?","M","?","?","R","E","M","T","R","?","R","M","E","R","BOSS","M","?","$","?","M","E","R","?","T","R","M","?","?","E","R","BOSS"],"items_purchased_type":["Card","Relic","Relic","Relic","Card"],"build_version":"2020-12-22","purchased_purges":2,"victory":true,"max_hp_per_floor":[75,75,75,75,75,75,75,75,75,75,75,75,75,75,75,75,75,75,75,75,75,75,75,75,75,75,75,80,80,80,80,80,80,80,80,80,80,80,80,80,80,80,80,80,80,80,80,80,80,80],"relic_stats":{"counters":[22,101],"StoneCalendar":[17],"Juzu Bracelet":1,"Bag of Preparation":[12],"Letter Opener":[93],"Smiling Mask":75,"MawBank":72,"Cursed Key":0,"Dream Catcher":1,"Sundial":[2],"Bronze Scales":[87],"Art of War":[7],"obtain_stats":[{"RobotSpaceExplorer:ClockworkSextant":26,"Lantern":46,"RobotSpaceExplorer:SlideRule":37,"NeowsBlessing":0,"RobotSpaceExplorer:RoboCore":0,"StoneCalendar":47,"Juzu Bracelet":22,"Bag of Preparation":37,"Letter Opener":6,"RobotSpaceExplorer:Reprocessor":17,"Smiling Mask":9,"MawBank":31,"Cursed Key":34,"Dream Catcher":21,"Anchor":24,"Sundial":48,"Bronze Scales":40,"Art of War":8,"Meat on the Bone":12},{"RobotSpaceExplorer:ClockworkSextant":12,"Lantern":19,"RobotSpaceExplorer:SlideRule":16,"NeowsBlessing":0,"RobotSpaceExplorer:RoboCore":0,"StoneCalendar":20,"Juzu Bracelet":10,"Bag of Preparation":16,"Letter Opener":3,"RobotSpaceExplorer:Reprocessor":8,"Smiling Mask":4,"MawBank":14,"Cursed Key":15,"Dream Catcher":10,"Anchor":11,"Sundial":21,"Bronze Scales":18,"Art of War":4,"Meat on the Bone":6},{"RobotSpaceExplorer:ClockworkSextant":43,"Lantern":82,"RobotSpaceExplorer:SlideRule":66,"NeowsBlessing":0,"RobotSpaceExplorer:RoboCore":0,"StoneCalendar":86,"Juzu Bracelet":32,"Bag of Preparation":66,"Letter Opener":3,"RobotSpaceExplorer:Reprocessor":25,"Smiling Mask":8,"MawBank":52,"Cursed Key":63,"Dream Catcher":32,"Anchor":38,"Sundial":91,"Bronze Scales":78,"Art of War":8,"Meat on the Bone":13}],"Meat on the Bone":36},"card_choices":[{"not_picked":["RobotSpaceExplorer:ShockKick","RobotSpaceExplorer:SelfCleaning"],"picked":"RobotSpaceExplorer:SurgingStrike","floor":1},{"not_picked":["RobotSpaceExplorer:Discharger","RobotSpaceExplorer:MetalStrike"],"picked":"RobotSpaceExplorer:StarLightning","floor":5},{"not_picked":["RobotSpaceExplorer:Electropulse","RobotSpaceExplorer:BigMissile"],"picked":"RobotSpaceExplorer:RigExplosive","floor":6},{"not_picked":["RobotSpaceExplorer:Counterblock","RobotSpaceExplorer:DualCore","RobotSpaceExplorer:Pulsar"],"picked":"SKIP","floor":8},{"not_picked":["RobotSpaceExplorer:JunkDive","RobotSpaceExplorer:GlueShot"],"picked":"RobotSpaceExplorer:Blaster","floor":11},{"not_picked":["RobotSpaceExplorer:MiniDrones","RobotSpaceExplorer:ScrapShield","RobotSpaceExplorer:Discharger"],"picked":"SKIP","floor":12},{"not_picked":["RobotSpaceExplorer:ImprovisedAttack","RobotSpaceExplorer:ScrapToss","RobotSpaceExplorer:FrostMissile"],"picked":"SKIP","floor":14},{"not_picked":["RobotSpaceExplorer:TrailblazerForm","RobotSpaceExplorer:Scanner"],"picked":"RobotSpaceExplorer:DroneSwarm","floor":16},{"not_picked":["RobotSpaceExplorer:Blitz","RobotSpaceExplorer:GlueShot","RobotSpaceExplorer:MiniBoosters"],"picked":"SKIP","floor":18},{"not_picked":["RobotSpaceExplorer:GlueShot","RobotSpaceExplorer:MetalStrike","RobotSpaceExplorer:ScrapShield"],"picked":"SKIP","floor":20},{"not_picked":["RobotSpaceExplorer:Blitz","RobotSpaceExplorer:StunGrenade"],"picked":"RobotSpaceExplorer:BlastShield","floor":24},{"not_picked":["RobotSpaceExplorer:ScrapMissile+1","RobotSpaceExplorer:Probe","RobotSpaceExplorer:ShockKick"],"picked":"SKIP","floor":25},{"not_picked":["RobotSpaceExplorer:SlimeMissile","RobotSpaceExplorer:GearShield"],"picked":"RobotSpaceExplorer:ScrapShield+1","floor":30},{"not_picked":["RobotSpaceExplorer:Probe+1","RobotSpaceExplorer:DoubleBlock+1"],"picked":"RobotSpaceExplorer:Jetpack","floor":31},{"not_picked":["RobotSpaceExplorer:Blaster","RobotSpaceExplorer:Scanner"],"picked":"RobotSpaceExplorer:Wormhole","floor":33},{"not_picked":["RobotSpaceExplorer:GlueShot+1","RobotSpaceExplorer:Smokescreen"],"picked":"RobotSpaceExplorer:StarLightning+1","floor":35},{"not_picked":["RobotSpaceExplorer:SurgingShield","RobotSpaceExplorer:DualCore"],"picked":"RobotSpaceExplorer:FreezingShield","floor":39},{"not_picked":["RobotSpaceExplorer:SelfCleaning","RobotSpaceExplorer:ShovelStrike","RobotSpaceExplorer:LuckyStrike"],"picked":"SKIP","floor":40},{"not_picked":["RobotSpaceExplorer:ShovelStrike+1","RobotSpaceExplorer:StunGrenade+1"],"picked":"RobotSpaceExplorer:StarLightning+1","floor":45},{"not_picked":["RobotSpaceExplorer:MiniDrones","RobotSpaceExplorer:FrostMissile"],"picked":"RobotSpaceExplorer:TurboDodge+1","floor":48}],"player_experience":220228,"relics_obtained":[{"floor":6,"key":"Letter Opener"},{"floor":8,"key":"Art of War"},{"floor":9,"key":"Smiling Mask"},{"floor":12,"key":"Meat on the Bone"},{"floor":22,"key":"Juzu Bracelet"},{"floor":24,"key":"Anchor"},{"floor":26,"key":"RobotSpaceExplorer:ClockworkSextant"},{"floor":31,"key":"MawBank"},{"floor":40,"key":"Bronze Scales"},{"floor":47,"key":"StoneCalendar"},{"floor":48,"key":"Sundial"}],"event_choices":[{"damage_healed":0,"gold_gain":0,"player_choice":"Leave","damage_taken":0,"max_hp_gain":0,"max_hp_loss":0,"event_name":"The Cleric","floor":3,"gold_loss":0},{"damage_healed":0,"gold_gain":0,"player_choice":"Got Potions","damage_taken":0,"max_hp_gain":0,"max_hp_loss":0,"event_name":"Lab","floor":4,"gold_loss":0},{"cards_removed":["RobotSpaceExplorer:Strike"],"damage_healed":0,"gold_gain":0,"player_choice":"Gave Gold","damage_taken":0,"max_hp_gain":0,"max_hp_loss":0,"event_name":"Beggar","floor":19,"gold_loss":75},{"damage_healed":0,"gold_gain":0,"player_choice":"Obtained Relic","damage_taken":0,"relics_obtained":["Dream Catcher"],"max_hp_gain":0,"max_hp_loss":0,"event_name":"Addict","floor":21,"gold_loss":85},{"damage_healed":0,"gold_gain":0,"player_choice":"Shed Blood","damage_taken":19,"max_hp_gain":5,"max_hp_loss":0,"event_name":"Forgotten Altar","floor":28,"gold_loss":0},{"damage_healed":0,"gold_gain":0,"player_choice":"Copied","damage_taken":0,"max_hp_gain":0,"max_hp_loss":0,"event_name":"Duplicator","floor":36,"gold_loss":0,"cards_obtained":["RobotSpaceExplorer:Jetpack"]},{"damage_healed":0,"gold_gain":0,"player_choice":"1 cards matched","damage_taken":0,"max_hp_gain":0,"max_hp_loss":0,"event_name":"Match and Keep!","floor":38,"gold_loss":0,"cards_obtained":["RobotSpaceExplorer:StarLightning"]},{"damage_healed":0,"gold_gain":100,"player_choice":"Pray","damage_taken":0,"max_hp_gain":0,"max_hp_loss":0,"event_name":"Golden Shrine","floor":42,"gold_loss":0},{"damage_healed":0,"gold_gain":0,"player_choice":"Fight","damage_taken":0,"max_hp_gain":0,"max_hp_loss":0,"event_name":"Mysterious Sphere","floor":47,"gold_loss":0}],"is_beta":false,"boss_relics":[{"not_picked":["Calling Bell","SacredBark"],"picked":"RobotSpaceExplorer:Reprocessor"},{"not_picked":["SlaversCollar","Velvet Choker"],"picked":"Cursed Key"}],"items_purged_floors":[37,46],"is_endless":false,"potions_floor_spawned":[8,11,14,18,25,30,40,45],"ascension_level":2}}