{"host":"g200jza2br9hmesm","time":1608909062,"event":{"mods":["AchievementEnabler","BaseMod","Colored Map","Minty Spire (QoL Compilation)","Quick Restart","Relic Stats","StSLib"],"gold_per_floor":[113,63,63,63,63,96,96,112,139,139,170,95,114,143,143,238,238,250,250,250,263,173,173,23,36,36,84,84,118,79,79,79,174,174,187,187,204,204,219,219,246,246,246,68,85,85,101,130,130,130],"floor_reached":51,"playtime":1676,"items_purged":["Defend_R","Strike_R","Strike_R"],"score":1269,"play_id":"26120a1c-de85-4929-bdca-6224f224f1ac","local_time":"20201225101102","is_ascension_mode":true,"campfire_choices":[{"data":"Anger","floor":7,"key":"SMITH"},{"floor":10,"key":"REST"},{"floor":15,"key":"REST"},{"data":"Strike_R","floor":23,"key":"SMITH"},{"data":"Clash","floor":28,"key":"SMITH"},{"data":"Metallicize","floor":32,"key":"SMITH"},{"floor":40,"key":"REST"},{"data":"Reaper","floor":42,"key":"SMITH"},{"data":"Strike_R","floor":46,"key":"SMITH"},{"floor":49,"key":"REST"}],"circlet_count":0,"master_deck":["Strike_R","Strike_R+1","Strike_R+1","Bash+1","Anger+1","Clash+1","Metallicize+1","Reaper+1","Pommel Strike+1","Limit Break+1","Flex+1"],"relics":["Burning Blood","Orichalcum","Ginger","Shuriken","Happy Flower","StrikeDummy","Toxic Egg 2","Empty Cage","Ornamental Fan","Bird Faced Urn","Vajra","PreservedInsect","Black Star","Bag of Preparation","Frozen Egg 2","Calipers","Mango","HornCleat"],"acts_visited":["Exordium","TheCity","TheBeyond"],"potions_floor_usage":[33,33,33,50,50],"damage_taken":[{"damage":2,"enemies":"2 Louse","floor":1,"turns":4},{"damage":50,"enemies":"Gremlin Nob","floor":6,"turns":6},{"damage":4,"enemies":"Small Slimes","floor":8,"turns":3},{"damage":28,"enemies":"Lagavulin","floor":11,"turns":4},{"damage":6,"enemies":"Jaw Worm","floor":13,"turns":2},{"damage":16,"enemies":"3 Sentries","floor":14,"turns":5},{"damage":30,"enemies":"Hexaghost","floor":16,"turns":6},{"damage":0,"enemies":"3 Byrds","floor":18,"turns":4},{"damage":16,"enemies":"Shell Parasite","floor":21,"turns":3},{"damage":8,"enemies":"Chosen and Byrds","floor":25,"turns":3},{"damage":0,"enemies":"Gremlin Leader","floor":29,"turns":4},{"damage":1,"enemies":"Collector","floor":33,"turns":6},{"damage":26,"enemies":"3 Darklings","floor":35,"turns":6},{"damage":34,"enemies":"3 Shapes","floor":37,"turns":3},{"damage":56,"enemies":"Writhing Mass","floor":39,"turns":4},{"damage":10,"enemies":"Giant Head","floor":41,"turns":5},{"damage":22,"enemies":"Jaw Worm Horde","floor":45,"turns":3},{"damage":18,"enemies":"Spire Growth","floor":47,"turns":4},{"damage":39,"enemies":"Nemesis","floor":48,"turns":3},{"damage":38,"enemies":"Time Eater","floor":50,"turns":4}],"seed_played":"-1576847254904899263","potions_obtained":[{"floor":11,"key":"EssenceOfSteel"},{"floor":16,"key":"Regen Potion"},{"floor":25,"key":"Block Potion"},{"floor":35,"key":"SpeedPotion"},{"floor":47,"key":"Fire Potion"},{"floor":48,"key":"SteroidPotion"}],"is_trial":false,"path_per_floor":["M","?","$","?","?","E","R","M","T","R","E","$","M","E","R","B",null,"M","?","?","M","?","R","$","M","T","T","R","E","$","?","R","B",null,"M","?","M","?","M","R","E","R","T","$","M","R","M","E","R","B",null],"character_chosen":"IRONCLAD","items_purchased":["Clash","Metallicize","Flex+1"],"campfire_rested":4,"item_purchase_floors":[24,30,44],"current_hp_per_floor":[76,76,76,76,76,32,32,34,34,58,36,36,36,26,50,26,67,73,58,58,48,48,48,48,46,46,46,46,52,52,52,52,68,81,79,79,59,59,15,39,54,54,54,54,57,57,62,45,73,77],"gold":130,"neow_bonus":"RANDOM_COMMON_RELIC","is_daily":false,"chose_seed":false,"campfire_upgraded":6,"win_rate":0.0,"timestamp":1608909062,"path_taken":["M","?","$","?","?","E","R","M","T","R","E","?","M","E","R","BOSS","M","?","?","M","?","R","$","?","T","?","R","E","?","?","R","BOSS","M","?","M","?","?","R","E","R","T","?","M","R","?","E","R","BOSS"],"items_purchased_type":["Card","Card","Card"],"build_version":"2020-12-22","purchased_purges":3,"victory":true,"max_hp_per_floor":[80,80,80,80,80,80,80,80,80,80,80,80,80,80,80,80,80,80,85,85,85,85,85,85,85,85,85,85,85,85,85,85,85,85,85,81,81,81,81,81,81,81,81,81,81,81,81,95,95,95],"relic_stats":{"Happy Flower":[23],"counters":[20,82],"Shuriken":[54],"Ornamental Fan":[144],"Bird Faced Urn":[18],"PreservedInsect":180,"Black Star":2,"Bag of Preparation":[8],"Ginger":[8],"Orichalcum":[180],"obtain_stats":[{"Calipers":43,"Happy Flower":9,"Vajra":27,"Mango":48,"PreservedInsect":29,"Bag of Preparation":41,"Ginger":4,"Orichalcum":0,"Frozen Egg 2":41,"Empty Cage":17,"Burning Blood":0,"HornCleat":48,"Shuriken":6,"Ornamental Fan":20,"Bird Faced Urn":26,"Black Star":34,"Toxic Egg 2":14,"StrikeDummy":11},{"Calipers":16,"Happy Flower":3,"Vajra":10,"Mango":19,"PreservedInsect":11,"Bag of Preparation":16,"Ginger":1,"Orichalcum":0,"Frozen Egg 2":16,"Empty Cage":7,"Burning Blood":0,"HornCleat":19,"Shuriken":2,"Ornamental Fan":8,"Bird Faced Urn":10,"Black Star":12,"Toxic Egg 2":6,"StrikeDummy":4},{"Calipers":68,"Happy Flower":13,"Vajra":40,"Mango":78,"PreservedInsect":44,"Bag of Preparation":68,"Ginger":4,"Orichalcum":0,"Frozen Egg 2":68,"Empty Cage":30,"Burning Blood":0,"HornCleat":78,"Shuriken":10,"Ornamental Fan":34,"Bird Faced Urn":40,"Black Star":50,"Toxic Egg 2":24,"StrikeDummy":17}],"Burning Blood":120},"card_choices":[{"not_picked":["True Grit","Power Through"],"picked":"Anger","floor":1},{"not_picked":["Flame Barrier","Warcry","Heavy Blade"],"picked":"SKIP","floor":6},{"not_picked":["Warcry","Anger","Disarm"],"picked":"SKIP","floor":8},{"not_picked":["Sever Soul","Cleave","Clothesline"],"picked":"SKIP","floor":11},{"not_picked":["Evolve","Sever Soul","Armaments"],"picked":"SKIP","floor":13},{"not_picked":["Havoc+1","Bludgeon","Juggernaut"],"picked":"SKIP","floor":14},{"not_picked":["Fiend Fire","Brutality"],"picked":"Corruption","floor":16},{"not_picked":["Evolve+1","Second Wind+1","Dropkick"],"picked":"SKIP","floor":18},{"not_picked":["Shrug It Off+1","Bloodletting+1","Armaments+1"],"picked":"SKIP","floor":21},{"not_picked":["Iron Wave","Flex+1","Sword Boomerang"],"picked":"SKIP","floor":25},{"not_picked":["Intimidate+1","Wild Strike","Shrug It Off+1"],"picked":"SKIP","floor":29},{"not_picked":["Bludgeon","Berserk"],"picked":"Reaper","floor":33},{"not_picked":["Hemokinesis","Warcry+1"],"picked":"Pommel Strike+1","floor":35},{"not_picked":["True Grit+1","Twin Strike","Headbutt"],"picked":"SKIP","floor":37},{"not_picked":["Uppercut+1","Clash+1"],"picked":"Limit Break+1","floor":39},{"not_picked":["Cleave+1","Body Slam","Iron Wave+1"],"picked":"SKIP","floor":41},{"not_picked":["Dropkick+1","True Grit+1","Cleave"],"picked":"SKIP","floor":45},{"not_picked":["Warcry+1","Spot Weakness+1","Anger"],"picked":"SKIP","floor":47},{"not_picked":["True Grit+1","Sword Boomerang+1","Thunderclap"],"picked":"SKIP","floor":48}],"player_experience":485169,"relics_obtained":[{"floor":6,"key":"Shuriken"},{"floor":9,"key":"Happy Flower"},{"floor":11,"key":"StrikeDummy"},{"floor":14,"key":"Toxic Egg 2"},{"floor":26,"key":"Bird Faced Urn"},{"floor":27,"key":"Vajra"},{"floor":29,"key":"PreservedInsect"},{"floor":41,"key":"Bag of Preparation"},{"floor":41,"key":"Frozen Egg 2"},{"floor":43,"key":"Calipers"},{"floor":48,"key":"Mango"},{"floor":48,"key":"HornCleat"}],"event_choices":[{"cards_removed":["Defend_R"],"damage_healed":0,"gold_gain":0,"player_choice":"Card Removal","damage_taken":0,"max_hp_gain":0,"max_hp_loss":0,"event_name":"The Cleric","floor":2,"gold_loss":50},{"damage_healed":0,"gold_gain":0,"player_choice":"Box","damage_taken":0,"relics_obtained":["Ginger"],"max_hp_gain":0,"max_hp_loss":0,"event_name":"Big Fish","floor":4,"gold_loss":0,"cards_obtained":["Regret"]},{"cards_removed":["Regret"],"damage_healed":0,"gold_gain":0,"player_choice":"Forget","damage_taken":0,"max_hp_gain":0,"max_hp_loss":0,"event_name":"Living Wall","floor":5,"gold_loss":0},{"damage_healed":0,"gold_gain":0,"player_choice":"Shed Blood","damage_taken":20,"max_hp_gain":5,"max_hp_loss":0,"event_name":"Forgotten Altar","floor":19,"gold_loss":0},{"damage_healed":0,"gold_gain":0,"player_choice":"Opened","damage_taken":0,"relics_obtained":["Ornamental Fan"],"max_hp_gain":0,"max_hp_loss":0,"event_name":"The Mausoleum","floor":20,"gold_loss":0},{"cards_removed":["Corruption"],"damage_healed":0,"gold_gain":0,"player_choice":"Upgrade and Remove","damage_taken":0,"max_hp_gain":0,"max_hp_loss":0,"event_name":"Designer","floor":22,"gold_loss":90,"cards_upgraded":["Bash"]},{"damage_healed":0,"gold_gain":0,"player_choice":"Ignored","damage_taken":0,"max_hp_gain":0,"max_hp_loss":0,"event_name":"Ghosts","floor":31,"gold_loss":0},{"damage_healed":0,"gold_gain":0,"player_choice":"Max HP","damage_taken":0,"max_hp_gain":0,"max_hp_loss":4,"event_name":"Winding Halls","floor":36,"gold_loss":0},{"damage_healed":0,"gold_gain":0,"player_choice":"0 cards matched","damage_taken":0,"max_hp_gain":0,"max_hp_loss":0,"event_name":"Match and Keep!","floor":38,"gold_loss":0,"cards_obtained":[]}],"is_beta":false,"boss_relics":[{"not_picked":["Runic Pyramid","SacredBark"],"picked":"Empty Cage"},{"not_picked":["Cursed Key","Coffee Dripper"],"picked":"Black Star"}],"items_purged_floors":[12,24,44],"is_endless":false,"potions_floor_spawned":[11,16,25,29,35,47,48],"ascension_level":9}}