{"host":"a1eatafr7pisesky","time":1608916174,"event":{"mods":["BaseMod","Colored Map","DeckTracker","Highlight Path","Keyboard Shortcuts","Minty Spire (QoL Compilation)","Permanent Neow","Random Character Button","StSLib","SuperFastMode"],"gold_per_floor":[115,115,115,130,140,171,83,83,135,135,150,182,182,193,193,296,296,311,322,354,371,371,371],"floor_reached":22,"playtime":488,"items_purged":["Strike_B"],"score":245,"play_id":"cf4403c3-eafc-4904-97a2-52ef9b65c0d0","local_time":"20201226020934","is_ascension_mode":true,"campfire_choices":[{"data":"All For One","floor":10.0,"key":"SMITH"},{"floor":13.0,"key":"REST"},{"floor":15.0,"key":"REST"}],"circlet_count":0,"master_deck":["Strike_B","Strike_B","Strike_B","Defend_B","Defend_B","Defend_B","Defend_B+1","Zap+1","Dualcast","Go for the Eyes","Cold Snap","Go for the Eyes","All For One+1","Beam Cell","Redo","Redo+1","Leap+1","Echo Form","Gash","Redo+1","Cold Snap"],"relics":["Cracked Core","NeowsBlessing","CultistMask","MawBank","Bronze Scales","Toxic Egg 2","Sozu","Red Mask"],"acts_visited":["Exordium","TheCity"],"potions_floor_usage":[20,20,20],"damage_taken":[{"damage":0.0,"enemies":"2 Louse","floor":1.0,"turns":1.0},{"damage":0.0,"enemies":"Small Slimes","floor":4.0,"turns":1.0},{"damage":0.0,"enemies":"Cultist","floor":5.0,"turns":1.0},{"damage":15.0,"enemies":"Lagavulin","floor":6.0,"turns":6.0},{"damage":12.0,"enemies":"Lots of Slimes","floor":11.0,"turns":3.0},{"damage":18.0,"enemies":"Gremlin Nob","floor":12.0,"turns":4.0},{"damage":17.0,"enemies":"Exordium Thugs","floor":14.0,"turns":3.0},{"damage":31.0,"enemies":"Slime Boss","floor":16.0,"turns":11.0},{"damage":25.0,"enemies":"2 Thieves","floor":18.0,"turns":4.0},{"damage":2.0,"enemies":"3 Byrds","floor":19.0,"turns":3.0},{"damage":6,"enemies":"Masked Bandits","floor":20,"turns":3},{"damage":16,"enemies":"Snake Plant","floor":21,"turns":3},{"damage":9,"enemies":"Sentry and Sphere","floor":22,"turns":3}],"seed_played":"6303688562353615102","potions_obtained":[{"floor":11.0,"key":"ColorlessPotion"},{"floor":12.0,"key":"Swift Potion"},{"floor":14.0,"key":"BlessingOfTheForge"}],"is_trial":false,"path_per_floor":["M","?","?","M","M","E","$","$","T","R","M","E","R","M","R","B",null,"M","M","?","M","M"],"character_chosen":"DEFECT","items_purchased":["Beam Cell"],"campfire_rested":2,"item_purchase_floors":[7],"current_hp_per_floor":[75,60,60,60,60,45,45,45,45,45,33,15,37,20,42,11,59,34,32,26,10,1,1],"gold":371,"neow_bonus":"THREE_ENEMY_KILL","is_daily":false,"chose_seed":false,"campfire_upgraded":1,"win_rate":0.0,"timestamp":1608916174,"path_taken":["M","?","?","?","M","E","?","$","T","R","?","E","R","M","R","BOSS","M","M","?","M","M"],"items_purchased_type":["Card"],"build_version":"2020-12-22","purchased_purges":1,"victory":false,"max_hp_per_floor":[75,75,75,75,75,75,75,75,75,75,75,75,75,75,75,75,75,75,75,75,75,75,75],"card_choices":[{"not_picked":["Leap","Beam Cell"],"picked":"Go for the Eyes","floor":1.0},{"not_picked":["Turbo","Cold Snap","Heatsinks"],"picked":"SKIP","floor":4.0},{"not_picked":["Turbo","Heatsinks"],"picked":"Cold Snap","floor":4.0},{"not_picked":["Leap","Rebound"],"picked":"Go for the Eyes","floor":5.0},{"not_picked":["Fusion","Sweeping Beam"],"picked":"All For One","floor":6.0},{"not_picked":["Stack","Rebound"],"picked":"Redo","floor":11.0},{"not_picked":["Hologram+1","Static Discharge"],"picked":"Redo+1","floor":12.0},{"not_picked":["Sunder","Coolheaded+1"],"picked":"Leap+1","floor":14.0},{"not_picked":["Reboot+1","Rainbow+1"],"picked":"Echo Form","floor":16.0},{"not_picked":["Barrage","Ball Lightning+1"],"picked":"Gash","floor":18.0},{"not_picked":["Turbo+1","Beam Cell"],"picked":"Redo+1","floor":19.0},{"not_picked":["Tempest+1","Melter"],"picked":"Cold Snap","floor":21}],"player_experience":246909,"relics_obtained":[{"floor":6.0,"key":"MawBank"},{"floor":9.0,"key":"Bronze Scales"},{"floor":12.0,"key":"Toxic Egg 2"},{"floor":20,"key":"Red Mask"}],"event_choices":[{"damage_healed":0.0,"max_hp_gain":0.0,"max_hp_loss":0.0,"gold_gain":0.0,"event_name":"Shining Light","player_choice":"Entered Light","floor":2.0,"gold_loss":0.0,"damage_taken":15.0,"cards_upgraded":["Zap","Defend_B"]},{"damage_healed":0.0,"max_hp_gain":0.0,"max_hp_loss":0.0,"gold_gain":0.0,"event_name":"FaceTrader","player_choice":"Trade","floor":3.0,"gold_loss":0.0,"damage_taken":0.0,"relics_obtained":["CultistMask"]},{"damage_healed":0,"gold_gain":0,"player_choice":"Fought Bandits","damage_taken":0,"max_hp_gain":0,"max_hp_loss":0,"event_name":"Masked Bandits","floor":20,"gold_loss":0}],"is_beta":false,"boss_relics":[{"not_picked":["Cursed Key","Pandora\u0027s Box"],"picked":"Sozu"}],"items_purged_floors":[7],"is_endless":false,"potions_floor_spawned":[11,12,14],"killed_by":"Sentry and Sphere","ascension_level":5}}