{"host":"98ajcw3do3zsggh8","time":1608916920,"event":{"mods":["BaseMod","Minty Spire (QoL Compilation)","Replay The Spire","StSLib"],"gold_per_floor":[118,118,118,130,144,144,170,189,216,73,85,85,105,115,115,213,213,233,83,102,114,125,125,65,75,75,75,75,75],"floor_reached":28,"playtime":4979,"items_purged":["Pain"],"score":274,"play_id":"424e94c0-4d3a-4642-8696-1b2560f2fc15","local_time":"20201225182200","is_ascension_mode":false,"campfire_choices":[{"data":"Eruption","floor":6,"key":"SMITH"},{"data":"SandsOfTime","floor":12,"key":"SMITH"},{"floor":15,"key":"REST"},{"data":"Replay:LoomingThreat","floor":23,"key":"SMITH"}],"circlet_count":0,"master_deck":["Strike_P","Strike_P","Strike_P","Defend_P","Defend_P","Defend_P","Defend_P","Eruption+1","Vigilance","FlyingSleeves","SandsOfTime+1","Replay:Hum","CrushJoints","Replay:LoomingThreat+1","SandsOfTime","Omniscience","TalkToTheHand"],"relics":["PureWater","NeowsBlessing","WarpedTongs","Nunchaku","Centennial Puzzle","Painkiller Herb","Sling","Anchor"],"acts_visited":["Exordium","TheCity"],"potions_floor_usage":[8,14,20,20,21,22],"damage_taken":[{"damage":0,"enemies":"Jaw Worm","floor":1,"turns":1},{"damage":0,"enemies":"Small Slimes","floor":4,"turns":1},{"damage":0,"enemies":"Cultist","floor":5,"turns":1},{"damage":23,"enemies":"Replay:BlueRogue","floor":7,"turns":4},{"damage":18,"enemies":"Gremlin Gang","floor":8,"turns":3},{"damage":12,"enemies":"Lots of Slimes","floor":11,"turns":4},{"damage":8,"enemies":"2 Fungi Beasts","floor":13,"turns":3},{"damage":1,"enemies":"Exordium Wildlife","floor":14,"turns":3},{"damage":0,"enemies":"Slime Boss","floor":16,"turns":5},{"damage":2,"enemies":"Spheric Guardian","floor":18,"turns":3},{"damage":6,"enemies":"3 Byrds","floor":20,"turns":4},{"damage":25,"enemies":"Centurion and Healer","floor":21,"turns":5},{"damage":10,"enemies":"Cultist and Chosen","floor":22,"turns":4},{"damage":14,"enemies":"Snake Plant","floor":25,"turns":4},{"damage":21,"enemies":"Colosseum Slavers","floor":28,"turns":3}],"seed_played":"-6087159560142980461","potions_obtained":[{"floor":1,"key":"Strength Potion"},{"floor":5,"key":"Reflective Coating"},{"floor":8,"key":"SkillPotion"},{"floor":16,"key":"Adrenaline Potion"},{"floor":18,"key":"SkillPotion"},{"floor":20,"key":"AttackPotion"}],"is_trial":false,"path_per_floor":["M","?","?","M","M","R","E","M","T","$","M","R","M","M","R","B",null,"?","T","?","?","?","T","?","?","T","T","?"],"character_chosen":"WATCHER","items_purchased":["Replay:Hum","Sling"],"campfire_rested":1,"item_purchase_floors":[10,19],"current_hp_per_floor":[72,65,65,65,65,65,42,24,24,24,12,12,4,3,24,24,72,70,70,64,39,29,29,29,15,15,15,0,0],"gold":75,"neow_bonus":"THREE_ENEMY_KILL","is_daily":false,"chose_seed":false,"campfire_upgraded":3,"win_rate":0.0,"timestamp":1608916920,"path_taken":["M","?","?","?","M","R","E","M","T","$","?","R","?","M","R","BOSS","?","T","?","?","?","T","?","?","T","T","?"],"items_purchased_type":["Card","Relic"],"build_version":"2020-12-22","purchased_purges":1,"victory":false,"max_hp_per_floor":[72,72,72,72,72,72,72,72,72,72,72,72,72,72,72,72,72,72,72,72,72,72,72,72,72,72,72,72,72],"card_choices":[{"not_picked":["WreathOfFlame","Nirvana"],"picked":"FlyingSleeves","floor":1},{"not_picked":["JustLucky","Replay:Cycle","FlyingSleeves"],"picked":"SKIP","floor":4},{"not_picked":["FlyingSleeves","Evaluate","Halt"],"picked":"SKIP","floor":5},{"not_picked":["Replay:Anticipation","WaveOfTheHand","CutThroughFate"],"picked":"SKIP","floor":7},{"not_picked":["Wallop","BattleHymn"],"picked":"SandsOfTime","floor":8},{"not_picked":["Replay:Vibes","Evaluate"],"picked":"CrushJoints","floor":11},{"not_picked":["ThirdEye","Replay:ManipulateFuture","LikeWater"],"picked":"SKIP","floor":13},{"not_picked":["Evaluate","EmptyBody","Replay:BluntJabs"],"picked":"SKIP","floor":14},{"not_picked":["Establishment","Devotion"],"picked":"Replay:LoomingThreat","floor":16},{"not_picked":["PathToVictory","Crescendo"],"picked":"SandsOfTime","floor":18},{"not_picked":["CrushJoints","SashWhip","PathToVictory"],"picked":"SKIP","floor":20},{"not_picked":["CarveReality","SignatureMove"],"picked":"Omniscience","floor":21},{"not_picked":["Replay:BluntJabs","ThirdEye","Fasting2+1"],"picked":"SKIP","floor":22},{"not_picked":["DeceiveReality","Fasting2+1"],"picked":"TalkToTheHand","floor":25}],"player_experience":171141,"relics_obtained":[{"floor":7,"key":"Nunchaku"},{"floor":9,"key":"Centennial Puzzle"},{"floor":26,"key":"Anchor"}],"event_choices":[{"cards_removed":["Strike_P"],"damage_healed":0,"gold_gain":0,"player_choice":"Card Removal","damage_taken":7,"max_hp_gain":0,"max_hp_loss":0,"event_name":"Golden Wing","floor":2,"gold_loss":0},{"damage_healed":0,"gold_gain":0,"player_choice":"Rummage","damage_taken":0,"relics_obtained":["WarpedTongs"],"max_hp_gain":0,"max_hp_loss":0,"event_name":"Accursed Blacksmith","floor":3,"gold_loss":0,"cards_obtained":["Pain"]},{"damage_healed":0,"gold_gain":0,"player_choice":"Fight","damage_taken":0,"max_hp_gain":0,"max_hp_loss":0,"event_name":"Colosseum","floor":28,"gold_loss":0}],"is_beta":false,"boss_relics":[{"not_picked":["Fusion Hammer","ChewingGum"],"picked":"Painkiller Herb"}],"items_purged_floors":[10],"is_endless":false,"potions_floor_spawned":[1,5,8,16,18,20],"killed_by":"Colosseum Slavers","ascension_level":0}}