{"host":"vc42n08di9czm3e7","time":1608926647,"event":{"mods":["AchievementEnabler","Act Like it!","BaseMod","Colored Powertips","Downfall","Friendly Minions","GifTheSpireLib","Minty Spire (QoL Compilation)","Rare Cards Sparkle","StSLib"],"gold_per_floor":[53,83,8,40,115,187,237,237,237,237,277,281,340,358,358,482,482,517,233,270,5,48,89,133,133,133],"floor_reached":25,"playtime":1741,"items_purged":["Defend_G","Defend_G","Defend_G"],"score":211,"play_id":"de90f30f-b297-4ec0-b449-4cd203548542","local_time":"20201225150407","is_ascension_mode":false,"campfire_choices":[{"floor":10,"key":"REST"},{"data":"HandOfGreed","floor":15,"key":"SMITH"}],"circlet_count":0,"master_deck":["Strike_G","Strike_G","Strike_G","Strike_G","Strike_G","Defend_G","Defend_G","Survivor","Neutralize","HandOfGreed+1","Cloak And Dagger","Well Laid Plans","Cloak And Dagger","Glass Knife","Prepared","Acrobatics","Underhanded Strike+1","Glass Knife+1","Prepared","Grand Finale+1","Tactician","expansioncontent:DecasProtection","PiercingWail","Accuracy","Tactician+1","Backflip"],"relics":["Ring of the Snake","Bag of Preparation","Molten Egg 2","Sozu","Dream Catcher"],"acts_visited":["Exordium","TheCity"],"potions_floor_usage":[6,13,16,22],"damage_taken":[{"damage":1,"enemies":"Small Slimes","floor":1,"turns":4},{"damage":1,"enemies":"Jaw Worm","floor":2,"turns":4},{"damage":0,"enemies":"2 Louse","floor":4,"turns":4},{"damage":21,"enemies":"3 Sentries","floor":6,"turns":10},{"damage":5,"enemies":"Gremlin Gang","floor":7,"turns":6},{"damage":0,"enemies":"Blue Slaver","floor":11,"turns":5},{"damage":0,"enemies":"Exordium Thugs","floor":12,"turns":4},{"damage":8,"enemies":"Gremlin Gang","floor":13,"turns":6},{"damage":0,"enemies":"Blue Slaver","floor":14,"turns":2},{"damage":24,"enemies":"Slime Boss","floor":16,"turns":10},{"damage":7,"enemies":"Shell Parasite","floor":18,"turns":4},{"damage":2,"enemies":"2 Thieves","floor":20,"turns":3},{"damage":17,"enemies":"Snake Plant","floor":22,"turns":3},{"damage":5,"enemies":"3 Cultists","floor":23,"turns":5},{"damage":3,"enemies":"Snecko","floor":24,"turns":5},{"damage":46,"enemies":"Gremlin Leader","floor":25,"turns":5}],"seed_played":"6287645247213814056","potions_obtained":[{"floor":1,"key":"DistilledChaos"},{"floor":11,"key":"Fire Potion"},{"floor":12,"key":"PowerPotion"},{"floor":16,"key":"LiquidMemories"}],"is_trial":false,"path_per_floor":["M","M","$","M","?","E","M","?","T","R","M","M","M","M","R","B",null,"M","$","M","$","M","M","M","E"],"character_chosen":"THE_SILENT","items_purchased":["Tactician","Dream Catcher","expansioncontent:DecasProtection","PiercingWail"],"campfire_rested":1,"item_purchase_floors":[19,19,21,21],"current_hp_per_floor":[69,68,68,68,57,36,31,28,28,49,49,49,41,41,41,17,70,63,63,61,61,44,39,36,0,0],"gold":133,"neow_bonus":"RANDOM_COLORLESS_2","is_daily":false,"chose_seed":false,"campfire_upgraded":1,"win_rate":0.0,"timestamp":1608926647,"path_taken":["M","M","$","M","?","E","M","?","T","R","M","M","M","M","R","BOSS","M","$","M","$","M","M","M","E"],"items_purchased_type":["Card","Relic","Card","Card"],"build_version":"2020-12-22","purchased_purges":3,"victory":false,"max_hp_per_floor":[70,70,70,70,70,70,70,70,70,70,70,70,70,70,70,70,70,70,70,70,70,70,70,70,70,70],"card_choices":[{"not_picked":["Transmutation","Thinking Ahead"],"picked":"HandOfGreed","floor":0},{"not_picked":["All Out Attack","Bane"],"picked":"Cloak And Dagger","floor":1},{"not_picked":["Sucker Punch","Cloak And Dagger"],"picked":"Well Laid Plans","floor":2},{"not_picked":["Dagger Throw","Infinite Blades"],"picked":"Cloak And Dagger","floor":4},{"not_picked":["Flying Knee","Slice"],"picked":"Glass Knife","floor":6},{"not_picked":["Deflect","Expertise"],"picked":"Prepared","floor":7},{"not_picked":["Underhanded Strike+1","Setup"],"picked":"Acrobatics","floor":11},{"not_picked":["Bane+1","Cloak And Dagger"],"picked":"Underhanded Strike+1","floor":12},{"not_picked":["Terror","Dodge and Roll"],"picked":"Glass Knife+1","floor":13},{"not_picked":["Expertise","Poisoned Stab+1"],"picked":"Prepared","floor":14},{"not_picked":["Storm of Steel","Burst"],"picked":"Grand Finale+1","floor":16},{"not_picked":["Deadly Poison+1","Terror","Acrobatics"],"picked":"SKIP","floor":18},{"not_picked":["Dagger Spray+1","Bouncing Flask","Deadly Poison"],"picked":"SKIP","floor":20},{"not_picked":["Deadly Poison","Poisoned Stab+1"],"picked":"Accuracy","floor":22},{"not_picked":["Dagger Spray+1","Heel Hook+1"],"picked":"Tactician+1","floor":23},{"not_picked":["Deadly Poison","Dodge and Roll"],"picked":"Backflip","floor":24}],"player_experience":230397,"relics_obtained":[{"floor":6,"key":"Bag of Preparation"},{"floor":9,"key":"Molten Egg 2"}],"event_choices":[{"damage_healed":0,"gold_gain":75,"player_choice":"Gather Gold","damage_taken":11,"max_hp_gain":0,"max_hp_loss":0,"event_name":"World of Goop","floor":5,"gold_loss":0},{"damage_healed":0,"gold_gain":0,"player_choice":"Fled","damage_taken":3,"max_hp_gain":0,"max_hp_loss":0,"event_name":"Scrap Ooze","floor":8,"gold_loss":0}],"is_beta":false,"boss_relics":[{"not_picked":["SacredBark","SlaversCollar"],"picked":"Sozu"}],"items_purged_floors":[3,19,21],"is_endless":false,"potions_floor_spawned":[1,11,12,16],"killed_by":"Gremlin Leader","ascension_level":0}}