{"host":"1vqon1dbpr5c1qll","time":1608905572,"event":{"mods":["2.2 Compatiblity","AchievementEnabler","BaseMod","BetterRewards","Colored Map","DeckTracker","GungeonMod","Hermit","Highlight Path","Minty Spire (QoL Compilation)","Permanent Neow","Quick Restart","Random Character Button","Replay The Spire","StSLib","SuperFastMode","The Cursed","The Dragon Tamer","The Servant 0.9.4","everything is the same but u backflip on backflip"],"gold_per_floor":[111,126,142,158,169,200,200,229,279,279,279,298,325,336,336,435,435,450,460,54,64,64,93,93,118,118,136,190,190,150,150,150],"floor_reached":31,"playtime":2683,"items_purged":[],"score":297,"play_id":"66084dcc-cbce-4217-8167-ef8de342ac09","local_time":"20201225231252","is_ascension_mode":false,"campfire_choices":[{"floor":7,"key":"REST"},{"floor":10,"key":"REST"},{"data":"hermit:Virtue","floor":15,"key":"SMITH"},{"floor":24,"key":"REST"},{"floor":29,"key":"REST"}],"circlet_count":0,"master_deck":["hermit:Strike_Hermit","hermit:Defend_Hermit","hermit:Defend_Hermit","hermit:Defend_Hermit","hermit:Defend_Hermit","hermit:Snapshot","hermit:Covet","DTMod:TargetDefense","hermit:WideOpen","hermit:Virtue+1","hermit:Reprieve","hermit:Grudge","hermit:FromBeyond","hermit:Glare","hermit:Malice","hermit:GhostlyPresence","hermit:Spite","hermit:Coalescence","hermit:Adapt+1","hermit:TrackingShot","hermit:Headshot+1","hermit:Determination","hermit:RoundhouseKick","hermit:LowProfile","hermit:Manifest+1","hermit:HeroicBravado","ReplayTheSpireMod:Splinters"],"relics":["hermit:Momento","Pocketwatch","Replay:WaspNest","Potion Belt","hermit:RyeStalk","Vajra","Replay:Drink Me","DemoMod:MeatBun","Enchiridion","Simple Rune","Bird Faced Urn","hermit:Spyglass","DemoMod:GlassGuonStoneRelic","DemoMod:ClearGuonStone"],"acts_visited":["Exordium","TheCity"],"potions_floor_usage":[6,6,6,13,23,23,23,27],"damage_taken":[{"damage":1,"enemies":"Small Slimes","floor":1,"turns":4},{"damage":0,"enemies":"Jaw Worm","floor":2,"turns":4},{"damage":0,"enemies":"2 Louse","floor":3,"turns":3},{"damage":15,"enemies":"Exordium Thugs","floor":4,"turns":6},{"damage":11,"enemies":"Blue Slaver","floor":5,"turns":4},{"damage":19,"enemies":"Lagavulin","floor":6,"turns":7},{"damage":12,"enemies":"Replay:BlueRogue","floor":8,"turns":6},{"damage":0,"enemies":"Looter","floor":12,"turns":2},{"damage":5,"enemies":"Gremlin Nob","floor":13,"turns":3},{"damage":1,"enemies":"3 Louse","floor":14,"turns":3},{"damage":28,"enemies":"Fading Forest","floor":16,"turns":11},{"damage":18,"enemies":"3 Byrds","floor":18,"turns":3},{"damage":1,"enemies":"Chosen","floor":19,"turns":7},{"damage":0,"enemies":"Snecko","floor":21,"turns":3},{"damage":14,"enemies":"Gremlin Leader","floor":23,"turns":9},{"damage":28,"enemies":"Book of Stabbing","floor":25,"turns":7},{"damage":8,"enemies":"Sentry and Sphere","floor":27,"turns":11},{"damage":0,"enemies":"Cultist and Chosen","floor":31,"turns":1}],"seed_played":"-4801989462363742711","potions_obtained":[{"floor":1,"key":"Dexterity Potion"},{"floor":3,"key":"FearPotion"},{"floor":4,"key":"Venom Potion"},{"floor":12,"key":"DuplicationPotion"},{"floor":19,"key":"SkillPotion"},{"floor":21,"key":"SpeedPotion"},{"floor":25,"key":"AttackPotion"},{"floor":28,"key":"PowerPotion"},{"floor":28,"key":"Flashbang"}],"is_trial":false,"path_per_floor":["M","M","M","M","M","E","R","E","T","R","?","M","E","M","R","B",null,"M","M","$","M","?","E","R","E","T","M","?","R","?","M"],"character_chosen":"HERMIT","items_purchased":["DemoMod:MeatBun","hermit:Determination","hermit:RoundhouseKick","Block Potion"],"campfire_rested":4,"item_purchase_floors":[20,20,20,20],"current_hp_per_floor":[74,74,74,59,48,33,55,43,43,65,58,58,53,52,52,34,57,43,42,56,56,40,30,47,19,19,33,33,50,50,52,52],"gold":150,"neow_bonus":"ONE_RARE_RELIC","is_daily":false,"chose_seed":false,"campfire_upgraded":1,"win_rate":0.0,"timestamp":1608905572,"path_taken":["M","M","M","M","M","E","R","E","T","R","?","M","E","M","R","BOSS","M","M","$","M","?","E","R","E","T","M","?","R","?","M"],"items_purchased_type":["Relic","Card","Card","Potion"],"build_version":"2020-12-22","purchased_purges":0,"victory":false,"max_hp_per_floor":[75,75,75,75,75,75,75,75,75,75,75,75,75,75,75,75,57,57,57,57,57,57,57,57,57,57,57,57,57,57,57,57],"card_choices":[{"not_picked":["hermit:Desperado","hermit:Headshot"],"picked":"hermit:WideOpen","floor":1},{"not_picked":["hermit:SprayPray","hermit:Ricochet"],"picked":"hermit:Virtue","floor":2},{"not_picked":["hermit:Showdown","hermit:Misfire"],"picked":"hermit:Reprieve","floor":3},{"not_picked":["hermit:Coalescence","hermit:Desperado"],"picked":"hermit:Grudge","floor":4},{"not_picked":["hermit:HighCaliber","hermit:Gestalt"],"picked":"hermit:FromBeyond","floor":5},{"not_picked":["hermit:Snipe","hermit:HighCaliber"],"picked":"hermit:Glare","floor":6},{"not_picked":["hermit:Dive","hermit:Cheat"],"picked":"hermit:Malice","floor":8},{"not_picked":["hermit:LowProfile","hermit:HoleUp"],"picked":"hermit:GhostlyPresence","floor":12},{"not_picked":["hermit:DeadMansHand","hermit:WideOpen"],"picked":"hermit:Spite","floor":13},{"not_picked":["hermit:Glare","hermit:Roulette"],"picked":"hermit:Coalescence","floor":14},{"not_picked":["hermit:HighNoon","hermit:DeadOrAlive"],"picked":"hermit:Adapt","floor":16},{"not_picked":["hermit:Quickdraw","hermit:Cheat"],"picked":"hermit:TrackingShot","floor":18},{"not_picked":["hermit:ItchyTrigger","hermit:Snipe"],"picked":"hermit:Headshot+1","floor":19},{"not_picked":["hermit:WideOpen","hermit:Snipe"],"picked":"hermit:LowProfile","floor":21},{"not_picked":["hermit:Coalescence","hermit:HighCaliber"],"picked":"hermit:Manifest+1","floor":23},{"not_picked":["hermit:Horror","hermit:ItchyTrigger+1"],"picked":"hermit:HeroicBravado","floor":25},{"not_picked":["hermit:LoneWolf","hermit:Ricochet","hermit:SprayPray"],"picked":"SKIP","floor":27}],"player_experience":953545,"relics_obtained":[{"floor":6,"key":"Replay:WaspNest"},{"floor":8,"key":"Potion Belt"},{"floor":9,"key":"hermit:RyeStalk"},{"floor":13,"key":"Vajra"},{"floor":22,"key":"Enchiridion"},{"floor":23,"key":"Simple Rune"},{"floor":25,"key":"Bird Faced Urn"},{"floor":26,"key":"hermit:Spyglass"},{"floor":28,"key":"DemoMod:ClearGuonStone"}],"event_choices":[{"cards_removed":["hermit:Strike_Hermit"],"damage_healed":0,"gold_gain":0,"player_choice":"Card Removal","damage_taken":7,"max_hp_gain":0,"max_hp_loss":0,"event_name":"Golden Wing","floor":11,"gold_loss":0},{"damage_healed":0,"gold_gain":0,"player_choice":"Obtained Book","damage_taken":16,"max_hp_gain":0,"max_hp_loss":0,"event_name":"Cursed Tome","floor":22,"gold_loss":0},{"damage_healed":0,"gold_gain":0,"player_choice":"Upgrade","damage_taken":0,"max_hp_gain":0,"max_hp_loss":0,"event_name":"Designer","floor":30,"gold_loss":40,"cards_upgraded":["hermit:Adapt"]}],"is_beta":false,"boss_relics":[{"not_picked":["Velvet Choker","hermit:BartenderGlass"],"picked":"Replay:Drink Me"}],"items_purged_floors":[],"is_endless":false,"potions_floor_spawned":[1,3,4,12,19,21,25],"killed_by":"Cultist and Chosen","ascension_level":0}}