{"host":"sabve5zmqufxyc5o","time":1608904328,"event":{"mods":["2.2 Compatiblity","AchievementEnabler","Act Like it!","Arknights The Spire","BaseMod","Block Reminder","Colored Map","Colored Powertips","DeckTracker","KOR Keyword Fix","Keyboard Shortcuts","Minty Spire (QoL Compilation)","Quick Restart","Rare Cards Sparkle","Relic Stats","StSLib","SuperFastMode"],"gold_per_floor":[114,124,124,124,49,85,85,98,98,98,116,136,155,155,155,155,155],"floor_reached":16,"playtime":385,"items_purged":["ats:Strike C"],"score":107,"play_id":"fa7d4d77-4d62-44af-9ad1-b0726d9dc8b2","local_time":"20201225225208","is_ascension_mode":true,"campfire_choices":[{"data":"ats:Echo Reverb","floor":7,"key":"SMITH"},{"floor":10,"key":"REST"},{"floor":15,"key":"REST"}],"circlet_count":0,"master_deck":["ats:Strike G","ats:Strike S","ats:Strike V","ats:Armor Crushing Shot","ats:Defend","ats:Defend","ats:Defend","ats:Defend+1","ats:Emotion Absorption+1","ats:Soul Rend","ats:Poison Spread","ats:Song Of Battle","ats:Echo Reverb+1","ats:Collapsing Strike","ats:Cat Scratch","ats:Part Time Job"],"relics":["ats:Sanity","Golden Idol","ats:Originium","Mercury Hourglass","Vajra"],"acts_visited":["Exordium"],"potions_floor_usage":[8,13,16],"damage_taken":[{"damage":0,"enemies":"Small Slimes","floor":1,"turns":6},{"damage":8,"enemies":"2 Louse","floor":2,"turns":3},{"damage":45,"enemies":"3 Sentries","floor":6,"turns":11},{"damage":8,"enemies":"Jaw Worm","floor":8,"turns":3},{"damage":12,"enemies":"Large Slime","floor":11,"turns":6},{"damage":10,"enemies":"Exordium Thugs","floor":12,"turns":3},{"damage":0,"enemies":"2 Fungi Beasts","floor":13,"turns":2},{"damage":41,"enemies":"Hexaghost","floor":16,"turns":10}],"seed_played":"-700587447897789749","potions_obtained":[{"floor":2,"key":"SkillPotion"},{"floor":8,"key":"SkillPotion"},{"floor":12,"key":"SteroidPotion"}],"is_trial":false,"path_per_floor":["M","M","?","?","$","E","R","M","T","R","M","M","M","?","R","B"],"character_chosen":"DOCTOR_CLASS","items_purchased":[],"campfire_rested":2,"item_purchase_floors":[],"current_hp_per_floor":[72,64,50,50,50,9,9,2,2,22,12,2,2,2,22,0,0],"gold":155,"neow_bonus":"ONE_RANDOM_RARE_CARD","is_daily":false,"chose_seed":false,"campfire_upgraded":1,"win_rate":0.0,"timestamp":1608904328,"path_taken":["M","M","?","?","$","E","R","M","T","R","M","M","M","?","R","BOSS"],"items_purchased_type":[],"build_version":"2020-12-22","purchased_purges":1,"victory":false,"max_hp_per_floor":[72,72,72,67,67,67,67,67,67,67,67,67,67,67,67,67,67],"relic_stats":{"counters":[8,44],"Golden Idol":22,"obtain_stats":[{"ats:Originium":6,"Golden Idol":4,"Vajra":9,"ats:Sanity":0,"Mercury Hourglass":6},{"ats:Originium":3,"Golden Idol":2,"Vajra":4,"ats:Sanity":0,"Mercury Hourglass":3},{"ats:Originium":20,"Golden Idol":9,"Vajra":23,"ats:Sanity":0,"Mercury Hourglass":20}],"Mercury Hourglass":[87]},"card_choices":[{"not_picked":["ats:Assault Order","ats:Explosion Area Strengthen"],"picked":"ats:Poison Spread","floor":1},{"not_picked":["ats:Ignite","ats:Assault Order"],"picked":"ats:Song Of Battle","floor":2},{"not_picked":["ats:Poison Spread","ats:Sword Rain"],"picked":"ats:Echo Reverb","floor":6},{"not_picked":["ats:Curse Doll","ats:Demon Strength","ats:Apocalypse"],"picked":"SKIP","floor":8},{"not_picked":["ats:Apocalypse","ats:Automatic Cover"],"picked":"ats:Collapsing Strike","floor":11},{"not_picked":["ats:Leaping Hammer","ats:Healing Drone"],"picked":"ats:Cat Scratch","floor":12},{"not_picked":["ats:Apocalypse","ats:Sunburst"],"picked":"ats:Part Time Job","floor":13}],"player_experience":810187,"relics_obtained":[{"floor":6,"key":"ats:Originium"},{"floor":6,"key":"Mercury Hourglass"},{"floor":9,"key":"Vajra"}],"event_choices":[{"damage_healed":0,"gold_gain":0,"player_choice":"Entered Light","damage_taken":14,"max_hp_gain":0,"max_hp_loss":0,"event_name":"Shining Light","floor":3,"gold_loss":0,"cards_upgraded":["ats:Emotion Absorption","ats:Defend"]},{"damage_healed":0,"gold_gain":0,"player_choice":"Lose Max HP","damage_taken":0,"relics_obtained":["Golden Idol"],"max_hp_gain":0,"max_hp_loss":5,"event_name":"Golden Idol","floor":4,"gold_loss":0},{"damage_healed":0,"gold_gain":0,"player_choice":"Fled","damage_taken":0,"max_hp_gain":0,"max_hp_loss":0,"event_name":"Scrap Ooze","floor":14,"gold_loss":0}],"is_beta":false,"boss_relics":[],"items_purged_floors":[5],"is_endless":false,"potions_floor_spawned":[2,8,12],"killed_by":"Hexaghost","ascension_level":1}}