{"host":"bq4pt811tk9yrmjl","time":1608905743,"event":{"mods":["AchievementEnabler","BaseMod","Colored Map","Colored Powertips","Defuse TimeMaze Blight","Minty Spire (QoL Compilation)","StSLib","SuperFastMode","UnlockEverythingMod"],"gold_per_floor":[110,110,129,129,129,160,160,160,160,160,175,202,220,249,249,347,347,360,360,349,349,349,384,44,58,82,82,82,82,82,100,100,211,261,273,291,291,307,327,327,354,380,430,439,147,147,168,194,194,194,194],"floor_reached":50,"playtime":1081,"items_purged":[],"score":543,"play_id":"ca02e7bc-4333-4c7b-8c1d-ac4a8f6c2f97","local_time":"20201225121543","is_ascension_mode":true,"campfire_choices":[{"data":"Survivor","floor":8.0,"key":"SMITH"},{"data":"Bouncing Flask","floor":10.0,"key":"SMITH"},{"data":"A Thousand Cuts","floor":15,"key":"SMITH"},{"floor":28,"key":"REST"},{"data":"Envenom","floor":30,"key":"SMITH"},{"data":"Blade Dance","floor":32,"key":"SMITH"},{"floor":40,"key":"RECALL"},{"data":"Bane","floor":46,"key":"SMITH"},{"data":"Leg Sweep","floor":49,"key":"SMITH"}],"circlet_count":0,"master_deck":["Strike_G+1","Strike_G+1","Strike_G+1","Strike_G+1","Strike_G+1","Defend_G+1","Defend_G+1","Defend_G+1","Defend_G+1","Defend_G+1","Survivor+1","Neutralize+1","Blade Dance+1","Bouncing Flask+1","Blade Dance+1","Bane+1","A Thousand Cuts+1","Bullet Time+1","CurseOfTheBell","Envenom+1","Leg Sweep+1","Adrenaline","Madness","Madness","Dodge and Roll+1","Escape Plan+1","Bullet Time+1","Cloak And Dagger+1","Flying Knee+1"],"relics":["Ring of the Snake","NeowsBlessing","Anchor","Ninja Scroll","Odd Mushroom","Pen Nib","Calling Bell","CeramicFish","Sundial","The Specimen","Strawberry","Eternal Feather","Tiny House","Centennial Puzzle","Ancient Tea Set","Turnip"],"acts_visited":["Exordium","TheCity","TheBeyond"],"potions_floor_usage":[14,16,25,25,25,33,50],"damage_taken":[{"damage":0.0,"enemies":"Cultist","floor":1.0,"turns":1.0},{"damage":0.0,"enemies":"Small Slimes","floor":3.0,"turns":1.0},{"damage":0.0,"enemies":"Lagavulin","floor":6.0,"turns":1.0},{"damage":0.0,"enemies":"Jaw Worm","floor":11.0,"turns":1.0},{"damage":0.0,"enemies":"The Mushroom Lair","floor":12.0,"turns":5.0},{"damage":0.0,"enemies":"Red Slaver","floor":13.0,"turns":2.0},{"damage":13,"enemies":"3 Sentries","floor":14,"turns":5},{"damage":8,"enemies":"Hexaghost","floor":16,"turns":7},{"damage":0,"enemies":"Chosen","floor":18,"turns":3},{"damage":7,"enemies":"2 Thieves","floor":20,"turns":4},{"damage":25,"enemies":"Gremlin Leader","floor":23,"turns":6},{"damage":17,"enemies":"Shelled Parasite and Fungi","floor":25,"turns":4},{"damage":3,"enemies":"Snecko","floor":31,"turns":4},{"damage":49,"enemies":"Champ","floor":33,"turns":11},{"damage":0,"enemies":"3 Shapes","floor":35,"turns":6},{"damage":4,"enemies":"Orb Walker","floor":38,"turns":3},{"damage":5,"enemies":"Writhing Mass","floor":39,"turns":5},{"damage":19,"enemies":"Transient","floor":41,"turns":5},{"damage":7,"enemies":"4 Shapes","floor":47,"turns":5},{"damage":1,"enemies":"Jaw Worm Horde","floor":48,"turns":5},{"damage":91,"enemies":"Time Eater","floor":50,"turns":12}],"seed_played":"1942791019422394660","potions_obtained":[{"floor":12.0,"key":"ColorlessPotion"},{"floor":14,"key":"Fire Potion"},{"floor":16,"key":"FairyPotion"},{"floor":23,"key":"FearPotion"},{"floor":25,"key":"Fire Potion"},{"floor":34,"key":"SteroidPotion"},{"floor":39,"key":"GhostInAJar"}],"is_trial":false,"path_per_floor":["M","$","M","$","?","E","$","R","T","R","M","?","M","E","R","B",null,"M","?","M","?","?","E","$","M","T","$","R","?","R","M","R","B",null,"M","?","?","M","M","R","M","T","T","?","$","R","M","M","R","B"],"character_chosen":"THE_SILENT","items_purchased":["Eternal Feather","EntropicBrew","Turnip"],"campfire_rested":1,"item_purchase_floors":[24,24,45],"current_hp_per_floor":[70,70,70,70,70,70,70,70,70,70,70,70,70,57,57,49,70,70,70,63,63,63,45,45,37,37,37,72,72,77,74,77,28,82,82,72,72,68,63,78,59,59,59,59,59,74,67,66,81,24,24],"gold":194,"neow_bonus":"THREE_ENEMY_KILL","is_daily":false,"chose_seed":false,"campfire_upgraded":7,"win_rate":0.0,"timestamp":1608905743,"path_taken":["M","$","?","?","?","E","$","R","T","R","?","?","M","E","R","BOSS","M","?","?","?","?","E","$","?","T","$","R","?","R","M","R","BOSS","M","?","?","?","M","R","M","?","T","?","$","R","M","M","R","BOSS"],"items_purchased_type":["Relic","Potion","Relic"],"build_version":"2020-12-22","purchased_purges":0,"victory":false,"max_hp_per_floor":[70,70,70,70,70,70,70,70,70,70,70,70,70,70,70,70,70,70,70,70,70,70,77,77,77,77,77,77,77,77,77,77,77,82,82,82,82,82,82,82,82,82,82,82,82,82,82,82,82,82,82],"card_choices":[{"not_picked":["Bane","Acrobatics"],"picked":"Blade Dance","floor":1.0},{"not_picked":["Distraction","Poisoned Stab"],"picked":"Bouncing Flask","floor":3.0},{"not_picked":["Blur","Cloak And Dagger"],"picked":"Blade Dance","floor":6.0},{"not_picked":["Eviscerate","Blur"],"picked":"Bane","floor":11.0},{"not_picked":["Heel Hook","Dagger Throw"],"picked":"Slice","floor":12.0},{"not_picked":["Calculated Gamble","Backflip"],"picked":"A Thousand Cuts","floor":13.0},{"not_picked":["Sucker Punch","Wraith Form v2","Acrobatics"],"picked":"SKIP","floor":14},{"not_picked":["Malaise","Night Terror"],"picked":"Bullet Time","floor":16},{"not_picked":["Outmaneuver","Blade Dance","Sucker Punch"],"picked":"SKIP","floor":18},{"not_picked":["Prepared+1","Bane"],"picked":"Envenom","floor":20},{"not_picked":["Deadly Poison","Quick Slash"],"picked":"Leg Sweep","floor":23},{"not_picked":["Masterful Stab+1","Sucker Punch","Dagger Throw"],"picked":"SKIP","floor":25},{"not_picked":["Expertise","Distraction","Prepared"],"picked":"SKIP","floor":31},{"not_picked":["Corpse Explosion","Envenom"],"picked":"Adrenaline","floor":33},{"not_picked":["Slice","Dagger Throw+1","Underhanded Strike+1"],"picked":"SKIP","floor":35},{"not_picked":["Tools of the Trade","Acrobatics+1","Outmaneuver"],"picked":"SKIP","floor":38},{"not_picked":["Prepared+1","Calculated Gamble+1"],"picked":"Dodge and Roll+1","floor":39},{"not_picked":["Cloak And Dagger+1","Flying Knee+1"],"picked":"Escape Plan+1","floor":41},{"not_picked":["Flying Knee","Poisoned Stab+1"],"picked":"Cloak And Dagger+1","floor":47},{"not_picked":["Quick Slash+1","Poisoned Stab"],"picked":"Flying Knee+1","floor":48}],"player_experience":114527,"relics_obtained":[{"floor":6.0,"key":"Anchor"},{"floor":9.0,"key":"Ninja Scroll"},{"floor":12.0,"key":"Odd Mushroom"},{"floor":14,"key":"Pen Nib"},{"floor":17,"key":"CeramicFish"},{"floor":17,"key":"Sundial"},{"floor":17,"key":"The Specimen"},{"floor":23,"key":"Strawberry"},{"floor":42,"key":"Centennial Puzzle"},{"floor":43,"key":"Ancient Tea Set"}],"event_choices":[{"damage_healed":0.0,"max_hp_gain":0.0,"max_hp_loss":0.0,"gold_gain":0.0,"event_name":"Upgrade Shrine","player_choice":"Upgraded","floor":5.0,"gold_loss":0.0,"damage_taken":0.0,"cards_upgraded":["Neutralize"]},{"damage_healed":0.0,"max_hp_gain":0.0,"max_hp_loss":0.0,"gold_gain":0.0,"event_name":"Mushrooms","player_choice":"Fought Mushrooms","floor":12.0,"gold_loss":0.0,"damage_taken":0.0},{"damage_healed":0,"gold_gain":0,"player_choice":"Upgraded","damage_taken":0,"max_hp_gain":0,"max_hp_loss":0,"event_name":"Upgrade Shrine","floor":19,"gold_loss":0,"cards_upgraded":["Blade Dance"]},{"damage_healed":0,"gold_gain":0,"player_choice":"Ignored","damage_taken":0,"max_hp_gain":0,"max_hp_loss":0,"event_name":"Ghosts","floor":21,"gold_loss":0},{"damage_healed":0,"gold_gain":0,"player_choice":"Simplicity","damage_taken":0,"max_hp_gain":0,"max_hp_loss":0,"event_name":"Back to Basics","floor":22,"gold_loss":0,"cards_upgraded":["Strike_G","Strike_G","Strike_G","Strike_G","Strike_G","Defend_G","Defend_G","Defend_G","Defend_G","Defend_G"]},{"damage_healed":0,"gold_gain":0,"player_choice":"Ignored","damage_taken":0,"max_hp_gain":0,"max_hp_loss":0,"event_name":"Vampires","floor":29,"gold_loss":0},{"damage_healed":0,"gold_gain":0,"player_choice":"Embrace Madness","damage_taken":10,"max_hp_gain":0,"max_hp_loss":0,"event_name":"Winding Halls","floor":36,"gold_loss":0,"cards_obtained":["Madness","Madness"]},{"cards_removed":["Slice"],"damage_healed":0,"gold_gain":0,"player_choice":"Purged","damage_taken":0,"max_hp_gain":0,"max_hp_loss":0,"event_name":"Purifier","floor":37,"gold_loss":0},{"damage_healed":0,"gold_gain":0,"player_choice":"Copied","damage_taken":0,"max_hp_gain":0,"max_hp_loss":0,"event_name":"Duplicator","floor":44,"gold_loss":0,"cards_obtained":["Bullet Time"]}],"is_beta":false,"boss_relics":[{"not_picked":["Ectoplasm","Cursed Key"],"picked":"Calling Bell"},{"not_picked":["Ring of the Serpent","Philosopher\u0027s Stone"],"picked":"Tiny House"}],"items_purged_floors":[],"is_endless":false,"potions_floor_spawned":[12,14,16,23,25,35,39,41,48],"killed_by":"Time Eater","ascension_level":1}}