{"host":"f5ezd1v29dtbwkzo","time":1608928264,"event":{"mods":["2.2 Compatiblity","BaseMod","Hermit","Minty Spire (QoL Compilation)","Rare Cards Sparkle","Replay The Spire","StSLib"],"gold_per_floor":[118,137,147,161,175,190,138,171,196,196,258,258,291,466,466,567,567,583,599,598,616,634,634,909,909,909,909,909],"floor_reached":27,"playtime":1543,"items_purged":["hermit:Strike_Hermit"],"score":275,"play_id":"25c7b4b6-08e3-4dbb-816e-2af3d7749999","local_time":"20201225233104","is_ascension_mode":false,"campfire_choices":[{"floor":10,"key":"REST"},{"data":"hermit:Gestalt","floor":12,"key":"SMITH"},{"data":"hermit:Malice","floor":15,"key":"SMITH"},{"floor":23,"key":"REST"},{"floor":25,"key":"REST"}],"circlet_count":0,"master_deck":["hermit:Strike_Hermit","hermit:Strike_Hermit","hermit:Strike_Hermit","hermit:Defend_Hermit","hermit:Defend_Hermit","hermit:Defend_Hermit","hermit:Defend_Hermit","hermit:Snapshot","hermit:Covet","hermit:Misfire","hermit:Glare+1","hermit:Malice+1","hermit:Quickdraw","hermit:Glare+1","hermit:ShadowCloak","hermit:Gestalt+1","hermit:Headshot","Doubt","hermit:Adapt","hermit:SprayPray+1","hermit:Ricochet","Overencumbered","hermit:CursedWeapon","Regret"],"relics":["hermit:Momento","hermit:Horseshoe","Juzu Bracelet","Bag of Marbles","War Paint","SlaversCollar","ReplayTheSpireMod:CursedCoin","Pondfish Scales"],"acts_visited":["Exordium","TheCity"],"potions_floor_usage":[8,16,16,22,27],"damage_taken":[{"damage":7,"enemies":"2 Louse","floor":1,"turns":2},{"damage":0,"enemies":"Cultist","floor":2,"turns":3},{"damage":0,"enemies":"Small Slimes","floor":3,"turns":2},{"damage":0,"enemies":"Looter","floor":4,"turns":3},{"damage":21,"enemies":"Exordium Thugs","floor":5,"turns":6},{"damage":9,"enemies":"3 Louse","floor":6,"turns":4},{"damage":17,"enemies":"3 Sentries","floor":8,"turns":7},{"damage":0,"enemies":"Gremlin Nob","floor":13,"turns":2},{"damage":14,"enemies":"Slime Boss","floor":16,"turns":11},{"damage":9,"enemies":"3 Byrds","floor":18,"turns":7},{"damage":2,"enemies":"Spheric Guardian","floor":19,"turns":3},{"damage":20,"enemies":"Snecko","floor":21,"turns":5},{"damage":32,"enemies":"Shelled Parasite and Fungi","floor":22,"turns":7},{"damage":67,"enemies":"Slavers","floor":27,"turns":4}],"seed_played":"7027827457715805818","potions_obtained":[{"floor":1,"key":"GamblersBrew"},{"floor":5,"key":"PowerPotion"},{"floor":13,"key":"hermit:Tonic"},{"floor":19,"key":"Dexterity Potion"},{"floor":22,"key":"hermit:BlackBile"}],"is_trial":false,"path_per_floor":["M","M","M","M","M","M","?","E","T","R","?","R","E","?","R","B",null,"M","M","$","M","M","R","?","R","T","E"],"character_chosen":"HERMIT","items_purchased":["ReplayTheSpireMod:CursedCoin","hermit:CursedWeapon"],"campfire_rested":3,"item_purchase_floors":[20,20],"current_hp_per_floor":[75,75,75,75,54,45,45,28,28,52,52,52,52,52,52,38,82,73,71,71,51,19,43,43,67,67,0,0],"gold":909,"neow_bonus":"TEN_PERCENT_HP_BONUS","is_daily":false,"chose_seed":false,"campfire_upgraded":2,"win_rate":0.0,"timestamp":1608928264,"path_taken":["M","M","M","M","M","M","?","E","T","R","?","R","E","?","R","BOSS","M","M","$","M","M","R","?","R","T","E"],"items_purchased_type":["Relic","Card"],"build_version":"2020-12-22","purchased_purges":1,"victory":false,"max_hp_per_floor":[82,82,82,82,82,82,82,82,82,82,82,82,82,82,82,82,82,82,82,82,82,82,82,82,82,82,82,82],"card_choices":[{"not_picked":["hermit:Shortfuse","hermit:Desperado"],"picked":"hermit:Misfire","floor":1},{"not_picked":["hermit:NoHoldsBarred","hermit:FullyLoaded"],"picked":"hermit:Glare","floor":2},{"not_picked":["hermit:WideOpen","hermit:Desperado"],"picked":"hermit:Malice","floor":3},{"not_picked":["hermit:Glare","hermit:PistolWhip"],"picked":"hermit:Quickdraw","floor":4},{"not_picked":["hermit:CalledShot","hermit:Spite"],"picked":"hermit:Glare","floor":5},{"not_picked":["hermit:Deadeye","hermit:LowProfile"],"picked":"hermit:ShadowCloak","floor":6},{"not_picked":["hermit:TakeCover","hermit:CalledShot"],"picked":"hermit:Gestalt","floor":8},{"not_picked":["hermit:LowProfile","hermit:Roulette"],"picked":"hermit:Headshot","floor":13},{"not_picked":["hermit:Roughhouse","hermit:Dissolve"],"picked":"hermit:Adapt","floor":16},{"not_picked":["hermit:Gestalt","hermit:Manifest"],"picked":"hermit:SprayPray+1","floor":18},{"not_picked":["hermit:Glare","hermit:FlashPowder+1"],"picked":"hermit:Ricochet","floor":19},{"not_picked":["hermit:LoneWolf","hermit:LuckOfTheDraw+1","hermit:Roulette"],"picked":"SKIP","floor":21},{"not_picked":["hermit:FlashPowder+1","hermit:Misfire","hermit:LoneWolf"],"picked":"SKIP","floor":22}],"player_experience":287673,"relics_obtained":[{"floor":8,"key":"Juzu Bracelet"},{"floor":9,"key":"Bag of Marbles"},{"floor":13,"key":"War Paint"},{"floor":26,"key":"Pondfish Scales"}],"event_choices":[{"damage_healed":0,"gold_gain":0,"player_choice":"Paid Gold","damage_taken":0,"relics_obtained":["hermit:Horseshoe"],"max_hp_gain":0,"max_hp_loss":0,"event_name":"WeMeetAgain","floor":7,"gold_loss":52},{"damage_healed":0,"gold_gain":62,"player_choice":"Gained Gold","damage_taken":0,"max_hp_gain":0,"max_hp_loss":0,"event_name":"Golden Wing","floor":11,"gold_loss":0},{"damage_healed":0,"gold_gain":175,"player_choice":"AGREE","damage_taken":0,"max_hp_gain":0,"max_hp_loss":0,"event_name":"Liars Game","floor":14,"gold_loss":0,"cards_obtained":["Doubt"]},{"damage_healed":0,"gold_gain":275,"player_choice":"Desecrate","damage_taken":0,"max_hp_gain":0,"max_hp_loss":0,"event_name":"Golden Shrine","floor":24,"gold_loss":0,"cards_obtained":["Regret"]}],"is_beta":false,"boss_relics":[{"not_picked":["SacredBark","Philosopher\u0027s Stone"],"picked":"SlaversCollar"}],"items_purged_floors":[20],"is_endless":false,"potions_floor_spawned":[1,5,13,19,22],"killed_by":"Slavers","ascension_level":0}}