{"host":"2461dio7vetlq1z3","time":1608879731,"event":{"mods":["2.2 Compatiblity","AchievementEnabler","Aspiration","BaseMod","Better Third Choice","Hermit","Minty Spire (QoL Compilation)","Relic Stats","Spicy Shops","StSLib","The Runesmith","Waifu the Spire"],"gold_per_floor":[111,36,52,63,74,74,407,421,473,489,520,530,560,571,571,571,571],"floor_reached":16,"playtime":876,"items_purged":[],"score":252,"play_id":"9f7cce3b-7822-431c-8786-5199027723e3","local_time":"20201225080211","is_ascension_mode":true,"campfire_choices":[{"data":"Bash","floor":6,"key":"SMITH"},{"data":"Feed","floor":15,"key":"SMITH"}],"circlet_count":0,"master_deck":["AscendersBane","Strike_R","Strike_R","Strike_R","Strike_R","Defend_R","Defend_R","Defend_R","Defend_R","Bash+1","Cleave","Clothesline","Pommel Strike","Ghostly Armor","Pummel","Second Wind","Burning Pact","Dark Embrace","Corruption","Feed+1","Uppercut"],"relics":["Burning Blood","Orichalcum","Old Coin","Anchor","Pear","aspiration:HummingbirdHeart"],"acts_visited":["Exordium"],"potions_floor_usage":[11,13,16],"damage_taken":[{"damage":1,"enemies":"Small Slimes","floor":1,"turns":5},{"damage":0,"enemies":"2 Louse","floor":3,"turns":3},{"damage":2,"enemies":"Jaw Worm","floor":4,"turns":5},{"damage":13,"enemies":"Large Slime","floor":5,"turns":6},{"damage":26,"enemies":"3 Sentries","floor":7,"turns":8},{"damage":8,"enemies":"Exordium Wildlife","floor":8,"turns":3},{"damage":0,"enemies":"3 Louse","floor":10,"turns":2},{"damage":23,"enemies":"Lagavulin","floor":11,"turns":7},{"damage":1,"enemies":"Large Slime","floor":12,"turns":6},{"damage":9,"enemies":"3 Sentries","floor":13,"turns":8},{"damage":7,"enemies":"Blue Slaver","floor":14,"turns":5},{"damage":77,"enemies":"Hexaghost","floor":16,"turns":12}],"seed_played":"-8937195862102861463","potions_obtained":[{"floor":3,"key":"Strength Potion"},{"floor":7,"key":"EssenceOfSteel"},{"floor":13,"key":"Block Potion"},{"floor":14,"key":"FairyPotion"}],"is_trial":false,"path_per_floor":["M","?","M","M","M","R","E","M","T","M","E","M","E","M","R","B"],"character_chosen":"IRONCLAD","items_purchased":[],"campfire_rested":0,"item_purchase_floors":[],"current_hp_per_floor":[73,73,75,75,68,68,48,46,46,52,45,50,47,49,49,0,0],"gold":571,"neow_bonus":"RANDOM_COMMON_RELIC","is_daily":false,"chose_seed":false,"campfire_upgraded":2,"win_rate":0.0,"timestamp":1608879731,"path_taken":["M","?","M","M","M","R","E","M","T","M","E","M","E","M","R","BOSS"],"items_purchased_type":[],"build_version":"2020-12-22","purchased_purges":0,"victory":false,"max_hp_per_floor":[75,75,75,75,75,75,75,75,75,75,85,85,85,88,88,88,88],"relic_stats":{"counters":[12,70],"Orichalcum":[198],"obtain_stats":[{"Anchor":9,"Pear":11,"aspiration:HummingbirdHeart":13,"Orichalcum":0,"Burning Blood":0,"Old Coin":7},{"Anchor":6,"Pear":8,"aspiration:HummingbirdHeart":10,"Orichalcum":0,"Burning Blood":0,"Old Coin":5},{"Anchor":30,"Pear":39,"aspiration:HummingbirdHeart":53,"Orichalcum":0,"Burning Blood":0,"Old Coin":27}],"Burning Blood":58},"card_choices":[{"not_picked":["Blood for Blood","True Grit"],"picked":"Cleave","floor":1},{"not_picked":["Sword Boomerang","Perfected Strike"],"picked":"Clothesline","floor":3},{"not_picked":["Iron Wave","Heavy Blade"],"picked":"Pommel Strike","floor":4},{"not_picked":["Heavy Blade","Armaments"],"picked":"Ghostly Armor","floor":5},{"not_picked":["Rage","Brutality"],"picked":"Pummel","floor":7},{"not_picked":["Clash","Warcry"],"picked":"Second Wind","floor":8},{"not_picked":["Warcry","Armaments"],"picked":"Burning Pact","floor":10},{"not_picked":["Cleave","Pommel Strike"],"picked":"Dark Embrace","floor":11},{"not_picked":["Uppercut","Sentinel"],"picked":"Corruption","floor":12},{"not_picked":["Entrench","Second Wind"],"picked":"Feed","floor":13},{"not_picked":["Clash","Iron Wave"],"picked":"Uppercut","floor":14}],"player_experience":910324,"relics_obtained":[{"floor":7,"key":"Old Coin"},{"floor":9,"key":"Anchor"},{"floor":11,"key":"Pear"},{"floor":13,"key":"aspiration:HummingbirdHeart"}],"event_choices":[{"cards_removed":["Strike_R"],"damage_healed":0,"gold_gain":0,"player_choice":"Card Removal","damage_taken":0,"max_hp_gain":0,"max_hp_loss":0,"event_name":"The Cleric","floor":2,"gold_loss":75}],"is_beta":false,"boss_relics":[],"items_purged_floors":[],"is_endless":false,"potions_floor_spawned":[3,7,10,13,14],"killed_by":"Hexaghost","ascension_level":20}}