{"host":"gkh5j5k5w4qf7k7n","time":1608885844,"event":{"mods":["2.2 Compatiblity","AchievementEnabler","Arknights The Spire","BaseMod","Colored Map","Colored Powertips","GifTheSpireLib","Keyboard Shortcuts","Minty Spire (QoL Compilation)","Quick Restart","StSLib","SuperFastMode","The Construct","The Dragon Tamer","The Marked","TheBandit","¡¼?Úª?ø«¡½REMEMod"],"gold_per_floor":[117,117,133,208,208,242,253,253,303,49,49,49,145,156,156,252,252,348,360,99,99,111,143,143,243,323,323,423,423,515,850,850,953,953,1053,1144,691,706,802,802,828,828,828,856,856,868,868,395,395,475,475,475,15,49,49],"floor_reached":56,"playtime":4984,"items_purged":["ats:Strike S","ats:Strike V","Decay","ats:Strike G"],"score":1320,"play_id":"a31d622a-dbbf-4985-b543-9647bdfe5833","local_time":"20201225174404","is_ascension_mode":false,"campfire_choices":[{"data":"ats:Emotion Absorption","floor":8.0,"key":"SMITH"},{"data":"REME_WheelOfFate","floor":15.0,"key":"SMITH"},{"data":"ats:Support Order","floor":24.0,"key":"SMITH"},{"data":"REME_CRH","floor":27.0,"key":"SMITH"},{"data":"ats:Volcano","floor":32.0,"key":"SMITH"},{"data":"Secret Technique","floor":42.0,"key":"SMITH"},{"floor":49.0,"key":"RECALL"},{"data":"Madness","floor":52.0,"key":"SMITH"}],"circlet_count":0,"master_deck":["ats:Strike C","ats:Armor Crushing Shot","ats:Defend","ats:Defend","ats:Defend","ats:Defend","ats:Emotion Absorption+1","REME_CRH+1","ats:Revitalization","ats:Assault Order","ats:Volcano+1","REME_WheelOfFate+1","ats:Chain Hook","ats:Support Order+1","ats:Calcification","ats:Disruption Kick","Ghostly","Ghostly","Ghostly","Ghostly","Ghostly","ats:Nebulous Foxfire","ats:Dogmatic Field","ats:Part Time Job","ats:Very Hot Blade","ats:Defend Order","REME_FirmDetermination","Secret Technique+1","Master of Strategy","ats:Assault Order+1","Madness","Madness+1","REME_AllRoundStrike","ats:Counter Healing Mode"],"relics":["ats:Sanity","REME_ComplimentaryCards","NeowsBlessing","Happy Flower","ats:Originium","Singing Bowl","Bag of Preparation","Bag of Marbles","construct:WeddingRing","Oddly Smooth Stone","Potion Belt","ats:Originium","Gremlin Horn","Unceasing Top","HornCleat","ats:Originium","Old Coin","SlaversCollar","ats:Bonebreaker","ats:Originium","Bronze Scales","Mummified Hand","Centennial Puzzle","Bottled Flame","ats:Spiritual Recovery","Medical Kit","Letter Opener","Akabeko"],"acts_visited":["Exordium","TheCity","TheBeyond","TheEnding"],"potions_floor_usage":[55,55],"damage_taken":[{"damage":0.0,"enemies":"Jaw Worm","floor":1.0,"turns":1.0},{"damage":0.0,"enemies":"Small Slimes","floor":3.0,"turns":1.0},{"damage":0.0,"enemies":"Lagavulin","floor":6.0,"turns":4.0},{"damage":7.0,"enemies":"2 Louse","floor":7.0,"turns":8.0},{"damage":21.0,"enemies":"Blue Slaver","floor":13.0,"turns":5.0},{"damage":32.0,"enemies":"3 Louse","floor":14.0,"turns":6.0},{"damage":6.0,"enemies":"Slime Boss","floor":16.0,"turns":6.0},{"damage":36.0,"enemies":"3 Byrds","floor":18.0,"turns":5.0},{"damage":28.0,"enemies":"Shell Parasite","floor":19.0,"turns":13.0},{"damage":3.0,"enemies":"Snake Plant","floor":22.0,"turns":6.0},{"damage":35.0,"enemies":"REME_1_Revenger","floor":23.0,"turns":11.0},{"damage":4.0,"enemies":"Sentry and Sphere","floor":25.0,"turns":7.0},{"damage":1.0,"enemies":"Colosseum Slavers","floor":28.0,"turns":7.0},{"damage":15.0,"enemies":"Colosseum Nobs","floor":28.0,"turns":10.0},{"damage":36.0,"enemies":"Snecko","floor":30.0,"turns":11.0},{"damage":6.0,"enemies":"Gremlin Leader","floor":31.0,"turns":7.0},{"damage":56.0,"enemies":"Collector","floor":33.0,"turns":21.0},{"damage":104.0,"enemies":"Orb Walker","floor":35.0,"turns":12.0},{"damage":48.0,"enemies":"3 Darklings","floor":36.0,"turns":10.0},{"damage":18.0,"enemies":"4 Shapes","floor":38.0,"turns":8.0},{"damage":82.0,"enemies":"Maw","floor":39.0,"turns":16.0},{"damage":36.0,"enemies":"Nemesis","floor":41.0,"turns":12.0},{"damage":20.0,"enemies":"Reptomancer","floor":44.0,"turns":11.0},{"damage":0.0,"enemies":"Jaw Worm Horde","floor":46.0,"turns":3.0},{"damage":24.0,"enemies":"Awakened One","floor":50.0,"turns":11.0},{"damage":2,"enemies":"Shield and Spear","floor":54,"turns":3},{"damage":100,"enemies":"The Heart","floor":55,"turns":11}],"seed_played":"-2002503496312166252","potions_obtained":[{"floor":1.0,"key":"Swift Potion"},{"floor":7.0,"key":"SteroidPotion"},{"floor":13.0,"key":"ColorlessPotion"},{"floor":19.0,"key":"Energy Potion"},{"floor":22.0,"key":"Block Potion"},{"floor":31.0,"key":"AttackPotion"},{"floor":33.0,"key":"SpeedPotion"},{"floor":39.0,"key":"Fire Potion"},{"floor":44.0,"key":"Weak Potion"}],"is_trial":false,"path_per_floor":["M","?","M","?","?","E","M","R","T","$","?","$","M","M","R","B",null,"M","M","$","?","M","E","R","M","T","R","?","?","M","E","R","B",null,"M","M","$","M","M","?","E","R","T","E","?","M","?","$","R","B",null,"R","$","E","B",null],"character_chosen":"DOCTOR_CLASS","items_purchased":["REME_WheelOfFate","ats:Disruption Kick","ats:Bonebreaker","ats:Very Hot Blade","ats:Spiritual Recovery","REME_AllRoundStrike","ats:Counter Healing Mode","Medical Kit","Letter Opener"],"campfire_rested":0,"item_purchase_floors":[10,20,37,37,48,48,53,53,53],"current_hp_per_floor":[72,65,65,54,59,66,78,78,78,78,78,78,62,37,37,39,79,49,82,82,41,43,29,29,37,37,37,49,49,35,47,47,51,51,53,53,53,48,55,45,35,35,35,50,43,52,52,52,52,50,59,59,59,61,61],"gold":49,"neow_bonus":"THREE_ENEMY_KILL","is_daily":false,"chose_seed":false,"campfire_upgraded":7,"win_rate":0.0,"timestamp":1608885844,"path_taken":["M","?","M","?","?","E","M","R","T","$","?","$","M","?","R","BOSS","M","M","$","?","M","E","R","M","T","R","?","?","M","E","R","BOSS","M","?","$","M","M","?","E","R","T","E","?","M","?","?","R","BOSS","R","$","E","BOSS"],"items_purchased_type":["Card","Card","Relic","Card","Relic","Card","Card","Relic","Relic"],"build_version":"2020-12-22","purchased_purges":4,"victory":true,"max_hp_per_floor":[72,72,72,72,77,79,79,79,79,79,79,79,79,79,79,79,79,81,83,83,41,43,45,45,47,47,47,49,49,51,51,51,51,51,53,53,53,53,55,55,55,55,55,57,57,59,59,59,59,59,59,59,59,61,61],"card_choices":[{"not_picked":["ats:Leaping Hammer","ats:Apocalypse"],"picked":"ats:Revitalization","floor":1.0},{"not_picked":["ats:Magnetic Hammer","ats:Consecutive Shot Auto"],"picked":"ats:Assault Order","floor":3.0},{"not_picked":["ats:Assault Order","ats:Leaping Hammer","ats:Overload"],"picked":"Singing Bowl","floor":6.0},{"not_picked":["ats:Ignite","ats:Shadow Raid"],"picked":"ats:Volcano","floor":7.0},{"not_picked":["ats:Leaping Hammer","ats:Flexible Camouflage"],"picked":"ats:Chain Hook","floor":13.0},{"not_picked":["ats:Cat Scratch","ats:Shell Defense"],"picked":"ats:Support Order","floor":14.0},{"not_picked":["ats:Shadow Assault","ats:Durian"],"picked":"ats:Calcification","floor":16.0},{"not_picked":["ats:Hook Shot","ats:Poison Spread","ats:Consecutive Shot Auto"],"picked":"Singing Bowl","floor":18.0},{"not_picked":["ats:Shell Defense","ats:Apocalypse","ats:Revitalization+1"],"picked":"Singing Bowl","floor":19.0},{"not_picked":["ats:Revitalization","ats:Hammer On","ats:Consecutive Shot Auto+1"],"picked":"Singing Bowl","floor":22.0},{"not_picked":["ats:Curse Doll","ats:Thermite Blade+1","ats:Consecutive Shot Auto+1"],"picked":"Singing Bowl","floor":23.0},{"not_picked":["ats:Flexible Camouflage+1","ats:Shadow Raid","ats:Cat Scratch+1"],"picked":"Singing Bowl","floor":25.0},{"not_picked":["ats:Curse Doll+1","ats:Childhood Dance","ats:Leaping Hammer+1"],"picked":"Singing Bowl","floor":28.0},{"not_picked":["ats:Curse Doll","ats:Thermite Blade","ats:Childhood Dance"],"picked":"Singing Bowl","floor":30.0},{"not_picked":["ats:Flexible Camouflage","ats:Childhood Dance"],"picked":"ats:Nebulous Foxfire","floor":31.0},{"not_picked":["ats:Fractured Body","ats:Nebulous Foxfire"],"picked":"ats:Dogmatic Field","floor":33.0},{"not_picked":["ats:Closed Bolt Burst Fire+1","ats:Cat Scratch","ats:Thermite Blade+1"],"picked":"Singing Bowl","floor":35.0},{"not_picked":["ats:Powerful Strike+1","ats:Ignite+1"],"picked":"ats:Part Time Job","floor":36.0},{"not_picked":["ats:Explosion Area Strengthen+1","ats:Ignite"],"picked":"ats:Defend Order","floor":38.0},{"not_picked":["ats:Overload+1","ats:Shell Defense","ats:Song Of Battle"],"picked":"Singing Bowl","floor":39.0},{"not_picked":["Impatience","Forethought"],"picked":"REME_FirmDetermination","floor":40.0},{"not_picked":["Violence","Enlightenment"],"picked":"Secret Technique","floor":40.0},{"not_picked":["Mind Blast","REME_TwoStrings"],"picked":"Master of Strategy","floor":40.0},{"not_picked":["ats:Thermite Blade+1","ats:Childhood Dance+1"],"picked":"ats:Assault Order+1","floor":41.0},{"not_picked":["ats:Explosion Area Strengthen","ats:True Silver Slash","ats:Shadow Raid"],"picked":"Singing Bowl","floor":44.0},{"not_picked":["ats:Spore Proliferation","ats:Consecutive Shot Auto","ats:Assault Order"],"picked":"Singing Bowl","floor":46.0},{"not_picked":["ats:Curse Doll+1","ats:Leaping Hammer","ats:Sunburst"],"picked":"Singing Bowl","floor":54}],"player_experience":932009,"relics_obtained":[{"floor":6.0,"key":"ats:Originium"},{"floor":6.0,"key":"Singing Bowl"},{"floor":9.0,"key":"Bag of Preparation"},{"floor":23.0,"key":"ats:Originium"},{"floor":23.0,"key":"Gremlin Horn"},{"floor":28.0,"key":"Unceasing Top"},{"floor":28.0,"key":"HornCleat"},{"floor":31.0,"key":"ats:Originium"},{"floor":31.0,"key":"Old Coin"},{"floor":41.0,"key":"ats:Originium"},{"floor":41.0,"key":"Bronze Scales"},{"floor":43.0,"key":"Mummified Hand"},{"floor":44.0,"key":"Bottled Flame"},{"floor":54,"key":"Akabeko"}],"event_choices":[{"damage_healed":0.0,"max_hp_gain":0.0,"max_hp_loss":0.0,"gold_gain":0.0,"event_name":"Scrap Ooze","player_choice":"Success","floor":2.0,"gold_loss":0.0,"damage_taken":7.0,"relics_obtained":["Happy Flower"]},{"damage_healed":0.0,"max_hp_gain":0.0,"max_hp_loss":0.0,"gold_gain":75.0,"event_name":"World of Goop","player_choice":"Gather Gold","floor":4.0,"gold_loss":0.0,"damage_taken":11.0},{"damage_healed":0.0,"max_hp_gain":5.0,"max_hp_loss":0.0,"gold_gain":0.0,"event_name":"Big Fish","player_choice":"Donut","floor":5.0,"gold_loss":0.0,"damage_taken":0.0},{"damage_healed":0.0,"max_hp_gain":0.0,"max_hp_loss":0.0,"gold_gain":0.0,"event_name":"The Cleric","player_choice":"Leave","floor":11.0,"gold_loss":0.0,"damage_taken":0.0},{"damage_healed":0.0,"max_hp_gain":0.0,"max_hp_loss":42.0,"gold_gain":0.0,"event_name":"Ghosts","player_choice":"Became a Ghost","floor":21.0,"gold_loss":0.0,"damage_taken":0.0,"cards_obtained":["Ghostly","Ghostly","Ghostly","Ghostly","Ghostly"]},{"damage_healed":0.0,"max_hp_gain":0.0,"max_hp_loss":0.0,"gold_gain":0.0,"event_name":"Colosseum","player_choice":"Fight","floor":28.0,"gold_loss":0.0,"damage_taken":0.0},{"damage_healed":0.0,"max_hp_gain":0.0,"max_hp_loss":0.0,"gold_gain":0.0,"event_name":"Colosseum","player_choice":"Fought Nobs","floor":28.0,"gold_loss":0.0,"damage_taken":0.0},{"damage_healed":0.0,"max_hp_gain":0.0,"max_hp_loss":0.0,"gold_gain":0.0,"event_name":"Wheel of Change","player_choice":"Cursed","floor":29.0,"gold_loss":0.0,"damage_taken":0.0,"cards_obtained":["Decay"]},{"damage_healed":0.0,"max_hp_gain":0.0,"max_hp_loss":0.0,"gold_gain":0.0,"event_name":"SensoryStone","player_choice":"Memory 3","floor":40.0,"gold_loss":0.0,"damage_taken":10.0},{"damage_healed":0.0,"max_hp_gain":0.0,"max_hp_loss":0.0,"gold_gain":0.0,"event_name":"Winding Halls","player_choice":"Embrace Madness","floor":45.0,"gold_loss":0.0,"damage_taken":7.0,"cards_obtained":["Madness","Madness"]},{"damage_healed":0.0,"max_hp_gain":0.0,"max_hp_loss":0.0,"gold_gain":0.0,"event_name":"Tomb of Lord Red Mask","player_choice":"Ignored","floor":47.0,"gold_loss":0.0,"damage_taken":0.0}],"is_beta":false,"boss_relics":[{"not_picked":["ats:Omniscience","Fusion Hammer"],"picked":"construct:WeddingRing"},{"not_picked":["Sozu","Calling Bell"],"picked":"SlaversCollar"}],"items_purged_floors":[10,20,37,48],"is_endless":false,"potions_floor_spawned":[1,7,13,19,22,28,31,33,39,44,54],"ascension_level":0}}