{"host":"naykp6d9ulahlwib","time":1608917244,"event":{"mods":["BaseMod","Highlight Path","Minty Spire (QoL Compilation)","Shop Mod","StSLib"],"gold_per_floor":[109,124,141,152,71,97,111,111,111,111,127,127,52,72,72,176,176,141,166,182,196,196,196,196,196],"floor_reached":24,"playtime":2391,"items_purged":["Strike_G"],"score":310,"play_id":"08e10142-3af9-445f-800c-f4f36ce377aa","local_time":"20201225112724","is_ascension_mode":true,"campfire_choices":[{"floor":8.0,"key":"REST"},{"floor":10.0,"key":"REST"},{"data":"Neutralize","floor":12.0,"key":"SMITH"},{"data":"Footwork","floor":15.0,"key":"SMITH"},{"floor":23,"key":"REST"}],"circlet_count":0,"master_deck":["AscendersBane","Strike_G+1","Strike_G+1","Strike_G+1","Strike_G+1","Defend_G+1","Defend_G+1","Defend_G+1","Defend_G+1","Defend_G+1","Survivor","Neutralize+1","Dagger Spray","Well Laid Plans","Cloak And Dagger","Footwork+1","Blade Dance","Prepared","Unload","Wraith Form v2","Dodge and Roll","Backflip+1","Footwork"],"relics":["Ring of the Snake","Blood Vial","Akabeko","Philosopher\u0027s Stone","Red Mask"],"acts_visited":["Exordium","TheCity"],"potions_floor_usage":[19,24],"damage_taken":[{"damage":2.0,"enemies":"Cultist","floor":1.0,"turns":4.0},{"damage":4.0,"enemies":"Small Slimes","floor":2.0,"turns":4.0},{"damage":1.0,"enemies":"2 Louse","floor":3.0,"turns":3.0},{"damage":4.0,"enemies":"2 Fungi Beasts","floor":4.0,"turns":4.0},{"damage":41.0,"enemies":"Gremlin Nob","floor":6.0,"turns":6.0},{"damage":5.0,"enemies":"Exordium Thugs","floor":7.0,"turns":9.0},{"damage":0.0,"enemies":"Blue Slaver","floor":11.0,"turns":4.0},{"damage":0.0,"enemies":"Red Slaver","floor":14.0,"turns":6.0},{"damage":47.0,"enemies":"Slime Boss","floor":16.0,"turns":15.0},{"damage":19,"enemies":"2 Thieves","floor":18,"turns":5},{"damage":31,"enemies":"Masked Bandits","floor":19,"turns":7},{"damage":0,"enemies":"3 Byrds","floor":20,"turns":4},{"damage":9,"enemies":"Snecko","floor":21,"turns":8},{"damage":44,"enemies":"Gremlin Leader","floor":24,"turns":10}],"seed_played":"-2177199933555757242","potions_obtained":[{"floor":2.0,"key":"AttackPotion"},{"floor":3.0,"key":"Swift Potion"},{"floor":14.0,"key":"SneckoOil"},{"floor":16.0,"key":"Energy Potion"},{"floor":20,"key":"Dexterity Potion"},{"floor":21,"key":"BlessingOfTheForge"}],"is_trial":false,"path_per_floor":["M","M","M","M","$","E","M","R","T","R","M","R","$","M","R","B",null,"M","?","M","M","?","R","E"],"character_chosen":"THE_SILENT","items_purchased":["Footwork"],"campfire_rested":3,"item_purchase_floors":[5],"current_hp_per_floor":[57,53,52,48,48,7,4,29,29,54,56,56,56,58,58,13,66,49,20,22,15,15,40,0,0],"gold":196,"neow_bonus":"TWENTY_PERCENT_HP_BONUS","is_daily":false,"chose_seed":false,"campfire_upgraded":2,"win_rate":0.0,"timestamp":1608917244,"path_taken":["M","M","M","M","$","E","M","R","T","R","M","R","?","M","R","BOSS","M","?","M","M","?","R","E"],"items_purchased_type":["Card"],"build_version":"2020-12-22","purchased_purges":1,"victory":false,"max_hp_per_floor":[84,84,84,84,84,84,84,84,84,84,84,84,84,84,84,84,84,84,84,84,84,84,84,84,84],"card_choices":[{"not_picked":["Cloak And Dagger","Leg Sweep"],"picked":"Dagger Spray","floor":1.0},{"not_picked":["Backflip","Prepared"],"picked":"Well Laid Plans","floor":2.0},{"not_picked":["Quick Slash","Reflex"],"picked":"Cloak And Dagger","floor":3.0},{"not_picked":["Acrobatics","Heel Hook","PiercingWail"],"picked":"SKIP","floor":4.0},{"not_picked":["Cloak And Dagger","Quick Slash","Distraction"],"picked":"SKIP","floor":6.0},{"not_picked":["Backstab","Bane"],"picked":"Blade Dance","floor":7.0},{"not_picked":["Quick Slash","Flechettes"],"picked":"Prepared","floor":11.0},{"not_picked":["Predator","Backflip"],"picked":"Unload","floor":14.0},{"not_picked":["Malaise","Night Terror"],"picked":"Wraith Form v2","floor":16.0},{"not_picked":["Dagger Spray","Skewer"],"picked":"Dodge and Roll","floor":18},{"not_picked":["Acrobatics","Poisoned Stab"],"picked":"Backflip+1","floor":19},{"not_picked":["Outmaneuver","Slice"],"picked":"Footwork","floor":20},{"not_picked":["Sucker Punch","Dagger Throw+1","Dagger Spray"],"picked":"SKIP","floor":21}],"player_experience":885314,"relics_obtained":[{"floor":6.0,"key":"Blood Vial"},{"floor":9.0,"key":"Akabeko"},{"floor":19,"key":"Red Mask"}],"event_choices":[{"damage_healed":0,"gold_gain":0,"player_choice":"Fought Bandits","damage_taken":0,"max_hp_gain":0,"max_hp_loss":0,"event_name":"Masked Bandits","floor":19,"gold_loss":0},{"damage_healed":0,"gold_gain":0,"player_choice":"Simplicity","damage_taken":0,"max_hp_gain":0,"max_hp_loss":0,"event_name":"Back to Basics","floor":22,"gold_loss":0,"cards_upgraded":["Strike_G","Strike_G","Strike_G","Strike_G","Defend_G","Defend_G","Defend_G","Defend_G","Defend_G"]}],"is_beta":false,"boss_relics":[{"not_picked":["Fusion Hammer","Velvet Choker"],"picked":"Philosopher\u0027s Stone"}],"items_purged_floors":[13],"is_endless":false,"potions_floor_spawned":[2,3,14,16,20,21],"killed_by":"Gremlin Leader","ascension_level":11}}