{"host":"cfluht5kr2kfk9p9","time":1608920705,"event":{"mods":["ATMod(阿瑾Mod)","Act Like it!","BaseMod","Gensokyo","GungeonMod","Hallownest","Highlight Path","Minty Spire (QoL Compilation)","Quick Restart","Rare Cards Sparkle","Relic Stats","RumiaBox-露米娅的神秘盒子","Spicy Shops","StSLib","TestMod","The Alterego","【功能Mod】混沌之环修复补丁"],"gold_per_floor":[120,120,140,165,165,165,165],"floor_reached":6,"playtime":178,"items_purged":[],"score":72,"play_id":"c867c5e7-27ca-4d20-b3fb-da112f24590e","local_time":"20201226022505","is_ascension_mode":true,"campfire_choices":[],"circlet_count":0,"master_deck":["AscendersBane","Strike_B","Strike_B","Strike_B","Strike_B","Defend_B","Defend_B","Defend_B","Defend_B","Zap","Dualcast","AT_DarkMatter","Cold Snap"],"relics":["testmod-TestBox","AT_ATBox","testmod-ChristmasGift","testmod-DeterminationOfClimber","AddBug","SecretRecord"],"acts_visited":["Exordium"],"potions_floor_usage":[3,3,4],"damage_taken":[{"damage":3,"enemies":"Gensokyo:Python","floor":1,"turns":4},{"damage":0,"enemies":"Gensokyo:Gryphon","floor":3,"turns":2},{"damage":6,"enemies":"Gensokyo:3_Fairies","floor":4,"turns":4},{"damage":0,"enemies":"Gensokyo:Cirno","floor":6,"turns":1}],"seed_played":"831249231117898567","potions_obtained":[{"floor":4,"key":"Block Potion"}],"is_trial":false,"path_per_floor":["M","?","M","M","?","E"],"character_chosen":"DEFECT","items_purchased":[],"campfire_rested":0,"item_purchase_floors":[],"current_hp_per_floor":[67,50,54,58,58,58,58],"gold":165,"neow_bonus":"BOSS_RELIC","is_daily":false,"chose_seed":false,"campfire_upgraded":0,"win_rate":0.0,"timestamp":1608920705,"path_taken":["M","?","M","M","?","E"],"items_purchased_type":[],"build_version":"2020-12-22","purchased_purges":0,"victory":false,"max_hp_per_floor":[71,71,71,71,61,61,61],"relic_stats":{"counters":[4,11],"obtain_stats":[{"testmod-TestBox":0,"AT_ATBox":0,"DemoMod:GlassGuonStoneRelic":1,"AddBug":1,"SecretRecord":1,"testmod-DeterminationOfClimber":0,"Cracked Core":0,"testmod-ChristmasGift":0},{"testmod-TestBox":0,"AT_ATBox":0,"DemoMod:GlassGuonStoneRelic":1,"AddBug":1,"SecretRecord":1,"testmod-DeterminationOfClimber":0,"Cracked Core":0,"testmod-ChristmasGift":0},{"testmod-TestBox":0,"AT_ATBox":0,"DemoMod:GlassGuonStoneRelic":4,"AddBug":4,"SecretRecord":4,"testmod-DeterminationOfClimber":0,"Cracked Core":0,"testmod-ChristmasGift":0}]},"card_choices":[{"not_picked":["Stack","Turbo"],"picked":"Cold Snap","floor":1},{"not_picked":["AT_HeatAcrobatics","Redo","Stack"],"picked":"SKIP","floor":3},{"not_picked":["Cold Snap","Beam Cell","Aggregate"],"picked":"SKIP","floor":4}],"player_experience":33607,"relics_obtained":[{"floor":1,"key":"AddBug"}],"event_choices":[],"is_beta":false,"boss_relics":[],"items_purged_floors":[],"is_endless":false,"potions_floor_spawned":[4],"killed_by":"Gensokyo:Cirno","ascension_level":20}}