{"host":"k85tjwrh7mjrrc9a","time":1608922294,"event":{"mods":["AchievementEnabler","BaseMod","Colored Powertips","Highlight Path","Minty Spire (QoL Compilation)","Rare Cards Sparkle","StSLib"],"gold_per_floor":[119,294,148,98,109,109,143,159,182,182,182,182],"floor_reached":11,"playtime":501,"items_purged":[],"score":75,"play_id":"ae1c9eec-3bda-46d1-8e94-ec5700fc6662","local_time":"20201225135134","is_ascension_mode":true,"campfire_choices":[{"data":"Neutralize","floor":6,"key":"SMITH"},{"floor":10,"key":"REST"}],"circlet_count":0,"master_deck":["Strike_G","Strike_G","Strike_G","Strike_G","Strike_G","Defend_G","Defend_G","Defend_G","Defend_G","Defend_G","Survivor","Neutralize+1","Blur","Deflect","Deflect"],"relics":["Ring of the Snake","Happy Flower","Oddly Smooth Stone","Juzu Bracelet"],"acts_visited":["Exordium"],"potions_floor_usage":[7,7,7],"damage_taken":[{"damage":0,"enemies":"Small Slimes","floor":1,"turns":3},{"damage":0,"enemies":"2 Louse","floor":5,"turns":5},{"damage":52,"enemies":"Lagavulin","floor":7,"turns":17},{"damage":0,"enemies":"Jaw Worm","floor":8,"turns":4},{"damage":56,"enemies":"Gremlin Nob","floor":11,"turns":6}],"seed_played":"-2236977618285025399","potions_obtained":[{"floor":0,"key":"Weak Potion"},{"floor":0,"key":"AttackPotion"},{"floor":0,"key":"Ancient Potion"},{"floor":7,"key":"Strength Potion"},{"floor":8,"key":"Strength Potion"}],"is_trial":false,"path_per_floor":["M","?","$","?","M","R","E","M","T","R","E"],"character_chosen":"THE_SILENT","items_purchased":["Happy Flower"],"campfire_rested":1,"item_purchase_floors":[3],"current_hp_per_floor":[70,70,70,70,70,70,18,18,18,39,0,0],"gold":182,"neow_bonus":"THREE_SMALL_POTIONS","is_daily":false,"chose_seed":false,"campfire_upgraded":1,"win_rate":0.0,"timestamp":1608922294,"path_taken":["M","?","$","?","M","R","E","M","T","R","E"],"items_purchased_type":["Relic"],"build_version":"2020-12-22","purchased_purges":0,"victory":false,"max_hp_per_floor":[70,70,70,70,70,70,70,70,70,70,70,70],"card_choices":[{"not_picked":["Well Laid Plans","Slice"],"picked":"Blur","floor":1},{"not_picked":["Deadly Poison","Prepared"],"picked":"Deflect","floor":5},{"not_picked":["Underhanded Strike","Malaise","Sucker Punch"],"picked":"SKIP","floor":7},{"not_picked":["Blur","Bane"],"picked":"Deflect","floor":8}],"player_experience":56028,"relics_obtained":[{"floor":7,"key":"Oddly Smooth Stone"},{"floor":9,"key":"Juzu Bracelet"}],"event_choices":[{"damage_healed":0,"gold_gain":175,"player_choice":"AGREE","damage_taken":0,"max_hp_gain":0,"max_hp_loss":0,"event_name":"Liars Game","floor":2,"gold_loss":0,"cards_obtained":["Doubt"]},{"cards_removed":["Doubt"],"damage_healed":0,"gold_gain":0,"player_choice":"Card Removal","damage_taken":0,"max_hp_gain":0,"max_hp_loss":0,"event_name":"The Cleric","floor":4,"gold_loss":50}],"is_beta":false,"boss_relics":[],"items_purged_floors":[],"is_endless":false,"potions_floor_spawned":[7,8],"killed_by":"Gremlin Nob","ascension_level":1}}