{"host":"4np54w3ai1r5lqo1","time":1608873893,"event":{"mods":["BaseMod","Colored Map","Minty Spire (QoL Compilation)","Quick Restart"],"gold_per_floor":[117,117,137,155,230,230,263,263,263,277,293,70,101,112,112,112,112],"floor_reached":16,"playtime":714,"items_purged":[],"score":168,"play_id":"c53da4fb-4dd9-4659-a346-8a3ee4278b00","local_time":"20201225032453","is_ascension_mode":true,"campfire_choices":[{"data":"Leg Sweep","floor":6,"key":"SMITH"},{"floor":8,"key":"REST"},{"floor":15,"key":"REST"}],"circlet_count":0,"master_deck":["AscendersBane","Strike_G","Strike_G","Strike_G","Strike_G","Strike_G","Defend_G","Defend_G+1","Defend_G","Defend_G","Defend_G","Survivor","Neutralize","Dagger Spray+1","Sucker Punch","Leg Sweep+1","PiercingWail","Dagger Spray","Terror","Leg Sweep","Acrobatics","Reflex"],"relics":["Ring of the Snake","Ancient Tea Set","Gambling Chip","TungstenRod","TwistedFunnel","Art of War"],"acts_visited":["Exordium"],"potions_floor_usage":[13,14,16],"damage_taken":[{"damage":1,"enemies":"Cultist","floor":1,"turns":5},{"damage":0,"enemies":"2 Louse","floor":3,"turns":2},{"damage":0,"enemies":"Jaw Worm","floor":4,"turns":4},{"damage":36,"enemies":"3 Sentries","floor":7,"turns":10},{"damage":4,"enemies":"Looter","floor":10,"turns":4},{"damage":0,"enemies":"Large Slime","floor":11,"turns":6},{"damage":3,"enemies":"Lagavulin","floor":13,"turns":4},{"damage":0,"enemies":"Exordium Wildlife","floor":14,"turns":4},{"damage":37,"enemies":"Hexaghost","floor":16,"turns":18}],"seed_played":"1959761243027903593","potions_obtained":[{"floor":1,"key":"Strength Potion"},{"floor":10,"key":"SpeedPotion"},{"floor":11,"key":"SteroidPotion"},{"floor":14,"key":"PowerPotion"}],"is_trial":false,"path_per_floor":["M","?","M","M","?","R","E","R","T","M","M","$","E","M","R","B"],"character_chosen":"THE_SILENT","items_purchased":["TwistedFunnel","Leg Sweep"],"campfire_rested":2,"item_purchase_floors":[12,12],"current_hp_per_floor":[62,48,48,48,37,37,1,22,22,18,18,18,15,15,36,0,0],"gold":112,"neow_bonus":"RANDOM_COMMON_RELIC","is_daily":false,"chose_seed":false,"campfire_upgraded":1,"win_rate":0.0,"timestamp":1608873893,"path_taken":["M","?","M","M","?","R","E","R","T","M","M","$","E","M","R","BOSS"],"items_purchased_type":["Relic","Card"],"build_version":"2020-12-22","purchased_purges":0,"victory":false,"max_hp_per_floor":[70,70,70,70,70,70,70,70,70,70,70,70,70,70,70,70,70],"card_choices":[{"not_picked":["Sucker Punch","Setup"],"picked":"Dagger Spray","floor":1},{"not_picked":["Quick Slash","Terror"],"picked":"Sucker Punch","floor":3},{"not_picked":["Dodge and Roll","Deadly Poison"],"picked":"Leg Sweep","floor":4},{"not_picked":["Sucker Punch","Deadly Poison"],"picked":"PiercingWail","floor":7},{"not_picked":["Poisoned Stab","Accuracy"],"picked":"Dagger Spray","floor":10},{"not_picked":["Cloak And Dagger","Phantasmal Killer"],"picked":"Terror","floor":11},{"not_picked":["Catalyst","Outmaneuver"],"picked":"Acrobatics","floor":13},{"not_picked":["Concentrate","Underhanded Strike"],"picked":"Reflex","floor":14}],"player_experience":466306,"relics_obtained":[{"floor":7,"key":"Gambling Chip"},{"floor":9,"key":"TungstenRod"},{"floor":13,"key":"Art of War"}],"event_choices":[{"damage_healed":0,"gold_gain":0,"player_choice":"Entered Light","damage_taken":14,"max_hp_gain":0,"max_hp_loss":0,"event_name":"Shining Light","floor":2,"gold_loss":0,"cards_upgraded":["Dagger Spray","Defend_G"]},{"damage_healed":0,"gold_gain":75,"player_choice":"Gather Gold","damage_taken":11,"max_hp_gain":0,"max_hp_loss":0,"event_name":"World of Goop","floor":5,"gold_loss":0}],"is_beta":false,"boss_relics":[],"items_purged_floors":[],"is_endless":false,"potions_floor_spawned":[1,10,11,14],"killed_by":"Hexaghost","ascension_level":10}}