{"host":"0azimyi6n3ugndj4","time":1608911481,"event":{"mods":["2.2 Compatiblity","BaseMod","Bestiary","Conspire","Curses Come First","Defuse TimeMaze Blight","Hyrulean Relics","Infinite Spire","Minty Spire (QoL Compilation)","Relic Stats","Replay The Spire","StSLib","SuperFastMode","Uncapped","¡¼?Úª?ø«¡½REMEMod"],"gold_per_floor":[132,273,315,315,153,153,153,255,282,375,411,450,537,600,600,834,834,894,894,939,889,280,280,280],"floor_reached":23,"playtime":1031,"items_purged":[],"score":664,"play_id":"b9d528e9-94ce-473e-90b7-e68eb2c047f9","local_time":"20201226005121","daily_mods":["SealedDeck","Hoarder","Insanity","Chimera","Specialized","Vintage","ControlledChaos","Allstar","Diverse","Colorless Cards","Heirloom","Time Dilation","Flight","Binary","Elite Swarm","Lethality","Midas","Night Terrors","Binary"],"is_ascension_mode":true,"campfire_choices":[{"floor":6,"key":"REST"}],"circlet_count":0,"master_deck":["Demon Form","Wraith Form v2","Echo Form","DevaForm","AscendersBane","Bash","Survivor","Zap","Eruption","Strike_R","Strike_G","Strike_B+1","Defend_R+1","Defend_G+1","Defend_P","Flechettes","Replay:Undeath\u0027s Touch","Beam Cell","Madness","conspire:PoisonWeapons","Replay:DivineShield","SignatureMove","Life Link","Armaments","Cold Snap","Prostrate","Deadly Poison","Sneak Up","Crescendo","Cold Snap","Dodge and Roll","EmptyBody","EmptyBody","Defy Death","Replay:AtTheReady+1","InnerPeace","CrushJoints","Beam Cell","Trip","JustLucky","Melter","Flash of Steel","Shrug It Off","REME_GreenPollution","EmptyBody","Prepared","Warcry","FearNoEvil","Prostrate","REME_TwoStrings","ReplayTheSpireMod:Repulse","BasicCrystalCard","Carnage","Battle Trance","Undo","Bane","Replay:Undeath\u0027s Touch","Accuracy","Compile Driver","Cloak And Dagger","Outmaneuver","BasicCrystalCard","Dagger Spray","DeceiveReality","REME_Compress","Sever Soul","Sever Soul","Sever Soul","Sever Soul","Sever Soul","Sever Soul","Sever Soul","Sever Soul","Sever Soul","Sever Soul","Sever Soul","Sever Soul","Sever Soul","Sever Soul","Sever Soul","Gash","Gash","Gash","Eviscerate","Eviscerate","Eviscerate","Body Slam","Body Slam","Body Slam","Steam","Steam","Steam","Storm","Storm","Storm","Body Slam","Body Slam","Body Slam","Fasting2","Fasting2","Fasting2","Good Instincts","Good Instincts","Good Instincts","Flechettes","Flechettes","Flechettes","Acrobatics","Acrobatics","Acrobatics","Machine Learning","Machine Learning","Machine Learning","Hallucinations","Hallucinations","Hallucinations","Writhe","Writhe","Writhe","Replay:Fractal Strike","Replay:Fractal Strike","Replay:Fractal Strike"],"relics":["Burning Blood","Frozen Eye","Busted Crown","REME_ComplimentaryCards","Champion Belt","REME_HandOfSuture","War Paint","Simple Rune","zeldaRelics:BlueTunic","Replay:Baseball","zeldaRelics:CourageTriforce","Boot","ReplayTheSpireMod:Ninjato","zeldaRelics:WisdomPiece","Odd Mushroom","Coffee Dripper","Blood Vial","Letter Opener","infinitespire:Joker Card","infinitespire:Bottled Soul"],"acts_visited":["Exordium","TheCity"],"potions_floor_usage":[16,23],"damage_taken":[{"damage":15,"enemies":"Small Slimes","floor":1,"turns":2},{"damage":0,"enemies":"2 Louse","floor":3,"turns":1},{"damage":0,"enemies":"2 Louse","floor":4,"turns":2},{"damage":21,"enemies":"Lagavulin","floor":8,"turns":5},{"damage":35,"enemies":"3 Sentries","floor":10,"turns":5},{"damage":0,"enemies":"Cultist","floor":11,"turns":2},{"damage":11,"enemies":"Blue Slaver","floor":12,"turns":4},{"damage":8,"enemies":"Lagavulin","floor":13,"turns":3},{"damage":15,"enemies":"The Mushroom Lair","floor":14,"turns":4},{"damage":23,"enemies":"The Guardian","floor":16,"turns":8},{"damage":58,"enemies":"3 Byrds","floor":18,"turns":3},{"damage":22,"enemies":"Shell Parasite","floor":20,"turns":4},{"damage":19,"enemies":"Nightmare","floor":23,"turns":4}],"seed_played":"2699643285204339506","potions_obtained":[{"floor":1,"key":"DuplicationPotion"},{"floor":2,"key":"SneckoOil"},{"floor":8,"key":"conspire:TimeTravelPotion"},{"floor":13,"key":"FairyPotion"},{"floor":18,"key":"Toxic Potion"},{"floor":20,"key":"Fire Potion"}],"is_trial":true,"path_per_floor":["M","?","M","?","$","R","?","E","T","E","M","M","E","?","R","B",null,"M","?","M","?","$","NM"],"character_chosen":"IRONCLAD","items_purchased":["Replay:Baseball","infinitespire:Joker Card","infinitespire:Bottled Soul"],"campfire_rested":1,"item_purchase_floors":[5,22,22],"current_hp_per_floor":[59,35,41,47,47,70,75,60,60,31,37,32,30,21,21,10,59,7,7,17,17,17,0,0],"gold":280,"neow_bonus":"","is_daily":false,"chose_seed":false,"campfire_upgraded":0,"win_rate":0.0,"timestamp":1608911481,"path_taken":["M","?","?","?","?","R","?","E","T","E","?","?","E","?","R","BOSS","M","?","?","?","?","NM"],"items_purchased_type":["Relic","Relic","Relic"],"build_version":"2020-12-22","purchased_purges":0,"victory":false,"max_hp_per_floor":[75,75,75,75,75,70,75,75,75,75,75,75,75,75,75,75,75,75,75,75,75,75,75,75],"relic_stats":{"Blood Vial":4,"Busted Crown":28,"counters":[13,47],"Champion Belt":[12],"Letter Opener":[10],"War Paint":["Defend_R","Replay:AtTheReady"],"Boot":[31],"obtain_stats":[{"zeldaRelics:BlueTunic":4,"zeldaRelics:WisdomPiece":13,"ReplayTheSpireMod:Ninjato":12,"infinitespire:Joker Card":22,"Letter Opener":20,"War Paint":2,"Odd Mushroom":14,"Boot":11,"Burning Blood":0,"zeldaRelics:CourageTriforce":10,"Blood Vial":18,"Frozen Eye":0,"Replay:Baseball":5,"Busted Crown":0,"infinitespire:Bottled Soul":22,"Simple Rune":3,"REME_HandOfSuture":1,"zeldaRelics:CouragePiece":8,"Coffee Dripper":17,"Champion Belt":0,"REME_ComplimentaryCards":0},{"zeldaRelics:BlueTunic":3,"zeldaRelics:WisdomPiece":8,"ReplayTheSpireMod:Ninjato":7,"infinitespire:Joker Card":12,"Letter Opener":12,"War Paint":1,"Odd Mushroom":9,"Boot":6,"Burning Blood":0,"zeldaRelics:CourageTriforce":5,"Blood Vial":11,"Frozen Eye":0,"Replay:Baseball":3,"Busted Crown":0,"infinitespire:Bottled Soul":12,"Simple Rune":2,"REME_HandOfSuture":1,"zeldaRelics:CouragePiece":4,"Coffee Dripper":10,"Champion Belt":0,"REME_ComplimentaryCards":0},{"zeldaRelics:BlueTunic":5,"zeldaRelics:WisdomPiece":24,"ReplayTheSpireMod:Ninjato":21,"infinitespire:Joker Card":43,"Letter Opener":43,"War Paint":2,"Odd Mushroom":28,"Boot":17,"Burning Blood":0,"zeldaRelics:CourageTriforce":15,"Blood Vial":39,"Frozen Eye":0,"Replay:Baseball":5,"Busted Crown":0,"infinitespire:Bottled Soul":43,"Simple Rune":3,"REME_HandOfSuture":2,"zeldaRelics:CouragePiece":10,"Coffee Dripper":36,"Champion Belt":0,"REME_ComplimentaryCards":0}],"Burning Blood":72},"card_choices":[{"not_picked":["infinitespire:Starlight","infinitespire:Collect"],"picked":"Replay:Fractal Strike","floor":15}],"player_experience":1424741,"relics_obtained":[{"floor":1,"key":"REME_HandOfSuture"},{"floor":2,"key":"War Paint"},{"floor":3,"key":"Simple Rune"},{"floor":4,"key":"zeldaRelics:BlueTunic"},{"floor":8,"key":"zeldaRelics:CouragePiece"},{"floor":9,"key":"zeldaRelics:CouragePiece"},{"floor":10,"key":"zeldaRelics:CouragePiece"},{"floor":11,"key":"Boot"},{"floor":12,"key":"ReplayTheSpireMod:Ninjato"},{"floor":13,"key":"zeldaRelics:WisdomPiece"},{"floor":14,"key":"Odd Mushroom"},{"floor":18,"key":"Blood Vial"},{"floor":20,"key":"Letter Opener"}],"event_choices":[{"damage_healed":0,"gold_gain":0,"player_choice":"Donut","damage_taken":0,"max_hp_gain":5,"max_hp_loss":0,"event_name":"Big Fish","floor":7,"gold_loss":0},{"damage_healed":0,"gold_gain":0,"player_choice":"Fought Mushrooms","damage_taken":0,"max_hp_gain":0,"max_hp_loss":0,"event_name":"Mushrooms","floor":14,"gold_loss":0},{"damage_healed":0,"gold_gain":0,"player_choice":"Got Potions","damage_taken":0,"max_hp_gain":0,"max_hp_loss":0,"event_name":"Lab","floor":19,"gold_loss":0},{"damage_healed":0,"gold_gain":0,"player_choice":"Bet on Murderer","damage_taken":0,"max_hp_gain":0,"max_hp_loss":0,"event_name":"The Joust","floor":21,"gold_loss":50}],"is_beta":false,"boss_relics":[{"not_picked":["conspire:SpecialSausage","Runic Dome"],"picked":"Coffee Dripper"}],"items_purged_floors":[],"is_endless":false,"potions_floor_spawned":[1,8,11,13,14,18,20],"killed_by":"Nightmare","ascension_level":20}}