{"host":"8fjsnt81u6xsmhji","time":1608876541,"event":{"mods":["BaseMod","Colored Powertips","Downfall","Glutton Mod","Hermit","Minty Spire (QoL Compilation)","Quick Restart","Somnambulant","StSLib","The Blackbeard","The Bladedancer","The Bug Knight","The Construct","The Forsaken","The Hierophant","The Mystic","The Servant 0.9.4"],"gold_per_floor":[115,130,148,159,171,171,185,185,185,185,460,472,500,512,512,512,512],"floor_reached":16,"playtime":664,"items_purged":[],"score":111,"play_id":"bc5066a3-3bf1-4bd7-be50-fc97132909d6","local_time":"20201225000901","is_ascension_mode":true,"campfire_choices":[{"floor":6,"key":"REST"},{"floor":8,"key":"REST"},{"data":"blademaster:StanceMastery","floor":10,"key":"SMITH"},{"floor":15,"key":"REST"}],"circlet_count":0,"master_deck":["blademaster:Strike","blademaster:Strike","blademaster:Strike","blademaster:Strike","blademaster:Defend","blademaster:Defend","blademaster:Defend","blademaster:Defend","blademaster:RagingBlow","blademaster:HighVoltage","blademaster:StanceMastery+1","blademaster:DeadlyDance","blademaster:ChargingUp","blademaster:LightningDraw","blademaster:Empower","blademaster:TraverseCut","Regret","blademaster:Quickstep","blademaster:AspectOfLightning","blademaster:Safeguard"],"relics":["blademaster:DancersAmulet","Darkstone Periapt","Unceasing Top"],"acts_visited":["Exordium"],"potions_floor_usage":[13],"damage_taken":[{"damage":0.0,"enemies":"Cultist","floor":1.0,"turns":3.0},{"damage":0.0,"enemies":"Jaw Worm","floor":2.0,"turns":5.0},{"damage":0,"enemies":"2 Louse","floor":3,"turns":3},{"damage":11,"enemies":"Large Slime","floor":4,"turns":8},{"damage":14,"enemies":"Red Slaver","floor":5,"turns":5},{"damage":4,"enemies":"2 Fungi Beasts","floor":7,"turns":3},{"damage":7,"enemies":"Looter","floor":12,"turns":2},{"damage":28,"enemies":"3 Sentries","floor":13,"turns":11},{"damage":26,"enemies":"Large Slime","floor":14,"turns":9},{"damage":0,"enemies":"Hexaghost","floor":16,"turns":1}],"seed_played":"8730646643646994775","potions_obtained":[{"floor":4,"key":"SteroidPotion"},{"floor":12,"key":"Fire Potion"},{"floor":13,"key":"Slimebound:ThreeZeroPotion"},{"floor":14,"key":"SteroidPotion"}],"is_trial":false,"path_per_floor":["M","M","M","M","M","R","M","R","T","R","?","M","E","M","R","B"],"character_chosen":"THE_BLADEMASTER","items_purchased":[],"campfire_rested":3,"item_purchase_floors":[],"current_hp_per_floor":[54,54,54,43,29,51,47,69,69,69,75,68,40,14,38,38,38],"gold":512,"neow_bonus":"THREE_RARE_CARDS","is_daily":false,"chose_seed":false,"campfire_upgraded":1,"win_rate":0.0,"timestamp":1608876541,"path_taken":["M","M","M","M","?","R","M","R","T","R","?","M","E","?","R","BOSS"],"items_purchased_type":[],"build_version":"2020-12-22","purchased_purges":0,"victory":false,"max_hp_per_floor":[75,75,75,75,75,75,75,75,75,75,81,81,81,81,81,81,81],"card_choices":[{"not_picked":["blademaster:Blindside","blademaster:ColdBlood"],"picked":"blademaster:StanceMastery","floor":0.0},{"not_picked":["blademaster:Sharpen","blademaster:Hailwind"],"picked":"blademaster:DeadlyDance","floor":1.0},{"not_picked":["blademaster:DragonStrike","blademaster:AirSlash"],"picked":"blademaster:ChargingUp","floor":2.0},{"not_picked":["blademaster:AirSlash","blademaster:AwakeningStrike"],"picked":"blademaster:LightningDraw","floor":3},{"not_picked":["blademaster:Overcharge","blademaster:IcyWind","blademaster:WindSlash"],"picked":"SKIP","floor":4},{"not_picked":["blademaster:BloodyBlow","blademaster:Safeguard"],"picked":"blademaster:Empower","floor":5},{"not_picked":["blademaster:Frontflip","blademaster:Slice"],"picked":"blademaster:TraverseCut","floor":7},{"not_picked":["blademaster:CombatPrep","blademaster:WindSlash"],"picked":"blademaster:Quickstep","floor":12},{"not_picked":["blademaster:AwakeningDefend","blademaster:CullingStrike"],"picked":"blademaster:AspectOfLightning","floor":13},{"not_picked":["blademaster:Quickness","blademaster:OneTrickPony"],"picked":"blademaster:Safeguard","floor":14}],"player_experience":727664,"relics_obtained":[{"floor":9,"key":"Darkstone Periapt"},{"floor":13,"key":"Unceasing Top"},{"floor":13,"key":"blademaster:BleedingMoreDamagePerk"}],"event_choices":[{"damage_healed":0,"gold_gain":275,"player_choice":"Desecrate","damage_taken":0,"max_hp_gain":0,"max_hp_loss":0,"event_name":"Golden Shrine","floor":11,"gold_loss":0,"cards_obtained":["Regret"]}],"is_beta":false,"boss_relics":[],"items_purged_floors":[],"is_endless":false,"potions_floor_spawned":[4,12,13,14],"killed_by":"Hexaghost","ascension_level":1}}