{"host":"qwv9nni2x0umspiu","time":1608894205,"event":{"mods":["BaseMod","Downfall","Minty Spire (QoL Compilation)","Replay The Spire","StSLib","The Hierophant","Wandering Minibosses"],"gold_per_floor":[111,111,131,131,131,131,73,73,73,105,122,141,141,164,164,198,198,307,232,157,226,17,83,83,83,134,202,202,33,33,123,123,255,255,334,334,413,513,615,615,729,775,775,454,508,616,491,1110,1110,1070,1060,1060,1060,834,862,713],"floor_reached":57,"playtime":2212,"items_purged":["Hallucinations","hierophant:SolarFlare+1","hierophant:Punish+1","hierophant:BulkyChest+1"],"score":2466,"play_id":"e3798dbd-92b6-4059-a7cc-73b50b17c1ce","local_time":"20201225030325","is_ascension_mode":true,"campfire_choices":[{"data":"hierophant:ChurchCoffers","floor":6.0,"key":"SMITH"},{"data":"hierophant:Punish","floor":8.0,"key":"SMITH"},{"data":"hierophant:Community","floor":15.0,"key":"SMITH"},{"data":"hierophant:Upheaval","floor":25.0,"key":"SMITH"},{"data":"hierophant:HammerAndAnvil","floor":40,"key":"SMITH"},{"floor":49,"key":"RECALL"},{"data":"hierophant:AuricForm","floor":53,"key":"SMITH"}],"circlet_count":0,"master_deck":["AscendersBane","hierophant:ChurchCoffers+1","hierophant:Upheaval+1","hierophant:Smite","hierophant:HammerAndAnvil+1","hierophant:Community+1","hierophant:Encroach+1","hierophant:Shelter+1","hierophant:HammerAndAnvil+1","hierophant:Community","hierophant:MirrorShield+1","hierophant:AuricForm+1","hierophant:Zeal","hierophant:MirrorShield+1","hierophant:ChurchCoffers+1","hierophant:HammerAndAnvil+1","hierophant:Exaltation+1","hierophant:Kindle+1","hierophant:Chorus+1"],"relics":["hierophant:PropheticMaskRelic","NeowsBlessing","Orichalcum","StrikeDummy","Happy Flower","Kintsugi","Orrery","InkBottle","Guide Book","Toxic Egg 2","Bag of Marbles","ReplayTheSpireMod:DimensionalGlitch","Omamori","Gremlin Horn","DollysMirror","Sundial","wanderingMiniBosses:LockLocket","War Paint"],"acts_visited":["Exordium","TheCity","TheBeyond","TheEnding"],"potions_floor_usage":[39,46,56],"damage_taken":[{"damage":0.0,"enemies":"Small Slimes","floor":1.0,"turns":1.0},{"damage":0.0,"enemies":"2 Louse","floor":3.0,"turns":1.0},{"damage":0.0,"enemies":"Gremlin Nob","floor":10.0,"turns":1.0},{"damage":0.0,"enemies":"Jaw Worm","floor":11.0,"turns":1.0},{"damage":3.0,"enemies":"3 Louse","floor":12.0,"turns":3.0},{"damage":12.0,"enemies":"3 Sentries","floor":14.0,"turns":5.0},{"damage":15.0,"enemies":"Hexaghost","floor":16.0,"turns":6.0},{"damage":9.0,"enemies":"2 Thieves","floor":18.0,"turns":5.0},{"damage":0.0,"enemies":"Spheric Guardian","floor":21.0,"turns":2.0},{"damage":45.0,"enemies":"Book of Stabbing","floor":23.0,"turns":7.0},{"damage":0.0,"enemies":"Snecko","floor":27.0,"turns":2.0},{"damage":5,"enemies":"Replay:Snechameleon","floor":31,"turns":4},{"damage":0,"enemies":"Champ","floor":33,"turns":2},{"damage":0,"enemies":"3 Darklings","floor":35,"turns":2},{"damage":0,"enemies":"Orb Walker","floor":37,"turns":1},{"damage":0,"enemies":"Jaw Worm Horde","floor":38,"turns":2},{"damage":2,"enemies":"3 Darklings","floor":39,"turns":3},{"damage":3,"enemies":"Reptomancer","floor":41,"turns":3},{"damage":0,"enemies":"4 Shapes","floor":42,"turns":4},{"damage":0,"enemies":"Writhing Mass","floor":45,"turns":1},{"damage":6,"enemies":"Nemesis","floor":46,"turns":5},{"damage":0,"enemies":"Maw","floor":48,"turns":2},{"damage":0,"enemies":"Awakened One","floor":50,"turns":1},{"damage":0,"enemies":"Replay:Hell Engine","floor":51,"turns":3},{"damage":0,"enemies":"Shield and Spear","floor":55,"turns":3},{"damage":37,"enemies":"The Heart","floor":56,"turns":5}],"seed_played":"-2482504188378270143","potions_obtained":[{"floor":1.0,"key":"Venom Potion"},{"floor":3.0,"key":"sneckomod:MuddlingPotion"},{"floor":11.0,"key":"Guardian:BlockOnCardUsePotion"},{"floor":12.0,"key":"Dexterity Potion"},{"floor":14.0,"key":"FearPotion"},{"floor":21.0,"key":"PowerPotion"},{"floor":33,"key":"hexamod:EctoCoolerPotion"},{"floor":39,"key":"Dexterity Potion"},{"floor":41,"key":"FearPotion"},{"floor":42,"key":"FairyPotion"},{"floor":55,"key":"FearPotion"}],"is_trial":false,"path_per_floor":["M","$","M","?","?","R","$","R","T","E","M","M","?","E","R","B",null,"M","$","?","M","$","E","?","R","T","M","?","$","T","E","R","B",null,"M","?","M","M","M","R","E","M","T","$","M","E","$","M","R","B","B",null,"R","$","E","B",null],"character_chosen":"HIEROPHANT","items_purchased":["hierophant:HammerAndAnvil","hierophant:Shelter","Orrery","Guide Book","DollysMirror","hierophant:HammerAndAnvil+1","hierophant:Chorus+1"],"campfire_rested":0,"item_purchase_floors":[7,22,22,29,44,44,54],"current_hp_per_floor":[68,68,68,68,73,73,73,73,73,73,73,70,70,58,58,43,71,62,62,62,62,62,17,17,17,17,17,17,17,17,12,36,36,69,69,69,69,69,67,67,64,64,64,64,64,58,58,58,58,58,58,75,75,75,75,38],"gold":713,"neow_bonus":"THREE_ENEMY_KILL","is_daily":false,"chose_seed":false,"campfire_upgraded":6,"win_rate":0.0,"timestamp":1608894205,"path_taken":["M","$","M","?","?","R","$","R","T","E","M","M","?","E","R","BOSS","M","$","?","M","$","E","?","R","T","M","?","$","?","E","R","BOSS","M","?","M","M","M","R","E","M","T","?","M","E","$","M","R","BOSS","BOSS","R","$","E","BOSS"],"items_purchased_type":["Card","Card","Relic","Relic","Relic","Card","Card"],"build_version":"2020-12-22","purchased_purges":4,"victory":true,"max_hp_per_floor":[75,75,75,75,80,80,80,80,80,80,80,80,80,80,80,80,80,80,80,80,80,80,80,80,80,80,80,80,80,80,80,80,80,80,80,80,80,80,80,80,80,80,80,80,80,80,80,80,80,80,80,80,80,80,80,80],"card_choices":[{"not_picked":["hierophant:Glossolalia","hierophant:Doubloon"],"picked":"hierophant:Upheaval","floor":1.0},{"not_picked":["hierophant:PristineSoul","hierophant:Refuge"],"picked":"hierophant:Smite","floor":3.0},{"not_picked":["hierophant:MorningPrayer","hierophant:Encroach","hierophant:PassingBell"],"picked":"SKIP","floor":10.0},{"not_picked":["hierophant:AuricBeam","hierophant:Charity","hierophant:Smite"],"picked":"SKIP","floor":11.0},{"not_picked":["hierophant:DisplayOfPower","hierophant:CoinFling"],"picked":"hierophant:Community","floor":12.0},{"not_picked":["hierophant:HolyVerse","hierophant:RepressedViolence","hierophant:MintersHammer"],"picked":"SKIP","floor":14.0},{"not_picked":["hierophant:Anathema","hierophant:Cornucopia"],"picked":"hierophant:BulkyChest","floor":16.0},{"not_picked":["hierophant:Prophecy","hierophant:Doubloon+1"],"picked":"hierophant:Encroach+1","floor":18.0},{"not_picked":["hierophant:CoinFling","hierophant:ThreeLashes","hierophant:DisplayOfPower"],"picked":"SKIP","floor":21.0},{"not_picked":["hierophant:Patience","hierophant:SolarFlare"],"picked":"hierophant:HammerAndAnvil","floor":22.0},{"not_picked":["hierophant:LocustPlague","hierophant:ThreeLashes","hierophant:OrnateJavelin+1"],"picked":"SKIP","floor":23.0},{"not_picked":["hierophant:Doubloon","hierophant:RustyCrate","hierophant:Endure+1"],"picked":"SKIP","floor":27.0},{"not_picked":["hierophant:PassingBell","hierophant:FlamingChariot","hierophant:DeathKnell+1"],"picked":"SKIP","floor":31},{"not_picked":["hierophant:Mercenaries+1","hierophant:Doubloon+1"],"picked":"hierophant:MirrorShield+1","floor":35},{"not_picked":["hierophant:Charity","hierophant:Glossolalia+1"],"picked":"hierophant:Zeal","floor":37},{"not_picked":["hierophant:HolyVerse+1","hierophant:MorningPrayer+1","hierophant:Dazzle+1"],"picked":"SKIP","floor":38},{"not_picked":["hierophant:Embezzle+1","hierophant:PristineSoul+1","hierophant:PassingBell+1"],"picked":"SKIP","floor":39},{"not_picked":["hierophant:Endure+1","hierophant:Zeal"],"picked":"hierophant:MirrorShield+1","floor":41},{"not_picked":["hierophant:DisplayOfPower","hierophant:MorningPrayer+1","hierophant:Dazzle+1"],"picked":"SKIP","floor":42},{"not_picked":["hierophant:ThreeLashes","hierophant:Bribe+1"],"picked":"hierophant:Exaltation+1","floor":45},{"not_picked":["hierophant:Remorse","hierophant:RustyCrate+1"],"picked":"hierophant:Kindle+1","floor":46},{"not_picked":["hierophant:Purify+1","hierophant:FlamingChariot","hierophant:ConvertCurrency+1"],"picked":"SKIP","floor":48},{"not_picked":["hierophant:HolyVerse+1","hierophant:Endure+1","hierophant:RecallFunds+1"],"picked":"SKIP","floor":55}],"player_experience":1306597,"relics_obtained":[{"floor":9.0,"key":"Orichalcum"},{"floor":10.0,"key":"StrikeDummy"},{"floor":14.0,"key":"Happy Flower"},{"floor":23.0,"key":"InkBottle"},{"floor":30.0,"key":"Toxic Egg 2"},{"floor":31,"key":"Bag of Marbles"},{"floor":41,"key":"Omamori"},{"floor":43,"key":"Gremlin Horn"},{"floor":46,"key":"Sundial"},{"floor":48,"key":"wanderingMiniBosses:LockLocket"},{"floor":55,"key":"War Paint"}],"event_choices":[{"damage_healed":0.0,"max_hp_gain":5.0,"max_hp_loss":0.0,"gold_gain":0.0,"event_name":"Big Fish","player_choice":"Donut","floor":5.0,"gold_loss":0.0,"damage_taken":0.0},{"damage_healed":0.0,"max_hp_gain":0.0,"max_hp_loss":0.0,"gold_gain":0.0,"event_name":"Living Wall","player_choice":"Grow","floor":13.0,"gold_loss":0.0,"damage_taken":0.0,"cards_upgraded":["hierophant:HammerAndAnvil"]},{"cards_removed":["Slimebound:Icky"],"damage_healed":0.0,"max_hp_gain":0.0,"max_hp_loss":0.0,"gold_gain":0.0,"event_name":"Beggar","player_choice":"Gave Gold","floor":20.0,"gold_loss":75.0,"damage_taken":0.0},{"damage_healed":0.0,"max_hp_gain":0.0,"max_hp_loss":0.0,"gold_gain":0.0,"cards_transformed":["hierophant:Strike_Hierophant","hierophant:Defend_Hierophant"],"event_name":"Drug Dealer","player_choice":"Became Test Subject","floor":28.0,"gold_loss":0.0,"damage_taken":0.0,"cards_obtained":["hierophant:SolarFlare","hierophant:Community"]},{"damage_healed":0,"gold_gain":0,"cards_transformed":["hierophant:Defend_Hierophant"],"player_choice":"Transformed","damage_taken":0,"max_hp_gain":0,"max_hp_loss":0,"event_name":"Transmorgrifier","floor":36,"gold_loss":0,"cards_obtained":["hierophant:AuricForm"]}],"is_beta":false,"boss_relics":[{"not_picked":["Abe\u0027s Treasure","Replay:Ancient Bell"],"picked":"Kintsugi"},{"not_picked":["Snecko Eye","Painkiller Herb"],"picked":"ReplayTheSpireMod:DimensionalGlitch"}],"items_purged_floors":[19,44,47,54],"is_endless":false,"potions_floor_spawned":[1,3,11,12,14,21,33,39,41,42,45,55],"ascension_level":20}}