{"host":"nkq47b23w6g6esgi","time":1608871273,"event":{"mods":["AchievementEnabler","BaseMod","Colored Map","Colored Powertips","DeckTracker","Minty Spire (QoL Compilation)","Quick Restart","StSLib","SuperFastMode"],"gold_per_floor":[110,80,28,48,48,92,12,12,12,12,32,52,65,65,65,65,65],"floor_reached":16,"playtime":377,"items_purged":[],"score":244,"play_id":"4b1e3564-a099-4bb0-99e9-27b45c76fc3a","local_time":"20201225134113","is_ascension_mode":true,"campfire_choices":[{"data":"Inflame","floor":8.0,"key":"SMITH"},{"data":"Wild Strike","floor":10.0,"key":"SMITH"},{"data":"Sword Boomerang","floor":15,"key":"SMITH"}],"circlet_count":0,"master_deck":["AscendersBane","Strike_R","Strike_R","Strike_R","Strike_R","Strike_R","Defend_R","Defend_R","Defend_R","Defend_R","Bash","Battle Trance","Headbutt","Wild Strike+1","Injury","Whirlwind","Inflame+1","Sword Boomerang+1","Offering","Warcry+1"],"relics":["Burning Blood","NeowsBlessing","Golden Idol","Bronze Scales","Boot"],"acts_visited":["Exordium"],"potions_floor_usage":[16,16,16,16],"damage_taken":[{"damage":0.0,"enemies":"2 Louse","floor":1.0,"turns":1.0},{"damage":0.0,"enemies":"Cultist","floor":4.0,"turns":1.0},{"damage":0.0,"enemies":"Lagavulin","floor":6.0,"turns":1.0},{"damage":9.0,"enemies":"Small Slimes","floor":11.0,"turns":2.0},{"damage":13.0,"enemies":"3 Louse","floor":12.0,"turns":3.0},{"damage":29,"enemies":"Gremlin Gang","floor":13,"turns":3},{"damage":38,"enemies":"The Guardian","floor":16,"turns":8}],"seed_played":"-1842465317046605170","potions_obtained":[{"floor":2.0,"key":"Weak Potion"},{"floor":2.0,"key":"EntropicBrew"}],"is_trial":false,"path_per_floor":["M","?","$","M","?","E","$","R","T","R","M","M","M","?","R","B"],"character_chosen":"IRONCLAD","items_purchased":["Headbutt","Inflame"],"campfire_rested":0,"item_purchase_floors":[3,7],"current_hp_per_floor":[74,74,74,75,75,75,75,75,75,75,72,65,42,42,42,4,4],"gold":65,"neow_bonus":"THREE_ENEMY_KILL","is_daily":false,"chose_seed":false,"campfire_upgraded":3,"win_rate":0.0,"timestamp":1608871273,"path_taken":["M","?","?","?","?","E","$","R","T","R","M","M","M","?","R","BOSS"],"items_purchased_type":["Card","Card"],"build_version":"2020-12-22","purchased_purges":0,"victory":false,"max_hp_per_floor":[75,75,75,75,75,75,75,75,75,75,75,75,75,75,75,75,75],"card_choices":[{"not_picked":["Heavy Blade","Perfected Strike"],"picked":"Battle Trance","floor":1.0},{"not_picked":["Thunderclap","Spot Weakness"],"picked":"Wild Strike","floor":4.0},{"not_picked":["Pommel Strike","Iron Wave"],"picked":"Whirlwind","floor":6.0},{"not_picked":["Body Slam","Heavy Blade"],"picked":"Sword Boomerang","floor":11.0},{"not_picked":["Iron Wave","Sword Boomerang"],"picked":"Offering","floor":12.0},{"not_picked":["Uppercut","Entrench"],"picked":"Warcry","floor":13}],"player_experience":408898,"relics_obtained":[{"floor":6.0,"key":"Bronze Scales"},{"floor":9.0,"key":"Boot"}],"event_choices":[{"damage_healed":0.0,"max_hp_gain":0.0,"max_hp_loss":0.0,"gold_gain":0.0,"event_name":"The Woman in Blue","player_choice":"Bought 2 Potions","floor":2.0,"gold_loss":0.0,"damage_taken":0.0},{"damage_healed":0.0,"max_hp_gain":0.0,"max_hp_loss":0.0,"gold_gain":0.0,"event_name":"Golden Idol","player_choice":"Take Wound","floor":5.0,"gold_loss":0.0,"damage_taken":0.0,"relics_obtained":["Golden Idol"],"cards_obtained":["Injury"]},{"damage_healed":0,"gold_gain":0,"player_choice":"Upgraded","damage_taken":0,"max_hp_gain":0,"max_hp_loss":0,"event_name":"Upgrade Shrine","floor":14,"gold_loss":0,"cards_upgraded":["Warcry"]}],"is_beta":false,"boss_relics":[],"items_purged_floors":[],"is_endless":false,"potions_floor_spawned":[4,6,12],"killed_by":"The Guardian","ascension_level":19}}