{"host":"5yg5r29c2awvcp2u","time":1608855412,"event":{"mods":["BaseMod","Colored Map","Hubris","Minty Spire (QoL Compilation)","Quick Restart","StSLib","The Jungle"],"gold_per_floor":[368,385,385,385,385,385,415,415,470,482,482,100,125,141,141,220,220,237,250,262,262,262],"floor_reached":21,"playtime":610,"items_purged":["Strike_R"],"score":515,"play_id":"ea9e983f-42fa-4dbd-b68b-575b45a50780","local_time":"20201224171652","is_ascension_mode":true,"campfire_choices":[{"data":"Bash","floor":6,"key":"SMITH"},{"data":"Whirlwind","floor":8,"key":"SMITH"},{"data":"Demon Form","floor":11,"key":"SMITH"},{"data":"Flame Barrier","floor":15,"key":"SMITH"}],"circlet_count":0,"master_deck":["AscendersBane","Strike_R","Strike_R","Strike_R","Strike_R","Defend_R","Defend_R","Defend_R","Defend_R","Bash+1","Spot Weakness","Whirlwind+1","Demon Form+1","Limit Break","Corruption","Flame Barrier+1","hubris:StunningStrike","Ghostly Armor"],"relics":["Burning Blood","hubris:Towel","FossilizedHelix","MealTicket","Potion Belt","hubris:ChampionShield","Red Skull","Black Star"],"acts_visited":["Exordium","Exordium"],"potions_floor_usage":[19,20,21,21],"damage_taken":[{"damage":14,"enemies":"Small Slimes","floor":1,"turns":4},{"damage":9,"enemies":"Jaw Worm","floor":2,"turns":4},{"damage":48,"enemies":"Gremlin Nob","floor":7,"turns":5},{"damage":0,"enemies":"Cultist","floor":10,"turns":3},{"damage":0,"enemies":"Lagavulin","floor":13,"turns":5},{"damage":10,"enemies":"Looter","floor":14,"turns":4},{"damage":0,"enemies":"Slime Boss","floor":16,"turns":8},{"damage":26,"enemies":"theJungle:MUSHROOMGANG","floor":18,"turns":4},{"damage":3,"enemies":"theJungle:GiantWrat","floor":19,"turns":6},{"damage":52,"enemies":"theJungle:JungleHuntersEncounter","floor":20,"turns":4},{"damage":18,"enemies":"JungleHuntersEvent","floor":21,"turns":2}],"seed_played":"-6933782939954284794","potions_obtained":[{"floor":2,"key":"Regen Potion"},{"floor":7,"key":"SpeedPotion"},{"floor":14,"key":"DuplicationPotion"},{"floor":16,"key":"FearPotion"},{"floor":19,"key":"Swift Potion"}],"is_trial":false,"path_per_floor":["M","M","?","?","T","R","E","R","T","M","R","$","E","M","R","B",null,"M","M","M","?"],"character_chosen":"IRONCLAD","items_purchased":["hubris:ChampionShield","Limit Break"],"campfire_rested":0,"item_purchase_floors":[12,12],"current_hp_per_floor":[60,57,62,62,62,62,20,20,20,26,26,41,47,43,43,49,67,47,64,18,0,0],"gold":262,"neow_bonus":"TWO_FIFTY_GOLD","is_daily":false,"chose_seed":false,"campfire_upgraded":4,"win_rate":0.0,"timestamp":1608855412,"path_taken":["M","M","?","?","?","R","E","R","T","M","R","$","E","M","R","BOSS","M","M","?","?"],"items_purchased_type":["Relic","Card"],"build_version":"2020-12-22","purchased_purges":1,"victory":false,"max_hp_per_floor":[68,68,73,73,73,73,73,73,73,73,73,73,73,73,73,73,73,73,73,73,73,73],"card_choices":[{"not_picked":["Wild Strike","Armaments"],"picked":"Spot Weakness","floor":1},{"not_picked":["Body Slam","Metallicize"],"picked":"Whirlwind","floor":2},{"not_picked":["Body Slam","Sever Soul"],"picked":"Demon Form","floor":7},{"not_picked":["Clash","Warcry","Fire Breathing"],"picked":"SKIP","floor":10},{"not_picked":["Dropkick","Sword Boomerang"],"picked":"Corruption","floor":13},{"not_picked":["Seeing Red","Shrug It Off"],"picked":"Flame Barrier","floor":14},{"not_picked":["Double Tap","Offering"],"picked":"hubris:StunningStrike","floor":16},{"not_picked":["Sword Boomerang","Thunderclap","Searing Blow+1"],"picked":"SKIP","floor":18},{"not_picked":["Searing Blow","Flex","Thunderclap"],"picked":"SKIP","floor":19},{"not_picked":["Entrench","Cleave"],"picked":"Ghostly Armor","floor":20}],"player_experience":451561,"relics_obtained":[{"floor":5,"key":"FossilizedHelix"},{"floor":7,"key":"MealTicket"},{"floor":9,"key":"Potion Belt"},{"floor":13,"key":"Red Skull"}],"event_choices":[{"damage_healed":0,"gold_gain":0,"player_choice":"Donut","damage_taken":0,"max_hp_gain":5,"max_hp_loss":0,"event_name":"Big Fish","floor":3,"gold_loss":0}],"is_beta":false,"boss_relics":[{"not_picked":["hubris:Backtick","SacredBark"],"picked":"Black Star"}],"items_purged_floors":[12],"is_endless":false,"potions_floor_spawned":[2,7,14,16,19],"killed_by":"JungleHuntersEvent","ascension_level":19}}