{"host":"y7b1p9nkx4idorr2","time":1608912605,"event":{"mods":["AchievementEnabler","Act Like it!","Aspiration","Bard","BaseMod","Beaked The Cultist","Better Altar","Better Match","Better Note","Better Sensory Stone","Better Skull","Better Third Choice","BetterRewards","CCEM","Clawfect","Colored Map","Conspire","Downfall","GifTheSpireLib","Googly Eyes","Halation","Hallownest","Hermit","Highlight Path","Hubris","Hunter ??","Infinite Spire","Jedi Mod","Jorbs\u0027s Wanderer Trilogy","Mad Scientist","Marisa????????","Mimic Mod","Minty Spire (QoL Compilation)","Permanent Neow","Replay The Spire","Shade Mod","Shop Mod","Spicy Shops","StSLib","Stuff the Spire","The Administrix","The Blackbeard","The Bug Knight","The Construct","The Cursed","The Disciple","The Gatherer","The Hierophant","The Jungle","The Mystic","The Necromancer","The Problem Sleuth","The Runesmith","The Servant 0.9.4","The Spell Scribe","The Witch","Unceasing Turn Reminder","[IsaacMod]????"],"gold_per_floor":[99,114,129,4,23,23,104,120,153,138,156,156,169,269,279,377,377,152,164,182,199,76,76,76,105,118,148,448,482,482,496,509,606,606,606,616,632,632,632,632],"floor_reached":38,"playtime":3686,"items_purged":[],"score":512,"play_id":"ad63ea36-e83e-4e7b-9823-9e8855541a17","local_time":"20201225101005","is_ascension_mode":true,"campfire_choices":[{"floor":1,"key":"RECALL"},{"data":"Slimebound:Split","floor":6,"key":"SMITH"},{"data":"EpicFetus","floor":18,"key":"PURGE"},{"data":"Slimebound:MassFeed","floor":30,"key":"PURGE"},{"data":"Slimebound:Dissolve","floor":35,"key":"PURGE"}],"circlet_count":0,"master_deck":["Slimebound:Strike_Slimebound","Slimebound:Strike_Slimebound","Slimebound:Tackle","Slimebound:Defend_Slimebound","Slimebound:Defend_Slimebound","Slimebound:Defend_Slimebound","Slimebound:Split+1","Slimebound:CorrosiveSpit","Slimebound:RejuvenatingLick","Slimebound:MassRepurpose","Slimebound:SamplingLick","Slimebound:AcidTongue+1","Slimebound:RollThrough","Slimebound:FinishingTackle","Slimebound:SplitAcid","Slimebound:SplitMire","Slimebound:OozeBath","Slimebound:Schlurp","Slimebound:SpikyOuterGoop","Slimebound:LevelUp","Slimebound:CheckThePlaybook","Slimebound:OneTwoCombo","Slimebound:GrowthPunch","Slimebound:HauntingLick","Slimebound:GoopSpray+1","Slimebound:LeechingTouch+1","Slimebound:MegaLick+1","Slimebound:SlimeSpikes+1","infinitespire:DeathsTouch","Slimebound:LeechingTouch+1","Slimebound:LeadByExample+1","Slimebound:SplitBruiser+1","Slimebound:Overexert","Slimebound:WasteNot","expansioncontent:Flail","Slimebound:SplitAcid+1"],"relics":["Slimebound:AbsorbEndCombat","HushsDoor","KeepersGift","Slimebound:ScrapOozeRelic","Replay:Fungal Core","downfall:HeartBlessingRed","downfall:HeartBlessingGreen","downfall:HeartBlessingBlue","infinitespire:Golems Mask","StuffTheSpire:Saxophone","Anchor","jedi:Pinwheel","hubris:Reverence","DoctorsRemote","CCEMRelics:TinyMinotavrHorn","MagicMushroom","SatanicBible"],"acts_visited":["Exordium","TheCity","Hallownest:KingdomsEdge"],"potions_floor_usage":[4,9,9,10,16,22,22,27,31],"damage_taken":[{"damage":4,"enemies":"Cultist","floor":2,"turns":3},{"damage":4,"enemies":"conspire:RoseBush","floor":3,"turns":3},{"damage":14,"enemies":"downfall:FleeingMerchant","floor":4,"turns":4},{"damage":0,"enemies":"Small Slimes","floor":5,"turns":3},{"damage":13,"enemies":"3 Louse","floor":8,"turns":3},{"damage":27,"enemies":"3 Sentries","floor":9,"turns":4},{"damage":17,"enemies":"downfall:FleeingMerchant","floor":10,"turns":4},{"damage":23,"enemies":"Lots of Slimes","floor":11,"turns":4},{"damage":12,"enemies":"2 Fungi Beasts","floor":13,"turns":2},{"damage":31,"enemies":"downfall:Heads","floor":14,"turns":4},{"damage":20,"enemies":"Gremlin Gang","floor":15,"turns":4},{"damage":67,"enemies":"downfall:Ironclad","floor":16,"turns":7},{"damage":7,"enemies":"Spheric Guardian","floor":19,"turns":3},{"damage":53,"enemies":"3 Byrds","floor":20,"turns":3},{"damage":24,"enemies":"Snecko","floor":21,"turns":4},{"damage":12,"enemies":"downfall:FleeingMerchant","floor":22,"turns":4},{"damage":24,"enemies":"Book of Stabbing","floor":25,"turns":3},{"damage":14,"enemies":"Shelled Parasite and Fungi","floor":26,"turns":3},{"damage":65,"enemies":"Nightmare","floor":27,"turns":6},{"damage":37,"enemies":"HollowMod:Nosk","floor":29,"turns":4},{"damage":12,"enemies":"Cultist and Chosen","floor":31,"turns":4},{"damage":15,"enemies":"Snake Plant","floor":32,"turns":2},{"damage":43,"enemies":"downfall:Silent","floor":33,"turns":5},{"damage":8,"enemies":"Hallownest:2_Littles","floor":36,"turns":3},{"damage":4,"enemies":"Hallownest:3_Siblings","floor":37,"turns":3}],"seed_played":"-2849666846018137079","potions_obtained":[{"floor":0,"key":"champ:CounterPotion"},{"floor":0,"key":"Strength Potion"},{"floor":0,"key":"AttackPotion"},{"floor":5,"key":"AttackPotion"},{"floor":15,"key":"jedi:hoardpotion"},{"floor":16,"key":"BlessingOfTheForge"},{"floor":20,"key":"Fire Potion"},{"floor":21,"key":"Strength Potion"},{"floor":25,"key":"jedi:tentaclejuice"},{"floor":26,"key":"Block Potion"},{"floor":29,"key":"LiquidMemories"},{"floor":31,"key":"Slimebound:SlimyTonguePotion"}],"is_trial":false,"path_per_floor":["R","M","M","$","M","R","T","M","E","$","M","?","M","?","M","B",null,"R_BF","M","M","M","$","?","T","E","M","NM","?","E","R","M","M","B",null,"R_BF","M","M","?"],"character_chosen":"SLIMEBOUND","items_purchased":["Slimebound:AcidTongue","Slimebound:RollThrough","infinitespire:Golems Mask","StuffTheSpire:Saxophone","Slimebound:WasteNot","expansioncontent:Flail","SatanicBible"],"campfire_rested":0,"item_purchase_floors":[4,4,22,22,34,34,34],"current_hp_per_floor":[60,60,60,54,60,60,60,60,55,60,60,60,60,60,60,27,60,70,70,47,59,70,63,63,70,70,29,29,30,30,50,43,32,61,61,53,61,0,0,0],"gold":632,"neow_bonus":"THREE_SMALL_POTIONS","is_daily":false,"chose_seed":false,"campfire_upgraded":1,"win_rate":0.0,"timestamp":1608912605,"path_taken":["R","M","M","$","M","R","T","M","E","$","M","?","M","?","M","BOSS","R_BF","M","M","M","$","?","T","E","M","NM","?","E","R","M","M","BOSS","R_BF","M","M","?"],"items_purchased_type":["Card","Card","Relic","Relic","Card","Card","Relic"],"build_version":"2020-12-22","purchased_purges":0,"victory":false,"max_hp_per_floor":[60,60,60,60,60,60,60,60,60,60,60,60,60,60,60,60,60,70,70,70,70,70,70,70,70,70,70,70,70,70,70,70,70,61,61,61,61,61,61,61],"card_choices":[{"not_picked":[],"picked":"EpicFetus","floor":0},{"not_picked":["Slimebound:SplitBruiser","Slimebound:ComboTackle"],"picked":"Slimebound:RejuvenatingLick","floor":2},{"not_picked":["Slimebound:GrowthPunch","Slimebound:DivideAndConquer"],"picked":"Slimebound:MassRepurpose","floor":3},{"not_picked":["Slimebound:LeechingTouch","Slimebound:LeechEnergy"],"picked":"Slimebound:SamplingLick","floor":4},{"not_picked":["Slimebound:ForwardTackle","Slimebound:FormOfPuddle"],"picked":"Slimebound:FinishingTackle","floor":5},{"not_picked":["Slimebound:SlimeBrawl","Slimebound:SamplingLick"],"picked":"Slimebound:SplitAcid","floor":8},{"not_picked":["Slimebound:GoopTackle","Slimebound:Chomp"],"picked":"Slimebound:Dissolve","floor":9},{"not_picked":["Slimebound:DisruptingSlam","Slimebound:LeechEnergy"],"picked":"Slimebound:SplitMire","floor":10},{"not_picked":["Slimebound:ItLooksTasty","Slimebound:LeechEnergy"],"picked":"Slimebound:OozeBath","floor":11},{"not_picked":["Slimebound:Equalize","Bomb"],"picked":"Slimebound:Schlurp","floor":13},{"not_picked":["Slimebound:GoopSpray","Bomb"],"picked":"Slimebound:LevelUp","floor":15},{"not_picked":["Slimebound:RollThrough","Slimebound:FirmFortitude+1"],"picked":"Slimebound:GrowthPunch","floor":19},{"not_picked":["Slimebound:ForwardTackle","Slimebound:FinishingTackle"],"picked":"Slimebound:HauntingLick","floor":20},{"not_picked":["Slimebound:Schlurp","Slimebound:GrowthPunch+1"],"picked":"Slimebound:GoopSpray+1","floor":21},{"not_picked":["Slimebound:LeechEnergy","Slimebound:HauntingLick"],"picked":"Slimebound:LeechingTouch+1","floor":22},{"not_picked":["Slimebound:SplitAcid","Slimebound:ForwardTackle"],"picked":"Slimebound:MegaLick+1","floor":25},{"not_picked":["Slimebound:LeadByExample","Slimebound:LeechEnergy"],"picked":"Slimebound:SlimeSpikes+1","floor":26},{"not_picked":["infinitespire:FinalStrike","infinitespire:UltimateForm"],"picked":"infinitespire:DeathsTouch","floor":27},{"not_picked":["Slimebound:SplitLeeching","Slimebound:FinishingTackle+1"],"picked":"Slimebound:LeechingTouch+1","floor":27},{"not_picked":["Slimebound:LeechingTouch","Slimebound:SlimeBrawl","Slimebound:SplitLeeching"],"picked":"SKIP","floor":29},{"not_picked":["Slimebound:DivideAndConquer","Slimebound:FirmFortitude"],"picked":"Slimebound:LeadByExample+1","floor":31},{"not_picked":["Slimebound:Dissolve","Slimebound:FinishingTackle"],"picked":"Slimebound:SplitBruiser+1","floor":32},{"not_picked":["Slimebound:CheckThePlaybook","Slimebound:OozeBath"],"picked":"Slimebound:Overexert","floor":33},{"not_picked":["Slimebound:LeechEnergy+1","Slimebound:SplitMire"],"picked":"Slimebound:SplitAcid+1","floor":36},{"not_picked":["Slimebound:SlimeBrawl","Slimebound:SplitLeeching","Slimebound:GoopSpray+1"],"picked":"SKIP","floor":37}],"player_experience":2179060,"relics_obtained":[{"floor":9,"key":"Runesmith:AutoHammer"},{"floor":24,"key":"jedi:Pinwheel"},{"floor":25,"key":"hubris:Reverence"},{"floor":27,"key":"DoctorsRemote"},{"floor":29,"key":"CCEMRelics:TinyMinotavrHorn"}],"event_choices":[{"damage_healed":0,"gold_gain":0,"player_choice":"Anchor","damage_taken":0,"relics_obtained":["Anchor"],"max_hp_gain":0,"max_hp_loss":0,"event_name":"blackbeard:ShipwreckEvent","floor":23,"gold_loss":0}],"is_beta":false,"boss_relics":[{"not_picked":["halation:MonkeysPaw","halation:PlatinumPhoenix"],"picked":"Replay:Fungal Core"},{"not_picked":[]},{"not_picked":["halation:Yufonium","Snecko Eye"],"picked":"MagicMushroom"},{"not_picked":[]}],"items_purged_floors":[],"is_endless":true,"potions_floor_spawned":[3,5,8,15,16,20,21,25,26,29,31,37],"ascension_level":1}}