{"host":"dntw6kil9p09eemm","time":1608915352,"event":{"mods":["Alarm Clock","Aspiration","BaseMod","Colored Powertips","Downfall","Hermit","Hubris","Minty Spire (QoL Compilation)","Permanent Neow","Shop Mod","Spicy Shops","StSLib","The Runesmith"],"gold_per_floor":[216,235,185,197,215,95,113,113,136,156,156,156,156],"floor_reached":11,"playtime":548,"items_purged":[],"score":67,"play_id":"95d8a25d-6893-4c66-b887-ba3e4ee7f992","local_time":"20201226015552","is_ascension_mode":false,"campfire_choices":[{"data":"Guardian:TwinSlam","floor":8,"key":"SMITH"}],"circlet_count":0,"master_deck":["Guardian:Strike_Guardian","Guardian:Strike_Guardian","Guardian:Strike_Guardian","Guardian:Strike_Guardian","Guardian:Defend_Guardian","Guardian:Defend_Guardian","Guardian:Defend_Guardian","Guardian:CurlUp","Guardian:TwinSlam+1","Guardian:Gem_Lightblue","Guardian:Gem_Purple","Guardian:PiercingHide","Guardian:PiercingHide","Guardian:FloatingOrbs"],"relics":["Guardian:ModeShifter","MerchantsRug","hubris:ToyBattleship"],"acts_visited":["Exordium"],"potions_floor_usage":[],"damage_taken":[{"damage":0,"enemies":"2 Louse","floor":1,"turns":3},{"damage":5,"enemies":"Jaw Worm","floor":2,"turns":4},{"damage":9,"enemies":"Small Slimes","floor":4,"turns":4},{"damage":4,"enemies":"3 Louse","floor":5,"turns":2},{"damage":4,"enemies":"Lots of Slimes","floor":7,"turns":4},{"damage":6,"enemies":"Gremlin Gang","floor":10,"turns":5},{"damage":56,"enemies":"Gremlin Nob","floor":11,"turns":6}],"seed_played":"-969848713463636235","potions_obtained":[{"floor":4,"key":"SpeedPotion"},{"floor":5,"key":"AttackPotion"}],"is_trial":false,"path_per_floor":["M","M","?","M","M","$","M","R","T","M","E"],"character_chosen":"GUARDIAN","items_purchased":["MerchantsRug"],"campfire_rested":0,"item_purchase_floors":[6],"current_hp_per_floor":[80,75,75,66,62,62,58,58,58,52,0,0,0],"gold":156,"neow_bonus":"HUNDRED_GOLD","is_daily":false,"chose_seed":false,"campfire_upgraded":1,"win_rate":0.0,"timestamp":1608915352,"path_taken":["M","M","?","M","M","$","M","R","T","M","E"],"items_purchased_type":["Relic"],"build_version":"2020-12-22","purchased_purges":0,"victory":false,"max_hp_per_floor":[80,80,80,80,80,80,80,80,80,80,80,80,80],"card_choices":[{"not_picked":["Guardian:ShieldCharger","Guardian:Gem_Fragmented"],"picked":"Guardian:Gem_Lightblue","floor":1},{"not_picked":["Guardian:Suspension","Guardian:ChargeUp"],"picked":"Guardian:Gem_Purple","floor":2},{"not_picked":["Guardian:FloatingOrbs","Guardian:TemporalShield"],"picked":"Guardian:PiercingHide","floor":4},{"not_picked":["Guardian:GemFire","Guardian:CrystalBeam"],"picked":"Guardian:PiercingHide","floor":5},{"not_picked":["Guardian:ShieldCharger","Guardian:PrismaticBarrier"],"picked":"Guardian:FloatingOrbs","floor":7},{"not_picked":["Guardian:CrystalBeam","Guardian:ChargeUp","Guardian:Suspension"],"picked":"SKIP","floor":10}],"player_experience":463610,"relics_obtained":[{"floor":9,"key":"hubris:ToyBattleship"}],"event_choices":[{"cards_removed":["Guardian:Defend_Guardian"],"damage_healed":0,"gold_gain":0,"player_choice":"Card Removal","damage_taken":0,"max_hp_gain":0,"max_hp_loss":0,"event_name":"The Cleric","floor":3,"gold_loss":50}],"is_beta":false,"boss_relics":[],"items_purged_floors":[],"is_endless":false,"potions_floor_spawned":[4,5],"killed_by":"Gremlin Nob","ascension_level":0}}