{"host":"po71uejz0lbfxcew","time":1608884037,"event":{"mods":["ATMod(阿瑾Mod)","BaseMod","CapriCore","Friendly Minions","Koishi","Lobotomy","LobotomyExtend","Marisa（F雨　魔理沙）","Minty Spire (QoL Compilation)","MostiFishMod","Prisma Mod","Quick Restart","Reimu（博丽灵梦）","RumiaBox-露米娅的神秘盒子","StSLib","SuperFastMode","The Animator","The Immortal","TheSwordswoman","Waifu the Spire","WarShipGirlsR/战舰少女R mod","Yohane!","Youmu（魂魄妖梦）","Yuyuko","【东方二次创作】八云紫mod"],"gold_per_floor":[109,129,129,129,129,163,163,163,163,163,177,177,196,214,214,214,214],"floor_reached":16,"playtime":553,"items_purged":[],"score":100,"play_id":"998c0fc1-b2a2-4a1d-942f-61a8cd5b78eb","local_time":"20201225161357","is_ascension_mode":false,"campfire_choices":[{"floor":8,"key":"REST"},{"data":"Yohane:Little_Demon_Hanamaru","floor":10,"key":"SMITH"},{"data":"Yohane:Little_Demon_Lily","floor":12,"key":"SMITH"},{"floor":15,"key":"REST"}],"circlet_count":0,"master_deck":["Yohane:Strike_Grey","Yohane:Strike_Grey","Yohane:Strike_Grey","Yohane:Strike_Grey","Yohane:Defend_Grey","Yohane:Defend_Grey","Yohane:Defend_Grey","Yohane:Defend_Grey","Yohane:Little_Demon_Lily+1","Yohane:Well_Laid_Ambush","AT_DivineConfetti","Yohane:Inspiration","Yohane:Little_Demon_Chika","Yohane:Little_Demon_Hanamaru+1","Yohane:Inspiration","Yohane:Little_Demon_Ruby","Yohane:Lust"],"relics":["Yohane:AngelWings","DaveBox","AT_ATBox","MetatronsCube","Mango","SynthV:TestCard","Golden Idol","Pen Nib"],"acts_visited":["Exordium"],"potions_floor_usage":[16],"damage_taken":[{"damage":0,"enemies":"2 Louse","floor":1,"turns":4},{"damage":6,"enemies":"Jaw Worm","floor":2,"turns":2},{"damage":23,"enemies":"Lagavulin","floor":6,"turns":9},{"damage":9,"enemies":"Small Slimes","floor":11,"turns":4},{"damage":7,"enemies":"Gremlin Gang","floor":13,"turns":5},{"damage":5,"enemies":"Looter","floor":14,"turns":2},{"damage":36,"enemies":"Hexaghost","floor":16,"turns":2}],"seed_played":"-8384071456271251229","potions_obtained":[{"floor":2,"key":"LiquidMemories"},{"floor":11,"key":"Energy Potion"}],"is_trial":false,"path_per_floor":["M","M","?","$","?","E","$","R","T","R","M","R","M","M","R","B"],"character_chosen":"FallenAngel","items_purchased":[],"campfire_rested":2,"item_purchase_floors":[],"current_hp_per_floor":[56,50,50,50,32,9,9,31,31,31,22,22,15,10,32,0,0],"gold":214,"neow_bonus":"ONE_RARE_RELIC","is_daily":false,"chose_seed":false,"campfire_upgraded":2,"win_rate":0.0,"timestamp":1608884037,"path_taken":["M","M","?","$","?","E","$","R","T","R","M","R","M","?","R","BOSS"],"items_purchased_type":[],"build_version":"2020-12-22","purchased_purges":0,"victory":false,"max_hp_per_floor":[74,74,74,74,74,74,74,74,74,74,74,74,74,74,74,74,74],"card_choices":[{"not_picked":["Yohane:Backfoot","Yohane:Energy_Change"],"picked":"Yohane:Inspiration","floor":1},{"not_picked":["Yohane:Dark_Rest","Yohane:Backfoot","Yohane:Retaliation","Yohane:Little_Demon_Hanamaru"],"picked":"Yohane:Little_Demon_Chika","floor":2},{"not_picked":["Yohane:Lailapse","Yohane:Shadow_Gate","Yohane:Wrath","Yohane:Hell_Zone"],"picked":"Yohane:Little_Demon_Hanamaru","floor":6},{"not_picked":["Yohane:Miracle_Wave","Yohane:Impressive_Display","Yohane:Angel_Tears","Yohane:Lailapse"],"picked":"Yohane:Inspiration","floor":11},{"not_picked":["Yohane:Lailapse","Yohane:Soul_Peek","Yohane:Kowareyasuki","Yohane:Miracle_Wave"],"picked":"Yohane:Little_Demon_Ruby","floor":13},{"not_picked":["Yohane:Grand_Entrance","Yohane:Dark_Rest","Yohane:Retaliation","Yohane:Energy_Change"],"picked":"Yohane:Lust","floor":14}],"player_experience":237568,"relics_obtained":[{"floor":1,"key":"SynthV:TestCard"},{"floor":6,"key":"Pen Nib"}],"event_choices":[{"damage_healed":0,"gold_gain":0,"player_choice":"Take Damage","damage_taken":18,"relics_obtained":["Golden Idol"],"max_hp_gain":0,"max_hp_loss":0,"event_name":"Golden Idol","floor":5,"gold_loss":0}],"is_beta":false,"boss_relics":[],"items_purged_floors":[],"is_endless":false,"potions_floor_spawned":[2,6,11],"killed_by":"Hexaghost","ascension_level":0}}