{"host":"6xsbn6ynqlzwllfm","time":1608920797,"event":{"mods":["2.2 Compatiblity","BaseMod","Bestiary","Colored Map","Colored Powertips","Curses Come First","Downfall","Highlight Path","Keyboard Shortcuts","Minty Spire (QoL Compilation)","Quick Restart","Relic Stats","Slay the Relics Exporter","StSLib","SuperFastMode"],"gold_per_floor":[119,169,188,263,105,105,105,105,183,214,233,288,288,10,10,85,85,99,116,116,134,149,184,184,184,184],"floor_reached":25,"playtime":582,"items_purged":[],"score":438,"play_id":"abb16a87-238d-4e73-8d44-a48d35bc99df","local_time":"20201225132637","is_ascension_mode":true,"campfire_choices":[{"data":"Bash","floor":6,"key":"SMITH"},{"data":"Shrug It Off","floor":8,"key":"SMITH"},{"data":"Shrug It Off","floor":13,"key":"SMITH"},{"data":"Heavy Blade","floor":15,"key":"SMITH"},{"data":"Feel No Pain","floor":24,"key":"SMITH"}],"circlet_count":0,"master_deck":["AscendersBane","Strike_R","Strike_R","Defend_R","Defend_R","Defend_R","Defend_R","Bash+1","Shrug It Off+1","Heavy Blade+1","Reaper","Heavy Blade","Corruption","Exhume","Entrench","Shrug It Off+1","Fiend Fire","Uppercut","Reaper","Rupture","Feel No Pain+1"],"relics":["Snecko Eye","Orrery","Bottled Flame","Calipers","Shuriken","Cursed Key","Orichalcum"],"acts_visited":["Exordium","TheCity"],"potions_floor_usage":[16,22,25],"damage_taken":[{"damage":3,"enemies":"2 Louse","floor":1,"turns":3},{"damage":0,"enemies":"Cultist","floor":3,"turns":2},{"damage":10,"enemies":"3 Sentries","floor":10,"turns":5},{"damage":1,"enemies":"Small Slimes","floor":11,"turns":4},{"damage":36,"enemies":"Hexaghost","floor":16,"turns":6},{"damage":10,"enemies":"Chosen","floor":18,"turns":5},{"damage":21,"enemies":"Shell Parasite","floor":19,"turns":3},{"damage":4,"enemies":"3 Cultists","floor":21,"turns":4},{"damage":31,"enemies":"Shelled Parasite and Fungi","floor":22,"turns":6},{"damage":7,"enemies":"Gremlin Leader","floor":23,"turns":4},{"damage":74,"enemies":"Slavers","floor":25,"turns":3}],"seed_played":"4919996238403542506","potions_obtained":[{"floor":11,"key":"AttackPotion"},{"floor":16,"key":"LiquidBronze"},{"floor":19,"key":"AttackPotion"}],"is_trial":false,"path_per_floor":["M","?","M","?","$","R","?","R","T","E","M","?","R","$","R","B",null,"M","M","?","M","M","E","R","E"],"character_chosen":"IRONCLAD","items_purchased":["Orrery","Shuriken"],"campfire_rested":0,"item_purchase_floors":[5,14],"current_hp_per_floor":[65,58,58,47,47,47,47,47,47,57,63,63,63,63,63,34,65,59,44,44,66,39,46,46,0,0],"gold":184,"neow_bonus":"BOSS_RELIC","is_daily":false,"chose_seed":false,"campfire_upgraded":5,"win_rate":0.0,"timestamp":1608920797,"path_taken":["M","?","?","?","$","R","?","R","T","E","M","?","R","$","R","BOSS","M","M","?","M","M","E","R","E"],"items_purchased_type":["Relic","Relic"],"build_version":"2020-12-22","purchased_purges":0,"victory":false,"max_hp_per_floor":[75,75,75,75,75,75,75,75,75,75,75,75,75,75,75,75,75,75,75,75,75,75,75,75,75,75],"relic_stats":{"counters":[11,45],"Shuriken":[14],"Snecko Eye":[73,75,69,84],"Orichalcum":[0],"Cursed Key":0,"obtain_stats":[{"Bottled Flame":9,"Calipers":10,"Shuriken":14,"Snecko Eye":0,"Orrery":5,"Orichalcum":23,"Cursed Key":17,"Burning Blood":0},{"Bottled Flame":2,"Calipers":3,"Shuriken":4,"Snecko Eye":0,"Orrery":2,"Orichalcum":10,"Cursed Key":5,"Burning Blood":0},{"Bottled Flame":5,"Calipers":10,"Shuriken":14,"Snecko Eye":0,"Orrery":5,"Orichalcum":42,"Cursed Key":20,"Burning Blood":0}]},"card_choices":[{"not_picked":["Thunderclap","Flex","Wild Strike"],"picked":"SKIP","floor":1},{"not_picked":["Combust","Rage"],"picked":"Shrug It Off","floor":3},{"not_picked":["Anger","Rupture"],"picked":"Heavy Blade","floor":5},{"not_picked":["Shrug It Off","Iron Wave"],"picked":"Reaper","floor":5},{"not_picked":["Flex","Bloodletting"],"picked":"Heavy Blade","floor":5},{"not_picked":["Blood for Blood","Feed"],"picked":"Corruption","floor":5},{"not_picked":["Iron Wave","Pommel Strike"],"picked":"Exhume","floor":5},{"not_picked":["Dropkick","Sword Boomerang"],"picked":"Entrench","floor":10},{"not_picked":["Twin Strike","Rampage"],"picked":"Shrug It Off","floor":11},{"not_picked":["Berserk","Offering"],"picked":"Fiend Fire","floor":16},{"not_picked":["Pommel Strike","Armaments+1"],"picked":"Uppercut","floor":18},{"not_picked":["Thunderclap","Seeing Red","Shrug It Off"],"picked":"SKIP","floor":19},{"not_picked":["Combust","Pummel","Thunderclap"],"picked":"SKIP","floor":21},{"not_picked":["Armaments","Sentinel"],"picked":"Feel No Pain","floor":23}],"player_experience":1257471,"relics_obtained":[{"floor":9,"key":"Bottled Flame"},{"floor":10,"key":"Calipers"},{"floor":23,"key":"Orichalcum"}],"event_choices":[{"damage_healed":0,"gold_gain":50,"player_choice":"Touch","damage_taken":7,"max_hp_gain":0,"max_hp_loss":0,"event_name":"FaceTrader","floor":2,"gold_loss":0},{"damage_healed":0,"gold_gain":75,"player_choice":"Gather Gold","damage_taken":11,"max_hp_gain":0,"max_hp_loss":0,"event_name":"World of Goop","floor":4,"gold_loss":0},{"cards_removed":["Strike_R"],"damage_healed":0,"gold_gain":0,"player_choice":"Forget","damage_taken":0,"max_hp_gain":0,"max_hp_loss":0,"event_name":"Living Wall","floor":7,"gold_loss":0},{"damage_healed":0,"gold_gain":55,"player_choice":"Gained Gold","damage_taken":0,"max_hp_gain":0,"max_hp_loss":0,"event_name":"Golden Wing","floor":12,"gold_loss":0},{"damage_healed":0,"gold_gain":0,"cards_transformed":["Strike_R","Strike_R"],"player_choice":"Became Test Subject","damage_taken":0,"max_hp_gain":0,"max_hp_loss":0,"event_name":"Drug Dealer","floor":20,"gold_loss":0,"cards_obtained":["Reaper","Rupture"]}],"is_beta":false,"boss_relics":[{"not_picked":["Calling Bell","Tiny House"],"picked":"Cursed Key"}],"items_purged_floors":[],"is_endless":false,"potions_floor_spawned":[11,16,19,21],"killed_by":"Slavers","ascension_level":20}}