{"host":"uqku1jlo3s1abgrh","time":1608893715,"event":{"mods":["BaseMod","ChefMod","Downfall","Minty Spire (QoL Compilation)","Robot Space Explorer","StSLib","The Dragon Tamer"],"gold_per_floor":[117,2,77,27,47,76,76,106,106,106,124,124,134,144,144,243,243,258,243,243,259,272,272,301,312,312,312,327,338,353,353,353,454,454,465,465,465,465,478,478,478,478],"floor_reached":40,"playtime":2975,"items_purged":["DTMod:Strike"],"score":520,"play_id":"720343a6-b9a4-467a-a09a-0b2bbfa9729c","local_time":"20201225185515","is_ascension_mode":false,"metric_token":471,"campfire_choices":[{"data":"DTMod:SwitchingTactic","floor":7,"key":"SMITH"},{"data":"DTMod:Prediction","floor":10,"key":"SMITH"},{"data":"DTMod:Threaten","floor":15,"key":"SMITH"},{"data":"DTMod:EchoTactic","floor":23,"key":"SMITH"},{"data":"DTMod:StarRain","floor":32,"key":"SMITH"}],"dtmod_dragon_data":[0,58,1,0,12,0],"circlet_count":0,"master_deck":["DTMod:Strike","DTMod:Strike","DTMod:DoubleHit","DTMod:TargetDefense","DTMod:TargetDefense","DTMod:SwitchingTactic+1","DTMod:StarRain+1","DTMod:DarkBreath","DTMod:CleansingStrike","DTMod:BreakAttack","DTMod:Prediction+1","DTMod:BurningEnergy","DTMod:Threaten+1","DTMod:ShieldDrain","DTMod:EchoTactic+1","DTMod:DragonDance","DTMod:ComboAttack+1","DTMod:MagicField","DTMod:Training+1","DTMod:Safeguard","Madness+1","Madness+1","DTMod:Haste+1"],"relics":["DTMod:MagicStone","NeowsBlessing","The Courier","Shuriken","Pear","Strawberry","Toxic Egg 2","Empty Cage"],"acts_visited":["Exordium","TheCity","TheBeyond"],"potions_floor_usage":[13,19,19,24,24,30,33],"damage_taken":[{"damage":0,"enemies":"Cultist","floor":1,"turns":1},{"damage":0,"enemies":"Small Slimes","floor":5,"turns":1},{"damage":0,"enemies":"3 Sentries","floor":6,"turns":1},{"damage":0,"enemies":"Gremlin Nob","floor":8,"turns":3},{"damage":0,"enemies":"Jaw Worm","floor":11,"turns":3},{"damage":18,"enemies":"Gremlin Gang","floor":13,"turns":4},{"damage":0,"enemies":"Looter","floor":14,"turns":3},{"damage":23,"enemies":"Slime Boss","floor":16,"turns":11},{"damage":0,"enemies":"Chosen","floor":18,"turns":3},{"damage":0,"enemies":"2 Thieves","floor":19,"turns":4},{"damage":8,"enemies":"Snake Plant","floor":21,"turns":3},{"damage":9,"enemies":"Centurion and Healer","floor":22,"turns":7},{"damage":0,"enemies":"Book of Stabbing","floor":24,"turns":6},{"damage":0,"enemies":"Sentry and Sphere","floor":25,"turns":3},{"damage":1,"enemies":"Snake Plant","floor":28,"turns":5},{"damage":13,"enemies":"Centurion and Healer","floor":29,"turns":6},{"damage":36,"enemies":"Snecko","floor":30,"turns":6},{"damage":49,"enemies":"Champ","floor":33,"turns":11},{"damage":19,"enemies":"3 Darklings","floor":35,"turns":8},{"damage":1,"enemies":"Orb Walker","floor":39,"turns":3},{"damage":79,"enemies":"Giant Head","floor":40,"turns":9}],"seed_played":"2809035923026200246","potions_obtained":[{"floor":5,"key":"CultistPotion"},{"floor":8,"key":"DuplicationPotion"},{"floor":11,"key":"PowerPotion"},{"floor":13,"key":"Fruit Juice"},{"floor":18,"key":"hexamod:EctoCoolerPotion"},{"floor":19,"key":"SteroidPotion"},{"floor":21,"key":"Block Potion"},{"floor":24,"key":"GamblersBrew"},{"floor":33,"key":"CultistPotion"},{"floor":39,"key":"Block Potion"}],"is_trial":false,"path_per_floor":["M","$","?","?","M","E","R","E","T","R","M","?","M","M","R","B",null,"M","M","?","M","M","R","E","M","T","?","M","M","M","?","R","B",null,"M","?","?","?","M","E"],"character_chosen":"THE_DT","items_purchased":["DTMod:DarkBreath"],"campfire_rested":0,"item_purchase_floors":[2],"current_hp_per_floor":[45,45,34,34,34,34,34,34,44,44,44,44,31,31,31,8,60,60,60,60,52,50,50,64,67,67,55,61,55,26,72,72,23,72,53,53,44,44,50,0,0,0],"gold":478,"neow_bonus":"THREE_ENEMY_KILL","is_daily":false,"chose_seed":false,"campfire_upgraded":5,"win_rate":0.0,"timestamp":1608893715,"path_taken":["M","$","?","?","M","E","R","E","T","R","M","?","?","M","R","BOSS","M","?","?","M","M","R","E","M","T","?","M","M","M","?","R","BOSS","M","?","?","?","M","E"],"items_purchased_type":["Card"],"build_version":"2020-12-22","purchased_purges":1,"victory":false,"max_hp_per_floor":[45,45,45,45,45,45,45,45,55,55,55,55,60,60,60,60,60,60,60,60,60,60,60,67,67,67,72,72,72,72,72,72,72,72,72,72,72,72,72,72,72,72],"card_choices":[{"not_picked":["DTMod:Cover","DTMod:BlazingStrike"],"picked":"DTMod:StarRain","floor":1},{"not_picked":["DTMod:BlazingStrike","DTMod:TagTeam"],"picked":"DTMod:CleansingStrike","floor":5},{"not_picked":["DTMod:Conduct","DTMod:Hide"],"picked":"DTMod:BreakAttack","floor":6},{"not_picked":["DTMod:FlameSlash","DTMod:WarmUp"],"picked":"DTMod:Prediction","floor":8},{"not_picked":["DTMod:RunningTactic","DTMod:BreakAttack"],"picked":"DTMod:BurningEnergy","floor":11},{"not_picked":["DTMod:BuildUp","DTMod:Hide"],"picked":"DTMod:Threaten","floor":13},{"not_picked":["DTMod:RunningTactic","DTMod:DarkBreath"],"picked":"DTMod:ShieldDrain","floor":14},{"not_picked":["DTMod:RepeatStrike","DTMod:FierySynthesis"],"picked":"DTMod:EchoTactic","floor":16},{"not_picked":["DTMod:QuickFly","DTMod:Weaken"],"picked":"DTMod:DragonDance","floor":18},{"not_picked":["DTMod:Punisher","DTMod:BreakAttack","DTMod:BuildUp"],"picked":"SKIP","floor":19},{"not_picked":["DTMod:BreakAttack","DTMod:Cover+1"],"picked":"DTMod:Conduct","floor":21},{"not_picked":["DTMod:Dissolve","DTMod:Prediction"],"picked":"DTMod:ComboAttack+1","floor":22},{"not_picked":["DTMod:Threaten+1","DTMod:Cover+1","DTMod:Overwhelm"],"picked":"SKIP","floor":24},{"not_picked":["DTMod:InvisibleFlame","DTMod:Cover"],"picked":"DTMod:MagicField","floor":25},{"not_picked":["DTMod:Cover+1","DTMod:BreakAttack+1","DTMod:Feint"],"picked":"SKIP","floor":28},{"not_picked":["DTMod:ExcessFootwork","DTMod:StarRain","DTMod:CalculatedDefense"],"picked":"SKIP","floor":29},{"not_picked":["DTMod:BuildUp","DTMod:Feint+1"],"picked":"DTMod:Training+1","floor":30},{"not_picked":["DTMod:TriAttack","DTMod:Prediction+1"],"picked":"DTMod:Safeguard","floor":33},{"not_picked":["DTMod:Feint+1","DTMod:DragonDance+1","DTMod:Threaten+1"],"picked":"SKIP","floor":35},{"not_picked":["DTMod:Weaken+1","DTMod:ComboAttack"],"picked":"DTMod:Haste+1","floor":39}],"player_experience":217352,"relics_obtained":[{"floor":6,"key":"The Courier"},{"floor":8,"key":"Shuriken"},{"floor":9,"key":"Pear"},{"floor":24,"key":"Strawberry"},{"floor":26,"key":"Toxic Egg 2"}],"event_choices":[{"damage_healed":0,"gold_gain":75,"player_choice":"Gather Gold","damage_taken":11,"max_hp_gain":0,"max_hp_loss":0,"event_name":"World of Goop","floor":3,"gold_loss":0},{"cards_removed":["DTMod:TargetDefense"],"damage_healed":0,"gold_gain":0,"player_choice":"Card Removal","damage_taken":0,"max_hp_gain":0,"max_hp_loss":0,"event_name":"The Cleric","floor":4,"gold_loss":50},{"damage_healed":0,"gold_gain":0,"player_choice":"Ignored","damage_taken":0,"max_hp_gain":0,"max_hp_loss":0,"event_name":"Liars Game","floor":12,"gold_loss":0},{"damage_healed":0,"gold_gain":0,"player_choice":"Ignored","damage_taken":0,"max_hp_gain":0,"max_hp_loss":0,"event_name":"Cursed Tome","floor":20,"gold_loss":0},{"damage_healed":0,"gold_gain":0,"player_choice":"Shed Blood","damage_taken":17,"max_hp_gain":5,"max_hp_loss":0,"event_name":"Forgotten Altar","floor":27,"gold_loss":0},{"cards_removed":["DTMod:Conduct"],"damage_healed":46,"gold_gain":0,"player_choice":"Offered Uncommon","damage_taken":0,"max_hp_gain":0,"max_hp_loss":0,"event_name":"Bonfire Elementals","floor":31,"gold_loss":0},{"damage_healed":0,"gold_gain":0,"player_choice":"Ignored","damage_taken":0,"max_hp_gain":0,"max_hp_loss":0,"event_name":"Tomb of Lord Red Mask","floor":36,"gold_loss":0},{"damage_healed":0,"gold_gain":0,"player_choice":"Embrace Madness","damage_taken":9,"max_hp_gain":0,"max_hp_loss":0,"event_name":"Winding Halls","floor":37,"gold_loss":0,"cards_obtained":["Madness","Madness"]},{"damage_healed":0,"gold_gain":0,"player_choice":"Memory 1","damage_taken":0,"max_hp_gain":0,"max_hp_loss":0,"event_name":"SensoryStone","floor":38,"gold_loss":0}],"is_beta":false,"boss_relics":[{"not_picked":["DTMod:TheChair","Calling Bell"],"picked":"DTMod:MagicStone"},{"not_picked":["SacredBark","Runic Dome"],"picked":"Empty Cage"}],"items_purged_floors":[2],"is_endless":false,"potions_floor_spawned":[5,8,11,13,18,19,21,24,33,39],"killed_by":"Giant Head","ascension_level":0}}