{"host":"yp47u74hk6n79vj1","time":1608862285,"event":{"mods":["BaseMod","Minty Spire (QoL Compilation)"],"gold_per_floor":[119,130,130,144,158,158,188,188,188,199,229,229,245,264,264,368,368,385,385,401,401,401],"floor_reached":21,"playtime":943,"items_purged":[],"score":193,"play_id":"239f184c-dbb4-415b-8eb2-7447bf9b4930","local_time":"20201224211125","is_ascension_mode":false,"campfire_choices":[{"data":"Coolheaded","floor":6,"key":"SMITH"},{"data":"Loop","floor":12,"key":"SMITH"},{"data":"Capacitor","floor":15,"key":"SMITH"}],"circlet_count":0,"master_deck":["Strike_B","Strike_B","Strike_B","Strike_B","Defend_B","Defend_B","Defend_B","Defend_B","Zap","Dualcast","Capacitor+1","Hologram","Barrage","Coolheaded+1","Loop+1","Capacitor+1","Cold Snap","Turbo","Turbo","Creative AI","Self Repair","Conserve Battery"],"relics":["Cracked Core","Prayer Wheel","Pantograph","Cursed Key"],"acts_visited":["Exordium","TheCity"],"potions_floor_usage":[2,11,14],"damage_taken":[{"damage":0,"enemies":"2 Louse","floor":1,"turns":2},{"damage":1,"enemies":"Cultist","floor":2,"turns":3},{"damage":0,"enemies":"Small Slimes","floor":4,"turns":3},{"damage":0,"enemies":"3 Louse","floor":5,"turns":3},{"damage":41,"enemies":"Gremlin Nob","floor":7,"turns":5},{"damage":30,"enemies":"Exordium Thugs","floor":10,"turns":6},{"damage":18,"enemies":"3 Sentries","floor":11,"turns":8},{"damage":9,"enemies":"Looter","floor":13,"turns":3},{"damage":14,"enemies":"Lots of Slimes","floor":14,"turns":4},{"damage":26,"enemies":"Hexaghost","floor":16,"turns":16},{"damage":30,"enemies":"Shell Parasite","floor":18,"turns":7},{"damage":36,"enemies":"3 Byrds","floor":20,"turns":6},{"damage":25,"enemies":"Cultist and Chosen","floor":21,"turns":4}],"seed_played":"-5486292280636702461","potions_obtained":[{"floor":1,"key":"ColorlessPotion"},{"floor":2,"key":"Energy Potion"},{"floor":13,"key":"DuplicationPotion"},{"floor":20,"key":"FocusPotion"}],"is_trial":false,"path_per_floor":["M","M","?","M","M","R","E","?","T","M","E","R","M","M","R","B",null,"M","?","M","M"],"character_chosen":"DEFECT","items_purchased":[],"campfire_rested":0,"item_purchase_floors":[],"current_hp_per_floor":[75,74,74,74,74,74,33,85,85,55,37,37,28,14,14,13,85,55,47,18,0,0],"gold":401,"neow_bonus":"ONE_RANDOM_RARE_CARD","is_daily":false,"chose_seed":false,"campfire_upgraded":3,"win_rate":0.0,"timestamp":1608862285,"path_taken":["M","M","?","?","M","R","E","?","T","M","E","R","M","?","R","BOSS","M","?","M","?"],"items_purchased_type":[],"build_version":"2020-12-22","purchased_purges":0,"victory":false,"max_hp_per_floor":[75,75,75,75,75,75,75,85,85,85,85,85,85,85,85,85,85,85,85,85,85,85],"card_choices":[{"not_picked":["Force Field","Rebound"],"picked":"Capacitor","floor":1},{"not_picked":["Compile Driver","Cold Snap"],"picked":"Hologram","floor":2},{"not_picked":["Auto Shields","Reprogram"],"picked":"Barrage","floor":4},{"not_picked":["Conserve Battery","Sweeping Beam"],"picked":"Coolheaded","floor":5},{"not_picked":["Sweeping Beam","Barrage"],"picked":"Loop","floor":7},{"not_picked":["Loop","Beam Cell"],"picked":"Capacitor","floor":10},{"not_picked":["Hello World","Static Discharge"],"picked":"Cold Snap","floor":10},{"not_picked":["Thunder Strike","Skim"],"picked":"Turbo","floor":11},{"not_picked":["Heatsinks","Recycle"],"picked":"Turbo","floor":13},{"not_picked":["Go for the Eyes","Double Energy","Rebound"],"picked":"SKIP","floor":13},{"not_picked":["Rebound","Stack","Turbo"],"picked":"SKIP","floor":14},{"not_picked":["Go for the Eyes","Compile Driver","Reinforced Body"],"picked":"SKIP","floor":14},{"not_picked":["Fission","Rainbow"],"picked":"Creative AI","floor":16},{"not_picked":["Auto Shields+1","Go for the Eyes"],"picked":"Self Repair","floor":18},{"not_picked":["Rebound","Reprogram","Gash"],"picked":"SKIP","floor":18},{"not_picked":["Gash","Barrage+1"],"picked":"Conserve Battery","floor":20},{"not_picked":["Redo","Stack","Gash"],"picked":"SKIP","floor":20}],"player_experience":510823,"relics_obtained":[{"floor":7,"key":"Prayer Wheel"},{"floor":11,"key":"Pantograph"}],"event_choices":[{"damage_healed":0,"gold_gain":0,"player_choice":"Upgraded","damage_taken":0,"max_hp_gain":0,"max_hp_loss":0,"event_name":"Upgrade Shrine","floor":3,"gold_loss":0,"cards_upgraded":["Capacitor"]},{"cards_removed":["Multi-Cast"],"damage_healed":42,"gold_gain":0,"player_choice":"Offered Rare","damage_taken":0,"max_hp_gain":10,"max_hp_loss":0,"event_name":"Bonfire Elementals","floor":8,"gold_loss":0},{"damage_healed":0,"gold_gain":0,"player_choice":"Damaged","damage_taken":8,"max_hp_gain":0,"max_hp_loss":0,"event_name":"Wheel of Change","floor":19,"gold_loss":0}],"is_beta":false,"boss_relics":[{"not_picked":["FrozenCore","Fusion Hammer"],"picked":"Cursed Key"}],"items_purged_floors":[],"is_endless":false,"potions_floor_spawned":[1,2,13,20],"killed_by":"Cultist and Chosen","ascension_level":0}}