{"host":"zh06ha8197vgjo02","time":1608877896,"event":{"mods":["AchievementEnabler","Arknights The Spire","BaseMod","Better Skull","CapriCore","DeckTracker","GifTheSpireLib","Hermit","Koishi","Marisa£¨Ùöéë¡¡Øª×âÞÞ£©","Minty Spire (QoL Compilation)","Reimu£¨ÚÏ???£©","StSLib","SuperFastMode","Td1madao Mod","The Cursed","The Dragon Tamer","The Immortal","TheBandit"],"gold_per_floor":[16,16,34,34,53,82,82,82,82,82,116,130,81,31,31,126,126,136,154,154,154,154],"floor_reached":21,"playtime":1160,"items_purged":[],"score":187,"play_id":"8c5b1fcc-3a87-48ea-9c62-6bec4fef856f","local_time":"20201225153136","is_ascension_mode":false,"campfire_choices":[{"data":"wariomod:Step","floor":7,"key":"SMITH"},{"data":"wariomod:Leap","floor":10,"key":"SMITH"},{"data":"wariomod:BoomBoom","floor":15,"key":"SMITH"}],"circlet_count":0,"master_deck":["wariomod:Strike","wariomod:Strike","wariomod:Strike","wariomod:Strike","wariomod:Defend","wariomod:Defend","wariomod:Step+1","wariomod:Leap+1","wariomod:Bombshield","wariomod:Bombshield","wariomod:BoomBoom+1","wariomod:BlastDash","wariomod:Boomsmack","wariomod:EnergizedBombs","CurseOfTheBell","wariomod:BoomBoom"],"relics":["wariomod:TheHat","Thread and Needle","ats:Originium","Eternal Feather","Happy Flower","ats:Originium","Gremlin Horn","Calling Bell","wariomod:SmileyHat","Singing Bowl","Peace Pipe"],"acts_visited":["Exordium","TheCity"],"potions_floor_usage":[16,16,19],"damage_taken":[{"damage":0,"enemies":"Small Slimes","floor":1,"turns":3},{"damage":0,"enemies":"Cultist","floor":3,"turns":4},{"damage":0,"enemies":"Jaw Worm","floor":5,"turns":2},{"damage":33,"enemies":"Lagavulin","floor":6,"turns":10},{"damage":18,"enemies":"3 Sentries","floor":11,"turns":8},{"damage":0,"enemies":"Lots of Slimes","floor":12,"turns":2},{"damage":33,"enemies":"Hexaghost","floor":16,"turns":9},{"damage":14,"enemies":"Shell Parasite","floor":18,"turns":6},{"damage":27,"enemies":"Spheric Guardian","floor":19,"turns":6},{"damage":46,"enemies":"Snake Plant","floor":21,"turns":5}],"seed_played":"-1774542831721655459","potions_obtained":[{"floor":3,"key":"Regen Potion"},{"floor":5,"key":"Strength Potion"},{"floor":12,"key":"Ancient Potion"}],"is_trial":false,"path_per_floor":["M","?","M","$","M","E","R","?","T","R","E","M","$","?","R","B",null,"M","M","?","M"],"character_chosen":"THE_BANDIT","items_purchased":["wariomod:Boomsmack"],"campfire_rested":0,"item_purchase_floors":[13],"current_hp_per_floor":[80,80,80,80,80,47,53,53,53,59,41,41,41,41,47,29,80,68,41,41,0,0],"gold":154,"neow_bonus":"ONE_RARE_RELIC","is_daily":false,"chose_seed":false,"campfire_upgraded":3,"win_rate":0.0,"timestamp":1608877896,"path_taken":["M","?","?","$","M","E","R","?","T","R","E","?","$","?","R","BOSS","M","M","?","?"],"items_purchased_type":["Card"],"build_version":"2020-12-22","purchased_purges":0,"victory":false,"max_hp_per_floor":[80,80,80,80,80,80,80,80,80,80,80,80,80,80,80,80,80,82,82,82,82,82],"card_choices":[{"not_picked":["wariomod:DanceDash","wariomod:ChargeForth","wariomod:f"],"picked":"SKIP","floor":1},{"not_picked":["wariomod:EmptyMind","wariomod:DisarmingMoves","wariomod:OctoJump"],"picked":"SKIP","floor":3},{"not_picked":["wariomod:Hopshield","wariomod:ChargeForth"],"picked":"wariomod:Bombshield","floor":5},{"not_picked":["wariomod:VeryLongJump","wariomod:Game"],"picked":"wariomod:Bombshield","floor":6},{"not_picked":["wariomod:Bombshield","wariomod:DanceDash"],"picked":"wariomod:BoomBoom","floor":11},{"not_picked":["wariomod:PayItForwards","wariomod:DanceDash"],"picked":"wariomod:BlastDash","floor":12},{"not_picked":["wariomod:Sidestep","wariomod:AbandonGame"],"picked":"wariomod:EnergizedBombs","floor":16},{"not_picked":["wariomod:SmallSprint+1","wariomod:ChargeForth","wariomod:Game+1"],"picked":"Singing Bowl","floor":18},{"not_picked":["wariomod:SmackSlam","wariomod:DanceDash"],"picked":"wariomod:BoomBoom","floor":19}],"player_experience":666865,"relics_obtained":[{"floor":6,"key":"ats:Originium"},{"floor":6,"key":"Eternal Feather"},{"floor":9,"key":"Happy Flower"},{"floor":11,"key":"ats:Originium"},{"floor":11,"key":"Gremlin Horn"},{"floor":17,"key":"wariomod:SmileyHat"},{"floor":17,"key":"Singing Bowl"},{"floor":17,"key":"Peace Pipe"}],"event_choices":[{"damage_healed":0,"gold_gain":0,"player_choice":"Ignored","damage_taken":0,"max_hp_gain":0,"max_hp_loss":0,"event_name":"NoteForYourself","floor":2,"gold_loss":0},{"damage_healed":0,"gold_gain":0,"player_choice":"Bought 0 Potions","damage_taken":0,"max_hp_gain":0,"max_hp_loss":0,"event_name":"The Woman in Blue","floor":8,"gold_loss":0},{"cards_removed":["wariomod:Defend"],"damage_healed":0,"gold_gain":0,"player_choice":"Card Removal","damage_taken":0,"max_hp_gain":0,"max_hp_loss":0,"event_name":"The Cleric","floor":14,"gold_loss":50},{"cards_removed":["wariomod:Defend"],"damage_healed":0,"gold_gain":0,"player_choice":"Offered Basic","damage_taken":0,"max_hp_gain":0,"max_hp_loss":0,"event_name":"Bonfire Elementals","floor":20,"gold_loss":0}],"is_beta":false,"boss_relics":[{"not_picked":["Black Star","Tiny House"],"picked":"Calling Bell"}],"items_purged_floors":[],"is_endless":false,"potions_floor_spawned":[3,5,12],"killed_by":"Snake Plant","ascension_level":0}}