{"host":"pg2biz4zy3df4ctj","time":1608932098,"event":{"mods":["BaseMod","Minty Spire (QoL Compilation)","Quick Restart","Random Character Button"],"gold_per_floor":[15,15,90,65,84,124,18,39,66,66,86,86,86,113,113,113,113],"floor_reached":16,"playtime":442,"items_purged":["Strike_R"],"score":167,"play_id":"a9e7f67a-d730-4027-b016-c136731c1a33","local_time":"20201225133458","is_ascension_mode":true,"campfire_choices":[{"floor":10.0,"key":"REST"},{"data":"Bludgeon","floor":13.0,"key":"SMITH"},{"data":"Rampage","floor":15.0,"key":"SMITH"}],"circlet_count":0,"master_deck":["AscendersBane","Strike_R","Strike_R","Strike_R","Strike_R","Defend_R","Defend_R","Defend_R","Defend_R","Bash+1","Bludgeon+1","Cleave","Battle Trance","True Grit","Hemokinesis","Clothesline","Rampage+1"],"relics":["Burning Blood","CeramicFish","Bag of Marbles","Strawberry","Vajra"],"acts_visited":["Exordium"],"potions_floor_usage":[],"damage_taken":[{"damage":10.0,"enemies":"Small Slimes","floor":1.0,"turns":3.0},{"damage":3.0,"enemies":"2 Louse","floor":5.0,"turns":2.0},{"damage":44.0,"enemies":"Lagavulin","floor":6.0,"turns":8.0},{"damage":2.0,"enemies":"Jaw Worm","floor":8.0,"turns":3.0},{"damage":19.0,"enemies":"Large Slime","floor":11.0,"turns":4.0},{"damage":16.0,"enemies":"Gremlin Nob","floor":14.0,"turns":3.0},{"damage":37,"enemies":"The Guardian","floor":16,"turns":8}],"seed_played":"7133996705733265665","potions_obtained":[{"floor":1.0,"key":"BlessingOfTheForge"},{"floor":5.0,"key":"BlessingOfTheForge"},{"floor":14.0,"key":"Energy Potion"}],"is_trial":false,"path_per_floor":["M","?","?","$","M","E","$","M","T","R","M","T","R","E","R","B"],"character_chosen":"IRONCLAD","items_purchased":["Cleave","Hemokinesis"],"campfire_rested":1,"item_purchase_floors":[4,7],"current_hp_per_floor":[68,68,57,57,60,22,22,26,26,50,37,44,44,34,34,0,0],"gold":113,"neow_bonus":"THREE_RARE_CARDS","is_daily":false,"chose_seed":false,"campfire_upgraded":2,"win_rate":0.0,"timestamp":1608932098,"path_taken":["M","?","?","$","M","E","$","M","T","R","M","?","R","E","R","BOSS"],"items_purchased_type":["Card","Card"],"build_version":"2020-12-22","purchased_purges":1,"victory":false,"max_hp_per_floor":[80,80,80,80,80,80,80,80,80,80,80,87,87,87,87,87,87],"card_choices":[{"not_picked":["Demon Form","Brutality"],"picked":"Bludgeon","floor":0.0},{"not_picked":["Dark Embrace","Twin Strike","Feel No Pain"],"picked":"SKIP","floor":1.0},{"not_picked":["Spot Weakness","Clothesline"],"picked":"Battle Trance","floor":5.0},{"not_picked":["Pommel Strike","Havoc"],"picked":"True Grit","floor":6.0},{"not_picked":["Twin Strike","Entrench"],"picked":"Clothesline","floor":8.0},{"not_picked":["Rupture","Flex"],"picked":"Rampage","floor":11.0},{"not_picked":["Spot Weakness","Sentinel","Warcry"],"picked":"SKIP","floor":14.0}],"player_experience":575216,"relics_obtained":[{"floor":6.0,"key":"CeramicFish"},{"floor":9.0,"key":"Bag of Marbles"},{"floor":12.0,"key":"Strawberry"},{"floor":14.0,"key":"Vajra"}],"event_choices":[{"damage_healed":0.0,"max_hp_gain":0.0,"max_hp_loss":0.0,"gold_gain":0.0,"event_name":"Living Wall","player_choice":"Grow","floor":2.0,"gold_loss":0.0,"damage_taken":0.0,"cards_upgraded":["Bash"]},{"damage_healed":0.0,"max_hp_gain":0.0,"max_hp_loss":0.0,"gold_gain":75.0,"event_name":"World of Goop","player_choice":"Gather Gold","floor":3.0,"gold_loss":0.0,"damage_taken":11.0}],"is_beta":false,"boss_relics":[],"items_purged_floors":[7],"is_endless":false,"potions_floor_spawned":[1,5,14],"killed_by":"The Guardian","ascension_level":11}}