{"host":"9l1knhxfturzliqa","time":1608863582,"event":{"mods":["BaseMod","Colored Map","Colored Powertips","DeckTracker","Highlight Path","Keyboard Shortcuts","Minty Spire (QoL Compilation)","Quick Restart","Random Character Button"],"gold_per_floor":[19,19,38,38,52,52,80,98,125,125,144,156,171,23,23,124,124,143,156,156,156,156,156,175,175,175,187,205,205,216,246,246,349,349,360,374,394,411,33,33,33,83,135,135,135,135,167,183,183,183],"floor_reached":51,"playtime":3267,"items_purged":["Self Repair+1"],"score":885,"play_id":"30564370-7d2c-4612-864f-f8b9470808e6","local_time":"20201225113302","is_ascension_mode":true,"campfire_choices":[{"data":"Dualcast","floor":6,"key":"SMITH"},{"data":"Zap","floor":10,"key":"SMITH"},{"data":"Reboot","floor":15,"key":"SMITH"},{"data":"Amplify","floor":23,"key":"SMITH"},{"data":"Defragment","floor":25,"key":"SMITH"},{"data":"Seek","floor":29,"key":"SMITH"},{"data":"Capacitor","floor":32,"key":"SMITH"},{"data":"Turbo","floor":40,"key":"SMITH"},{"data":"Thunder Strike","floor":44,"key":"SMITH"},{"data":"Tempest","floor":46,"key":"SMITH"},{"data":"Storm","floor":49,"key":"SMITH"}],"circlet_count":0,"master_deck":["Zap+1","Dualcast+1","Coolheaded","Defragment+1","Lockon","Go for the Eyes+1","BootSequence","Reboot+1","Capacitor+1","Ball Lightning","Gash+1","Electrodynamics+1","Barrage+1","Ghostly","Ghostly","Ghostly","Ghostly","Ghostly","Tempest+1","Amplify+1","Turbo+1","Undo+1","Thunder Strike+1","Consume+1","Storm+1"],"relics":["Cracked Core","Orichalcum","Regal Pillow","Orrery","Astrolabe","Eternal Feather","Whetstone","Coffee Dripper","OrangePellets","Du-Vu Doll","Lantern","Bird Faced Urn"],"acts_visited":["Exordium","TheCity","TheBeyond"],"potions_floor_usage":[31,33,36,47,48,50],"damage_taken":[{"damage":4,"enemies":"Jaw Worm","floor":1,"turns":4},{"damage":3,"enemies":"Small Slimes","floor":3,"turns":3},{"damage":1,"enemies":"Cultist","floor":5,"turns":3},{"damage":11,"enemies":"Lagavulin","floor":7,"turns":8},{"damage":4,"enemies":"Gremlin Gang","floor":8,"turns":4},{"damage":0,"enemies":"3 Louse","floor":11,"turns":2},{"damage":0,"enemies":"2 Fungi Beasts","floor":12,"turns":2},{"damage":0,"enemies":"Looter","floor":13,"turns":2},{"damage":0,"enemies":"Slime Boss","floor":16,"turns":5},{"damage":0,"enemies":"3 Byrds","floor":18,"turns":1},{"damage":0,"enemies":"Chosen","floor":19,"turns":4},{"damage":0,"enemies":"Snecko","floor":24,"turns":4},{"damage":0,"enemies":"Centurion and Healer","floor":27,"turns":3},{"damage":0,"enemies":"Snake Plant","floor":28,"turns":4},{"damage":0,"enemies":"Cultist and Chosen","floor":30,"turns":5},{"damage":21,"enemies":"Book of Stabbing","floor":31,"turns":7},{"damage":12,"enemies":"Champ","floor":33,"turns":8},{"damage":0,"enemies":"3 Shapes","floor":35,"turns":2},{"damage":0,"enemies":"3 Darklings","floor":36,"turns":4},{"damage":0,"enemies":"Maw","floor":37,"turns":6},{"damage":0,"enemies":"4 Shapes","floor":38,"turns":3},{"damage":2,"enemies":"Mind Bloom Boss Battle","floor":42,"turns":6},{"damage":0,"enemies":"Giant Head","floor":47,"turns":6},{"damage":0,"enemies":"Sphere and 2 Shapes","floor":48,"turns":4},{"damage":10,"enemies":"Donu and Deca","floor":50,"turns":7}],"seed_played":"-5430785681963821395","potions_obtained":[{"floor":3,"key":"SteroidPotion"},{"floor":8,"key":"PotionOfCapacity"},{"floor":12,"key":"EssenceOfSteel"},{"floor":24,"key":"Ancient Potion"},{"floor":31,"key":"Fire Potion"},{"floor":33,"key":"PowerPotion"},{"floor":35,"key":"LiquidMemories"},{"floor":38,"key":"Energy Potion"},{"floor":47,"key":"LiquidMemories"}],"is_trial":false,"path_per_floor":["M","?","M","?","M","R","E","M","T","R","M","M","M","$","R","B",null,"M","M","?","?","?","R","M","R","T","M","M","R","M","E","R","B",null,"M","M","M","M","$","R","?","?","T","R","?","R","E","M","R","B",null],"character_chosen":"DEFECT","items_purchased":["Orrery","Thunder Strike","OrangePellets"],"campfire_rested":0,"item_purchase_floors":[14,39,39],"current_hp_per_floor":[71,71,68,68,67,67,56,52,52,52,52,52,52,52,52,52,75,75,75,37,37,37,37,37,37,37,37,37,37,37,16,28,26,37,37,37,37,37,37,37,35,33,33,35,45,45,45,45,45,39],"gold":183,"neow_bonus":"REMOVE_TWO","is_daily":false,"chose_seed":false,"campfire_upgraded":11,"win_rate":0.0,"timestamp":1608863582,"path_taken":["M","?","M","?","?","R","E","M","T","R","M","?","M","$","R","BOSS","M","M","?","?","?","R","M","R","T","M","M","R","M","E","R","BOSS","M","M","M","M","$","R","?","?","T","R","?","R","E","?","R","BOSS"],"items_purchased_type":["Relic","Card","Relic"],"build_version":"2020-12-22","purchased_purges":1,"victory":true,"max_hp_per_floor":[75,75,75,75,75,75,75,75,75,75,75,75,75,75,75,75,75,75,75,37,37,37,37,37,37,37,37,37,37,37,37,37,37,37,37,37,37,37,37,37,35,35,35,35,45,45,45,45,45,45],"card_choices":[{"not_picked":["Loop","Steam"],"picked":"Sweeping Beam","floor":1},{"not_picked":["Chaos","Barrage","Scrape"],"picked":"SKIP","floor":3},{"not_picked":["Sweeping Beam","Leap"],"picked":"Coolheaded","floor":5},{"not_picked":["Reinforced Body","Stack"],"picked":"Defragment","floor":7},{"not_picked":["Streamline","Coolheaded"],"picked":"Lockon","floor":8},{"not_picked":["Sweeping Beam","Turbo"],"picked":"Go for the Eyes","floor":11},{"not_picked":["Blizzard","Hologram"],"picked":"BootSequence","floor":12},{"not_picked":["Compile Driver","Blizzard","Sweeping Beam"],"picked":"SKIP","floor":13},{"not_picked":["Auto Shields","Beam Cell"],"picked":"Reboot","floor":14},{"not_picked":["Stack","Sweeping Beam"],"picked":"Capacitor","floor":14},{"not_picked":["Reinforced Body","Defragment"],"picked":"Ball Lightning","floor":14},{"not_picked":["Stack","Amplify"],"picked":"Gash","floor":14},{"not_picked":["Rainbow","Fission"],"picked":"Seek","floor":16},{"not_picked":["Steam+1","Skim","Blizzard"],"picked":"SKIP","floor":18},{"not_picked":["Beam Cell","Sweeping Beam","Steam"],"picked":"SKIP","floor":19},{"not_picked":["Go for the Eyes","Rebound+1","Coolheaded"],"picked":"SKIP","floor":24},{"not_picked":["Conserve Battery","Fusion","Redo"],"picked":"SKIP","floor":27},{"not_picked":["Turbo","Leap+1","Hologram"],"picked":"SKIP","floor":28},{"not_picked":["Streamline","BootSequence","Barrage"],"picked":"SKIP","floor":30},{"not_picked":["Rebound","BootSequence","Stack"],"picked":"SKIP","floor":31},{"not_picked":["Ball Lightning","Go for the Eyes","Static Discharge+1"],"picked":"SKIP","floor":35},{"not_picked":["Gash","Reprogram+1","Redo"],"picked":"SKIP","floor":36},{"not_picked":["Leap","Static Discharge"],"picked":"Undo+1","floor":37},{"not_picked":["Hello World","Steam Power","Reinforced Body+1"],"picked":"SKIP","floor":38},{"not_picked":["Thunder Strike","Beam Cell"],"picked":"Consume+1","floor":47},{"not_picked":["Streamline","Skim"],"picked":"Storm","floor":48}],"player_experience":225855,"relics_obtained":[{"floor":7,"key":"Orichalcum"},{"floor":9,"key":"Regal Pillow"},{"floor":26,"key":"Eternal Feather"},{"floor":31,"key":"Whetstone"},{"floor":42,"key":"Du-Vu Doll"},{"floor":43,"key":"Lantern"},{"floor":47,"key":"Bird Faced Urn"}],"event_choices":[{"cards_removed":["Strike_B"],"damage_healed":0,"gold_gain":0,"player_choice":"Forget","damage_taken":0,"max_hp_gain":0,"max_hp_loss":0,"event_name":"Living Wall","floor":2,"gold_loss":0},{"cards_removed":["Defend_B"],"damage_healed":0,"gold_gain":0,"player_choice":"Purged","damage_taken":0,"max_hp_gain":0,"max_hp_loss":0,"event_name":"Purifier","floor":4,"gold_loss":0},{"damage_healed":0,"gold_gain":0,"player_choice":"Became a Ghost","damage_taken":0,"max_hp_gain":0,"max_hp_loss":38,"event_name":"Ghosts","floor":20,"gold_loss":0,"cards_obtained":["Ghostly","Ghostly","Ghostly","Ghostly","Ghostly"]},{"damage_healed":0,"gold_gain":0,"player_choice":"Read","damage_taken":0,"max_hp_gain":0,"max_hp_loss":0,"event_name":"The Library","floor":21,"gold_loss":0,"cards_obtained":["Tempest"]},{"damage_healed":0,"gold_gain":0,"cards_transformed":["Defend_B","Sweeping Beam"],"player_choice":"Became Test Subject","damage_taken":0,"max_hp_gain":0,"max_hp_loss":0,"event_name":"Drug Dealer","floor":22,"gold_loss":0,"cards_obtained":["Amplify","Turbo"]},{"damage_healed":0,"gold_gain":0,"player_choice":"Max HP","damage_taken":0,"max_hp_gain":0,"max_hp_loss":2,"event_name":"Winding Halls","floor":41,"gold_loss":0},{"damage_healed":0,"gold_gain":0,"player_choice":"Fight","damage_taken":0,"max_hp_gain":0,"max_hp_loss":0,"event_name":"MindBloom","floor":42,"gold_loss":0},{"cards_removed":["Seek"],"damage_healed":0,"gold_gain":0,"player_choice":"Offered Rare","damage_taken":0,"max_hp_gain":10,"max_hp_loss":0,"event_name":"Bonfire Elementals","floor":45,"gold_loss":0}],"is_beta":false,"boss_relics":[{"not_picked":["Black Star","Cursed Key"],"picked":"Astrolabe"},{"not_picked":["SacredBark","Snecko Eye"],"picked":"Coffee Dripper"}],"items_purged_floors":[39],"is_endless":false,"potions_floor_spawned":[3,8,12,13,16,18,24,31,33,35,38,47],"ascension_level":3}}