{"host":"90jl2h70xtuoeg0i","time":1608874071,"event":{"mods":["AchievementEnabler","BaseMod","Colored Map","Colored Powertips","Highlight Path","Minty Spire (QoL Compilation)","Relic Stats","ojb\u0027s Info Mod"],"gold_per_floor":[118,128,146,71,91,122,122,135,159,159,220,270,298,312,312,383,383,401,411,421,421,185,210,226,226,226],"floor_reached":25,"playtime":6622,"items_purged":["Defend_G"],"score":520,"play_id":"7db24d03-9425-4096-a804-35f8d7a3950b","local_time":"20201225002751","is_ascension_mode":true,"campfire_choices":[{"data":"Blade Dance","floor":7.0,"key":"SMITH"},{"floor":10.0,"key":"REST"},{"data":"Bouncing Flask","floor":15,"key":"SMITH"}],"circlet_count":0,"master_deck":["AscendersBane","Strike_G","Strike_G","Strike_G+1","Defend_G","Defend_G","Survivor","Neutralize","Dash+1","Blade Dance+1","Footwork","Bouncing Flask+1","Finisher","Cloak And Dagger","Dagger Spray","Blade Dance","Deflect","Tools of the Trade","Blur+1","Accuracy","Leg Sweep","Footwork"],"relics":["Empty Cage","Ancient Tea Set","Whetstone","Nunchaku","MealTicket","Coffee Dripper","Singing Bowl"],"acts_visited":["Exordium","TheCity"],"potions_floor_usage":[13,16,20,23],"damage_taken":[{"damage":9.0,"enemies":"Jaw Worm","floor":1.0,"turns":8.0},{"damage":2.0,"enemies":"2 Louse","floor":2.0,"turns":3.0},{"damage":0.0,"enemies":"Cultist","floor":3.0,"turns":3.0},{"damage":7.0,"enemies":"Large Slime","floor":5.0,"turns":7.0},{"damage":21.0,"enemies":"Lagavulin","floor":6.0,"turns":6.0},{"damage":0.0,"enemies":"Red Slaver","floor":8.0,"turns":1.0},{"damage":17.0,"enemies":"3 Sentries","floor":11.0,"turns":8.0},{"damage":0,"enemies":"Gremlin Nob","floor":13,"turns":3},{"damage":0,"enemies":"Gremlin Gang","floor":14,"turns":6},{"damage":6,"enemies":"The Guardian","floor":16,"turns":9},{"damage":3,"enemies":"3 Byrds","floor":18,"turns":5},{"damage":12,"enemies":"2 Thieves","floor":19,"turns":4},{"damage":14,"enemies":"3 Cultists","floor":20,"turns":6},{"damage":16,"enemies":"Book of Stabbing","floor":23,"turns":5},{"damage":11,"enemies":"Snake Plant","floor":24,"turns":5},{"damage":20,"enemies":"Slavers","floor":25,"turns":1}],"seed_played":"3855505872258445622","potions_obtained":[{"floor":1.0,"key":"Weak Potion"},{"floor":2.0,"key":"Block Potion"},{"floor":11.0,"key":"CunningPotion"},{"floor":13,"key":"DistilledChaos"},{"floor":14,"key":"Dexterity Potion"},{"floor":20,"key":"Fire Potion"}],"is_trial":false,"path_per_floor":["M","M","M","?","M","E","R","M","T","R","?","?","E","M","R","B",null,"M","M","M","?","$","E","M","E"],"character_chosen":"THE_SILENT","items_purchased":["Accuracy","Leg Sweep"],"campfire_rested":1,"item_purchase_floors":[22,22],"current_hp_per_floor":[50,48,48,48,41,20,20,20,20,39,22,22,22,22,22,16,54,51,39,25,25,40,24,15,0,0],"gold":226,"neow_bonus":"BOSS_RELIC","is_daily":false,"chose_seed":false,"campfire_upgraded":2,"win_rate":0.0,"timestamp":1608874071,"path_taken":["M","M","M","?","M","E","R","M","T","R","?","?","E","M","R","BOSS","M","M","?","?","$","E","M","E"],"items_purchased_type":["Card","Card"],"build_version":"2020-12-22","purchased_purges":1,"victory":false,"max_hp_per_floor":[66,66,66,66,66,66,66,66,66,66,66,66,66,66,66,66,66,66,66,66,66,66,66,68,68,68],"relic_stats":{"Nunchaku":[14],"Singing Bowl":2,"counters":[16,80],"MealTicket":15,"Whetstone":["Dash","Strike_G"],"obtain_stats":[{"Nunchaku":11,"Singing Bowl":23,"MealTicket":13,"Coffee Dripper":17,"Whetstone":9,"Empty Cage":0,"Ancient Tea Set":6,"Ring of the Snake":0},{"Nunchaku":7,"Singing Bowl":14,"MealTicket":8,"Coffee Dripper":10,"Whetstone":6,"Empty Cage":0,"Ancient Tea Set":5,"Ring of the Snake":0},{"Nunchaku":36,"Singing Bowl":74,"MealTicket":39,"Coffee Dripper":54,"Whetstone":28,"Empty Cage":0,"Ancient Tea Set":27,"Ring of the Snake":0}]},"card_choices":[{"not_picked":["Slice","Concentrate"],"picked":"Dash","floor":1.0},{"not_picked":["Dagger Spray","Backflip"],"picked":"Blade Dance","floor":2.0},{"not_picked":["Skewer","Finisher"],"picked":"Footwork","floor":3.0},{"not_picked":["PiercingWail","Bane"],"picked":"Bouncing Flask","floor":5.0},{"not_picked":["Slice","Quick Slash"],"picked":"Finisher","floor":6.0},{"not_picked":["Outmaneuver","Noxious Fumes"],"picked":"Cloak And Dagger","floor":8.0},{"not_picked":["Sucker Punch","Night Terror"],"picked":"Dagger Spray","floor":11.0},{"not_picked":["Dagger Spray","Flying Knee"],"picked":"Blade Dance","floor":13},{"not_picked":["Poisoned Stab","Quick Slash"],"picked":"Deflect","floor":14},{"not_picked":["Night Terror","Bullet Time"],"picked":"Tools of the Trade","floor":16},{"not_picked":["Skewer+1","Blade Dance","Underhanded Strike"],"picked":"SKIP","floor":18},{"not_picked":["Heel Hook","Slice","Blade Dance"],"picked":"SKIP","floor":19},{"not_picked":["Predator","Prepared+1"],"picked":"Blur+1","floor":20},{"not_picked":["Cloak And Dagger","All Out Attack"],"picked":"Footwork","floor":23},{"not_picked":["Underhanded Strike+1","Infinite Blades","Endless Agony"],"picked":"Singing Bowl","floor":24}],"player_experience":1402651,"relics_obtained":[{"floor":6.0,"key":"Ancient Tea Set"},{"floor":9.0,"key":"Whetstone"},{"floor":11.0,"key":"Nunchaku"},{"floor":13,"key":"MealTicket"},{"floor":23,"key":"Singing Bowl"}],"event_choices":[{"cards_removed":["Defend_G"],"damage_healed":0.0,"max_hp_gain":0.0,"max_hp_loss":0.0,"gold_gain":0.0,"event_name":"The Cleric","player_choice":"Card Removal","floor":4.0,"gold_loss":75.0,"damage_taken":0.0},{"damage_healed":0.0,"max_hp_gain":0.0,"max_hp_loss":0.0,"gold_gain":0.0,"event_name":"Dead Adventurer","player_choice":"Searched \u00271\u0027 times","floor":11.0,"gold_loss":0.0,"damage_taken":0.0},{"damage_healed":0.0,"max_hp_gain":0.0,"max_hp_loss":0.0,"gold_gain":50.0,"event_name":"Golden Shrine","player_choice":"Pray","floor":12.0,"gold_loss":0.0,"damage_taken":0.0},{"cards_removed":["Strike_G"],"damage_healed":0,"gold_gain":0,"player_choice":"Purged","damage_taken":0,"max_hp_gain":0,"max_hp_loss":0,"event_name":"Purifier","floor":21,"gold_loss":0}],"is_beta":false,"boss_relics":[{"not_picked":["Philosopher\u0027s Stone","Black Star"],"picked":"Coffee Dripper"}],"items_purged_floors":[22],"is_endless":false,"potions_floor_spawned":[1,2,3,11,13,14,20],"killed_by":"Slavers","ascension_level":20}}