{"host":"hxmfoq77054plnuw","time":1608923365,"event":{"mods":["BaseMod","Colored Map","Colored Powertips","Downfall","Highlight Path","Minty Spire (QoL Compilation)","Replay The Spire","Shop Mod","StSLib","SuperFastMode","[功能]功能增强和修复MOD","vexMod","【遗物卡牌】REMEMod","篝火指南"],"gold_per_floor":[114,389,45,65,78,104,104,122,168,201,65,75,75,87,87,184,184,196,2,17,69,85,13,13,13,39,66,66,83,116,162,162,264,264,275,275,67,4,21,51,326,2,2,1561,1561,1561,271,82,82,82],"floor_reached":51,"playtime":2407,"items_purged":["Regret","Strike_G","Strike_G","Defend_G","Defend_G","Defend_P","Strike_G","Strike_G","Strike_G","Defend_G","Dagger Spray","ReplayTheSpireMod:Splinters","Defend_G","Defend_G","Defend_G","Slice","Envenom+1","Noxious Fumes","Regret"],"score":1073,"play_id":"3be9d70e-3c54-47f0-adc2-0fffa4749764","local_time":"20201225200925","is_ascension_mode":false,"campfire_choices":[{"floor":7,"key":"RECALL"},{"data":"REME_Flogging","floor":13,"key":"SMITH"},{"data":"Envenom","floor":15,"key":"SMITH"},{"data":"Accuracy","floor":25,"key":"SMITH"},{"data":"ReplayTheSpireMod:Scrap Shanks","floor":28,"key":"SMITH"},{"data":"REME_FirmDetermination","floor":32,"key":"SMITH"},{"floor":49,"key":"REST"}],"circlet_count":0,"master_deck":["Survivor","Neutralize+1","REME_Flogging+1","Skewer+1","Backflip","Escape Plan+1","expansioncontent:SuperHexaguard","Blade Dance","Burst+1","Prepared+1","Blade Dance","REME_FirmDetermination+1","ReplayTheSpireMod:Scrap Shanks+1","Backflip","Backflip","Madness","Madness","Accuracy","ReplayTheSpireMod:IOU","ReplayTheSpireMod:IOU","ReplayTheSpireMod:IOU","ReplayTheSpireMod:IOU","REME_Flogging","Sickly","ReplayTheSpireMod:Speed Training+1"],"relics":["Ring of the Snake","REME_ComplimentaryCards","Replay:Towering Pillar of Hats","MerchantsRug","Orichalcum","Nunchaku","WristBlade","Quantum Egg","Pen Nib","vexMod:BarristanHead","Busted Crown","sneckomod:BlankCard","Replay:WaspNest","FossilizedHelix","Blue Candle","Replay:Wax Seal","Blood Vial","Bag of Preparation"],"acts_visited":["Exordium","TheCity","TheBeyond"],"potions_floor_usage":[],"damage_taken":[{"damage":0,"enemies":"Small Slimes","floor":1,"turns":3},{"damage":0,"enemies":"Cultist","floor":4,"turns":3},{"damage":0,"enemies":"2 Louse","floor":5,"turns":2},{"damage":10,"enemies":"Gremlin Nob","floor":6,"turns":3},{"damage":0,"enemies":"Lots of Slimes","floor":8,"turns":1},{"damage":5,"enemies":"3 Sentries","floor":10,"turns":4},{"damage":0,"enemies":"Blue Slaver","floor":12,"turns":2},{"damage":0,"enemies":"Exordium Wildlife","floor":14,"turns":2},{"damage":13,"enemies":"The Guardian","floor":16,"turns":4},{"damage":0,"enemies":"3 Byrds","floor":18,"turns":3},{"damage":0,"enemies":"Shell Parasite","floor":20,"turns":1},{"damage":0,"enemies":"Chosen and Byrds","floor":22,"turns":3},{"damage":10,"enemies":"Slavers","floor":27,"turns":2},{"damage":0,"enemies":"Snake Plant","floor":29,"turns":2},{"damage":0,"enemies":"Gremlin Leader","floor":30,"turns":2},{"damage":0,"enemies":"Automaton","floor":33,"turns":3},{"damage":0,"enemies":"Orb Walker","floor":35,"turns":1},{"damage":0,"enemies":"3 Shapes","floor":39,"turns":2},{"damage":0,"enemies":"Nemesis","floor":40,"turns":3},{"damage":47,"enemies":"Writhing Mass","floor":47,"turns":3},{"damage":2,"enemies":"Transient","floor":48,"turns":5},{"damage":39,"enemies":"Awakened One","floor":50,"turns":6}],"seed_played":"1657675203789905523","potions_obtained":[{"floor":1,"key":"Venom Potion"},{"floor":4,"key":"champ:CounterPotion"},{"floor":5,"key":"Poison Potion"},{"floor":12,"key":"GamblersBrew"},{"floor":16,"key":"FairyPotion"},{"floor":18,"key":"Fire Potion"},{"floor":20,"key":"Block Potion"},{"floor":29,"key":"Regen Potion"},{"floor":39,"key":"PowerPotion"},{"floor":40,"key":"Fire Potion"}],"is_trial":false,"path_per_floor":["M","?","$","M","M","E","R","M","T","E","$","M","R","M","R_BF","B",null,"M","$","M","?","M","R","?","R","T","E","R","M","E","T","R","B",null,"M","?","$","?","M","E","?","R","T","$","?","?","M","M","R","B",null],"character_chosen":"THE_SILENT","items_purchased":["Whetstone","MerchantsRug","Noxious Fumes","expansioncontent:SuperHexaguard","Blade Dance","REME_FirmDetermination","ReplayTheSpireMod:Scrap Shanks","Backflip","Accuracy","sneckomod:BlankCard","Blue Candle","Replay:Wax Seal","REME_Flogging","Bag of Preparation"],"campfire_rested":1,"item_purchase_floors":[3,3,11,11,19,19,19,23,37,37,42,42,44,44],"current_hp_per_floor":[70,70,70,70,70,60,60,60,60,55,55,55,55,55,55,42,70,70,70,70,70,70,70,70,70,70,60,60,60,60,60,60,60,70,70,61,61,61,61,61,61,61,61,61,61,61,16,16,37,21],"gold":82,"neow_bonus":"ONE_RARE_RELIC","is_daily":false,"chose_seed":false,"campfire_upgraded":5,"win_rate":0.0,"timestamp":1608923365,"path_taken":["M","?","?","?","M","E","R","?","T","E","?","M","R","M","R_BF","BOSS","M","$","M","?","?","R","?","R","T","E","R","M","E","?","R","BOSS","M","?","$","?","?","E","?","R","T","?","?","?","M","?","R","BOSS"],"items_purchased_type":["Relic","Relic","Card","Card","Card","Card","Card","Card","Card","Relic","Relic","Relic","Card","Relic"],"build_version":"2020-12-22","purchased_purges":19,"victory":true,"max_hp_per_floor":[70,70,70,70,70,70,70,70,70,70,70,70,70,70,70,70,70,70,70,70,70,70,70,70,70,70,70,70,70,70,70,70,70,70,70,70,70,70,70,70,70,70,70,70,70,70,70,70,70,70],"card_choices":[{"not_picked":["Reflex","Distraction"],"picked":"Skewer","floor":1},{"not_picked":["Bane","Toxin Wave"],"picked":"Dagger Spray","floor":4},{"not_picked":["Cloak And Dagger","Blade Dance"],"picked":"Slice","floor":5},{"not_picked":["Leg Sweep","Blade Dance"],"picked":"Backflip","floor":6},{"not_picked":["Leg Sweep","Acrobatics"],"picked":"Escape Plan","floor":8},{"not_picked":["Outmaneuver","Underhanded Strike"],"picked":"Envenom","floor":10},{"not_picked":["Choke","Dagger Spray"],"picked":"Blade Dance","floor":12},{"not_picked":["Well Laid Plans","Sucker Punch","Underhanded Strike"],"picked":"SKIP","floor":14},{"not_picked":["Replay:Bag of Tricks","Storm of Steel"],"picked":"Burst","floor":16},{"not_picked":["Caltrops","Quick Slash"],"picked":"Prepared+1","floor":18},{"not_picked":["Poisoned Stab","Quick Slash+1"],"picked":"Accuracy","floor":20},{"not_picked":["Acrobatics","Slice"],"picked":"Backflip","floor":22},{"not_picked":["Outmaneuver","Deflect","ReplayTheSpireMod:The Works+1"],"picked":"SKIP","floor":27},{"not_picked":["Grand Finale","Underhanded Strike","Caltrops+1"],"picked":"SKIP","floor":29},{"not_picked":["Backflip","Acrobatics+1","Flying Knee"],"picked":"SKIP","floor":30},{"not_picked":["Flechettes+1"],"picked":"SKIP","floor":35},{"not_picked":["Deflect"],"picked":"SKIP","floor":39},{"not_picked":["Backstab"],"picked":"SKIP","floor":40},{"not_picked":["Dagger Throw+1"],"picked":"SKIP","floor":47},{"not_picked":[],"picked":"ReplayTheSpireMod:Speed Training+1","floor":48}],"player_experience":249733,"relics_obtained":[{"floor":6,"key":"Orichalcum"},{"floor":10,"key":"Nunchaku"},{"floor":21,"key":"Quantum Egg"},{"floor":26,"key":"Potion Belt"},{"floor":27,"key":"Pen Nib"},{"floor":30,"key":"War Paint"},{"floor":31,"key":"vexMod:BarristanHead"},{"floor":40,"key":"FossilizedHelix"},{"floor":43,"key":"Blood Vial"}],"event_choices":[{"damage_healed":0,"gold_gain":275,"player_choice":"Desecrate","damage_taken":0,"max_hp_gain":0,"max_hp_loss":0,"event_name":"Golden Shrine","floor":2,"gold_loss":0,"cards_obtained":["Regret"]},{"damage_healed":0,"gold_gain":0,"player_choice":"Embrace Madness","damage_taken":9,"max_hp_gain":0,"max_hp_loss":0,"event_name":"Winding Halls","floor":36,"gold_loss":0,"cards_obtained":["Madness","Madness"]},{"damage_healed":0,"gold_gain":0,"player_choice":"Paid Gold","damage_taken":0,"relics_obtained":["Replay:WaspNest"],"max_hp_gain":0,"max_hp_loss":0,"event_name":"WeMeetAgain","floor":38,"gold_loss":63},{"damage_healed":0,"gold_gain":275,"player_choice":"Desecrate","damage_taken":0,"max_hp_gain":0,"max_hp_loss":0,"event_name":"Golden Shrine","floor":41,"gold_loss":0,"cards_obtained":["Regret"]}],"is_beta":false,"boss_relics":[{"not_picked":["Velvet Choker","Runic Dome"],"picked":"WristBlade"},{"not_picked":["Astrolabe","ChewingGum"],"picked":"Busted Crown"}],"items_purged_floors":[3,3,3,3,3,3,3,3,3,11,19,23,23,23,23,23,37,37,42],"is_endless":false,"potions_floor_spawned":[1,4,5,12,16,18,20,29,39,40],"ascension_level":0}}