{"host":"x565ttcahk6mfbvs","time":1608857170,"event":{"mods":["AchievementEnabler","BaseMod","BetterRewards","Downfall","Minty Spire (QoL Compilation)","Permanent Neow","Remove Card Discount Mod","StSLib"],"gold_per_floor":[111,111,274,274,287,321,321,351,351,351,405,440,454,31,31,135,135,154,253,253,268,283,283,303,334,334,334,351,351,120,136,136,236,236,256,272,0,16,12,12,43,43,67,67,86,86,86,86,86,86,86,86,14,44,44],"floor_reached":56,"playtime":1389,"items_purged":["Strike_G","Strike_G","Strike_G","Strike_G","Strike_G","Defend_G","Defend_G","Neutralize","Survivor","Defend_G","Defend_G","Defend_G","Regret","Dodge and Roll+1"],"score":1811,"play_id":"1b2e6d52-5466-4522-9646-86914bf89d69","local_time":"20201224184610","is_ascension_mode":false,"campfire_choices":[{"data":"MasterReality","floor":7,"key":"SMITH"},{"floor":10,"key":"RECALL"},{"data":"Finisher","floor":15,"key":"SMITH"},{"data":"Apotheosis","floor":23,"key":"SMITH"},{"data":"Mayhem","floor":27,"key":"SMITH"},{"data":"Storm of Steel","floor":29,"key":"SMITH"},{"data":"Accuracy","floor":32,"key":"SMITH"},{"data":"1","floor":40,"key":"LIFT"},{"data":"2","floor":47,"key":"LIFT"},{"data":"3","floor":49,"key":"LIFT"},{"floor":52,"key":"REST"}],"circlet_count":0,"master_deck":["Infinite Blades+1","Accuracy+1","Infinite Blades+1","Blade Dance+1","Infinite Blades+1","Backstab+1","Blade Dance+1","Infinite Blades+1","Blade Dance+1","Backstab+1","Infinite Blades+1","Backstab+1","Infinite Blades+1","Apotheosis+1","MasterReality+1","Infinite Blades+1","Mayhem+1","Cloak And Dagger+1","Cloak And Dagger+1","Cloak And Dagger+1","Storm of Steel+1","Finisher+1","Cloak And Dagger+1","Cloak And Dagger+1","Mayhem+1","CurseOfTheBell","Blade Dance+1"],"relics":["Ring of the Snake","Strange Spoon","Toy Ornithopter","Happy Flower","Singing Bowl","StoneCalendar","ClockworkSouvenir","Bag of Marbles","InkBottle","WristBlade","Pen Nib","Tingsha","Vajra","Kunai","Bottled Lightning","Whetstone","Membership Card","Snake Skull","Pear","Busted Crown","Prayer Wheel","Bottled Tornado","PreservedInsect","Bronze Scales","DollysMirror","Calling Bell","Centennial Puzzle","Darkstone Periapt","Girya","Red Mask","Paper Crane","Regal Pillow","Oddly Smooth Stone","White Beast Statue"],"acts_visited":["Exordium","TheCity","TheBeyond","TheEnding"],"potions_floor_usage":[33,33,54,54,55],"damage_taken":[{"damage":0,"enemies":"Cultist","floor":1,"turns":1},{"damage":0,"enemies":"2 Louse","floor":5,"turns":1},{"damage":0,"enemies":"Gremlin Nob","floor":6,"turns":1},{"damage":9,"enemies":"3 Sentries","floor":8,"turns":2},{"damage":0,"enemies":"Gremlin Nob","floor":12,"turns":1},{"damage":0,"enemies":"Jaw Worm","floor":13,"turns":1},{"damage":30,"enemies":"The Guardian","floor":16,"turns":3},{"damage":0,"enemies":"Spheric Guardian","floor":18,"turns":1},{"damage":0,"enemies":"Shell Parasite","floor":21,"turns":1},{"damage":0,"enemies":"Cultist and Chosen","floor":22,"turns":1},{"damage":0,"enemies":"3 Cultists","floor":24,"turns":2},{"damage":2,"enemies":"Gremlin Leader","floor":25,"turns":3},{"damage":0,"enemies":"Shelled Parasite and Fungi","floor":28,"turns":1},{"damage":0,"enemies":"Snecko","floor":31,"turns":1},{"damage":12,"enemies":"Automaton","floor":33,"turns":4},{"damage":0,"enemies":"3 Darklings","floor":35,"turns":1},{"damage":0,"enemies":"Orb Walker","floor":36,"turns":1},{"damage":0,"enemies":"4 Shapes","floor":38,"turns":2},{"damage":0,"enemies":"Reptomancer","floor":41,"turns":2},{"damage":0,"enemies":"Jaw Worm Horde","floor":45,"turns":1},{"damage":20,"enemies":"Donu and Deca","floor":50,"turns":3},{"damage":0,"enemies":"Shield and Spear","floor":54,"turns":2},{"damage":87,"enemies":"The Heart","floor":55,"turns":4}],"seed_played":"5849671614499059237","potions_obtained":[{"floor":8,"key":"SpeedPotion"},{"floor":12,"key":"EssenceOfSteel"},{"floor":24,"key":"DuplicationPotion"},{"floor":25,"key":"ColorlessPotion"},{"floor":31,"key":"champ:CounterPotion"},{"floor":35,"key":"Ancient Potion"},{"floor":36,"key":"hexamod:EctoCoolerPotion"}],"is_trial":false,"path_per_floor":["M","?","$","?","M","E","R","E","T","R","?","E","M","$","R","B",null,"M","?","?","M","M","R","M","E","T","R","M","R","$","M","R","B",null,"M","M","?","M","$","R","E","?","T","?","M","$","R","?","R","B",null,"R","$","E","B",null],"character_chosen":"THE_SILENT","items_purchased":["Infinite Blades","Strange Spoon","Toy Ornithopter","Happy Flower","Singing Bowl","Accuracy","Infinite Blades","Blade Dance","Infinite Blades","Backstab","Blade Dance","Infinite Blades","Blade Dance","Backstab","Infinite Blades","Backstab","Infinite Blades","StoneCalendar","Apotheosis","Infinite Blades","ClockworkSouvenir","Bag of Marbles","InkBottle","Mayhem","Pen Nib","Membership Card","Snake Skull","Pear","Storm of Steel","Finisher","PreservedInsect","Bronze Scales","DollysMirror","Oddly Smooth Stone"],"campfire_rested":1,"item_purchase_floors":[0,0,0,0,0,0,0,0,0,0,0,0,0,0,0,0,0,0,0,0,0,0,0,3,3,14,14,14,14,14,30,30,30,53],"current_hp_per_floor":[72,58,58,58,58,58,58,51,51,51,51,53,55,65,65,37,90,92,92,92,96,100,100,104,104,104,104,104,104,104,108,108,100,112,116,118,118,120,120,120,122,122,122,124,128,128,128,128,128,108,108,108,108,108,121],"gold":44,"neow_bonus":"","is_daily":false,"chose_seed":false,"campfire_upgraded":6,"win_rate":0.0,"timestamp":1608857170,"path_taken":["M","?","$","?","M","E","R","E","T","R","?","E","M","$","R","BOSS","M","?","?","?","M","R","M","E","T","R","M","R","?","?","R","BOSS","M","M","?","M","$","R","E","?","T","?","?","$","R","?","R","BOSS","R","$","E","BOSS"],"items_purchased_type":["Card","Relic","Relic","Relic","Relic","Card","Card","Card","Card","Card","Card","Card","Card","Card","Card","Card","Card","Relic","Card","Card","Relic","Relic","Relic","Card","Relic","Relic","Relic","Relic","Card","Card","Relic","Relic","Relic","Relic"],"build_version":"2020-12-22","purchased_purges":14,"victory":true,"max_hp_per_floor":[72,72,72,72,72,72,72,74,74,74,74,76,78,88,88,90,90,92,92,92,96,100,100,104,106,106,106,106,106,106,110,110,112,112,116,118,118,120,120,120,122,122,122,124,128,128,128,128,128,128,128,128,128,130,130],"card_choices":[{"not_picked":["Distraction","Heel Hook","Underhanded Strike"],"picked":"Singing Bowl","floor":1},{"not_picked":["Acrobatics","Masterful Stab","Bane"],"picked":"SKIP","floor":5},{"not_picked":["Dodge and Roll","Grand Finale","Outmaneuver"],"picked":"SKIP","floor":6},{"not_picked":["Slice","Flechettes","PiercingWail"],"picked":"Singing Bowl","floor":8},{"not_picked":["Well Laid Plans","PiercingWail","Blur"],"picked":"Singing Bowl","floor":12},{"not_picked":["PiercingWail","Sucker Punch","Calculated Gamble"],"picked":"Singing Bowl","floor":13},{"not_picked":["Adrenaline","Bullet Time","Die Die Die"],"picked":"Singing Bowl","floor":16},{"not_picked":["PiercingWail"],"picked":"Singing Bowl","floor":18},{"not_picked":["Expertise+1"],"picked":"Singing Bowl","floor":21},{"not_picked":["Prepared"],"picked":"Singing Bowl","floor":21},{"not_picked":["PiercingWail"],"picked":"Singing Bowl","floor":22},{"not_picked":["Expertise+1"],"picked":"Singing Bowl","floor":22},{"not_picked":["Deflect"],"picked":"Singing Bowl","floor":24},{"not_picked":["Deflect"],"picked":"Singing Bowl","floor":24},{"not_picked":["PiercingWail"],"picked":"Singing Bowl","floor":25},{"not_picked":["Acrobatics"],"picked":"SKIP","floor":28},{"not_picked":["Dodge and Roll"],"picked":"SKIP","floor":28},{"not_picked":["Blade Dance"],"picked":"Singing Bowl","floor":31},{"not_picked":["Dagger Throw+1"],"picked":"Singing Bowl","floor":31},{"not_picked":["Grand Finale"],"picked":"Singing Bowl","floor":33},{"not_picked":["Skewer"],"picked":"Singing Bowl","floor":35},{"not_picked":["Dagger Spray"],"picked":"Singing Bowl","floor":35},{"not_picked":["Acrobatics+1"],"picked":"Singing Bowl","floor":36},{"not_picked":[],"picked":"Dodge and Roll+1","floor":36},{"not_picked":[],"picked":"Blade Dance+1","floor":38},{"not_picked":["Poisoned Stab"],"picked":"Singing Bowl","floor":38},{"not_picked":["Flechettes"],"picked":"Singing Bowl","floor":41},{"not_picked":["HandOfGreed"],"picked":"Singing Bowl","floor":44},{"not_picked":["Deadly Poison"],"picked":"Singing Bowl","floor":45},{"not_picked":["Bane"],"picked":"Singing Bowl","floor":45},{"not_picked":["Doppelganger"],"picked":"Singing Bowl","floor":54}],"player_experience":287318,"relics_obtained":[{"floor":6,"key":"Vajra"},{"floor":8,"key":"Kunai"},{"floor":9,"key":"Bottled Lightning"},{"floor":12,"key":"Whetstone"},{"floor":25,"key":"Bottled Tornado"},{"floor":34,"key":"Centennial Puzzle"},{"floor":34,"key":"Darkstone Periapt"},{"floor":34,"key":"Girya"},{"floor":41,"key":"Paper Crane"},{"floor":43,"key":"Regal Pillow"},{"floor":54,"key":"White Beast Statue"}],"event_choices":[{"damage_healed":0,"gold_gain":0,"player_choice":"Entered Light","damage_taken":14,"max_hp_gain":0,"max_hp_loss":0,"event_name":"Shining Light","floor":2,"gold_loss":0,"cards_upgraded":["Infinite Blades","Infinite Blades"]},{"damage_healed":0,"gold_gain":0,"player_choice":"Box","damage_taken":0,"relics_obtained":["Tingsha"],"max_hp_gain":0,"max_hp_loss":0,"event_name":"Big Fish","floor":4,"gold_loss":0,"cards_obtained":["Regret"]},{"damage_healed":0,"gold_gain":54,"player_choice":"Gained Gold","damage_taken":0,"max_hp_gain":0,"max_hp_loss":0,"event_name":"Golden Wing","floor":11,"gold_loss":0},{"damage_healed":0,"gold_gain":99,"player_choice":"Stole From Cult","damage_taken":0,"max_hp_gain":0,"max_hp_loss":0,"event_name":"Nest","floor":19,"gold_loss":0},{"damage_healed":0,"gold_gain":0,"player_choice":"Gave Potion","damage_taken":0,"relics_obtained":["Prayer Wheel"],"max_hp_gain":0,"max_hp_loss":0,"event_name":"WeMeetAgain","floor":20,"gold_loss":0},{"damage_healed":0,"gold_gain":0,"player_choice":"Paid","damage_taken":0,"relics_obtained":["Red Mask"],"max_hp_gain":0,"max_hp_loss":0,"event_name":"Tomb of Lord Red Mask","floor":37,"gold_loss":272},{"cards_removed":["Cloak And Dagger"],"damage_healed":0,"gold_gain":0,"player_choice":"Removed Skill","damage_taken":0,"max_hp_gain":0,"max_hp_loss":0,"event_name":"Falling","floor":42,"gold_loss":0},{"damage_healed":0,"gold_gain":0,"player_choice":"Memory 1","damage_taken":0,"max_hp_gain":0,"max_hp_loss":0,"event_name":"SensoryStone","floor":44,"gold_loss":0},{"damage_healed":0,"gold_gain":0,"player_choice":"Upgrade","damage_taken":0,"relics_obtained":["Mark of the Bloom"],"max_hp_gain":0,"max_hp_loss":0,"event_name":"MindBloom","floor":48,"gold_loss":0,"cards_upgraded":["Infinite Blades","Infinite Blades","Blade Dance","Infinite Blades","Backstab","Blade Dance","Blade Dance","Infinite Blades","Infinite Blades","Cloak And Dagger","Cloak And Dagger","Cloak And Dagger","Cloak And Dagger","Cloak And Dagger"]}],"is_beta":false,"boss_relics":[{"not_picked":["Snecko Eye","Fusion Hammer"],"picked":"Busted Crown"},{"not_picked":["Coffee Dripper","Runic Pyramid"],"picked":"Calling Bell"}],"items_purged_floors":[0,0,0,0,0,0,0,0,0,0,0,0,39,39],"is_endless":false,"potions_floor_spawned":[8,12,13,24,25,28,31,35,36,45],"ascension_level":0}}