{"host":"2m78pqva0leqn903","time":1608857275,"event":{"mods":["BaseMod","Minty Spire (QoL Compilation)","StSLib","TestMod"],"gold_per_floor":[110,110,185,198,216,246,259,290,290,308,67,92,92,105,105,198,198,219,119,133,133,157,157,157],"floor_reached":23,"playtime":13215,"items_purged":["Strike_B","Strike_B"],"score":526,"play_id":"e0194f94-833b-4dc2-9a0e-d17c7700d72f","local_time":"20201225084755","is_ascension_mode":true,"campfire_choices":[{"data":"Zap","floor":15,"key":"SMITH"}],"circlet_count":0,"master_deck":["AscendersBane","Strike_B","Strike_B+1","Defend_B","Defend_B+1","Defend_B","Defend_B","Zap+1","Dualcast","Chill","Storm+1","Coolheaded"],"relics":["Cracked Core","testmod-TestBox","testmod-ChristmasGift","NeowsBlessing","Frozen Egg 2","Pen Nib","Lantern","OrangePellets","Mummified Hand","Golden Idol","Sozu"],"acts_visited":["Exordium","TheCity"],"potions_floor_usage":[6,6,6,6,6,6,6,16,16,16,16,16,23],"damage_taken":[{"damage":0,"enemies":"Small Slimes","floor":1,"turns":1},{"damage":0,"enemies":"2 Louse","floor":4,"turns":1},{"damage":0,"enemies":"Cultist","floor":5,"turns":1},{"damage":4,"enemies":"Lagavulin","floor":6,"turns":7},{"damage":0,"enemies":"Blue Slaver","floor":7,"turns":3},{"damage":8,"enemies":"Gremlin Nob","floor":8,"turns":4},{"damage":9,"enemies":"Exordium Wildlife","floor":10,"turns":5},{"damage":10,"enemies":"Lagavulin","floor":12,"turns":6},{"damage":0,"enemies":"3 Louse","floor":14,"turns":5},{"damage":0,"enemies":"Slime Boss","floor":16,"turns":7},{"damage":36,"enemies":"Shell Parasite","floor":18,"turns":6},{"damage":5,"enemies":"2 Thieves","floor":20,"turns":4},{"damage":6,"enemies":"Sentry and Sphere","floor":22,"turns":7},{"damage":66,"enemies":"Slavers","floor":23,"turns":6}],"seed_played":"3554826937920237745","potions_obtained":[{"floor":4,"key":"SpeedPotion"},{"floor":5,"key":"Swift Potion"},{"floor":8,"key":"PowerPotion"},{"floor":16,"key":"Block Potion"}],"is_trial":false,"path_per_floor":["M","?","?","M","M","E","M","E","T","M","$","E","?","M","R","B",null,"M","$","M","?","M","E"],"character_chosen":"DEFECT","items_purchased":["OrangePellets"],"campfire_rested":0,"item_purchase_floors":[11],"current_hp_per_floor":[64,43,32,33,33,36,39,35,35,29,29,22,22,24,24,43,59,32,32,30,64,64,2,2],"gold":157,"neow_bonus":"THREE_ENEMY_KILL","is_daily":false,"chose_seed":false,"campfire_upgraded":1,"win_rate":0.0,"timestamp":1608857275,"path_taken":["M","?","?","M","M","E","M","E","T","M","$","E","?","M","R","BOSS","M","$","M","?","M","E"],"items_purchased_type":["Relic"],"build_version":"2020-12-22","purchased_purges":2,"victory":false,"max_hp_per_floor":[71,71,71,71,71,71,71,71,71,71,71,71,64,64,64,64,64,64,64,64,64,64,64,64],"card_choices":[{"not_picked":["Beam Cell","Rip and Tear","Consume"],"picked":"SKIP","floor":1},{"not_picked":["Blizzard","Steam Power","Streamline"],"picked":"SKIP","floor":4},{"not_picked":["FTL","Beam Cell"],"picked":"White Noise","floor":5},{"not_picked":["Compile Driver","Lockon","Redo"],"picked":"SKIP","floor":6},{"not_picked":["Force Field","Tempest","Streamline"],"picked":"SKIP","floor":7},{"not_picked":["Sweeping Beam","Coolheaded"],"picked":"Chill","floor":8},{"not_picked":["Leap","Chaos","Multi-Cast"],"picked":"SKIP","floor":10},{"not_picked":["Fusion","Hello World+1","White Noise"],"picked":"SKIP","floor":12},{"not_picked":["Sweeping Beam","Barrage","Recycle"],"picked":"SKIP","floor":14},{"not_picked":["Gash","Barrage"],"picked":"Storm+1","floor":18},{"not_picked":["Undo+1","Scrape","Reinforced Body"],"picked":"SKIP","floor":20},{"not_picked":["Steam","Double Energy"],"picked":"Coolheaded","floor":22}],"player_experience":867410,"relics_obtained":[{"floor":6,"key":"Frozen Egg 2"},{"floor":8,"key":"Pen Nib"},{"floor":9,"key":"Lantern"},{"floor":12,"key":"Mummified Hand"}],"event_choices":[{"damage_healed":0,"gold_gain":0,"player_choice":"Entered Light","damage_taken":21,"max_hp_gain":0,"max_hp_loss":0,"event_name":"Shining Light","floor":2,"gold_loss":0,"cards_upgraded":["Strike_B","Defend_B"]},{"damage_healed":0,"gold_gain":75,"player_choice":"Gather Gold","damage_taken":11,"max_hp_gain":0,"max_hp_loss":0,"event_name":"World of Goop","floor":3,"gold_loss":0},{"damage_healed":0,"gold_gain":0,"player_choice":"Lose Max HP","damage_taken":0,"relics_obtained":["Golden Idol"],"max_hp_gain":0,"max_hp_loss":7,"event_name":"Golden Idol","floor":13,"gold_loss":0},{"cards_removed":["White Noise"],"damage_healed":34,"gold_gain":0,"player_choice":"Offered Uncommon","damage_taken":0,"max_hp_gain":0,"max_hp_loss":0,"event_name":"Bonfire Elementals","floor":21,"gold_loss":0}],"is_beta":false,"boss_relics":[{"not_picked":["Ectoplasm","FrozenCore"],"picked":"Sozu"}],"items_purged_floors":[11,19],"is_endless":false,"potions_floor_spawned":[4,5,8,16,20],"killed_by":"Slavers","ascension_level":20}}