{"host":"ilxricga2547gmyy","time":1608897020,"event":{"mods":["AchievementEnabler","BaseMod","Minty Spire (QoL Compilation)","Quick Restart","StSLib"],"gold_per_floor":[119,133,151,168,168,196,196,212,212,212,241,258,290,305,305,402,402,421,435,350,361,361,361,389,403,403,403,59,71,71,89,89,192,192,202,59,59,59,75,75,75],"floor_reached":40,"playtime":1844,"items_purged":["Doubt","Shame"],"score":674,"play_id":"b84f12f6-9de4-4d60-bfc0-8b521be87803","local_time":"20201225125020","is_ascension_mode":true,"campfire_choices":[{"data":"Uppercut","floor":7,"key":"SMITH"},{"floor":10,"key":"REST"},{"data":"Clash","floor":15,"key":"SMITH"},{"data":"Clash","floor":23,"key":"SMITH"},{"floor":30,"key":"REST"},{"floor":32,"key":"REST"}],"circlet_count":0,"master_deck":["Strike_R","Strike_R+1","Strike_R","Strike_R+1","Strike_R","Defend_R","Defend_R","Defend_R","Defend_R","Clash+1","Uppercut+1","Clash+1","Warcry","Feed","Shrug It Off","Second Wind","Fiend Fire","Dropkick","True Grit+1","Warcry+1","Clothesline+1","Reaper","Fiend Fire+1","Battle Trance+1","Inflame+1","Spot Weakness","Master of Strategy","Metamorphosis","Dropkick+1"],"relics":["Burning Blood","Mercury Hourglass","Juzu Bracelet","Centennial Puzzle","Sundial","Cursed Key","Question Card","Prayer Wheel","Bottled Flame","Whetstone","Membership Card","Pear","Astrolabe"],"acts_visited":["Exordium","TheCity","TheBeyond"],"potions_floor_usage":[16,21,24,33,35,40,40,40,40,40],"damage_taken":[{"damage":8,"enemies":"Jaw Worm","floor":1,"turns":8},{"damage":3,"enemies":"Small Slimes","floor":2,"turns":4},{"damage":3,"enemies":"2 Louse","floor":3,"turns":3},{"damage":7,"enemies":"Blue Slaver","floor":4,"turns":3},{"damage":35,"enemies":"3 Sentries","floor":6,"turns":11},{"damage":10,"enemies":"Red Slaver","floor":8,"turns":2},{"damage":8,"enemies":"Gremlin Nob","floor":11,"turns":4},{"damage":5,"enemies":"2 Fungi Beasts","floor":12,"turns":3},{"damage":12,"enemies":"Lagavulin","floor":13,"turns":5},{"damage":13,"enemies":"Large Slime","floor":14,"turns":2},{"damage":25,"enemies":"Slime Boss","floor":16,"turns":8},{"damage":19,"enemies":"Spheric Guardian","floor":18,"turns":4},{"damage":11,"enemies":"Chosen","floor":19,"turns":4},{"damage":9,"enemies":"Shelled Parasite and Fungi","floor":21,"turns":4},{"damage":72,"enemies":"Slavers","floor":24,"turns":8},{"damage":17,"enemies":"Centurion and Healer","floor":25,"turns":4},{"damage":4,"enemies":"Snecko","floor":29,"turns":4},{"damage":8,"enemies":"Snake Plant","floor":31,"turns":2},{"damage":98,"enemies":"Champ","floor":33,"turns":14},{"damage":50,"enemies":"3 Darklings","floor":35,"turns":7},{"damage":13,"enemies":"Orb Walker","floor":39,"turns":4},{"damage":76,"enemies":"Reptomancer","floor":40,"turns":5}],"seed_played":"6768474887162343716","potions_obtained":[{"floor":1,"key":"DistilledChaos"},{"floor":3,"key":"LiquidMemories"},{"floor":12,"key":"BloodPotion"},{"floor":19,"key":"LiquidBronze"},{"floor":29,"key":"DistilledChaos"},{"floor":33,"key":"ColorlessPotion"},{"floor":35,"key":"EntropicBrew"}],"is_trial":false,"path_per_floor":["M","M","M","M","?","E","R","M","T","R","E","M","E","M","R","B",null,"M","M","?","M","T","R","E","M","T","?","$","M","R","M","R","B",null,"M","$","?","?","M","E"],"character_chosen":"IRONCLAD","items_purchased":["Membership Card","Pear","Master of Strategy"],"campfire_rested":3,"item_purchase_floors":[28,28,36],"current_hp_per_floor":[78,81,84,83,88,59,59,55,55,82,80,84,81,74,74,58,91,81,79,79,79,79,79,35,27,27,27,37,42,80,81,120,28,105,65,65,65,65,61,0,0],"gold":75,"neow_bonus":"TEN_PERCENT_HP_BONUS","is_daily":false,"chose_seed":false,"campfire_upgraded":3,"win_rate":0.0,"timestamp":1608897020,"path_taken":["M","M","M","M","?","E","R","M","T","R","E","M","E","M","R","BOSS","M","M","?","M","?","R","E","M","T","?","?","M","R","M","R","BOSS","M","$","?","?","M","E"],"items_purchased_type":["Relic","Relic","Card"],"build_version":"2020-12-22","purchased_purges":2,"victory":false,"max_hp_per_floor":[88,88,88,88,93,93,93,93,93,93,93,96,99,99,99,102,102,105,108,108,111,111,111,111,114,114,114,124,127,127,130,130,130,130,130,130,130,130,133,133,133],"card_choices":[{"not_picked":["Combust","Twin Strike"],"picked":"Clash","floor":1},{"not_picked":["Pommel Strike","Flex"],"picked":"Uppercut","floor":2},{"not_picked":["Flex","Body Slam","Iron Wave"],"picked":"SKIP","floor":3},{"not_picked":["Body Slam","Seeing Red"],"picked":"Clash","floor":4},{"not_picked":["Twin Strike","Clothesline"],"picked":"Warcry","floor":6},{"not_picked":["Pommel Strike","True Grit"],"picked":"Feed","floor":8},{"not_picked":["Impervious","Seeing Red"],"picked":"Shrug It Off","floor":11},{"not_picked":["Ghostly Armor","Flex"],"picked":"Warcry","floor":12},{"not_picked":["Rupture","Body Slam"],"picked":"Second Wind","floor":13},{"not_picked":["Headbutt","Metallicize","Fire Breathing"],"picked":"SKIP","floor":14},{"not_picked":["Demon Form","Double Tap"],"picked":"Fiend Fire","floor":16},{"not_picked":["Shrug It Off","Thunderclap","Ghostly Armor"],"picked":"SKIP","floor":18},{"not_picked":["Twin Strike","Clash"],"picked":"Dropkick","floor":19},{"not_picked":["Heavy Blade","Havoc","Pommel Strike"],"picked":"True Grit+1","floor":21},{"not_picked":["Headbutt","Fire Breathing+1","Dropkick+1"],"picked":"Whirlwind","floor":24},{"not_picked":["Corruption","Wild Strike","Rampage+1"],"picked":"Warcry+1","floor":25},{"not_picked":["Pommel Strike","Power Through","Anger","Havoc"],"picked":"SKIP","floor":25},{"not_picked":["Warcry","Perfected Strike","Searing Blow"],"picked":"Clothesline+1","floor":29},{"not_picked":["Dropkick","Cleave","Iron Wave+1","Burning Pact"],"picked":"SKIP","floor":29},{"not_picked":["Cleave","Juggernaut","Shrug It Off","Armaments"],"picked":"SKIP","floor":31},{"not_picked":["Feel No Pain","Rupture+1","Twin Strike+1","Wild Strike"],"picked":"SKIP","floor":31},{"not_picked":["Juggernaut","Corruption","Barricade"],"picked":"Reaper","floor":33},{"not_picked":["Pommel Strike+1","True Grit","Sword Boomerang+1"],"picked":"Inflame+1","floor":35},{"not_picked":["Evolve+1","Sever Soul+1","Iron Wave"],"picked":"Spot Weakness","floor":35},{"not_picked":["HandOfGreed","Swift Strike","Mind Blast"],"picked":"Metamorphosis","floor":38},{"not_picked":["Clothesline","Cleave","Battle Trance"],"picked":"Dropkick+1","floor":39},{"not_picked":["Wild Strike","Body Slam","Twin Strike","Havoc+1"],"picked":"SKIP","floor":39}],"player_experience":252795,"relics_obtained":[{"floor":6,"key":"Mercury Hourglass"},{"floor":9,"key":"Juzu Bracelet"},{"floor":11,"key":"Centennial Puzzle"},{"floor":13,"key":"Sundial"},{"floor":22,"key":"Prayer Wheel"},{"floor":24,"key":"Bottled Flame"},{"floor":26,"key":"Whetstone"}],"event_choices":[{"damage_healed":0,"gold_gain":0,"player_choice":"Donut","damage_taken":0,"max_hp_gain":5,"max_hp_loss":0,"event_name":"Big Fish","floor":5,"gold_loss":0},{"damage_healed":0,"gold_gain":0,"player_choice":"Obtained Relic","damage_taken":0,"relics_obtained":["Question Card"],"max_hp_gain":0,"max_hp_loss":0,"event_name":"Addict","floor":20,"gold_loss":85},{"damage_healed":0,"gold_gain":0,"player_choice":"Ignored","damage_taken":0,"max_hp_gain":0,"max_hp_loss":0,"event_name":"Cursed Tome","floor":27,"gold_loss":0},{"cards_removed":["Bash"],"damage_healed":0,"gold_gain":0,"player_choice":"Removed Attack","damage_taken":0,"max_hp_gain":0,"max_hp_loss":0,"event_name":"Falling","floor":37,"gold_loss":0},{"damage_healed":0,"gold_gain":0,"player_choice":"Memory 1","damage_taken":0,"max_hp_gain":0,"max_hp_loss":0,"event_name":"SensoryStone","floor":38,"gold_loss":0}],"is_beta":false,"boss_relics":[{"not_picked":["Calling Bell","Coffee Dripper"],"picked":"Cursed Key"},{"not_picked":["Tiny House","Mark of Pain"],"picked":"Astrolabe"}],"items_purged_floors":[28,36],"is_endless":false,"potions_floor_spawned":[1,3,12,13,19,29,33,35],"killed_by":"Reptomancer","ascension_level":9}}