{"host":"ly20tmf9be7b85hl","time":1608884074,"event":{"mods":["BaseMod","Colored Map","Keyboard Shortcuts","Minty Spire (QoL Compilation)","Permanent Neow","Quick Restart","SuperFastMode"],"gold_per_floor":[113,113,131,131,131,131,131,148,222,556,574,592,592,592,592,686,686,710,424,424,443,6,6,6],"floor_reached":23,"playtime":479,"items_purged":["Strike_G","Strike_G"],"score":478,"play_id":"a684629c-6977-4066-8e77-af5c696c3c17","local_time":"20201225171434","is_ascension_mode":true,"campfire_choices":[{"data":"Infinite Blades","floor":6.0,"key":"SMITH"},{"data":"Masterful Stab","floor":13.0,"key":"SMITH"},{"data":"Footwork","floor":15.0,"key":"SMITH"}],"circlet_count":0,"master_deck":["AscendersBane","Strike_G","Strike_G","Defend_G","Defend_G","Defend_G","Defend_G","Defend_G","Survivor","Neutralize+1","Prepared","Infinite Blades+1","Footwork+1","Masterful Stab+1","Burst","Backflip","Cloak And Dagger","Acrobatics"],"relics":["WristBlade","Singing Bowl","Letter Opener","Old Coin","Golden Idol","Runic Pyramid","Omamori","Medical Kit","Orichalcum"],"acts_visited":["Exordium","TheCity"],"potions_floor_usage":[23],"damage_taken":[{"damage":11.0,"enemies":"2 Louse","floor":1.0,"turns":4.0},{"damage":0.0,"enemies":"Cultist","floor":3.0,"turns":4.0},{"damage":4.0,"enemies":"Small Slimes","floor":8.0,"turns":3.0},{"damage":3.0,"enemies":"Lagavulin","floor":10.0,"turns":7.0},{"damage":9.0,"enemies":"Blue Slaver","floor":11.0,"turns":4.0},{"damage":5.0,"enemies":"Looter","floor":12.0,"turns":4.0},{"damage":0.0,"enemies":"The Guardian","floor":16.0,"turns":13.0},{"damage":7.0,"enemies":"Shell Parasite","floor":18.0,"turns":9.0},{"damage":16.0,"enemies":"3 Byrds","floor":21.0,"turns":6.0},{"damage":43,"enemies":"Slavers","floor":23,"turns":3}],"seed_played":"3905684170960622866","potions_obtained":[{"floor":3.0,"key":"ColorlessPotion"},{"floor":11.0,"key":"GhostInAJar"},{"floor":16.0,"key":"Block Potion"},{"floor":18.0,"key":"Strength Potion"}],"is_trial":false,"path_per_floor":["M","?","M","?","T","R","?","M","T","E","M","M","R","?","R","B",null,"M","$","?","M","$","E"],"character_chosen":"THE_SILENT","items_purchased":["Omamori","Backflip","Medical Kit","Orichalcum"],"campfire_rested":0,"item_purchase_floors":[19,19,22,22],"current_hp_per_floor":[48,48,48,53,53,53,46,42,42,41,34,29,29,29,29,29,58,53,53,53,37,37,0,0],"gold":6,"neow_bonus":"BOSS_RELIC","is_daily":false,"chose_seed":false,"campfire_upgraded":3,"win_rate":0.0,"timestamp":1608884074,"path_taken":["M","?","?","?","?","R","?","M","T","E","M","M","R","?","R","BOSS","M","$","?","M","$","E"],"items_purchased_type":["Relic","Card","Relic","Relic"],"build_version":"2020-12-22","purchased_purges":2,"victory":false,"max_hp_per_floor":[66,66,66,71,71,71,71,71,71,73,75,75,75,68,68,68,68,70,70,70,70,70,70,70],"card_choices":[{"not_picked":["Well Laid Plans","Bane"],"picked":"Prepared","floor":1.0},{"not_picked":["Poisoned Stab","Endless Agony"],"picked":"Infinite Blades","floor":3.0},{"not_picked":["Quick Slash","Setup"],"picked":"Footwork","floor":8.0},{"not_picked":["Glass Knife","PiercingWail","Quick Slash"],"picked":"Singing Bowl","floor":10.0},{"not_picked":["Setup","Quick Slash","Phantasmal Killer"],"picked":"Singing Bowl","floor":11.0},{"not_picked":["Prepared","Quick Slash"],"picked":"Masterful Stab","floor":12.0},{"not_picked":["Doppelganger","Unload"],"picked":"Burst","floor":16.0},{"not_picked":["Bane","Flechettes+1","Flying Knee+1"],"picked":"Singing Bowl","floor":18.0},{"not_picked":["Slice","Concentrate"],"picked":"Acrobatics","floor":21.0}],"player_experience":843227,"relics_obtained":[{"floor":5.0,"key":"Singing Bowl"},{"floor":9.0,"key":"Letter Opener"},{"floor":10.0,"key":"Old Coin"}],"event_choices":[{"damage_healed":0.0,"max_hp_gain":0.0,"max_hp_loss":0.0,"gold_gain":0.0,"event_name":"Accursed Blacksmith","player_choice":"Forge","floor":2.0,"gold_loss":0.0,"damage_taken":0.0,"cards_upgraded":["Neutralize"]},{"damage_healed":0.0,"max_hp_gain":5.0,"max_hp_loss":0.0,"gold_gain":0.0,"event_name":"Big Fish","player_choice":"Donut","floor":4.0,"gold_loss":0.0,"damage_taken":0.0},{"cards_removed":["Strike_G"],"damage_healed":0.0,"max_hp_gain":0.0,"max_hp_loss":0.0,"gold_gain":0.0,"event_name":"Golden Wing","player_choice":"Card Removal","floor":7.0,"gold_loss":0.0,"damage_taken":7.0},{"damage_healed":0.0,"max_hp_gain":0.0,"max_hp_loss":7.0,"gold_gain":0.0,"event_name":"Golden Idol","player_choice":"Lose Max HP","floor":14.0,"gold_loss":0.0,"damage_taken":0.0,"relics_obtained":["Golden Idol"]},{"damage_healed":0.0,"max_hp_gain":0.0,"max_hp_loss":0.0,"gold_gain":0.0,"event_name":"The Library","player_choice":"Read","floor":20.0,"gold_loss":0.0,"damage_taken":0.0,"cards_obtained":["Cloak And Dagger"]}],"is_beta":false,"boss_relics":[{"not_picked":["Fusion Hammer","Calling Bell"],"picked":"Runic Pyramid"}],"items_purged_floors":[19,22],"is_endless":false,"potions_floor_spawned":[3,11,16,18],"killed_by":"Slavers","ascension_level":20}}