{"host":"12piqfhmdln9x2la","time":1608905204,"event":{"mods":["2.2 Compatiblity","AchievementEnabler","BaseMod","BetterRewards","Colored Powertips","Minty Spire (QoL Compilation)","Quick Restart","SuperFastMode"],"gold_per_floor":[112,187,137,312,70,70,97,112,138,38,62,109,124,136,136,136,136],"floor_reached":16,"playtime":227,"items_purged":["Doubt","Defend_R"],"score":135,"play_id":"7d8acaeb-77be-473c-9e3d-c7088a565edc","local_time":"20201225230644","is_ascension_mode":true,"campfire_choices":[{"floor":6,"key":"RECALL"},{"data":"Armaments","floor":15,"key":"SMITH"}],"circlet_count":0,"master_deck":["Strike_R","Strike_R","Strike_R","Strike_R","Defend_R","Defend_R","Defend_R","Bash","Rupture","Violence","Flex","Infernal Blade","Armaments+1","Armaments","Cleave"],"relics":["Burning Blood","NeowsBlessing","Bag of Preparation","Bronze Scales","Odd Mushroom","PreservedInsect"],"acts_visited":["Exordium"],"potions_floor_usage":[16,16,16],"damage_taken":[{"damage":0,"enemies":"Jaw Worm","floor":1,"turns":1},{"damage":0,"enemies":"3 Sentries","floor":7,"turns":2},{"damage":0,"enemies":"2 Louse","floor":8,"turns":1},{"damage":46,"enemies":"The Mushroom Lair","floor":11,"turns":4},{"damage":1,"enemies":"Cultist","floor":13,"turns":2},{"damage":11,"enemies":"Red Slaver","floor":14,"turns":2},{"damage":45,"enemies":"Slime Boss","floor":16,"turns":8}],"seed_played":"4753866596508109626","potions_obtained":[{"floor":1,"key":"DuplicationPotion"},{"floor":8,"key":"Energy Potion"},{"floor":13,"key":"Explosive Potion"}],"is_trial":false,"path_per_floor":["M","?","?","?","$","R","E","M","T","$","?","T","M","M","R","B"],"character_chosen":"IRONCLAD","items_purchased":["Violence"],"campfire_rested":0,"item_purchase_floors":[5],"current_hp_per_floor":[80,69,69,69,69,69,75,80,80,80,40,40,45,40,40,0,0],"gold":136,"neow_bonus":"THREE_ENEMY_KILL","is_daily":false,"chose_seed":false,"campfire_upgraded":1,"win_rate":0.0,"timestamp":1608905204,"path_taken":["M","?","?","?","?","R","E","M","T","$","?","?","M","M","R","BOSS"],"items_purchased_type":["Card"],"build_version":"2020-12-22","purchased_purges":2,"victory":false,"max_hp_per_floor":[80,80,80,80,80,80,80,80,80,80,80,80,80,80,80,80,80],"card_choices":[{"not_picked":["Ghostly Armor","Shrug It Off"],"picked":"Rupture","floor":1},{"not_picked":["Pommel Strike","Anger"],"picked":"Flex","floor":7},{"not_picked":["Sword Boomerang","Armaments"],"picked":"Infernal Blade","floor":8},{"not_picked":["Pommel Strike","Headbutt"],"picked":"Armaments","floor":11},{"not_picked":["Warcry","Disarm"],"picked":"Armaments","floor":13},{"not_picked":["Rupture","Clothesline"],"picked":"Cleave","floor":14}],"player_experience":120296,"relics_obtained":[{"floor":7,"key":"Bag of Preparation"},{"floor":9,"key":"Bronze Scales"},{"floor":11,"key":"Odd Mushroom"},{"floor":12,"key":"PreservedInsect"}],"event_choices":[{"damage_healed":0,"gold_gain":75,"player_choice":"Gather Gold","damage_taken":11,"max_hp_gain":0,"max_hp_loss":0,"event_name":"World of Goop","floor":2,"gold_loss":0},{"cards_removed":["Strike_R"],"damage_healed":0,"gold_gain":0,"player_choice":"Card Removal","damage_taken":0,"max_hp_gain":0,"max_hp_loss":0,"event_name":"The Cleric","floor":3,"gold_loss":50},{"damage_healed":0,"gold_gain":175,"player_choice":"AGREE","damage_taken":0,"max_hp_gain":0,"max_hp_loss":0,"event_name":"Liars Game","floor":4,"gold_loss":0,"cards_obtained":["Doubt"]},{"damage_healed":0,"gold_gain":0,"player_choice":"Fought Mushrooms","damage_taken":0,"max_hp_gain":0,"max_hp_loss":0,"event_name":"Mushrooms","floor":11,"gold_loss":0}],"is_beta":false,"boss_relics":[],"items_purged_floors":[5,10],"is_endless":false,"potions_floor_spawned":[1,8,13],"killed_by":"Slime Boss","ascension_level":2}}