{"host":"fjaupvxe7fzqrf4j","time":1608886515,"event":{"mods":["ATMod(°¢èªMod)","BaseMod","Minty Spire (QoL Compilation)","StSLib"],"gold_per_floor":[115,115,133,145,161,161,189,189,215,245,245,272,26,37,37,112,112,126,141,154,154,154,154,166,201,226,226,240,240,257,88,88,162,162,177,13,13,23,74,74,90,123,123,123,123,123,123,174,174,174,174,174,130,155,155],"floor_reached":56,"playtime":1537,"items_purged":["Strike_R"],"score":2082,"play_id":"21333390-9414-4873-9d1b-dc77d25f3f5c","local_time":"20201225165515","is_ascension_mode":true,"campfire_choices":[{"data":"AT_EmpoweredMortalDraw","floor":6.0,"key":"SMITH"},{"data":"Pommel Strike","floor":8.0,"key":"SMITH"},{"data":"Evolve","floor":11.0,"key":"SMITH"},{"floor":15.0,"key":"REST"},{"data":"Entrench","floor":23.0,"key":"SMITH"},{"data":"Feel No Pain","floor":29.0,"key":"SMITH"},{"data":"Fiend Fire","floor":32.0,"key":"SMITH"},{"data":"Evolve","floor":40.0,"key":"SMITH"},{"data":"Barricade","floor":45.0,"key":"SMITH"},{"data":"AT_ShrugMaster","floor":47.0,"key":"SMITH"},{"floor":49.0,"key":"RECALL"},{"data":"Impervious","floor":52.0,"key":"SMITH"}],"circlet_count":0,"master_deck":["AscendersBane","Bash+1","AT_EmpoweredMortalDraw+1","Pommel Strike+1","Shrug It Off","Power Through","Feel No Pain+1","Double Tap","Fiend Fire+1","Evolve+1","Power Through","Entrench+1","Necronomicurse","Flame Barrier","Body Slam+1","Intimidate+1","Impervious+1","AT_ShrugMaster+1","Barricade+1","Madness","Fire Breathing"],"relics":["Black Blood","AT_ATBox","NeowsBlessing","Potion Belt","Oddly Smooth Stone","Centennial Puzzle","Mango","PreservedInsect","AT_BladeRuinedKing","Pandora\u0027s Box","Necronomicon","Tiny Chest","Whetstone","TheAbacus","AT_ArchangelStaff","AT_ArcaneBoots","AT_ImmortalShieldbow","Ice Cream","InkBottle"],"acts_visited":["Exordium","TheCity","TheBeyond","TheEnding"],"potions_floor_usage":[55,55,55],"damage_taken":[{"damage":0.0,"enemies":"2 Louse","floor":1.0,"turns":1.0},{"damage":0.0,"enemies":"Jaw Worm","floor":3.0,"turns":1.0},{"damage":0.0,"enemies":"Small Slimes","floor":4.0,"turns":1.0},{"damage":0.0,"enemies":"2 Fungi Beasts","floor":5.0,"turns":2.0},{"damage":25.0,"enemies":"Lagavulin","floor":7.0,"turns":6.0},{"damage":6.0,"enemies":"3 Sentries","floor":10.0,"turns":3.0},{"damage":47.0,"enemies":"Lagavulin","floor":12.0,"turns":7.0},{"damage":0.0,"enemies":"Red Slaver","floor":14.0,"turns":2.0},{"damage":28.0,"enemies":"Slime Boss","floor":16.0,"turns":7.0},{"damage":2.0,"enemies":"Spheric Guardian","floor":18.0,"turns":3.0},{"damage":2.0,"enemies":"3 Byrds","floor":19.0,"turns":2.0},{"damage":29.0,"enemies":"Snake Plant","floor":20.0,"turns":4.0},{"damage":0.0,"enemies":"Cultist and Chosen","floor":24.0,"turns":2.0},{"damage":11.0,"enemies":"Book of Stabbing","floor":25.0,"turns":5.0},{"damage":0.0,"enemies":"Chosen and Byrds","floor":28.0,"turns":3.0},{"damage":0.0,"enemies":"Snecko","floor":30.0,"turns":2.0},{"damage":22.0,"enemies":"Champ","floor":33.0,"turns":9.0},{"damage":6.0,"enemies":"3 Shapes","floor":35.0,"turns":3.0},{"damage":1.0,"enemies":"Orb Walker","floor":38.0,"turns":3.0},{"damage":5.0,"enemies":"Spire Growth","floor":41.0,"turns":4.0},{"damage":6.0,"enemies":"Nemesis","floor":42.0,"turns":3.0},{"damage":11.0,"enemies":"2 Orb Walkers","floor":48.0,"turns":4.0},{"damage":32.0,"enemies":"Time Eater","floor":50.0,"turns":7.0},{"damage":17.0,"enemies":"Shield and Spear","floor":54.0,"turns":3.0},{"damage":3,"enemies":"The Heart","floor":55,"turns":10}],"seed_played":"-5398027158848535737","potions_obtained":[{"floor":3.0,"key":"CultistPotion"},{"floor":4.0,"key":"DuplicationPotion"},{"floor":5.0,"key":"SteroidPotion"},{"floor":12.0,"key":"ColorlessPotion"},{"floor":16.0,"key":"SkillPotion"},{"floor":18.0,"key":"PowerPotion"},{"floor":24.0,"key":"PowerPotion"},{"floor":25.0,"key":"BloodPotion"},{"floor":30.0,"key":"ColorlessPotion"},{"floor":42.0,"key":"Strength Potion"},{"floor":54.0,"key":"HeartOfIron"}],"is_trial":false,"path_per_floor":["M","?","M","M","M","R","E","R","T","E","R","E","$","M","R","B",null,"M","M","M","?","?","R","M","E","T","?","M","R","M","$","R","B",null,"M","$","?","M","T","R","M","E","T","?","R","?","R","?","R","B",null,"R","$","E","B",null],"character_chosen":"IRONCLAD","items_purchased":["AT_BladeRuinedKing","TheAbacus","AT_ArchangelStaff","Fire Breathing"],"campfire_rested":1,"item_purchase_floors":[13,31,36,53],"current_hp_per_floor":[74,56,62,68,74,74,55,55,55,69,69,28,28,34,60,38,76,80,84,61,40,40,40,46,41,41,89,89,89,89,89,89,73,85,89,89,89,89,89,89,89,89,89,89,89,89,89,89,89,69,84,84,84,79,88],"gold":155,"neow_bonus":"THREE_ENEMY_KILL","is_daily":false,"chose_seed":false,"campfire_upgraded":10,"win_rate":0.0,"timestamp":1608886515,"path_taken":["M","?","M","M","M","R","E","R","T","E","R","E","$","M","R","BOSS","M","M","M","?","?","R","M","E","T","?","M","R","?","$","R","BOSS","M","$","?","M","?","R","M","E","T","?","R","?","R","?","R","BOSS","R","$","E","BOSS"],"items_purchased_type":["Relic","Relic","Relic","Card"],"build_version":"2020-12-22","purchased_purges":1,"victory":true,"max_hp_per_floor":[75,75,75,75,75,75,75,75,75,89,89,89,89,89,89,89,89,89,89,89,89,89,89,89,89,89,89,89,89,89,89,89,89,89,89,89,89,89,89,89,89,89,89,89,89,89,89,89,89,89,89,89,89,89,89],"card_choices":[{"not_picked":["Clothesline","Shrug It Off"],"picked":"Pommel Strike","floor":1.0},{"not_picked":["Inflame","Warcry"],"picked":"Shrug It Off","floor":3.0},{"not_picked":["Searing Blow","Shrug It Off","Clothesline"],"picked":"SKIP","floor":4.0},{"not_picked":["Body Slam","Anger","Twin Strike"],"picked":"SKIP","floor":5.0},{"not_picked":["Thunderclap","Corruption","AT_IchimonjiDouble"],"picked":"SKIP","floor":7.0},{"not_picked":["Heavy Blade","Reckless Charge"],"picked":"Evolve","floor":10.0},{"not_picked":["Battle Trance","Inflame"],"picked":"Power Through","floor":12.0},{"not_picked":["True Grit","Perfected Strike","Headbutt"],"picked":"SKIP","floor":14.0},{"not_picked":["Inflame","Thunderclap"],"picked":"Entrench","floor":18.0},{"not_picked":["Headbutt","Sword Boomerang","AT_DrawKnifeCut"],"picked":"SKIP","floor":19.0},{"not_picked":["Havoc","Anger","Dropkick"],"picked":"SKIP","floor":20.0},{"not_picked":["Fiend Fire","Sword Boomerang","Shrug It Off"],"picked":"SKIP","floor":24.0},{"not_picked":["AT_BodySlamDance","Warcry","Anger"],"picked":"SKIP","floor":25.0},{"not_picked":["Clash","Combust"],"picked":"Intimidate+1","floor":28.0},{"not_picked":["Flex","Hemokinesis","Bloodletting"],"picked":"SKIP","floor":30.0},{"not_picked":["Corruption","Limit Break"],"picked":"Impervious","floor":33.0},{"not_picked":["Twin Strike","Flex","Infernal Blade+1"],"picked":"SKIP","floor":35.0},{"not_picked":["Reckless Charge+1","Clash"],"picked":"AT_ShrugMaster","floor":38.0},{"not_picked":["Entrench","AT_BodySlamDance","Clothesline"],"picked":"SKIP","floor":41.0},{"not_picked":["Sword Boomerang","Dual Wield+1"],"picked":"Barricade","floor":42.0},{"not_picked":["AT_FamilyPortrait","Forethought"],"picked":"Madness","floor":46.0},{"not_picked":["Clothesline","Heavy Blade","Pummel+1"],"picked":"SKIP","floor":54.0}],"player_experience":275013,"relics_obtained":[{"floor":7.0,"key":"Oddly Smooth Stone"},{"floor":9.0,"key":"Centennial Puzzle"},{"floor":10.0,"key":"Mango"},{"floor":12.0,"key":"PreservedInsect"},{"floor":21.0,"key":"Necronomicon"},{"floor":25.0,"key":"Tiny Chest"},{"floor":26.0,"key":"Whetstone"},{"floor":39.0,"key":"AT_SpeedBoots"},{"floor":42.0,"key":"AT_ImmortalShieldbow"},{"floor":48.0,"key":"Ice Cream"},{"floor":54.0,"key":"InkBottle"}],"event_choices":[{"damage_healed":0.0,"max_hp_gain":0.0,"max_hp_loss":0.0,"gold_gain":0.0,"event_name":"Scrap Ooze","player_choice":"Success","floor":2.0,"gold_loss":0.0,"damage_taken":18.0,"relics_obtained":["Potion Belt"]},{"damage_healed":0.0,"max_hp_gain":0.0,"max_hp_loss":0.0,"gold_gain":0.0,"event_name":"Cursed Tome","player_choice":"Obtained Book","floor":21.0,"gold_loss":0.0,"damage_taken":21.0},{"damage_healed":0.0,"max_hp_gain":0.0,"max_hp_loss":0.0,"gold_gain":0.0,"cards_transformed":["AT_IchimonjiDouble","Combust"],"event_name":"Drug Dealer","player_choice":"Became Test Subject","floor":22.0,"gold_loss":0.0,"damage_taken":0.0,"cards_obtained":["Flame Barrier","Body Slam"]},{"cards_removed":["Inflame"],"damage_healed":48.0,"max_hp_gain":0.0,"max_hp_loss":0.0,"gold_gain":0.0,"event_name":"Bonfire Elementals","player_choice":"Offered Uncommon","floor":27.0,"gold_loss":0.0,"damage_taken":0.0},{"cards_removed":["Evolve"],"damage_healed":0.0,"max_hp_gain":0.0,"max_hp_loss":0.0,"gold_gain":0.0,"event_name":"Falling","player_choice":"Removed Power","floor":37.0,"gold_loss":0.0,"damage_taken":0.0},{"damage_healed":0.0,"max_hp_gain":0.0,"max_hp_loss":0.0,"gold_gain":0.0,"event_name":"Tomb of Lord Red Mask","player_choice":"Ignored","floor":44.0,"gold_loss":0.0,"damage_taken":0.0},{"damage_healed":0.0,"max_hp_gain":0.0,"max_hp_loss":0.0,"gold_gain":0.0,"event_name":"SensoryStone","player_choice":"Memory 1","floor":46.0,"gold_loss":0.0,"damage_taken":0.0},{"damage_healed":0.0,"max_hp_gain":0.0,"max_hp_loss":0.0,"gold_gain":0.0,"event_name":"Mysterious Sphere","player_choice":"Fight","floor":48.0,"gold_loss":0.0,"damage_taken":0.0}],"is_beta":false,"boss_relics":[{"not_picked":["Tiny House","SlaversCollar"],"picked":"Pandora\u0027s Box"},{"not_picked":["Busted Crown","Astrolabe"],"picked":"Black Blood"}],"items_purged_floors":[13],"is_endless":false,"potions_floor_spawned":[3,4,5,12,16,18,24,25,30,42,54],"ascension_level":18}}