{"host":"640uue19m79c7wbt","time":1608869317,"event":{"mods":["BaseMod","Colored Map","Googly Eyes","Highlight Path","Minty Spire (QoL Compilation)","Quick Restart","StSLib"],"gold_per_floor":[117,117,6,6,0,38,53,97,124,147,191,264,264,264,264,385,385,405,423,423,423,13,13,51,51,77,118,137,137,137,14,14,14,14],"floor_reached":33,"playtime":1516,"items_purged":["Strike_G"],"score":467,"play_id":"938a6d58-69b4-4646-a233-2ffbd0692098","local_time":"20201224230837","is_ascension_mode":true,"campfire_choices":[{"floor":13.0,"key":"REST"},{"floor":15.0,"key":"REST"},{"floor":23,"key":"REST"},{"data":"Venomology","floor":25,"key":"SMITH"},{"floor":30,"key":"REST"},{"floor":32,"key":"REST"}],"circlet_count":0,"master_deck":["Strike_G","Strike_G","Strike_G","Defend_G","Defend_G+1","Defend_G","Defend_G","Defend_G","Survivor","Neutralize","Predator","Well Laid Plans","Backstab","Underhanded Strike","Cloak And Dagger","Choke","Wraith Form v2","Blur+1","Venomology+1","Backflip+1","Reflex","Dash","Neutralize","Panache","Corpse Explosion","Terror","Infinite Blades","Blur","Blade Dance"],"relics":["Ring of the Snake","NeowsBlessing","Golden Idol","Centennial Puzzle","Calipers","Toy Ornithopter","Omamori","Bag of Marbles","Pen Nib","Empty Cage","Bronze Scales","Ancient Tea Set","Du-Vu Doll"],"acts_visited":["Exordium","TheCity"],"potions_floor_usage":[16,24,24,24,27,28,29,33],"damage_taken":[{"damage":0.0,"enemies":"Cultist","floor":1.0,"turns":1.0},{"damage":0.0,"enemies":"Lagavulin","floor":6.0,"turns":1.0},{"damage":0.0,"enemies":"Jaw Worm","floor":7.0,"turns":1.0},{"damage":26.0,"enemies":"3 Sentries","floor":8.0,"turns":7.0},{"damage":5.0,"enemies":"Gremlin Nob","floor":11.0,"turns":3.0},{"damage":15.0,"enemies":"3 Sentries","floor":12.0,"turns":8.0},{"damage":40,"enemies":"Slime Boss","floor":16,"turns":10},{"damage":19,"enemies":"2 Thieves","floor":18,"turns":5},{"damage":4,"enemies":"Chosen","floor":19,"turns":6},{"damage":31,"enemies":"Slavers","floor":24,"turns":3},{"damage":51,"enemies":"Gremlin Leader","floor":27,"turns":5},{"damage":4,"enemies":"Snake Plant","floor":28,"turns":3},{"damage":13,"enemies":"Shelled Parasite and Fungi","floor":29,"turns":5},{"damage":74,"enemies":"Champ","floor":33,"turns":13}],"seed_played":"-3752429373868507753","potions_obtained":[{"floor":7.0,"key":"SteroidPotion"},{"floor":8.0,"key":"Energy Potion"},{"floor":12.0,"key":"CultistPotion"},{"floor":19,"key":"PowerPotion"},{"floor":27,"key":"Poison Potion"}],"is_trial":false,"path_per_floor":["M","?","$","?","?","E","M","E","T","T","E","?","R","?","R","B",null,"M","M","?","?","$","R","E","R","T","E","M","M","R","$","R","B"],"character_chosen":"THE_SILENT","items_purchased":["Well Laid Plans","Backstab","Panache","Corpse Explosion","Bronze Scales","Blade Dance"],"campfire_rested":5,"item_purchase_floors":[3,3,22,22,22,31],"current_hp_per_floor":[63,68,68,68,68,68,68,42,42,42,42,27,49,34,56,21,62,43,39,39,39,39,61,45,45,45,13,14,6,28,28,50,0,0],"gold":14,"neow_bonus":"THREE_ENEMY_KILL","is_daily":false,"chose_seed":false,"campfire_upgraded":1,"win_rate":0.0,"timestamp":1608869317,"path_taken":["M","?","$","?","?","E","M","E","T","?","E","?","R","?","R","BOSS","M","M","?","?","$","R","E","R","T","E","?","M","R","?","R","BOSS"],"items_purchased_type":["Card","Card","Card","Card","Relic","Card"],"build_version":"2020-12-22","purchased_purges":1,"victory":false,"max_hp_per_floor":[70,75,75,75,75,75,75,75,75,75,75,75,75,75,75,75,75,75,75,75,75,75,75,75,75,75,75,75,75,75,75,75,75,75],"card_choices":[{"not_picked":["Flying Knee","Leg Sweep"],"picked":"Predator","floor":1.0},{"not_picked":["Acrobatics","Poisoned Stab"],"picked":"Underhanded Strike","floor":6.0},{"not_picked":["Deflect","All Out Attack"],"picked":"Cloak And Dagger","floor":7.0},{"not_picked":["Deadly Poison","Sucker Punch"],"picked":"Choke","floor":8.0},{"not_picked":["Riddle With Holes","Tactician"],"picked":"Wraith Form v2","floor":11.0},{"not_picked":["Deadly Poison","Quick Slash"],"picked":"Blur","floor":12.0},{"not_picked":["Night Terror","Die Die Die"],"picked":"Venomology","floor":16},{"not_picked":["Flying Knee","Concentrate"],"picked":"Backflip+1","floor":18},{"not_picked":["Poisoned Stab","Acrobatics"],"picked":"Reflex","floor":19},{"not_picked":["Sucker Punch","Wraith Form v2"],"picked":"Terror","floor":24},{"not_picked":["All Out Attack+1","Deadly Poison"],"picked":"Infinite Blades","floor":27},{"not_picked":["Bane","Flying Knee"],"picked":"Blur","floor":28}],"player_experience":1222385,"relics_obtained":[{"floor":6.0,"key":"Centennial Puzzle"},{"floor":8.0,"key":"Calipers"},{"floor":9.0,"key":"Toy Ornithopter"},{"floor":10.0,"key":"Omamori"},{"floor":11.0,"key":"Bag of Marbles"},{"floor":12.0,"key":"Pen Nib"},{"floor":24,"key":"Ancient Tea Set"},{"floor":27,"key":"Du-Vu Doll"}],"event_choices":[{"damage_healed":0.0,"max_hp_gain":5.0,"max_hp_loss":0.0,"gold_gain":0.0,"event_name":"Big Fish","player_choice":"Donut","floor":2.0,"gold_loss":0.0,"damage_taken":0.0},{"damage_healed":0.0,"max_hp_gain":0.0,"max_hp_loss":0.0,"gold_gain":0.0,"event_name":"Golden Idol","player_choice":"Take Wound","floor":4.0,"gold_loss":0.0,"damage_taken":0.0,"relics_obtained":["Golden Idol"],"cards_obtained":["Injury"]},{"damage_healed":0.0,"max_hp_gain":0.0,"max_hp_loss":0.0,"gold_gain":0.0,"event_name":"World of Goop","player_choice":"Left Gold","floor":5.0,"gold_loss":6.0,"damage_taken":0.0},{"damage_healed":0.0,"max_hp_gain":0.0,"max_hp_loss":0.0,"gold_gain":0.0,"event_name":"Dead Adventurer","player_choice":"Searched \u00272\u0027 times","floor":12.0,"gold_loss":0.0,"damage_taken":0.0},{"damage_healed":0.0,"max_hp_gain":0.0,"max_hp_loss":0.0,"gold_gain":0.0,"event_name":"Shining Light","player_choice":"Entered Light","floor":14.0,"gold_loss":0.0,"damage_taken":15.0,"cards_upgraded":["Defend_G","Blur"]},{"damage_healed":0,"gold_gain":0,"player_choice":"Ignored","damage_taken":0,"max_hp_gain":0,"max_hp_loss":0,"event_name":"Ghosts","floor":20,"gold_loss":0},{"damage_healed":0,"gold_gain":0,"player_choice":"2 cards matched","damage_taken":0,"max_hp_gain":0,"max_hp_loss":0,"event_name":"Match and Keep!","floor":21,"gold_loss":0,"cards_obtained":["Dash","Neutralize"]}],"is_beta":false,"boss_relics":[{"not_picked":["Snecko Eye","Philosopher\u0027s Stone"],"picked":"Empty Cage"}],"items_purged_floors":[31],"is_endless":false,"potions_floor_spawned":[7,8,12,19,27],"killed_by":"Champ","ascension_level":9}}