{"host":"sa7ebub27cgn5wai","time":1608910099,"event":{"mods":["BaseMod","Colored Map","Minty Spire (QoL Compilation)","SuperFastMode"],"gold_per_floor":[213,231,285,304,319,319,330,330,330,389,405,405,425,437,437,533,533,553,652,670,680,237,237,237,237],"floor_reached":24,"playtime":584,"items_purged":[],"score":307,"play_id":"0d07f1eb-ff78-4460-8e45-06bfa6f82ef3","local_time":"20201226002819","is_ascension_mode":true,"campfire_choices":[{"data":"Uppercut","floor":6,"key":"SMITH"},{"data":"Bludgeon","floor":8,"key":"SMITH"},{"floor":15,"key":"REST"},{"data":"Sword Boomerang","floor":23,"key":"SMITH"}],"circlet_count":0,"master_deck":["AscendersBane","Strike_R","Strike_R","Strike_R","Strike_R","Strike_R","Defend_R","Defend_R","Defend_R","Defend_R","Bash","Uppercut+1","Shrug It Off","Iron Wave","Bludgeon+1","Flex+1","Sword Boomerang","Twin Strike","Sword Boomerang+1","Limit Break+1","Cleave"],"relics":["Burning Blood","Kunai","Nunchaku","SlaversCollar","WingedGreaves","War Paint"],"acts_visited":["Exordium","TheCity"],"potions_floor_usage":[10,16,16,20,24,24],"damage_taken":[{"damage":4,"enemies":"Small Slimes","floor":1,"turns":4},{"damage":4,"enemies":"Jaw Worm","floor":2,"turns":3},{"damage":0,"enemies":"2 Louse","floor":4,"turns":2},{"damage":24,"enemies":"Large Slime","floor":5,"turns":8},{"damage":1,"enemies":"Exordium Wildlife","floor":7,"turns":4},{"damage":40,"enemies":"Lagavulin Event","floor":10,"turns":4},{"damage":2,"enemies":"2 Fungi Beasts","floor":11,"turns":3},{"damage":19,"enemies":"3 Louse","floor":13,"turns":3},{"damage":18,"enemies":"Large Slime","floor":14,"turns":3},{"damage":10,"enemies":"Hexaghost","floor":16,"turns":6},{"damage":28,"enemies":"Chosen","floor":18,"turns":6},{"damage":20,"enemies":"Spheric Guardian","floor":20,"turns":4},{"damage":27,"enemies":"Snecko","floor":21,"turns":5},{"damage":29,"enemies":"Centurion and Healer","floor":24,"turns":3}],"seed_played":"-1993266760192382348","potions_obtained":[{"floor":2,"key":"SteroidPotion"},{"floor":4,"key":"PowerPotion"},{"floor":5,"key":"Strength Potion"},{"floor":13,"key":"ColorlessPotion"},{"floor":16,"key":"Swift Potion"},{"floor":18,"key":"Regen Potion"},{"floor":20,"key":"Energy Potion"}],"is_trial":false,"path_per_floor":["M","M","?","M","M","R","M","R","T","?","M","?","M","M","R","B",null,"M","?","M","M","$","R","M"],"character_chosen":"IRONCLAD","items_purchased":["WingedGreaves","War Paint"],"campfire_rested":1,"item_purchase_floors":[22,22],"current_hp_per_floor":[74,76,76,80,62,62,67,67,67,33,37,42,29,17,42,38,73,51,51,49,28,28,28,0,0],"gold":237,"neow_bonus":"HUNDRED_GOLD","is_daily":false,"chose_seed":false,"campfire_upgraded":3,"win_rate":0.0,"timestamp":1608910099,"path_taken":["M","M","?","M","M","R","M","R","T","?","M","?","M","M","R","BOSS","M","?","M","M","$","R","M"],"items_purchased_type":["Relic","Relic"],"build_version":"2020-12-22","purchased_purges":0,"victory":false,"max_hp_per_floor":[80,80,80,80,80,80,80,80,80,80,80,85,85,85,85,85,85,85,85,85,85,85,85,85,85],"card_choices":[{"not_picked":["Thunderclap","Fire Breathing"],"picked":"Uppercut","floor":1},{"not_picked":["Sword Boomerang","Pommel Strike"],"picked":"Shrug It Off","floor":2},{"not_picked":["Intimidate","Wild Strike"],"picked":"Iron Wave","floor":4},{"not_picked":["Perfected Strike","Headbutt"],"picked":"Bludgeon","floor":5},{"not_picked":["Thunderclap","Second Wind"],"picked":"Flex","floor":7},{"not_picked":["Headbutt","Havoc"],"picked":"Sword Boomerang","floor":11},{"not_picked":["Cleave","Feel No Pain"],"picked":"Twin Strike","floor":13},{"not_picked":["Exhume","Infernal Blade"],"picked":"Sword Boomerang","floor":14},{"not_picked":["Reaper","Bludgeon"],"picked":"Limit Break","floor":16},{"not_picked":["Heavy Blade+1","Warcry"],"picked":"Cleave","floor":18},{"not_picked":["True Grit","Anger","Flame Barrier+1"],"picked":"SKIP","floor":20},{"not_picked":["True Grit","Headbutt","Heavy Blade"],"picked":"SKIP","floor":21}],"player_experience":278212,"relics_obtained":[{"floor":9,"key":"Kunai"},{"floor":10,"key":"Nunchaku"}],"event_choices":[{"damage_healed":0,"gold_gain":54,"player_choice":"Gained Gold","damage_taken":0,"max_hp_gain":0,"max_hp_loss":0,"event_name":"Golden Wing","floor":3,"gold_loss":0},{"damage_healed":0,"gold_gain":0,"player_choice":"Searched \u00272\u0027 times","damage_taken":0,"max_hp_gain":0,"max_hp_loss":0,"event_name":"Dead Adventurer","floor":10,"gold_loss":0},{"damage_healed":0,"gold_gain":0,"player_choice":"Donut","damage_taken":0,"max_hp_gain":5,"max_hp_loss":0,"event_name":"Big Fish","floor":12,"gold_loss":0},{"damage_healed":0,"gold_gain":99,"player_choice":"Stole From Cult","damage_taken":0,"max_hp_gain":0,"max_hp_loss":0,"event_name":"Nest","floor":19,"gold_loss":0}],"is_beta":false,"boss_relics":[{"not_picked":["Empty Cage","Tiny House"],"picked":"SlaversCollar"}],"items_purged_floors":[],"is_endless":false,"potions_floor_spawned":[2,4,5,13,16,18,20],"killed_by":"Centurion and Healer","ascension_level":12}}