{"host":"wha9hktbkslqvblg","time":1608901586,"event":{"mods":["BaseMod","Colored Map","Minty Spire (QoL Compilation)","Relic Stats","SuperFastMode","everything is the same but u backflip on backflip"],"gold_per_floor":[109,184,203,47,47,74,86,86,86,117,129,158,158,173,173,173,173],"floor_reached":16,"playtime":318,"items_purged":["Strike_R"],"score":290,"play_id":"cad3c0a1-bf1a-4f5b-ab19-f6a40b62b8fd","local_time":"20201225220626","is_ascension_mode":true,"campfire_choices":[{"data":"Blood for Blood","floor":15,"key":"SMITH"}],"circlet_count":0,"master_deck":["AscendersBane","Strike_R+1","Strike_R","Strike_R+1","Defend_R","Defend_R","Defend_R","Defend_R","Bash","Battle Trance","Sword Boomerang","Uppercut","Blood for Blood+1","Hemokinesis","Second Wind","Feel No Pain"],"relics":["Burning Blood","NeowsBlessing","Eternal Feather","Anchor","Sundial","Pen Nib","TungstenRod"],"acts_visited":["Exordium"],"potions_floor_usage":[6,10,16],"damage_taken":[{"damage":0,"enemies":"2 Louse","floor":1,"turns":1},{"damage":0,"enemies":"Jaw Worm","floor":3,"turns":1},{"damage":0,"enemies":"Lagavulin","floor":6,"turns":1},{"damage":3,"enemies":"Cultist","floor":7,"turns":3},{"damage":12,"enemies":"Gremlin Nob","floor":10,"turns":3},{"damage":14,"enemies":"Exordium Thugs","floor":11,"turns":4},{"damage":42,"enemies":"3 Sentries","floor":12,"turns":7},{"damage":3,"enemies":"Large Slime","floor":14,"turns":5},{"damage":1,"enemies":"Slime Boss","floor":16,"turns":4}],"seed_played":"8166702562710643679","potions_obtained":[{"floor":1,"key":"Fruit Juice"},{"floor":3,"key":"LiquidBronze"},{"floor":6,"key":"DuplicationPotion"},{"floor":11,"key":"Weak Potion"}],"is_trial":false,"path_per_floor":["M","?","M","$","?","E","M","T","T","E","M","E","?","M","R","B"],"character_chosen":"IRONCLAD","items_purchased":["Uppercut"],"campfire_rested":0,"item_purchase_floors":[4],"current_hp_per_floor":[74,63,69,69,69,80,80,80,80,74,66,30,7,10,19,18,18],"gold":173,"neow_bonus":"THREE_ENEMY_KILL","is_daily":false,"chose_seed":false,"campfire_upgraded":1,"win_rate":0.0,"timestamp":1608901586,"path_taken":["M","?","M","$","?","E","?","?","T","E","M","E","?","?","R","BOSS"],"items_purchased_type":["Card"],"build_version":"2020-12-22","purchased_purges":1,"victory":false,"max_hp_per_floor":[75,75,75,75,75,80,80,80,80,80,80,80,80,80,80,80,80],"relic_stats":{"counters":[9,29],"Sundial":[4],"Eternal Feather":9,"Pen Nib":[3],"obtain_stats":[{"Anchor":8,"NeowsBlessing":0,"Sundial":9,"Eternal Feather":6,"Pen Nib":10,"Burning Blood":0,"TungstenRod":12},{"Anchor":4,"NeowsBlessing":0,"Sundial":4,"Eternal Feather":3,"Pen Nib":5,"Burning Blood":0,"TungstenRod":7},{"Anchor":6,"NeowsBlessing":0,"Sundial":6,"Eternal Feather":3,"Pen Nib":9,"Burning Blood":0,"TungstenRod":20}],"Burning Blood":45,"TungstenRod":5},"card_choices":[{"not_picked":["Feel No Pain","Thunderclap"],"picked":"Battle Trance","floor":1},{"not_picked":["Cleave","Dual Wield"],"picked":"Sword Boomerang","floor":3},{"not_picked":["Clothesline","Uppercut"],"picked":"Hemokinesis","floor":6},{"not_picked":["Rage","Sentinel"],"picked":"Second Wind","floor":7},{"not_picked":["Hemokinesis","Combust","Metallicize"],"picked":"SKIP","floor":10},{"not_picked":["Combust","Clothesline","Warcry"],"picked":"SKIP","floor":11},{"not_picked":["Rage","Iron Wave","Disarm"],"picked":"SKIP","floor":12},{"not_picked":["Second Wind","Rampage"],"picked":"Feel No Pain","floor":14}],"player_experience":895521,"relics_obtained":[{"floor":6,"key":"Eternal Feather"},{"floor":8,"key":"Anchor"},{"floor":9,"key":"Sundial"},{"floor":10,"key":"Pen Nib"},{"floor":12,"key":"TungstenRod"}],"event_choices":[{"damage_healed":0,"gold_gain":75,"player_choice":"Gather Gold","damage_taken":11,"max_hp_gain":0,"max_hp_loss":0,"event_name":"World of Goop","floor":2,"gold_loss":0},{"damage_healed":0,"gold_gain":0,"cards_transformed":["Strike_R"],"player_choice":"Transformed","damage_taken":0,"max_hp_gain":0,"max_hp_loss":0,"event_name":"Transmorgrifier","floor":5,"gold_loss":0,"cards_obtained":["Blood for Blood"]},{"damage_healed":0,"gold_gain":0,"player_choice":"Entered Light","damage_taken":24,"max_hp_gain":0,"max_hp_loss":0,"event_name":"Shining Light","floor":13,"gold_loss":0,"cards_upgraded":["Strike_R","Strike_R"]}],"is_beta":false,"boss_relics":[],"items_purged_floors":[4],"is_endless":false,"potions_floor_spawned":[1,3,6,11],"killed_by":"Slime Boss","ascension_level":20}}