{"host":"e4wnmsyty9uvvtwf","time":1608904070,"event":{"mods":["Aspiration","BaseMod","Colored Map","Colored Powertips","Marisa£®ÏF”Í°°ƒß¿Ì…≥£©","Minty Spire (QoL Compilation)","Rare Cards Sparkle","Replay The Spire","StSLib"],"gold_per_floor":[109,109,83,83,83,83,101,101,126,126,166,191,34,55,55,149,149,64,114,114,114,94,94,115,149,149,149,180,199,199,215,215,215,215],"floor_reached":33,"playtime":1144,"items_purged":["Doubt","Strike_G"],"score":633,"play_id":"2df781a8-cf7c-4037-b708-79aa19fce11a","local_time":"20201225214750","is_ascension_mode":true,"campfire_choices":[{"data":"Noxious Fumes","floor":6,"key":"SMITH"},{"data":"Die Die Die","floor":8,"key":"SMITH"},{"data":"Neutralize","floor":10,"key":"SMITH"},{"data":"Deadly Poison","floor":15,"key":"SMITH"},{"floor":23,"key":"REST"},{"floor":27,"key":"REST"},{"data":"Catalyst","floor":30,"key":"SMITH"},{"data":"Replay:Poison Smokescreen","floor":32,"key":"SMITH"}],"circlet_count":0,"master_deck":["AscendersBane","Strike_G","Strike_G","Strike_G+1","Strike_G","Defend_G","Defend_G+1","Defend_G","Defend_G+1","Defend_G+1","Survivor","Neutralize+1","Die Die Die+1","Dagger Spray","Noxious Fumes+1","Deadly Poison+1","Injury","Dagger Spray","Replay:Poison Smokescreen+1","Prepared","Blur+1","Deflect","After Image","Deadly Poison","Writhe","Bane","Deflect","Catalyst+1","Dash","Flying Knee","Doppelganger"],"relics":["Ring of the Snake","Ring of Misfortune","Ring of Fangs","ReplayTheSpireMod:CursedCoin","Golden Idol","StoneCalendar","War Paint","Pen Nib","Snecko Heart","aspiration:RitualStick","Simple Rune","Meat on the Bone","aspiration:HummingbirdHeart","Divine Protection"],"acts_visited":["Exordium","TheCity"],"potions_floor_usage":[11,25,28,33,33],"damage_taken":[{"damage":0,"enemies":"2 Louse","floor":1,"turns":4},{"damage":0,"enemies":"Jaw Worm","floor":7,"turns":4},{"damage":22,"enemies":"Gremlin Nob","floor":11,"turns":5},{"damage":0,"enemies":"Cultist","floor":12,"turns":3},{"damage":2,"enemies":"2 Fungi Beasts","floor":14,"turns":3},{"damage":0,"enemies":"Fading Forest","floor":16,"turns":11},{"damage":0,"enemies":"Chosen","floor":18,"turns":5},{"damage":15,"enemies":"2 Thieves","floor":22,"turns":4},{"damage":0,"enemies":"Centurion and Healer","floor":24,"turns":7},{"damage":29,"enemies":"Book of Stabbing","floor":25,"turns":5},{"damage":30,"enemies":"Slavers","floor":28,"turns":7},{"damage":0,"enemies":"Snecko","floor":29,"turns":5},{"damage":0,"enemies":"Cultist and Chosen","floor":31,"turns":6},{"damage":65,"enemies":"Champ","floor":33,"turns":13}],"seed_played":"-3187351711798870153","potions_obtained":[{"floor":7,"key":"LifebloodPotion"},{"floor":14,"key":"Weak Potion"},{"floor":16,"key":"Elixir"},{"floor":24,"key":"PowerPotion"},{"floor":29,"key":"EntropicBrew"}],"is_trial":false,"path_per_floor":["M","?","$","?","T","R","M","R","T","R","E","M","$","M","R","B",null,"M","?","?","?","M","R","M","E","T","R","E","M","R","M","R","B"],"character_chosen":"THE_SILENT","items_purchased":["ReplayTheSpireMod:CursedCoin","Noxious Fumes","Deadly Poison","Blur+1"],"campfire_rested":2,"item_purchase_floors":[3,3,3,13],"current_hp_per_floor":[59,59,59,59,59,59,59,59,59,59,37,37,37,35,35,45,61,61,61,44,44,29,48,48,19,19,38,20,32,32,44,44,0,0],"gold":215,"neow_bonus":"THREE_RARE_CARDS","is_daily":false,"chose_seed":false,"campfire_upgraded":6,"win_rate":0.0,"timestamp":1608904070,"path_taken":["M","?","$","?","?","R","M","R","T","R","E","M","?","?","R","BOSS","M","?","?","?","M","R","M","E","T","R","E","M","R","M","R","BOSS"],"items_purchased_type":["Relic","Card","Card","Card"],"build_version":"2020-12-22","purchased_purges":2,"victory":false,"max_hp_per_floor":[66,66,66,66,66,66,66,66,66,66,66,66,66,66,66,66,66,66,66,66,66,66,66,66,66,66,66,66,66,66,66,66,66,66],"card_choices":[{"not_picked":["Tools of the Trade","Storm of Steel"],"picked":"Die Die Die","floor":0},{"not_picked":["Underhanded Strike","Backstab"],"picked":"Dagger Spray","floor":1},{"not_picked":["ReplayTheSpireMod:The Works","Backflip"],"picked":"Dagger Spray","floor":7},{"not_picked":["Outmaneuver","Infinite Blades"],"picked":"Replay:Poison Smokescreen","floor":11},{"not_picked":["Eviscerate","Quick Slash"],"picked":"Prepared","floor":12},{"not_picked":["Reflex","Slice"],"picked":"Deflect","floor":14},{"not_picked":["Tools of the Trade","Die Die Die"],"picked":"After Image","floor":16},{"not_picked":["Dagger Throw","Hidden Blade+1"],"picked":"Deadly Poison","floor":18},{"not_picked":["Deadly Poison","Quick Slash+1"],"picked":"Bane","floor":22},{"not_picked":["Eviscerate","Dagger Spray"],"picked":"Deflect","floor":24},{"not_picked":["Blade Dance","Quick Slash"],"picked":"Catalyst","floor":25},{"not_picked":["ReplayTheSpireMod:Scrap Shanks","Backflip"],"picked":"Dash","floor":28},{"not_picked":["Dagger Spray","ReplayTheSpireMod:The Works"],"picked":"Flying Knee","floor":29},{"not_picked":["Dagger Throw","Deadly Poison"],"picked":"Doppelganger","floor":31}],"player_experience":648903,"relics_obtained":[{"floor":2,"key":"Ring of Misfortune"},{"floor":2,"key":"Ring of Fangs"},{"floor":5,"key":"StoneCalendar"},{"floor":9,"key":"War Paint"},{"floor":11,"key":"Pen Nib"},{"floor":25,"key":"Meat on the Bone"},{"floor":26,"key":"aspiration:HummingbirdHeart"},{"floor":28,"key":"Divine Protection"}],"event_choices":[{"damage_healed":0,"gold_gain":0,"player_choice":"Take Wound","damage_taken":0,"relics_obtained":["Golden Idol"],"max_hp_gain":0,"max_hp_loss":0,"event_name":"Golden Idol","floor":4,"gold_loss":0,"cards_obtained":["Injury"]},{"damage_healed":0,"gold_gain":50,"player_choice":"Stole From Cult","damage_taken":0,"max_hp_gain":0,"max_hp_loss":0,"event_name":"Nest","floor":19,"gold_loss":0},{"damage_healed":0,"gold_gain":0,"player_choice":"Opened","damage_taken":0,"relics_obtained":["Simple Rune"],"max_hp_gain":0,"max_hp_loss":0,"event_name":"The Mausoleum","floor":21,"gold_loss":0,"cards_obtained":["Writhe"]}],"is_beta":false,"boss_relics":[{"not_picked":["Sozu","aspiration:SecretTechniqueScroll"],"picked":"Snecko Heart"}],"items_purged_floors":[3,13],"is_endless":false,"potions_floor_spawned":[7,14,16,24,29],"killed_by":"Champ","ascension_level":18}}