{"host":"lhth1efayex2023z","time":1608938543,"event":{"mods":["BaseMod","Colored Map","Googly Eyes","Minty Spire (QoL Compilation)","StSLib"],"gold_per_floor":[118,118,18,37,37,37,37,62,85,85,11,40,57,70,70,148,148,158,176,176,176,176],"floor_reached":21,"playtime":869,"items_purged":[],"score":309,"play_id":"b7f806d6-9f91-43d6-900a-581ef1965f37","local_time":"20201225162223","is_ascension_mode":true,"campfire_choices":[{"data":"Redo","floor":6.0,"key":"SMITH"},{"floor":10,"key":"REST"},{"floor":15,"key":"REST"}],"circlet_count":0,"master_deck":["AscendersBane","Strike_B+1","Strike_B+1","Strike_B+1","Defend_B+1","Defend_B+1","Defend_B+1","Defend_B+1","Zap","Dualcast","Redo+1","Cold Snap","Blizzard","Loop","Heatsinks","Cold Snap","Stack","Buffer","Glacier","Static Discharge","Amplify","CurseOfTheBell","Turbo","Multi-Cast"],"relics":["Cracked Core","MealTicket","Question Card","Nunchaku","Blood Vial","Orichalcum","Calling Bell","Anchor","Eternal Feather","Peace Pipe"],"acts_visited":["Exordium","TheCity"],"potions_floor_usage":[16],"damage_taken":[{"damage":0.0,"enemies":"2 Louse","floor":1.0,"turns":1.0},{"damage":5.0,"enemies":"Jaw Worm","floor":4.0,"turns":5.0},{"damage":48,"enemies":"Gremlin Nob","floor":8,"turns":5},{"damage":32,"enemies":"3 Sentries","floor":12,"turns":16},{"damage":0,"enemies":"Small Slimes","floor":13,"turns":4},{"damage":0,"enemies":"Blue Slaver","floor":14,"turns":5},{"damage":12,"enemies":"Slime Boss","floor":16,"turns":14},{"damage":16,"enemies":"Spheric Guardian","floor":18,"turns":4},{"damage":20,"enemies":"Chosen","floor":19,"turns":12},{"damage":21,"enemies":"Centurion and Healer","floor":21,"turns":6}],"seed_played":"8867329653647073874","potions_obtained":[{"floor":4.0,"key":"Strength Potion"},{"floor":13,"key":"Block Potion"},{"floor":14,"key":"SpeedPotion"}],"is_trial":false,"path_per_floor":["M","?","$","M","?","R","?","E","T","R","$","E","M","M","R","B",null,"M","M","?","M"],"character_chosen":"DEFECT","items_purchased":["Cold Snap","Blizzard","Cold Snap","Stack"],"campfire_rested":2,"item_purchase_floors":[3,3,11,11],"current_hp_per_floor":[68,65,75,70,63,63,63,15,15,37,52,22,24,26,48,38,66,52,34,34,15,15],"gold":176,"neow_bonus":"RANDOM_COMMON_RELIC","is_daily":false,"chose_seed":false,"campfire_upgraded":1,"win_rate":0.0,"timestamp":1608938543,"path_taken":["M","?","$","M","?","R","?","E","T","R","?","E","M","?","R","BOSS","M","?","?","M"],"items_purchased_type":["Card","Card","Card","Card"],"build_version":"2020-12-22","purchased_purges":0,"victory":false,"max_hp_per_floor":[75,75,75,75,75,75,75,75,75,75,75,75,75,75,75,75,75,75,75,75,75,75],"card_choices":[{"not_picked":["Leap","Conserve Battery"],"picked":"Redo","floor":1.0},{"not_picked":["White Noise","Skim","Streamline"],"picked":"Loop","floor":4.0},{"not_picked":["Redo","Leap","Sweeping Beam"],"picked":"Heatsinks","floor":8},{"not_picked":["Go for the Eyes","Meteor Strike","Steam"],"picked":"Buffer","floor":12},{"not_picked":["Cold Snap","Go for the Eyes","Ball Lightning"],"picked":"Glacier","floor":13},{"not_picked":["Skim","Darkness","Ball Lightning"],"picked":"Static Discharge","floor":14},{"not_picked":["Thunder Strike","Hyperbeam","Fission"],"picked":"Amplify","floor":16},{"not_picked":["Turbo","Rip and Tear","Streamline","Leap"],"picked":"SKIP","floor":18},{"not_picked":["Rip and Tear","Streamline","Leap"],"picked":"Turbo","floor":18},{"not_picked":["Steam+1","Cold Snap","Rebound"],"picked":"Multi-Cast","floor":19}],"player_experience":402912,"relics_obtained":[{"floor":8,"key":"Nunchaku"},{"floor":9,"key":"Blood Vial"},{"floor":12,"key":"Orichalcum"},{"floor":17,"key":"Anchor"},{"floor":17,"key":"Eternal Feather"},{"floor":17,"key":"Peace Pipe"}],"event_choices":[{"damage_healed":0.0,"max_hp_gain":0.0,"max_hp_loss":0.0,"gold_gain":0.0,"event_name":"Scrap Ooze","player_choice":"Success","floor":2.0,"gold_loss":0.0,"damage_taken":3.0,"relics_obtained":["Question Card"]},{"cards_removed":["Strike_B"],"damage_healed":0.0,"max_hp_gain":0.0,"max_hp_loss":0.0,"gold_gain":0.0,"event_name":"Golden Wing","player_choice":"Card Removal","floor":5.0,"gold_loss":0.0,"damage_taken":7.0},{"damage_healed":0,"gold_gain":0,"player_choice":"Searched \u00270\u0027 times","damage_taken":0,"max_hp_gain":0,"max_hp_loss":0,"event_name":"Dead Adventurer","floor":7,"gold_loss":0},{"damage_healed":0,"gold_gain":0,"player_choice":"Simplicity","damage_taken":0,"max_hp_gain":0,"max_hp_loss":0,"event_name":"Back to Basics","floor":20,"gold_loss":0,"cards_upgraded":["Strike_B","Strike_B","Strike_B","Defend_B","Defend_B","Defend_B","Defend_B"]}],"is_beta":false,"boss_relics":[{"not_picked":["Ectoplasm","Astrolabe"],"picked":"Calling Bell"}],"items_purged_floors":[],"is_endless":false,"potions_floor_spawned":[4,13,14],"killed_by":"Centurion and Healer","ascension_level":13}}