{"host":"dntw6kil9p09eemm","time":1608876842,"event":{"mods":["Alarm Clock","Aspiration","BaseMod","Colored Powertips","Downfall","Hermit","Hubris","Minty Spire (QoL Compilation)","Permanent Neow","Shop Mod","Spicy Shops","StSLib"],"gold_per_floor":[215,215,230,244,244,279,279,309,309,327,346,296,98,113,113,212,212,224,244,279,295,109,109,121,121,169,188,188,144,144,217,217,217,217,217],"floor_reached":33,"playtime":1926,"items_purged":["Guardian:Defend_Guardian"],"score":282,"play_id":"d8e26214-dbb4-4a06-aa59-73a1bf7fe491","local_time":"20201225151402","is_ascension_mode":false,"campfire_choices":[{"floor":15,"key":"REST"},{"floor":23,"key":"REST"},{"floor":25,"key":"REST"},{"floor":32,"key":"REST"}],"circlet_count":0,"master_deck":["Guardian:Strike_Guardian","Guardian:Strike_Guardian","Guardian:Strike_Guardian","Guardian:Strike_Guardian","Guardian:Defend_Guardian","Guardian:Defend_Guardian","Guardian:Defend_Guardian","Guardian:CurlUp","Guardian:TwinSlam","Guardian:RollAttack","Guardian:Gem_Blue","Guardian:FloatingOrbs","Guardian:Gem_Red","Guardian:Gem_Green","Guardian:Gem_Orange","Guardian:VentSteam","Guardian:Gem_Fragmented","Guardian:ShieldSpikes","Guardian:Gem_Synthetic","Guardian:PiercingHide","Guardian:WalkerClaw+1","Guardian:RollAttack+1","Guardian:WalkerClaw+1","Guardian:GuardianWhirl+1","Guardian:PiercingHide+1"],"relics":["Guardian:ModeShifter","Molten Egg 2","hubris:Towel","TungstenRod","Frozen Egg 2","Mango","MerchantsRug","hubris:ScarierMask","Red Mask","Incense Burner","Dream Catcher","Nilry\u0027s Codex","hubris:MysteriousPyramids"],"acts_visited":["Exordium","TheCity"],"potions_floor_usage":[],"damage_taken":[{"damage":0.0,"enemies":"2 Louse","floor":1.0,"turns":2.0},{"damage":3.0,"enemies":"Small Slimes","floor":3.0,"turns":3.0},{"damage":5.0,"enemies":"Cultist","floor":4.0,"turns":4.0},{"damage":22.0,"enemies":"Lagavulin","floor":6.0,"turns":9.0},{"damage":27.0,"enemies":"3 Sentries","floor":8.0,"turns":8.0},{"damage":0.0,"enemies":"Large Slime","floor":10.0,"turns":7.0},{"damage":12.0,"enemies":"Red Slaver","floor":11.0,"turns":3.0},{"damage":4.0,"enemies":"3 Louse","floor":14.0,"turns":2.0},{"damage":55,"enemies":"The Guardian","floor":16,"turns":13},{"damage":8,"enemies":"Shell Parasite","floor":18,"turns":7},{"damage":1,"enemies":"3 Byrds","floor":19,"turns":4},{"damage":26,"enemies":"Masked Bandits","floor":20,"turns":6},{"damage":30,"enemies":"Snake Plant","floor":21,"turns":6},{"damage":15,"enemies":"Snecko","floor":24,"turns":5},{"damage":0,"enemies":"Sentry and Sphere","floor":27,"turns":2},{"damage":73,"enemies":"Collector","floor":33,"turns":8}],"seed_played":"-4097234471782999024","potions_obtained":[{"floor":1.0,"key":"AttackPotion"},{"floor":10.0,"key":"Ancient Potion"},{"floor":14.0,"key":"Energy Potion"},{"floor":20,"key":"DistilledChaos"},{"floor":27,"key":"LiquidMemories"}],"is_trial":false,"path_per_floor":["M","?","M","M","?","E","?","E","T","M","M","?","$","M","R","B",null,"M","M","?","M","$","R","M","R","T","M","?","$","?","T","R","B"],"character_chosen":"GUARDIAN","items_purchased":["MerchantsRug","Guardian:Gem_Fragmented","Incense Burner","Guardian:GuardianWhirl+1"],"campfire_rested":4,"item_purchase_floors":[13,13,22,29],"current_hp_per_floor":[80,80,77,72,72,50,58,31,45,45,33,33,33,29,57,2,94,86,85,59,29,29,57,42,70,70,70,52,52,40,40,69,0,0,0],"gold":217,"neow_bonus":"HUNDRED_GOLD","is_daily":false,"chose_seed":false,"campfire_upgraded":0,"win_rate":0.0,"timestamp":1608876842,"path_taken":["M","?","M","M","?","E","?","E","T","M","M","?","$","M","R","BOSS","M","M","?","M","$","R","M","R","T","M","?","$","?","?","R","BOSS"],"items_purchased_type":["Relic","Card","Relic","Card"],"build_version":"2020-12-22","purchased_purges":1,"victory":false,"max_hp_per_floor":[80,80,80,80,80,80,80,80,94,94,94,94,94,94,94,94,94,94,94,94,94,94,94,94,94,94,94,99,99,99,99,99,99,99,99],"card_choices":[{"not_picked":["Guardian:VentSteam","Guardian:TemporalStrike"],"picked":"Guardian:RollAttack","floor":1.0},{"not_picked":["Guardian:Recover","Guardian:WalkerClaw+1"],"picked":"Guardian:Gem_Blue","floor":3.0},{"not_picked":["Guardian:RollAttack+1","Guardian:TemporalStrike+1"],"picked":"Guardian:FloatingOrbs","floor":4.0},{"not_picked":["Guardian:StasisEngine","Guardian:StasisStrike+1"],"picked":"Guardian:Gem_Red","floor":6.0},{"not_picked":["Guardian:PolyBeam+1","Guardian:PrimingBeam+1"],"picked":"Guardian:Gem_Green","floor":8.0},{"not_picked":["Guardian:Gem_Lightblue","Guardian:Gem_Red"],"picked":"Guardian:Gem_Orange","floor":10.0},{"not_picked":["Guardian:TimeCapacitor+1","Guardian:DonusPower"],"picked":"Guardian:VentSteam","floor":11.0},{"not_picked":["Guardian:TemporalStrike+1","Guardian:Gem_Lightblue"],"picked":"Guardian:ShieldSpikes","floor":14.0},{"not_picked":["Guardian:RevengeProtocol+1","Guardian:ConstructionForm+1"],"picked":"Guardian:Gem_Synthetic","floor":16},{"not_picked":["Guardian:VentSteam+1","Guardian:Gem_Cyan"],"picked":"Guardian:PiercingHide","floor":18},{"not_picked":["Guardian:Reroute+1","Guardian:MultiBeam+1"],"picked":"Guardian:WalkerClaw+1","floor":19},{"not_picked":["Guardian:PrimingBeam+1","Guardian:ChargeCore+1"],"picked":"Guardian:RollAttack+1","floor":20},{"not_picked":["Guardian:Orbwalk+1","Guardian:Clone","Guardian:TemporalStrike+1"],"picked":"SKIP","floor":21},{"not_picked":["Guardian:PrimingBeam+1","Guardian:CrystalBeam+1","Guardian:GemFire+1"],"picked":"SKIP","floor":24},{"not_picked":["Guardian:MultiBeam+1","Guardian:PrimingBeam+1"],"picked":"Guardian:WalkerClaw+1","floor":27},{"not_picked":["Guardian:Gem_Red","Guardian:Gem_Green"],"picked":"Guardian:PiercingHide+1","floor":32}],"player_experience":443232,"relics_obtained":[{"floor":6.0,"key":"TungstenRod"},{"floor":8.0,"key":"Frozen Egg 2"},{"floor":9.0,"key":"Mango"},{"floor":20,"key":"Red Mask"},{"floor":26,"key":"Dream Catcher"},{"floor":30,"key":"Nilry\u0027s Codex"},{"floor":31,"key":"hubris:MysteriousPyramids"}],"event_choices":[{"cards_removed":["Injury"],"damage_healed":0.0,"max_hp_gain":0.0,"max_hp_loss":0.0,"gold_gain":0.0,"event_name":"The Cleric","player_choice":"Card Removal","floor":12.0,"gold_loss":50.0,"damage_taken":0.0},{"damage_healed":0,"gold_gain":0,"player_choice":"Fought Bandits","damage_taken":0,"max_hp_gain":0,"max_hp_loss":0,"event_name":"Masked Bandits","floor":20,"gold_loss":0},{"damage_healed":0,"gold_gain":0,"player_choice":"Shed Blood","damage_taken":24,"max_hp_gain":5,"max_hp_loss":0,"event_name":"Forgotten Altar","floor":28,"gold_loss":0},{"damage_healed":0,"gold_gain":0,"player_choice":"Obtained Book","damage_taken":16,"max_hp_gain":0,"max_hp_loss":0,"event_name":"Cursed Tome","floor":30,"gold_loss":0}],"is_beta":false,"boss_relics":[{"not_picked":["Coffee Dripper","hubris:GrandSneckoEye"],"picked":"hubris:ScarierMask"}],"items_purged_floors":[22],"is_endless":false,"potions_floor_spawned":[1,10,14,20,27],"killed_by":"Collector","ascension_level":0}}