{"host":"baymyijz6sxaqj5s","time":1608892999,"event":{"mods":["AchievementEnabler","BaseMod","Colored Map","Colored Powertips","DeckTracker","KOR Keyword Fix","Keyboard Shortcuts","Minty Spire (QoL Compilation)","Quick Restart","StSLib","SuperFastMode"],"gold_per_floor":[113,129,129,140,157,185,185,114,114,114,133,147,157,10,10,10,10],"floor_reached":16,"playtime":472,"items_purged":[],"score":139,"play_id":"ff158ba4-9f3f-41f5-a888-7b6dda8ba4da","local_time":"20201225194319","is_ascension_mode":true,"campfire_choices":[{"data":"Barricade","floor":7,"key":"SMITH"},{"floor":15,"key":"REST"}],"circlet_count":0,"master_deck":["Strike_R","Strike_R","Strike_R","Strike_R","Strike_R","Defend_R","Defend_R","Defend_R","Defend_R","Bash","Cleave","Heavy Blade","True Grit","Heavy Blade+1","Twin Strike","Barricade+1","Battle Trance","Ghostly Armor","Sword Boomerang","Flame Barrier","Inflame"],"relics":["Burning Blood","Pear","Ornamental Fan"],"acts_visited":["Exordium"],"potions_floor_usage":[6,6,6],"damage_taken":[{"damage":11,"enemies":"Cultist","floor":1,"turns":4},{"damage":3,"enemies":"Small Slimes","floor":2,"turns":4},{"damage":3,"enemies":"Jaw Worm","floor":4,"turns":5},{"damage":20,"enemies":"Blue Slaver","floor":5,"turns":5},{"damage":14,"enemies":"3 Sentries","floor":6,"turns":8},{"damage":14,"enemies":"Gremlin Gang","floor":11,"turns":6},{"damage":21,"enemies":"Large Slime","floor":12,"turns":7},{"damage":12,"enemies":"Red Slaver","floor":13,"turns":4},{"damage":76,"enemies":"Hexaghost","floor":16,"turns":14}],"seed_played":"2184759885161169504","potions_obtained":[{"floor":2,"key":"Ancient Potion"},{"floor":4,"key":"LiquidMemories"},{"floor":5,"key":"SpeedPotion"}],"is_trial":false,"path_per_floor":["M","M","?","M","M","E","R","$","T","?","M","M","M","$","R","B"],"character_chosen":"IRONCLAD","items_purchased":["Battle Trance","Flame Barrier","Inflame"],"campfire_rested":1,"item_purchase_floors":[8,14,14],"current_hp_per_floor":[83,86,86,88,74,76,76,76,76,76,68,53,47,47,76,0,0],"gold":10,"neow_bonus":"TEN_PERCENT_HP_BONUS","is_daily":false,"chose_seed":false,"campfire_upgraded":1,"win_rate":0.0,"timestamp":1608892999,"path_taken":["M","?","?","M","M","E","R","?","T","?","M","M","M","$","R","BOSS"],"items_purchased_type":["Card","Card","Card"],"build_version":"2020-12-22","purchased_purges":0,"victory":false,"max_hp_per_floor":[88,88,88,88,88,98,98,98,98,98,98,98,98,98,98,98,98],"card_choices":[{"not_picked":["Clothesline","Wild Strike"],"picked":"Cleave","floor":1},{"not_picked":["Sentinel","Whirlwind"],"picked":"Heavy Blade","floor":2},{"not_picked":["Second Wind","Heavy Blade","Blood for Blood"],"picked":"SKIP","floor":4},{"not_picked":["Second Wind","Blood for Blood"],"picked":"Heavy Blade","floor":4},{"not_picked":["Hemokinesis","Clash"],"picked":"Twin Strike","floor":5},{"not_picked":["Flex","Dark Embrace"],"picked":"Barricade","floor":6},{"not_picked":["Twin Strike","Intimidate"],"picked":"Ghostly Armor","floor":11},{"not_picked":["Intimidate","Burning Pact"],"picked":"Sword Boomerang","floor":12},{"not_picked":["Feel No Pain","Clothesline","Dual Wield"],"picked":"SKIP","floor":13}],"player_experience":243955,"relics_obtained":[{"floor":6,"key":"Pear"},{"floor":9,"key":"Ornamental Fan"}],"event_choices":[{"damage_healed":0,"gold_gain":0,"player_choice":"1 cards matched","damage_taken":0,"max_hp_gain":0,"max_hp_loss":0,"event_name":"Match and Keep!","floor":3,"gold_loss":0,"cards_obtained":["True Grit"]},{"damage_healed":0,"gold_gain":0,"player_choice":"Grow","damage_taken":0,"max_hp_gain":0,"max_hp_loss":0,"event_name":"Living Wall","floor":10,"gold_loss":0,"cards_upgraded":["Heavy Blade"]}],"is_beta":false,"boss_relics":[],"items_purged_floors":[],"is_endless":false,"potions_floor_spawned":[2,4,5],"killed_by":"Hexaghost","ascension_level":2}}