{"host":"k85tjwrh7mjrrc9a","time":1608859338,"event":{"mods":["AchievementEnabler","BaseMod","Colored Powertips","Highlight Path","Minty Spire (QoL Compilation)","Rare Cards Sparkle","StSLib"],"gold_per_floor":[111,122,137,151,38,38,65,65,89,105,121,121,121,121,121,216,216,229,240,240,240,251,251,284,284,307,232,250,250,282,297,297,398,398,415,415,415,415,431,431,81,81,104,132,152,27,27,27,27,27,27],"floor_reached":50,"playtime":4085,"items_purged":["Doubt","Strike_G","Normality"],"score":539,"play_id":"15a940cf-d894-40e4-b250-581819b9f04b","local_time":"20201224202218","is_ascension_mode":true,"campfire_choices":[{"data":"Noxious Fumes","floor":6,"key":"SMITH"},{"floor":8,"key":"REST"},{"floor":12,"key":"REST"},{"data":"Prepared","floor":15,"key":"SMITH"},{"floor":23,"key":"REST"},{"data":"Acrobatics","floor":25,"key":"SMITH"},{"data":"Catalyst","floor":29,"key":"SMITH"},{"floor":32,"key":"REST"},{"data":"Prepared","floor":40,"key":"SMITH"},{"data":"Prepared","floor":42,"key":"SMITH"},{"data":"Backflip","floor":47,"key":"SMITH"},{"floor":49,"key":"REST"}],"circlet_count":0,"master_deck":["Strike_G+1","Strike_G+1","Defend_G+1","Defend_G+1","Defend_G+1","Defend_G+1","Defend_G+1","Survivor+1","Neutralize+1","Adrenaline+1","Dodge and Roll+1","Backflip+1","Flying Knee+1","Noxious Fumes+1","Catalyst+1","Prepared+1","Acrobatics+1","Prepared+1","Bouncing Flask+1","Backflip+1","Footwork+1","Outmaneuver+1","Backflip+1","Prepared+1","A Thousand Cuts+1","Deadly Poison+1","Madness+1","Madness+1","Deadly Poison+1"],"relics":["Ring of the Snake","Orichalcum","Vajra","Meat on the Bone","Cursed Key","Nilry\u0027s Codex","MealTicket","Pocketwatch","Juzu Bracelet","Red Mask","Sozu","Mercury Hourglass","Happy Flower","Anchor","Mark of the Bloom"],"acts_visited":["Exordium","TheCity","TheBeyond"],"potions_floor_usage":[7,16,24,33,39],"damage_taken":[{"damage":4,"enemies":"Cultist","floor":1,"turns":4},{"damage":0,"enemies":"Small Slimes","floor":2,"turns":3},{"damage":2,"enemies":"Jaw Worm","floor":3,"turns":5},{"damage":3,"enemies":"Large Slime","floor":4,"turns":11},{"damage":29,"enemies":"Gremlin Nob","floor":7,"turns":4},{"damage":1,"enemies":"Looter","floor":10,"turns":3},{"damage":15,"enemies":"Gremlin Gang","floor":11,"turns":6},{"damage":44,"enemies":"Slime Boss","floor":16,"turns":12},{"damage":14,"enemies":"Chosen","floor":18,"turns":5},{"damage":8,"enemies":"Spheric Guardian","floor":19,"turns":4},{"damage":7,"enemies":"Chosen and Byrds","floor":22,"turns":6},{"damage":23,"enemies":"Gremlin Leader","floor":24,"turns":7},{"damage":3,"enemies":"Snecko","floor":28,"turns":3},{"damage":44,"enemies":"Masked Bandits","floor":30,"turns":4},{"damage":19,"enemies":"Shelled Parasite and Fungi","floor":31,"turns":5},{"damage":18,"enemies":"Automaton","floor":33,"turns":6},{"damage":7,"enemies":"3 Shapes","floor":35,"turns":4},{"damage":21,"enemies":"3 Darklings","floor":39,"turns":4},{"damage":23,"enemies":"Giant Head","floor":44,"turns":7},{"damage":0,"enemies":"4 Shapes","floor":45,"turns":4},{"damage":59,"enemies":"Time Eater","floor":50,"turns":8}],"seed_played":"8555712386650415949","potions_obtained":[{"floor":1,"key":"LiquidMemories"},{"floor":2,"key":"SteroidPotion"},{"floor":4,"key":"Fire Potion"},{"floor":19,"key":"PowerPotion"},{"floor":24,"key":"DuplicationPotion"},{"floor":33,"key":"Swift Potion"}],"is_trial":false,"path_per_floor":["M","M","M","M","$","R","E","R","T","M","M","R","?","T","R","B",null,"M","M","?","?","M","R","E","R","T","$","M","R","?","M","R","B",null,"M","?","?","?","M","R","$","R","T","E","M","$","R","?","R","B"],"character_chosen":"THE_SILENT","items_purchased":["Noxious Fumes","Catalyst","Mercury Hourglass"],"campfire_rested":5,"item_purchase_floors":[5,5,41],"current_hp_per_floor":[66,66,64,61,61,61,32,53,53,52,37,58,51,51,51,19,70,56,48,32,32,37,58,47,47,47,62,59,59,27,20,41,35,70,63,63,63,54,45,45,60,60,60,37,37,52,52,52,52,0,0],"gold":27,"neow_bonus":"ONE_RANDOM_RARE_CARD","is_daily":false,"chose_seed":false,"campfire_upgraded":7,"win_rate":0.0,"timestamp":1608859338,"path_taken":["M","M","M","M","?","R","E","R","T","M","M","R","?","?","R","BOSS","M","M","?","?","M","R","E","R","T","$","M","R","?","M","R","BOSS","M","?","?","?","M","R","$","R","T","E","M","$","R","?","R","BOSS"],"items_purchased_type":["Card","Card","Relic"],"build_version":"2020-12-22","purchased_purges":3,"victory":false,"max_hp_per_floor":[70,70,70,70,70,70,70,70,70,70,70,70,70,70,70,70,70,70,70,70,70,70,70,70,70,70,70,70,70,70,70,70,70,70,70,70,70,70,70,70,70,70,70,70,70,70,70,70,70,70,70],"card_choices":[{"not_picked":["Distraction","Tactician"],"picked":"Flying Knee","floor":1},{"not_picked":["Deadly Poison","Dagger Spray"],"picked":"Dodge and Roll","floor":2},{"not_picked":["PiercingWail","Dagger Spray"],"picked":"Backflip","floor":3},{"not_picked":["Dagger Throw","PiercingWail"],"picked":"Flying Knee","floor":4},{"not_picked":["A Thousand Cuts","Expertise"],"picked":"Prepared","floor":7},{"not_picked":["Flechettes","Quick Slash"],"picked":"Acrobatics","floor":10},{"not_picked":["Dagger Spray","Sucker Punch"],"picked":"Prepared","floor":11},{"not_picked":["Quick Slash+1","Flying Knee+1"],"picked":"Bouncing Flask+1","floor":18},{"not_picked":["Underhanded Strike","Bane"],"picked":"Backflip","floor":19},{"not_picked":["Outmaneuver","Reflex"],"picked":"Footwork+1","floor":22},{"not_picked":["Heel Hook+1","Well Laid Plans"],"picked":"Outmaneuver","floor":24},{"not_picked":["Flying Knee+1","Quick Slash+1","Noxious Fumes+1"],"picked":"SKIP","floor":28},{"not_picked":["Dagger Throw","Slice"],"picked":"Backflip+1","floor":30},{"not_picked":["Dash","Finisher+1"],"picked":"Prepared","floor":31},{"not_picked":["Burst","Wraith Form v2"],"picked":"A Thousand Cuts","floor":33},{"not_picked":["Choke","Calculated Gamble"],"picked":"Deadly Poison+1","floor":35},{"not_picked":["Deflect","Skewer+1"],"picked":"Deadly Poison+1","floor":39},{"not_picked":["Calculated Gamble+1","Well Laid Plans+1","Venomology"],"picked":"SKIP","floor":44},{"not_picked":["Slice","Distraction","Dash"],"picked":"SKIP","floor":45}],"player_experience":47101,"relics_obtained":[{"floor":7,"key":"Orichalcum"},{"floor":9,"key":"Vajra"},{"floor":14,"key":"Meat on the Bone"},{"floor":20,"key":"Nilry\u0027s Codex"},{"floor":24,"key":"Pocketwatch"},{"floor":26,"key":"Juzu Bracelet"},{"floor":30,"key":"Red Mask"},{"floor":43,"key":"Happy Flower"},{"floor":44,"key":"Anchor"}],"event_choices":[{"cards_removed":["Strike_G"],"damage_healed":0,"gold_gain":0,"player_choice":"Card Removal","damage_taken":7,"max_hp_gain":0,"max_hp_loss":0,"event_name":"Golden Wing","floor":13,"gold_loss":0},{"damage_healed":0,"gold_gain":0,"player_choice":"Obtained Book","damage_taken":16,"max_hp_gain":0,"max_hp_loss":0,"event_name":"Cursed Tome","floor":20,"gold_loss":0},{"damage_healed":0,"gold_gain":0,"player_choice":"Gave Potion","damage_taken":0,"relics_obtained":["MealTicket"],"max_hp_gain":0,"max_hp_loss":0,"event_name":"WeMeetAgain","floor":21,"gold_loss":0},{"damage_healed":0,"gold_gain":0,"player_choice":"Fought Bandits","damage_taken":0,"max_hp_gain":0,"max_hp_loss":0,"event_name":"Masked Bandits","floor":30,"gold_loss":0},{"cards_removed":["Flying Knee"],"damage_healed":0,"gold_gain":0,"player_choice":"Removed Attack","damage_taken":0,"max_hp_gain":0,"max_hp_loss":0,"event_name":"Falling","floor":36,"gold_loss":0},{"cards_removed":["Strike_G"],"damage_healed":0,"gold_gain":0,"player_choice":"Offered Basic","damage_taken":0,"max_hp_gain":0,"max_hp_loss":0,"event_name":"Bonfire Elementals","floor":37,"gold_loss":0},{"damage_healed":0,"gold_gain":0,"player_choice":"Embrace Madness","damage_taken":9,"max_hp_gain":0,"max_hp_loss":0,"event_name":"Winding Halls","floor":38,"gold_loss":0,"cards_obtained":["Madness","Madness"]},{"damage_healed":0,"gold_gain":0,"player_choice":"Upgrade","damage_taken":0,"relics_obtained":["Mark of the Bloom"],"max_hp_gain":0,"max_hp_loss":0,"event_name":"MindBloom","floor":48,"gold_loss":0,"cards_upgraded":["Strike_G","Strike_G","Defend_G","Defend_G","Defend_G","Defend_G","Defend_G","Survivor","Neutralize","Adrenaline","Dodge and Roll","Flying Knee","Backflip","Outmaneuver","A Thousand Cuts","Madness","Madness"]}],"is_beta":false,"boss_relics":[{"not_picked":["Coffee Dripper","Ring of the Serpent"],"picked":"Cursed Key"},{"not_picked":["Astrolabe","WristBlade"],"picked":"Sozu"}],"items_purged_floors":[27,41,46],"is_endless":false,"potions_floor_spawned":[1,2,4,19,24,33,44],"killed_by":"Time Eater","ascension_level":1}}