{"host":"jn2qdns2nxijvlnt","time":1608871623,"event":{"mods":["BaseMod","Minty Spire (QoL Compilation)","Quick Restart"],"gold_per_floor":[114,37,57,57,74,74,100,100,100,128,145,145,50,67,67,67,67],"floor_reached":16,"playtime":884,"items_purged":[],"score":370,"play_id":"c3d3141e-0996-4525-a030-e77c75189abe","local_time":"20201224234703","is_ascension_mode":true,"campfire_choices":[{"floor":6.0,"key":"REST"},{"data":"Heavy Blade","floor":8.0,"key":"SMITH"},{"floor":12.0,"key":"REST"},{"floor":15,"key":"REST"}],"circlet_count":0,"master_deck":["AscendersBane","Strike_R","Strike_R","Strike_R","Strike_R","Strike_R+1","Defend_R","Defend_R+1","Defend_R","Defend_R","Bash","Inflame","Spot Weakness","Perfected Strike","Pommel Strike","Heavy Blade+1","Demon Form","Enlightenment","Armaments"],"relics":["Burning Blood","Darkstone Periapt","Gremlin Horn","Omamori"],"acts_visited":["Exordium"],"potions_floor_usage":[14],"damage_taken":[{"damage":10.0,"enemies":"2 Louse","floor":1.0,"turns":3.0},{"damage":9.0,"enemies":"Jaw Worm","floor":3.0,"turns":4.0},{"damage":1.0,"enemies":"Small Slimes","floor":5.0,"turns":3.0},{"damage":6.0,"enemies":"Gremlin Nob","floor":7.0,"turns":3.0},{"damage":52.0,"enemies":"Lagavulin","floor":10.0,"turns":6.0},{"damage":24.0,"enemies":"Exordium Thugs","floor":11.0,"turns":5.0},{"damage":12,"enemies":"Gremlin Gang","floor":14,"turns":3}],"seed_played":"-8549098160963774732","potions_obtained":[{"floor":3.0,"key":"Weak Potion"},{"floor":11.0,"key":"ColorlessPotion"}],"is_trial":false,"path_per_floor":["M","$","M","?","M","R","E","R","T","E","M","R","$","M","R","B"],"character_chosen":"IRONCLAD","items_purchased":["Spot Weakness","Enlightenment"],"campfire_rested":3,"item_purchase_floors":[2,13],"current_hp_per_floor":[71,71,68,43,48,72,72,72,72,26,8,32,32,26,50,0,0],"gold":67,"neow_bonus":"TEN_PERCENT_HP_BONUS","is_daily":false,"chose_seed":false,"campfire_upgraded":1,"win_rate":0.0,"timestamp":1608871623,"path_taken":["M","$","M","?","M","R","E","R","T","E","M","R","$","M","R","BOSS"],"items_purchased_type":["Card","Card"],"build_version":"2020-12-22","purchased_purges":0,"victory":false,"max_hp_per_floor":[82,82,82,82,82,82,82,82,82,82,82,82,82,82,82,82,82],"card_choices":[{"not_picked":["Heavy Blade","Second Wind"],"picked":"Inflame","floor":1.0},{"not_picked":["Wild Strike","Havoc"],"picked":"Perfected Strike","floor":3.0},{"not_picked":["Sword Boomerang","Cleave"],"picked":"Pommel Strike","floor":5.0},{"not_picked":["Sentinel","Cleave"],"picked":"Heavy Blade","floor":7.0},{"not_picked":["Heavy Blade","Feel No Pain"],"picked":"Demon Form","floor":10.0},{"not_picked":["Blood for Blood","True Grit","Clothesline"],"picked":"SKIP","floor":11.0},{"not_picked":["Heavy Blade","Cleave"],"picked":"Armaments","floor":14}],"player_experience":435489,"relics_obtained":[{"floor":7.0,"key":"Darkstone Periapt"},{"floor":9.0,"key":"Gremlin Horn"},{"floor":10.0,"key":"Omamori"}],"event_choices":[{"damage_healed":0.0,"max_hp_gain":0.0,"max_hp_loss":0.0,"gold_gain":0.0,"event_name":"Shining Light","player_choice":"Entered Light","floor":4.0,"gold_loss":0.0,"damage_taken":25.0,"cards_upgraded":["Defend_R","Strike_R"]}],"is_beta":false,"boss_relics":[],"items_purged_floors":[],"is_endless":false,"potions_floor_spawned":[3,11],"killed_by":"The Guardian","ascension_level":20}}