{"host":"qxeepl7ydvsgmfdb","time":1608887804,"event":{"mods":["AchievementEnabler","BaseMod","Colored Powertips","Minty Spire (QoL Compilation)","Quick Restart","slay the spire mod where everything is the same but ironclad has a cowboy hat"],"gold_per_floor":[118,118,118,133,308,308,308,351,351,392,416,436,452,475,475,596,596,621,536,536,561,29,63,86,86,86,102,102,102,137,158,158,158,158],"floor_reached":33,"playtime":921,"items_purged":["Regret"],"score":434,"play_id":"f0d2f5bc-811b-431c-be1c-877ce8c1ac01","local_time":"20201225041644","is_ascension_mode":true,"campfire_choices":[{"floor":6.0,"key":"REST"},{"floor":15.0,"key":"REST"},{"floor":29,"key":"REST"},{"data":"Dramatic Entrance","floor":32,"key":"SMITH"}],"circlet_count":0,"master_deck":["Strike_G","Strike_G","Strike_G","Strike_G","Strike_G","Defend_G","Defend_G","Defend_G","Defend_G","Defend_G","Survivor","Neutralize","Poisoned Stab","Noxious Fumes","Doubt","Dagger Throw","Poisoned Stab","PiercingWail","Cloak And Dagger","Blade Dance","Dagger Spray+1","Accuracy","Dramatic Entrance+1","Blade Dance"],"relics":["Ring of the Snake","NeowsBlessing","Matryoshka","Golden Idol","Boot","Happy Flower","Meat on the Bone","Gremlin Horn","Bronze Scales","WristBlade","Juzu Bracelet","MutagenicStrength","Pen Nib","Lantern","Tiny Chest","Toy Ornithopter","The Courier","Bottled Flame","Centennial Puzzle"],"acts_visited":["Exordium","TheCity"],"potions_floor_usage":[23,30,33,33],"damage_taken":[{"damage":0.0,"enemies":"Jaw Worm","floor":1.0,"turns":1.0},{"damage":0.0,"enemies":"2 Louse","floor":4.0,"turns":1.0},{"damage":0.0,"enemies":"Gremlin Nob","floor":8.0,"turns":1.0},{"damage":20.0,"enemies":"Lagavulin","floor":10.0,"turns":6.0},{"damage":2.0,"enemies":"Small Slimes","floor":11.0,"turns":3.0},{"damage":6.0,"enemies":"Exordium Thugs","floor":12.0,"turns":4.0},{"damage":1.0,"enemies":"Exordium Wildlife","floor":13.0,"turns":3.0},{"damage":0.0,"enemies":"3 Louse","floor":14.0,"turns":1.0},{"damage":53.0,"enemies":"Hexaghost","floor":16.0,"turns":9.0},{"damage":26.0,"enemies":"2 Thieves","floor":18.0,"turns":4.0},{"damage":0.0,"enemies":"Chosen","floor":21.0,"turns":4.0},{"damage":8,"enemies":"Gremlin Leader","floor":23,"turns":3},{"damage":14,"enemies":"Shelled Parasite and Fungi","floor":24,"turns":4},{"damage":0,"enemies":"Centurion and Healer","floor":27,"turns":3},{"damage":0,"enemies":"Slavers","floor":30,"turns":1},{"damage":7,"enemies":"Chosen and Byrds","floor":31,"turns":2},{"damage":75,"enemies":"Automaton","floor":33,"turns":6}],"seed_played":"-1039694939999885686","potions_obtained":[{"floor":4.0,"key":"Explosive Potion"},{"floor":8.0,"key":"Strength Potion"},{"floor":10.0,"key":"CunningPotion"},{"floor":16.0,"key":"Poison Potion"},{"floor":18.0,"key":"Swift Potion"},{"floor":21.0,"key":"AttackPotion"},{"floor":27,"key":"BlessingOfTheForge"}],"is_trial":false,"path_per_floor":["M","?","?","M","?","R","?","E","T","E","M","M","M","M","R","B",null,"M","?","?","M","$","E","M","$","T","M","T","R","E","M","R","B"],"character_chosen":"THE_SILENT","items_purchased":["Pen Nib","Lantern","Accuracy","Dramatic Entrance"],"campfire_rested":3,"item_purchase_floors":[22,22,22,22],"current_hp_per_floor":[70,37,20,20,20,41,41,41,41,33,43,37,36,36,57,16,57,43,43,43,43,43,47,45,45,45,45,45,66,70,63,63,0,0],"gold":158,"neow_bonus":"THREE_ENEMY_KILL","is_daily":false,"chose_seed":false,"campfire_upgraded":1,"win_rate":0.0,"timestamp":1608887804,"path_taken":["M","?","?","M","?","R","?","E","T","E","M","?","M","M","R","BOSS","M","?","?","M","$","E","M","$","T","M","?","R","E","M","R","BOSS"],"items_purchased_type":["Relic","Relic","Card","Card"],"build_version":"2020-12-22","purchased_purges":1,"victory":false,"max_hp_per_floor":[70,70,70,70,70,70,70,70,70,70,70,70,70,70,70,70,70,70,70,70,70,70,70,70,70,70,70,70,70,70,70,70,70,70],"card_choices":[{"not_picked":["Predator","Flying Knee"],"picked":"Poisoned Stab","floor":1.0},{"not_picked":["Eviscerate","Catalyst"],"picked":"Noxious Fumes","floor":4.0},{"not_picked":["Flying Knee","Underhanded Strike"],"picked":"Dagger Throw","floor":8.0},{"not_picked":["Crippling Poison","Blur","Flechettes"],"picked":"SKIP","floor":10.0},{"not_picked":["Cloak And Dagger","Dagger Throw"],"picked":"Poisoned Stab","floor":11.0},{"not_picked":["Flying Knee","Flechettes"],"picked":"PiercingWail","floor":12.0},{"not_picked":["Flying Knee","Infinite Blades","Finisher"],"picked":"SKIP","floor":13.0},{"not_picked":["Sucker Punch","All Out Attack"],"picked":"Cloak And Dagger","floor":14.0},{"not_picked":["Slice","Setup"],"picked":"Blade Dance","floor":18.0},{"not_picked":["Flechettes","Terror"],"picked":"Dagger Spray+1","floor":21.0},{"not_picked":["Bouncing Flask","Bane","Bullet Time"],"picked":"SKIP","floor":23},{"not_picked":["Dagger Throw","Prepared"],"picked":"Blade Dance","floor":24},{"not_picked":["Prepared+1","Dash","Underhanded Strike"],"picked":"SKIP","floor":27},{"not_picked":["Acrobatics","Poisoned Stab","Unload"],"picked":"SKIP","floor":30},{"not_picked":["Crippling Poison","Poisoned Stab","Quick Slash"],"picked":"SKIP","floor":31}],"player_experience":373473,"relics_obtained":[{"floor":8.0,"key":"Happy Flower"},{"floor":9.0,"key":"Meat on the Bone"},{"floor":9.0,"key":"Gremlin Horn"},{"floor":10.0,"key":"Bronze Scales"},{"floor":23,"key":"Tiny Chest"},{"floor":26,"key":"Toy Ornithopter"},{"floor":26,"key":"The Courier"},{"floor":28,"key":"Bottled Flame"},{"floor":30,"key":"Centennial Puzzle"}],"event_choices":[{"damage_healed":0.0,"max_hp_gain":0.0,"max_hp_loss":0.0,"gold_gain":0.0,"event_name":"Scrap Ooze","player_choice":"Success","floor":2.0,"gold_loss":0.0,"damage_taken":33.0,"relics_obtained":["Matryoshka"]},{"damage_healed":0.0,"max_hp_gain":0.0,"max_hp_loss":0.0,"gold_gain":0.0,"event_name":"Golden Idol","player_choice":"Take Damage","floor":3.0,"gold_loss":0.0,"damage_taken":17.0,"relics_obtained":["Golden Idol"]},{"damage_healed":0.0,"max_hp_gain":0.0,"max_hp_loss":0.0,"gold_gain":175.0,"event_name":"Liars Game","player_choice":"AGREE","floor":5.0,"gold_loss":0.0,"damage_taken":0.0,"cards_obtained":["Doubt"]},{"damage_healed":0.0,"max_hp_gain":0.0,"max_hp_loss":0.0,"gold_gain":0.0,"event_name":"Big Fish","player_choice":"Box","floor":7.0,"gold_loss":0.0,"damage_taken":0.0,"relics_obtained":["Boot"],"cards_obtained":["Regret"]},{"damage_healed":0.0,"max_hp_gain":0.0,"max_hp_loss":0.0,"gold_gain":0.0,"event_name":"Addict","player_choice":"Obtained Relic","floor":19.0,"gold_loss":85.0,"damage_taken":0.0,"relics_obtained":["Juzu Bracelet"]},{"damage_healed":0.0,"max_hp_gain":0.0,"max_hp_loss":0.0,"gold_gain":0.0,"event_name":"Drug Dealer","player_choice":"Inject Mutagens","floor":20.0,"gold_loss":0.0,"damage_taken":0.0,"relics_obtained":["MutagenicStrength"]}],"is_beta":false,"boss_relics":[{"not_picked":["Philosopher\u0027s Stone","Astrolabe"],"picked":"WristBlade"}],"items_purged_floors":[22],"is_endless":false,"potions_floor_spawned":[4,8,10,16,18,21,27],"killed_by":"Automaton","ascension_level":5}}