{"host":"o47f52ks9l6zljgg","time":1608918446,"event":{"mods":["Abigail Mod","BaseMod","Colored Map","Dota2Spire","Friendly Minions","Grow up Mod","Kiyohime£®«Âºß£©","Marisa£®ÏF”Í°°ƒß¿Ì…≥£©","Minty Spire (QoL Compilation)","Relic Stats","StSLib","SuperFastMode","Yakumo Yukari mod","Youmu£®ªÍ∆«—˝√Œ£©","Yuyuko"],"gold_per_floor":[116,391,405,23,38,73,148,148,148,179,191,208,235,249,249,351,351,367,16,30,30,46,46,57,57,84,84,109,119,119,154,154,259,259,270,285,285,285,299,329,343,357,357,357,407,407,407,435,435,435],"floor_reached":51,"playtime":2040,"items_purged":["Regret","KiyohimeMod:Shapeshift"],"score":1214,"play_id":"7a94bb53-bd27-4526-b7e4-211fc6992baf","local_time":"20201226024726","is_ascension_mode":true,"campfire_choices":[{"data":"KiyohimeMod:DragonVein","floor":15,"key":"SMITH"},{"data":"KiyohimeMod:Servant_TamamoNoMae","floor":23,"key":"SMITH"},{"data":"KiyohimeMod:DragonVein","floor":25,"key":"SMITH"},{"data":"KiyohimeMod:RedBlackKey","floor":32,"key":"SMITH"},{"data":"KiyohimeMod:DragonVein","floor":44,"key":"SMITH"},{"data":"KiyohimeMod:Track","floor":49,"key":"SMITH"}],"circlet_count":0,"master_deck":["KiyohimeMod:Strike","KiyohimeMod:Strike","KiyohimeMod:Strike","KiyohimeMod:Strike","KiyohimeMod:Track+1","KiyohimeMod:FlameKiss","KiyohimeMod:Fragarach","KiyohimeMod:DragonVein+1","KiyohimeMod:GreenBlackKey","KiyohimeMod:DragonVein+1","KiyohimeMod:AVerseOfBurningLoveStory+1","KiyohimeMod:Berserker+1","KiyohimeMod:RedBlackKey+1","KiyohimeMod:RedBlackKey","KiyohimeMod:Servant_TamamoNoMae+1","KiyohimeMod:GoldenCarpFigure+1","KiyohimeMod:FragmentsOf2030+1","KiyohimeMod:MagicCrystal+1","KiyohimeMod:Berserker+1","KiyohimeMod:EatSoul+1","KiyohimeMod:Berserker+1","KiyohimeMod:BlueBlackKey","KiyohimeMod:Berserker+1","KiyohimeMod:RedBlackKey","KiyohimeMod:DragonVein+1","KiyohimeMod:CastleOfTheSun+1","KiyohimeMod:Berserker+1","KiyohimeMod:DragonVein+1","Impatience","Madness","Panache+1","KiyohimeMod:BlueBlackKey+1","KiyohimeMod:GreenBlackKey+1"],"relics":["KiyohimeMod:FireDragon","NeowsBlessing","Strange Spoon","Dota2Spire:LotusOrb","Frozen Egg 2","Dota2Spire:LinkenSphere","Du-Vu Doll","Blood Vial","Astrolabe","ClockworkSouvenir","Bag of Marbles","Nilry\u0027s Codex","Dota2Spire:UrnOfShadows","Bronze Scales","Dota2Spire:Bloodstone","Anchor","Unceasing Top","Dota2Spire:EyeOfSkadi","KiyohimeMod:TerritoryCreation","Lantern"],"acts_visited":["Exordium","TheCity","TheBeyond"],"potions_floor_usage":[50,50],"damage_taken":[{"damage":0.0,"enemies":"Jaw Worm","floor":1.0,"turns":1.0},{"damage":0.0,"enemies":"Cultist","floor":3.0,"turns":1.0},{"damage":0,"enemies":"2 Louse","floor":5,"turns":2},{"damage":59,"enemies":"Lagavulin","floor":6,"turns":8},{"damage":20,"enemies":"3 Sentries","floor":10,"turns":3},{"damage":16,"enemies":"Lots of Slimes","floor":11,"turns":2},{"damage":7,"enemies":"Large Slime","floor":12,"turns":2},{"damage":27,"enemies":"Gremlin Nob","floor":13,"turns":4},{"damage":17,"enemies":"3 Louse","floor":14,"turns":4},{"damage":8,"enemies":"Slime Boss","floor":16,"turns":5},{"damage":21,"enemies":"3 Byrds","floor":18,"turns":3},{"damage":44,"enemies":"2 Thieves","floor":20,"turns":3},{"damage":0,"enemies":"Centurion and Healer","floor":22,"turns":3},{"damage":33,"enemies":"Shelled Parasite and Fungi","floor":24,"turns":3},{"damage":52,"enemies":"Gremlin Leader","floor":28,"turns":3},{"damage":0,"enemies":"3 Cultists","floor":29,"turns":3},{"damage":44,"enemies":"Slavers","floor":31,"turns":3},{"damage":32,"enemies":"Automaton","floor":33,"turns":6},{"damage":0,"enemies":"3 Darklings","floor":35,"turns":2},{"damage":20,"enemies":"3 Shapes","floor":36,"turns":2},{"damage":30,"enemies":"Writhing Mass","floor":39,"turns":3},{"damage":40,"enemies":"Reptomancer","floor":40,"turns":4},{"damage":29,"enemies":"Sphere and 2 Shapes","floor":41,"turns":3},{"damage":50,"enemies":"4 Shapes","floor":42,"turns":3},{"damage":128,"enemies":"Mind Bloom Boss Battle","floor":45,"turns":3},{"damage":5,"enemies":"Nemesis","floor":48,"turns":3},{"damage":38,"enemies":"Time Eater","floor":50,"turns":3}],"seed_played":"-7801299049921805811","potions_obtained":[{"floor":1.0,"key":"DuplicationPotion"},{"floor":3,"key":"SmokeBomb"},{"floor":6,"key":"FearPotion"},{"floor":18,"key":"LiquidMemories"},{"floor":31,"key":"PowerPotion"},{"floor":42,"key":"SkillPotion"}],"is_trial":false,"path_per_floor":["M","?","M","$","M","E","?","?","T","E","M","M","E","M","R","B",null,"M","$","M","$","M","R","M","R","T","?","E","M","?","E","R","B",null,"M","M","?","?","M","E","M","M","T","R","?","?","T","E","R","B",null],"character_chosen":"Kiyohime","items_purchased":["Strange Spoon","Dota2Spire:LotusOrb","FairyPotion","ClockworkSouvenir"],"campfire_rested":0,"item_purchase_floors":[4,4,19,19],"current_hp_per_floor":[74,84,94,104,114,65,64,74,84,74,68,71,54,49,59,63,198,189,199,167,177,189,199,178,188,198,192,152,170,180,148,158,138,345,357,349,349,359,341,313,296,258,268,278,173,183,193,200,210,184],"gold":435,"neow_bonus":"THREE_ENEMY_KILL","is_daily":false,"chose_seed":false,"campfire_upgraded":6,"win_rate":0.0,"timestamp":1608918446,"path_taken":["M","?","M","$","?","E","?","?","T","E","?","M","E","M","R","BOSS","M","$","M","?","M","R","M","R","T","?","E","M","?","E","R","BOSS","M","M","?","?","M","E","?","M","T","R","?","?","?","E","R","BOSS"],"items_purchased_type":["Relic","Relic","Potion","Relic"],"build_version":"2020-12-22","purchased_purges":2,"victory":true,"max_hp_per_floor":[80,90,100,110,120,130,140,150,160,170,180,190,200,210,220,230,240,250,260,270,280,290,300,310,320,330,340,350,360,370,380,390,400,410,420,430,440,450,460,470,480,490,500,510,525,535,545,555,565,575],"relic_stats":{"Blood Vial":38,"Strange Spoon":[41],"counters":[27,85],"Astrolabe":["KiyohimeMod:GoldenCarpFigure","KiyohimeMod:FragmentsOf2030","KiyohimeMod:MagicCrystal"],"Bronze Scales":[96],"obtain_stats":[{"Lantern":48,"Dota2Spire:UrnOfShadows":28,"NeowsBlessing":0,"Nilry\u0027s Codex":27,"Astrolabe":17,"Dota2Spire:Bloodstone":34,"Frozen Egg 2":6,"Dota2Spire:LotusOrb":4,"ClockworkSouvenir":19,"Du-Vu Doll":10,"Blood Vial":13,"KiyohimeMod:FireDragon":0,"Strange Spoon":4,"Anchor":40,"Dota2Spire:EyeOfSkadi":45,"Bronze Scales":31,"Dota2Spire:LinkenSphere":9,"Bag of Marbles":26,"KiyohimeMod:TerritoryCreation":47,"Unceasing Top":43},{"Lantern":26,"Dota2Spire:UrnOfShadows":15,"NeowsBlessing":0,"Nilry\u0027s Codex":14,"Astrolabe":10,"Dota2Spire:Bloodstone":18,"Frozen Egg 2":4,"Dota2Spire:LotusOrb":2,"ClockworkSouvenir":11,"Du-Vu Doll":5,"Blood Vial":8,"KiyohimeMod:FireDragon":0,"Strange Spoon":2,"Anchor":22,"Dota2Spire:EyeOfSkadi":25,"Bronze Scales":17,"Dota2Spire:LinkenSphere":4,"Bag of Marbles":14,"KiyohimeMod:TerritoryCreation":25,"Unceasing Top":24},{"Lantern":82,"Dota2Spire:UrnOfShadows":47,"NeowsBlessing":0,"Nilry\u0027s Codex":44,"Astrolabe":32,"Dota2Spire:Bloodstone":59,"Frozen Egg 2":12,"Dota2Spire:LotusOrb":2,"ClockworkSouvenir":35,"Du-Vu Doll":15,"Blood Vial":23,"KiyohimeMod:FireDragon":0,"Strange Spoon":2,"Anchor":70,"Dota2Spire:EyeOfSkadi":79,"Bronze Scales":53,"Dota2Spire:LinkenSphere":12,"Bag of Marbles":44,"KiyohimeMod:TerritoryCreation":79,"Unceasing Top":76}],"Unceasing Top":[5]},"card_choices":[{"not_picked":["KiyohimeMod:WaterTurn","KiyohimeMod:Preemptive"],"picked":"KiyohimeMod:Fragarach","floor":1.0},{"not_picked":["KiyohimeMod:BeastOfBillows","KiyohimeMod:SteelTraining"],"picked":"KiyohimeMod:DragonVein","floor":3},{"not_picked":["KiyohimeMod:Preemptive","KiyohimeMod:LimitedZeroOver"],"picked":"KiyohimeMod:GreenBlackKey","floor":5},{"not_picked":["KiyohimeMod:Grimoire","KiyohimeMod:FormalCraft+1"],"picked":"KiyohimeMod:DragonVein","floor":6},{"not_picked":["KiyohimeMod:EatSoul","KiyohimeMod:HeroCreation"],"picked":"KiyohimeMod:AVerseOfBurningLoveStory+1","floor":10},{"not_picked":["KiyohimeMod:FormalCraft+1","KiyohimeMod:SteelTraining"],"picked":"KiyohimeMod:Berserker+1","floor":11},{"not_picked":["KiyohimeMod:Preemptive","KiyohimeMod:SteelTraining"],"picked":"KiyohimeMod:RedBlackKey","floor":12},{"not_picked":["KiyohimeMod:SteelTraining","KiyohimeMod:Grimoire","KiyohimeMod:EatSoul"],"picked":"SKIP","floor":13},{"not_picked":["KiyohimeMod:WaterTurn","KiyohimeMod:AndSoTheShipConquers"],"picked":"KiyohimeMod:RedBlackKey","floor":14},{"not_picked":["KiyohimeMod:Barrier","KiyohimeMod:GoldenCarpFigure"],"picked":"KiyohimeMod:Servant_TamamoNoMae","floor":16},{"not_picked":["KiyohimeMod:WaterTurn","KiyohimeMod:Preemptive"],"picked":"KiyohimeMod:Berserker+1","floor":18},{"not_picked":["KiyohimeMod:AndSoTheShipConquers","KiyohimeMod:Projection"],"picked":"KiyohimeMod:EatSoul+1","floor":20},{"not_picked":["KiyohimeMod:AndSoTheShipConquers","KiyohimeMod:Preemptive"],"picked":"KiyohimeMod:Berserker+1","floor":22},{"not_picked":["KiyohimeMod:GreenBlackKey","KiyohimeMod:EatSoul"],"picked":"KiyohimeMod:BlueBlackKey","floor":24},{"not_picked":["KiyohimeMod:FormalCraft+1","KiyohimeMod:EatSoul"],"picked":"KiyohimeMod:Berserker+1","floor":28},{"not_picked":["KiyohimeMod:AndSoTheShipConquers","KiyohimeMod:CelestialInvertedMoon"],"picked":"KiyohimeMod:RedBlackKey","floor":29},{"not_picked":["KiyohimeMod:HeroCreation","KiyohimeMod:CommandCard_Quick"],"picked":"KiyohimeMod:DragonVein+1","floor":31},{"not_picked":["KiyohimeMod:FacelessMoon","KiyohimeMod:MagicCrystal"],"picked":"KiyohimeMod:CastleOfTheSun+1","floor":33},{"not_picked":["KiyohimeMod:AndSoTheShipConquers+1","KiyohimeMod:Tenacious+1"],"picked":"KiyohimeMod:Berserker+1","floor":35},{"not_picked":["KiyohimeMod:EatSoul","KiyohimeMod:Berserker+1"],"picked":"KiyohimeMod:DragonVein","floor":36},{"not_picked":["Blind","Secret Technique"],"picked":"Impatience","floor":37},{"not_picked":["Flash of Steel","Sadistic Nature+1"],"picked":"Madness","floor":37},{"not_picked":["Jack Of All Trades","Deep Breath"],"picked":"Panache+1","floor":37},{"not_picked":["KiyohimeMod:ExSpicyMapoTofu","KiyohimeMod:WaterTurn+1","KiyohimeMod:SteelTraining+1"],"picked":"SKIP","floor":39},{"not_picked":["KiyohimeMod:SteelTraining+1","KiyohimeMod:Fragarach"],"picked":"KiyohimeMod:BlueBlackKey+1","floor":40},{"not_picked":["KiyohimeMod:Projection+1","KiyohimeMod:CommandCard_Quick+1","KiyohimeMod:EatSoul"],"picked":"SKIP","floor":41},{"not_picked":["KiyohimeMod:SteelTraining","KiyohimeMod:AndSoTheShipConquers+1","KiyohimeMod:Fragarach"],"picked":"SKIP","floor":42},{"not_picked":["KiyohimeMod:Projection+1","KiyohimeMod:EatSoul+1"],"picked":"KiyohimeMod:GreenBlackKey+1","floor":45},{"not_picked":["KiyohimeMod:Preemptive+1","KiyohimeMod:SteelTraining+1","KiyohimeMod:EatSoul+1"],"picked":"SKIP","floor":48}],"player_experience":509818,"relics_obtained":[{"floor":6,"key":"Frozen Egg 2"},{"floor":9,"key":"Dota2Spire:LinkenSphere"},{"floor":10,"key":"Du-Vu Doll"},{"floor":13,"key":"Blood Vial"},{"floor":26,"key":"Bag of Marbles"},{"floor":27,"key":"Nilry\u0027s Codex"},{"floor":28,"key":"Dota2Spire:UrnOfShadows"},{"floor":31,"key":"Bronze Scales"},{"floor":40,"key":"Anchor"},{"floor":43,"key":"Unceasing Top"},{"floor":45,"key":"Dota2Spire:EyeOfSkadi"},{"floor":47,"key":"KiyohimeMod:TerritoryCreation"},{"floor":48,"key":"Lantern"}],"event_choices":[{"damage_healed":0.0,"max_hp_gain":0.0,"max_hp_loss":0.0,"gold_gain":275.0,"event_name":"Golden Shrine","player_choice":"Desecrate","floor":2.0,"gold_loss":0.0,"damage_taken":0.0,"cards_obtained":["Regret"]},{"damage_healed":0,"gold_gain":75,"player_choice":"Gather Gold","damage_taken":11,"max_hp_gain":0,"max_hp_loss":0,"event_name":"World of Goop","floor":7,"gold_loss":0},{"cards_removed":["KiyohimeMod:Defend"],"damage_healed":0,"gold_gain":0,"player_choice":"Offered Basic","damage_taken":0,"max_hp_gain":0,"max_hp_loss":0,"event_name":"Bonfire Elementals","floor":8,"gold_loss":0},{"damage_healed":0,"gold_gain":0,"player_choice":"Obtained Book","damage_taken":16,"max_hp_gain":0,"max_hp_loss":0,"event_name":"Cursed Tome","floor":27,"gold_loss":0},{"damage_healed":0,"gold_gain":0,"player_choice":"Ignored","damage_taken":0,"max_hp_gain":0,"max_hp_loss":0,"event_name":"Ghosts","floor":30,"gold_loss":0},{"damage_healed":0,"gold_gain":0,"player_choice":"Memory 3","damage_taken":10,"max_hp_gain":0,"max_hp_loss":0,"event_name":"SensoryStone","floor":37,"gold_loss":0},{"damage_healed":0,"gold_gain":0,"player_choice":"Bought 0 Potions","damage_taken":0,"max_hp_gain":0,"max_hp_loss":0,"event_name":"The Woman in Blue","floor":38,"gold_loss":0},{"damage_healed":0,"gold_gain":0,"player_choice":"Fight","damage_taken":0,"max_hp_gain":0,"max_hp_loss":0,"event_name":"MindBloom","floor":45,"gold_loss":0},{"damage_healed":0,"gold_gain":0,"player_choice":"Ignored","damage_taken":0,"max_hp_gain":0,"max_hp_loss":0,"event_name":"Tomb of Lord Red Mask","floor":46,"gold_loss":0}],"is_beta":false,"boss_relics":[{"not_picked":["Cursed Key","Runic Pyramid"],"picked":"Astrolabe"},{"not_picked":["Calling Bell","Tiny House"],"picked":"Dota2Spire:Bloodstone"}],"items_purged_floors":[4,19],"is_endless":false,"potions_floor_spawned":[1,3,6,18,22,31,35,39,42,48],"ascension_level":8}}