{"host":"jn2qdns2nxijvlnt","time":1608884295,"event":{"mods":["BaseMod","Minty Spire (QoL Compilation)","Quick Restart"],"gold_per_floor":[110,123,136,154,47,75,75,107,130,140,156,108,108,128,128,128,128],"floor_reached":16,"playtime":1675,"items_purged":[],"score":236,"play_id":"3348fced-a6c9-4db6-b5dd-c40c85902e45","local_time":"20201225031815","is_ascension_mode":true,"campfire_choices":[{"floor":7.0,"key":"REST"},{"floor":15.0,"key":"REST"}],"circlet_count":0,"master_deck":["AscendersBane","Strike_R","Strike_R","Strike_R","Strike_R","Strike_R","Defend_R","Defend_R","Defend_R","Defend_R","Bash","Flex","Warcry","Armaments","Jack Of All Trades","Inflame","Juggernaut","Shrug It Off","Impervious","Heavy Blade"],"relics":["Burning Blood","NeowsBlessing","Oddly Smooth Stone","Tiny Chest","Smiling Mask"],"acts_visited":["Exordium"],"potions_floor_usage":[16],"damage_taken":[{"damage":0.0,"enemies":"Cultist","floor":1.0,"turns":1.0},{"damage":0.0,"enemies":"Small Slimes","floor":2.0,"turns":1.0},{"damage":0.0,"enemies":"Jaw Worm","floor":3.0,"turns":1.0},{"damage":14.0,"enemies":"Red Slaver","floor":4.0,"turns":2.0},{"damage":29.0,"enemies":"Lagavulin","floor":6.0,"turns":6.0},{"damage":40.0,"enemies":"3 Sentries","floor":8.0,"turns":10.0},{"damage":4.0,"enemies":"2 Fungi Beasts","floor":10.0,"turns":4.0},{"damage":12.0,"enemies":"Exordium Wildlife","floor":11.0,"turns":5.0},{"damage":22.0,"enemies":"Exordium Thugs","floor":12.0,"turns":5.0},{"damage":0.0,"enemies":"Gremlin Gang","floor":13.0,"turns":1.0},{"damage":12.0,"enemies":"Exordium Wildlife","floor":14.0,"turns":7.0},{"damage":25,"enemies":"Hexaghost","floor":16,"turns":11}],"seed_played":"-2623906959213188653","potions_obtained":[{"floor":2.0,"key":"PowerPotion"},{"floor":4.0,"key":"FearPotion"},{"floor":10.0,"key":"Ancient Potion"},{"floor":11.0,"key":"ElixirPotion"},{"floor":12.0,"key":"SmokeBomb"},{"floor":14.0,"key":"Fire Potion"}],"is_trial":false,"path_per_floor":["M","M","M","M","$","E","R","E","T","M","M","M","M","M","R","B"],"character_chosen":"IRONCLAD","items_purchased":["Jack Of All Trades"],"campfire_rested":2,"item_purchase_floors":[5],"current_hp_per_floor":[74,75,75,67,67,44,66,32,32,34,28,12,18,12,34,9,9],"gold":128,"neow_bonus":"THREE_ENEMY_KILL","is_daily":false,"chose_seed":false,"campfire_upgraded":0,"win_rate":0.0,"timestamp":1608884295,"path_taken":["M","?","?","M","?","E","R","E","T","M","M","M","M","M","R","BOSS"],"items_purchased_type":["Card"],"build_version":"2020-12-22","purchased_purges":0,"victory":false,"max_hp_per_floor":[75,75,75,75,75,75,75,75,75,75,75,75,75,75,75,75,75],"card_choices":[{"not_picked":["Second Wind","Power Through"],"picked":"Flex","floor":1.0},{"not_picked":["True Grit","Clash","Disarm"],"picked":"SKIP","floor":2.0},{"not_picked":["True Grit","Iron Wave"],"picked":"Warcry","floor":3.0},{"not_picked":["Shrug It Off","Twin Strike"],"picked":"Armaments","floor":4.0},{"not_picked":["Spot Weakness","True Grit"],"picked":"Inflame","floor":6.0},{"not_picked":["Clothesline","Entrench"],"picked":"Juggernaut","floor":8.0},{"not_picked":["Intimidate","Armaments"],"picked":"Shrug It Off","floor":10.0},{"not_picked":["Headbutt","Battle Trance"],"picked":"Impervious","floor":11.0},{"not_picked":["Wild Strike","Sword Boomerang"],"picked":"Heavy Blade","floor":12.0},{"not_picked":["Flex","Battle Trance","True Grit"],"picked":"SKIP","floor":14.0}],"player_experience":439679,"relics_obtained":[{"floor":6.0,"key":"Oddly Smooth Stone"},{"floor":8.0,"key":"Tiny Chest"},{"floor":9.0,"key":"Smiling Mask"}],"event_choices":[],"is_beta":false,"boss_relics":[],"items_purged_floors":[],"is_endless":false,"potions_floor_spawned":[2,4,10,11,12,14],"killed_by":"Hexaghost","ascension_level":20}}