{"host":"gttgmv2wah99hzdm","time":1608924109,"event":{"mods":["AchievementEnabler","BaseMod","Bestiary","Block Reminder","Filter the Spire","Highlight Path","Minty Spire (QoL Compilation)","Permanent Neow","Random Character Button","Relic Stats","StSLib"],"gold_per_floor":[117,42,42,59,70,103,103,103,103],"floor_reached":8,"playtime":289,"items_purged":[],"score":109,"play_id":"400b444c-36e7-465b-a8fd-1421c6e8f012","local_time":"20201225132149","is_ascension_mode":true,"campfire_choices":[{"floor":7,"key":"REST"}],"circlet_count":0,"master_deck":["AscendersBane","Strike_R","Strike_R","Strike_R","Strike_R","Defend_R","Defend_R","Defend_R","Defend_R","Bash","Combust","Battle Trance","Armaments","Hemokinesis"],"relics":["SlaversCollar","SsserpentHead","Blue Candle"],"acts_visited":["Exordium"],"potions_floor_usage":[6],"damage_taken":[{"damage":4,"enemies":"2 Louse","floor":1,"turns":4},{"damage":9,"enemies":"Small Slimes","floor":4,"turns":4},{"damage":3,"enemies":"Cultist","floor":5,"turns":3},{"damage":49,"enemies":"Gremlin Nob","floor":6,"turns":4},{"damage":27,"enemies":"3 Sentries","floor":8,"turns":6}],"seed_played":"-4062702039091361110","potions_obtained":[{"floor":4,"key":"Energy Potion"},{"floor":6,"key":"Block Potion"}],"is_trial":false,"path_per_floor":["M","?","?","M","M","E","R","E"],"character_chosen":"IRONCLAD","items_purchased":[],"campfire_rested":1,"item_purchase_floors":[],"current_hp_per_floor":[64,64,64,55,52,3,25,0,0],"gold":103,"neow_bonus":"BOSS_RELIC","is_daily":false,"chose_seed":false,"campfire_upgraded":0,"win_rate":0.0,"timestamp":1608924109,"path_taken":["M","?","?","M","M","E","R","E"],"items_purchased_type":[],"build_version":"2020-12-22","purchased_purges":0,"victory":false,"max_hp_per_floor":[75,75,75,75,75,75,75,75,75],"relic_stats":{"SsserpentHead":0,"counters":[5,21],"Blue Candle":[0],"obtain_stats":[{"SlaversCollar":0,"SsserpentHead":3,"Blue Candle":6,"Burning Blood":0},{"SlaversCollar":0,"SsserpentHead":1,"Blue Candle":4,"Burning Blood":0},{"SlaversCollar":0,"SsserpentHead":4,"Blue Candle":15,"Burning Blood":0}]},"card_choices":[{"not_picked":["Clothesline","Sword Boomerang"],"picked":"Combust","floor":1},{"not_picked":["Dropkick","Shrug It Off"],"picked":"Battle Trance","floor":4},{"not_picked":["Clash","Body Slam"],"picked":"Armaments","floor":5},{"not_picked":["Armaments","Body Slam"],"picked":"Hemokinesis","floor":6}],"player_experience":868427,"relics_obtained":[{"floor":6,"key":"Blue Candle"}],"event_choices":[{"cards_removed":["Strike_R"],"damage_healed":0,"gold_gain":0,"player_choice":"Card Removal","damage_taken":0,"max_hp_gain":0,"max_hp_loss":0,"event_name":"The Cleric","floor":2,"gold_loss":75},{"damage_healed":0,"gold_gain":0,"player_choice":"Trade","damage_taken":0,"relics_obtained":["SsserpentHead"],"max_hp_gain":0,"max_hp_loss":0,"event_name":"FaceTrader","floor":3,"gold_loss":0}],"is_beta":false,"boss_relics":[],"items_purged_floors":[],"is_endless":false,"potions_floor_spawned":[4,6],"killed_by":"3 Sentries","ascension_level":19}}