{"host":"hg77cm6lvslg446i","time":1608923059,"event":{"mods":["BaseMod","BetterRewards","Minty Spire (QoL Compilation)","Say the Spire","StSLib"],"gold_per_floor":[109,109,121,38,113,139,139,139,213,213,223,240,273,273,273,372,372,384,384,384,156,173,203,203,230,230,74,74,109,121,121,121,121,121],"floor_reached":33,"playtime":1139,"items_purged":[],"score":351,"play_id":"b074b170-0b71-41cd-9239-20445598069a","local_time":"20201225200419","is_ascension_mode":true,"campfire_choices":[{"data":"Dramatic Entrance","floor":8,"key":"SMITH"},{"data":"Loop","floor":10,"key":"SMITH"},{"floor":15,"key":"DIG"},{"floor":24,"key":"REST"},{"floor":28,"key":"REST"},{"floor":32,"key":"REST"}],"circlet_count":0,"master_deck":["Strike_B","Strike_B+1","Strike_B","Strike_B","Defend_B","Defend_B","Defend_B","Defend_B+1","Zap","Dualcast","Loop+1","Capacitor","Dramatic Entrance+1","Glacier","All For One+1","Tempest","Ball Lightning","Multi-Cast","Streamline+1","RitualDagger","Bandage Up+1","Melter+1","Redo+1","Compile Driver","Coolheaded","Leap+1","Hello World"],"relics":["Cracked Core","NeowsBlessing","Orichalcum","Pear","Pen Nib","Shovel","Whetstone","Runic Pyramid","MutagenicStrength","Vajra","War Paint","FossilizedHelix","Matryoshka","Boot","Regal Pillow"],"acts_visited":["Exordium","TheCity"],"potions_floor_usage":[16,23,23],"damage_taken":[{"damage":0,"enemies":"2 Louse","floor":1,"turns":2},{"damage":0,"enemies":"Cultist","floor":3,"turns":1},{"damage":0,"enemies":"Lagavulin","floor":6,"turns":1},{"damage":2,"enemies":"Small Slimes","floor":11,"turns":3},{"damage":3,"enemies":"Blue Slaver","floor":12,"turns":4},{"damage":14,"enemies":"Gremlin Nob","floor":13,"turns":4},{"damage":33,"enemies":"Hexaghost","floor":16,"turns":9},{"damage":4,"enemies":"Chosen","floor":18,"turns":4},{"damage":21,"enemies":"3 Byrds","floor":22,"turns":4},{"damage":37,"enemies":"Gremlin Leader","floor":23,"turns":7},{"damage":34,"enemies":"Slavers","floor":25,"turns":4},{"damage":18,"enemies":"Gremlin Leader","floor":29,"turns":5},{"damage":19,"enemies":"Shelled Parasite and Fungi","floor":30,"turns":3},{"damage":84,"enemies":"Champ","floor":33,"turns":10}],"seed_played":"-380916090399263885","potions_obtained":[{"floor":1,"key":"CultistPotion"},{"floor":6,"key":"FearPotion"},{"floor":7,"key":"GamblersBrew"},{"floor":7,"key":"PowerPotion"},{"floor":18,"key":"Explosive Potion"},{"floor":25,"key":"Strength Potion"},{"floor":29,"key":"Ancient Potion"}],"is_trial":false,"path_per_floor":["M","$","M","$","?","E","?","R","T","R","M","M","E","?","R","B",null,"M","?","?","$","M","E","R","E","T","$","R","E","M","?","R","B"],"character_chosen":"DEFECT","items_purchased":["Dramatic Entrance","Vajra","Bandage Up","Boot"],"campfire_rested":3,"item_purchase_floors":[4,21,21,27],"current_hp_per_floor":[75,75,75,75,64,64,64,64,74,74,72,69,55,48,48,15,85,81,81,75,75,58,25,50,22,22,22,47,35,16,16,56,0,0],"gold":121,"neow_bonus":"THREE_ENEMY_KILL","is_daily":false,"chose_seed":false,"campfire_upgraded":2,"win_rate":0.0,"timestamp":1608923059,"path_taken":["M","$","M","$","?","E","?","R","T","R","M","?","E","?","R","BOSS","M","?","?","$","M","E","R","E","T","$","R","E","M","?","R","BOSS"],"items_purchased_type":["Card","Relic","Card","Relic"],"build_version":"2020-12-22","purchased_purges":0,"victory":false,"max_hp_per_floor":[75,75,75,75,75,75,75,75,85,85,85,85,85,85,85,85,85,85,85,85,85,85,85,85,85,85,85,85,85,85,85,85,85,85],"card_choices":[{"not_picked":["Leap","Conserve Battery"],"picked":"Loop","floor":1},{"not_picked":["Gash","Cold Snap"],"picked":"Capacitor","floor":3},{"not_picked":["Hologram","Rebound"],"picked":"Glacier","floor":6},{"not_picked":["Stack","Steam"],"picked":"All For One","floor":11},{"not_picked":["Redo","Steam"],"picked":"Tempest","floor":12},{"not_picked":["Skim","Coolheaded"],"picked":"Ball Lightning","floor":13},{"not_picked":["Machine Learning","Hyperbeam"],"picked":"Multi-Cast","floor":16},{"not_picked":["Steam","Go for the Eyes"],"picked":"Streamline+1","floor":18},{"not_picked":["Compile Driver","Beam Cell"],"picked":"Melter+1","floor":22},{"not_picked":["Auto Shields","All For One"],"picked":"Redo+1","floor":23},{"not_picked":["Sweeping Beam","Stack"],"picked":"Compile Driver","floor":25},{"not_picked":["Redo","Tempest"],"picked":"Coolheaded","floor":29},{"not_picked":["Coolheaded","Rebound"],"picked":"Leap+1","floor":30}],"player_experience":116343,"relics_obtained":[{"floor":6,"key":"Orichalcum"},{"floor":9,"key":"Pear"},{"floor":13,"key":"Pen Nib"},{"floor":15,"key":"Whetstone"},{"floor":23,"key":"War Paint"},{"floor":25,"key":"FossilizedHelix"},{"floor":26,"key":"Matryoshka"},{"floor":29,"key":"Regal Pillow"}],"event_choices":[{"damage_healed":0,"gold_gain":75,"player_choice":"Gather Gold","damage_taken":11,"max_hp_gain":0,"max_hp_loss":0,"event_name":"World of Goop","floor":5,"gold_loss":0},{"damage_healed":0,"gold_gain":0,"player_choice":"Got Potions","damage_taken":0,"max_hp_gain":0,"max_hp_loss":0,"event_name":"Lab","floor":7,"gold_loss":0},{"damage_healed":0,"gold_gain":0,"player_choice":"Success","damage_taken":7,"relics_obtained":["Shovel"],"max_hp_gain":0,"max_hp_loss":0,"event_name":"Scrap Ooze","floor":14,"gold_loss":0},{"damage_healed":0,"gold_gain":0,"player_choice":"Inject Mutagens","damage_taken":0,"relics_obtained":["MutagenicStrength"],"max_hp_gain":0,"max_hp_loss":0,"event_name":"Drug Dealer","floor":19,"gold_loss":0},{"damage_healed":0,"gold_gain":0,"player_choice":"Joined the Cult","damage_taken":6,"max_hp_gain":0,"max_hp_loss":0,"event_name":"Nest","floor":20,"gold_loss":0,"cards_obtained":["RitualDagger"]},{"damage_healed":0,"gold_gain":0,"player_choice":"Read","damage_taken":0,"max_hp_gain":0,"max_hp_loss":0,"event_name":"The Library","floor":31,"gold_loss":0,"cards_obtained":["Hello World"]}],"is_beta":false,"boss_relics":[{"not_picked":["Calling Bell","Snecko Eye"],"picked":"Runic Pyramid"}],"items_purged_floors":[],"is_endless":false,"potions_floor_spawned":[1,6,11,18,25,29],"killed_by":"Champ","ascension_level":1}}