{"host":"337p6miwxbqfki03","time":1608856553,"event":{"mods":["BaseMod","Better Third Choice","Colored Map","Conspire","Downfall","Hermit","Hubris","Minty Spire (QoL Compilation)","Replay The Spire","StSLib","The Cursed","The Hierophant","The Marked","The Necromancer","The Poker Player","The Sage","The Valiant","Unceasing Turn Reminder"],"gold_per_floor":[111,111,111,130,91,92,92,92,142,158,188,188,188,188],"floor_reached":13,"playtime":842,"items_purged":[],"score":91,"play_id":"eabc634c-31ee-4fed-be6f-d1acd20f7cac","local_time":"20201224183553","is_ascension_mode":false,"campfire_choices":[{"floor":7,"key":"REST"}],"circlet_count":0,"master_deck":["hierophant:Strike_Hierophant","hierophant:Strike_Hierophant","hierophant:Strike_Hierophant","hierophant:Strike_Hierophant","hierophant:Punish","hierophant:Defend_Hierophant","hierophant:Defend_Hierophant","hierophant:Defend_Hierophant","hierophant:ChurchCoffers","hierophant:Batter","hierophant:Community+1","hierophant:RepressedViolence","hierophant:MorningPrayer+1","Pot Of Greed","Pot Of Greed","hierophant:FlamingChariot","hierophant:Purify","hierophant:Patience","hierophant:Rebuild+1"],"relics":["hierophant:PropheticMaskRelic","hubris:Towel","Grinning Jar","Replay:Wax Seal","Centennial Puzzle"],"acts_visited":["Exordium"],"potions_floor_usage":[],"damage_taken":[{"damage":6,"enemies":"Jaw Worm","floor":1,"turns":3},{"damage":0,"enemies":"Small Slimes","floor":4,"turns":3},{"damage":41,"enemies":"Lagavulin","floor":6,"turns":11},{"damage":1,"enemies":"Cultist","floor":10,"turns":3},{"damage":41,"enemies":"3 Sentries","floor":11,"turns":10},{"damage":13,"enemies":"Lagavulin","floor":13,"turns":5}],"seed_played":"-2409236286386069635","potions_obtained":[{"floor":4,"key":"SkillPotion"},{"floor":10,"key":"LiquidMemories"}],"is_trial":false,"path_per_floor":["M","?","?","M","$","E","R","?","T","M","E","?","E"],"character_chosen":"HIEROPHANT","items_purchased":["hierophant:MorningPrayer+1"],"campfire_rested":1,"item_purchase_floors":[5],"current_hp_per_floor":[69,69,69,69,69,28,50,50,50,49,8,8,0,0],"gold":188,"neow_bonus":"ONE_RANDOM_RARE_CARD","is_daily":false,"chose_seed":false,"campfire_upgraded":0,"win_rate":0.0,"timestamp":1608856553,"path_taken":["M","?","?","?","$","E","R","?","T","M","E","?","E"],"items_purchased_type":["Card"],"build_version":"2020-12-22","purchased_purges":0,"victory":false,"max_hp_per_floor":[75,75,75,75,75,75,75,75,75,75,75,75,75,75],"card_choices":[{"not_picked":["hierophant:Remorse","hierophant:Endure"],"picked":"hierophant:Community","floor":1},{"not_picked":["hierophant:ThreeLashes","hierophant:HolyVerse"],"picked":"hierophant:RepressedViolence","floor":4},{"not_picked":["hierophant:Bribe","hierophant:AuricBeam"],"picked":"hierophant:FlamingChariot","floor":6},{"not_picked":["hierophant:Remorse","hierophant:RecallFunds"],"picked":"hierophant:Purify","floor":10},{"not_picked":["hierophant:RustyCrate","hierophant:Smite"],"picked":"hierophant:Patience","floor":11}],"player_experience":190354,"relics_obtained":[{"floor":6,"key":"Grinning Jar"},{"floor":9,"key":"Replay:Wax Seal"},{"floor":11,"key":"Centennial Puzzle"}],"event_choices":[{"damage_healed":0,"gold_gain":0,"player_choice":"Upgraded","damage_taken":0,"max_hp_gain":0,"max_hp_loss":0,"event_name":"Upgrade Shrine","floor":3,"gold_loss":0,"cards_upgraded":["hierophant:Community"]},{"damage_healed":0,"gold_gain":0,"player_choice":"Leave","damage_taken":0,"max_hp_gain":0,"max_hp_loss":0,"event_name":"conspire:Investor","floor":8,"gold_loss":0}],"is_beta":false,"boss_relics":[],"items_purged_floors":[],"is_endless":false,"potions_floor_spawned":[4,10],"killed_by":"Lagavulin","ascension_level":0}}