{"host":"wik2u884rt5bbues","time":1608901212,"event":{"mods":["AchievementEnabler","BaseMod","Colored Map","Colored Powertips","DeckTracker","Googly Eyes","Minty Spire (QoL Compilation)","Permanent Neow","Quick Restart","Shop Mod","StSLib","SuperFastMode"],"gold_per_floor":[113,113,113,13,32,32,50,50,50,80,80,98,116,142,142,242,242,259,274,17,17,17,47,47,58,58,68,94,194,207,242,242,337,337,354,367,385,385,54,87,37,64,64,90,102,18,18,33,33,33,33,33,42,75,75],"floor_reached":56,"playtime":4504,"items_purged":["Defend_P","Shame","Strike_P+1","Strike_P+1","Strike_P+1"],"score":1546,"play_id":"6005d163-89f4-444a-accd-823079f53ed0","local_time":"20201225130012","is_ascension_mode":true,"campfire_choices":[{"data":"Wallop","floor":6.0,"key":"SMITH"},{"data":"Fasting2","floor":8.0,"key":"SMITH"},{"data":"Eruption","floor":11.0,"key":"SMITH"},{"data":"Indignation","floor":15.0,"key":"SMITH"},{"floor":24.0,"key":"RECALL"},{"floor":32.0,"key":"REST"},{"data":"MentalFortress","floor":47,"key":"SMITH"},{"data":"Tantrum","floor":49,"key":"SMITH"},{"data":"Crescendo","floor":52,"key":"SMITH"}],"circlet_count":0,"master_deck":["Defend_P+1","Defend_P+1","Eruption+1","Vigilance+1","FearNoEvil+1","Halt+1","Wallop+1","Fasting2+1","Crescendo+1","Indignation+1","Sanctity+1","LessonLearned+1","Crescendo+1","Evaluate+1","FlurryOfBlows+1","ClearTheMind+1","Crescendo+1","FollowUp","ForeignInfluence+1","Tantrum+1","Protect+1","InnerPeace+1","MentalFortress+1","BowlingBash+1","Trip","Adaptation","CutThroughFate"],"relics":["HolyWater","Oddly Smooth Stone","Meat on the Bone","FossilizedHelix","TeardropLocket","HornCleat","Busted Crown","MerchantsRug","Anchor","Akabeko","CloakClasp","Bronze Scales","Vajra"],"acts_visited":["Exordium","TheCity","TheBeyond","TheEnding"],"potions_floor_usage":[42,42,50,50],"damage_taken":[{"damage":0.0,"enemies":"Small Slimes","floor":1.0,"turns":3.0},{"damage":0.0,"enemies":"2 Louse","floor":5.0,"turns":2.0},{"damage":0.0,"enemies":"Jaw Worm","floor":7.0,"turns":2.0},{"damage":0.0,"enemies":"Gremlin Nob","floor":10.0,"turns":4.0},{"damage":0.0,"enemies":"Exordium Thugs","floor":12.0,"turns":3.0},{"damage":5.0,"enemies":"3 Louse","floor":13.0,"turns":2.0},{"damage":0.0,"enemies":"Lagavulin","floor":14.0,"turns":3.0},{"damage":11.0,"enemies":"Hexaghost","floor":16.0,"turns":6.0},{"damage":6.0,"enemies":"Spheric Guardian","floor":18.0,"turns":4.0},{"damage":1.0,"enemies":"Shell Parasite","floor":19.0,"turns":3.0},{"damage":16.0,"enemies":"Gremlin Leader","floor":23.0,"turns":3.0},{"damage":0.0,"enemies":"3 Cultists","floor":25.0,"turns":3.0},{"damage":12.0,"enemies":"Shelled Parasite and Fungi","floor":27.0,"turns":6.0},{"damage":15.0,"enemies":"Slavers","floor":28.0,"turns":6.0},{"damage":2.0,"enemies":"Colosseum Slavers","floor":29.0,"turns":3.0},{"damage":0.0,"enemies":"Colosseum Nobs","floor":29.0,"turns":2.0},{"damage":0.0,"enemies":"Snake Plant","floor":30.0,"turns":3.0},{"damage":0.0,"enemies":"Book of Stabbing","floor":31.0,"turns":4.0},{"damage":27.0,"enemies":"Collector","floor":33.0,"turns":7.0},{"damage":0.0,"enemies":"3 Darklings","floor":35.0,"turns":3.0},{"damage":0.0,"enemies":"3 Shapes","floor":36.0,"turns":3.0},{"damage":19.0,"enemies":"Sphere and 2 Shapes","floor":37.0,"turns":7.0},{"damage":0.0,"enemies":"Reptomancer","floor":40.0,"turns":4.0},{"damage":0,"enemies":"Nemesis","floor":42,"turns":5},{"damage":0,"enemies":"Giant Head","floor":44,"turns":5},{"damage":0,"enemies":"Maw","floor":45,"turns":4},{"damage":0,"enemies":"4 Shapes","floor":48,"turns":3},{"damage":39,"enemies":"Awakened One","floor":50,"turns":7},{"damage":0,"enemies":"Shield and Spear","floor":54,"turns":4},{"damage":36,"enemies":"The Heart","floor":55,"turns":8}],"seed_played":"1467891155776066470","potions_obtained":[{"floor":1.0,"key":"SteroidPotion"},{"floor":10.0,"key":"GamblersBrew"},{"floor":12.0,"key":"Block Potion"},{"floor":13.0,"key":"EssenceOfSteel"},{"floor":19.0,"key":"Regen Potion"},{"floor":27.0,"key":"SpeedPotion"},{"floor":28.0,"key":"Strength Potion"},{"floor":37.0,"key":"DistilledChaos"},{"floor":44,"key":"Block Potion"},{"floor":48,"key":"SkillPotion"}],"is_trial":false,"path_per_floor":["M","?","?","$","M","R","M","R","T","E","R","M","M","E","R","B",null,"M","M","$","?","$","E","R","M","T","M","E","?","M","E","R","B",null,"M","M","M","?","$","E","$","E","T","E","M","$","R","M","R","B",null,"R","$","E","B",null],"character_chosen":"WATCHER","items_purchased":["Halt","Meat on the Bone","MerchantsRug","Anchor","MentalFortress","Trip","Adaptation","Bronze Scales"],"campfire_rested":1,"item_purchase_floors":[4,20,39,39,46,53,53,53],"current_hp_per_floor":[65,62,49,49,49,49,49,49,49,49,49,49,44,44,44,33,65,59,58,58,64,64,48,48,48,48,36,33,48,48,48,69,42,71,71,71,52,52,67,67,71,71,71,71,71,71,71,71,71,44,71,71,71,71,47],"gold":75,"neow_bonus":"REMOVE_TWO","is_daily":false,"chose_seed":false,"campfire_upgraded":7,"win_rate":0.0,"timestamp":1608901212,"path_taken":["M","?","?","$","M","R","M","R","T","E","R","M","M","E","R","BOSS","M","M","$","?","?","E","R","?","T","M","E","?","M","E","R","BOSS","M","M","M","?","$","E","$","E","T","E","M","?","R","M","R","BOSS","R","$","E","BOSS"],"items_purchased_type":["Card","Relic","Relic","Relic","Card","Card","Card","Relic"],"build_version":"2020-12-22","purchased_purges":5,"victory":true,"max_hp_per_floor":[65,65,65,65,65,65,65,65,65,65,65,65,65,65,65,65,65,65,65,65,71,71,71,71,71,71,71,71,71,71,71,71,71,71,71,71,71,71,71,71,71,71,71,71,71,71,71,71,71,71,71,71,71,71,71],"card_choices":[{"not_picked":["MentalFortress","EmptyFist"],"picked":"FearNoEvil","floor":1.0},{"not_picked":["ForeignInfluence","FlyingSleeves"],"picked":"Wallop","floor":5.0},{"not_picked":["Prostrate","Crescendo"],"picked":"Fasting2","floor":7.0},{"not_picked":["CutThroughFate","Prostrate"],"picked":"Crescendo","floor":10.0},{"not_picked":["SashWhip","Prostrate"],"picked":"Indignation","floor":12.0},{"not_picked":["LikeWater","Tantrum"],"picked":"Sanctity","floor":13.0},{"not_picked":["CrushJoints","EmptyFist","JustLucky"],"picked":"SKIP","floor":14.0},{"not_picked":["Scrawl","MasterReality"],"picked":"LessonLearned","floor":16.0},{"not_picked":["EmptyBody","Prostrate+1","PathToVictory+1"],"picked":"SKIP","floor":18.0},{"not_picked":["CrushJoints","EmptyFist+1","MentalFortress"],"picked":"SKIP","floor":19.0},{"not_picked":["WindmillStrike","FlyingSleeves","Protect"],"picked":"SKIP","floor":23.0},{"not_picked":["FlyingSleeves","Prostrate"],"picked":"Crescendo+1","floor":25.0},{"not_picked":["EmptyFist","ReachHeaven"],"picked":"Evaluate","floor":27.0},{"not_picked":["FollowUp","Consecrate"],"picked":"FlurryOfBlows+1","floor":28.0},{"not_picked":["Protect","CrushJoints"],"picked":"ClearTheMind","floor":30.0},{"not_picked":["Fasting2","Pray+1"],"picked":"Crescendo","floor":31.0},{"not_picked":[],"picked":"FollowUp","floor":35.0},{"not_picked":["Prostrate+1"],"picked":"SKIP","floor":36.0},{"not_picked":[],"picked":"ForeignInfluence+1","floor":37.0},{"not_picked":[],"picked":"Tantrum","floor":40.0},{"not_picked":["EmptyBody+1"],"picked":"SKIP","floor":42},{"not_picked":[],"picked":"Protect+1","floor":44},{"not_picked":[],"picked":"InnerPeace","floor":45},{"not_picked":[],"picked":"BowlingBash+1","floor":48},{"not_picked":[],"picked":"CutThroughFate","floor":54}],"player_experience":761241,"relics_obtained":[{"floor":9.0,"key":"Bottled Lightning"},{"floor":10.0,"key":"Oddly Smooth Stone"},{"floor":14.0,"key":"Darkstone Periapt"},{"floor":23.0,"key":"MealTicket"},{"floor":28.0,"key":"Smiling Mask"},{"floor":29.0,"key":"FossilizedHelix"},{"floor":29.0,"key":"TeardropLocket"},{"floor":31.0,"key":"HornCleat"},{"floor":40.0,"key":"Akabeko"},{"floor":42,"key":"Blue Candle"},{"floor":43,"key":"CloakClasp"},{"floor":44,"key":"Omamori"},{"floor":54,"key":"Vajra"}],"event_choices":[{"damage_healed":0.0,"max_hp_gain":0.0,"max_hp_loss":0.0,"gold_gain":0.0,"event_name":"Scrap Ooze","player_choice":"Success","floor":2.0,"gold_loss":0.0,"damage_taken":3.0,"relics_obtained":["Gremlin Horn"]},{"damage_healed":0.0,"max_hp_gain":0.0,"max_hp_loss":0.0,"gold_gain":0.0,"event_name":"Shining Light","player_choice":"Entered Light","floor":3.0,"gold_loss":0.0,"damage_taken":13.0,"cards_upgraded":["Strike_P","Defend_P"]},{"damage_healed":0.0,"max_hp_gain":0.0,"max_hp_loss":0.0,"gold_gain":0.0,"event_name":"Addict","player_choice":"Stole Relic","floor":21.0,"gold_loss":0.0,"damage_taken":0.0,"relics_obtained":["War Paint"],"cards_obtained":["Shame"]},{"damage_healed":0.0,"max_hp_gain":0.0,"max_hp_loss":0.0,"gold_gain":0.0,"event_name":"Colosseum","player_choice":"Fight","floor":29.0,"gold_loss":0.0,"damage_taken":0.0},{"damage_healed":0.0,"max_hp_gain":0.0,"max_hp_loss":0.0,"gold_gain":0.0,"event_name":"Colosseum","player_choice":"Fought Nobs","floor":29.0,"gold_loss":0.0,"damage_taken":0.0},{"damage_healed":0.0,"max_hp_gain":0.0,"max_hp_loss":0.0,"gold_gain":0.0,"event_name":"Upgrade Shrine","player_choice":"Upgraded","floor":38.0,"gold_loss":0.0,"damage_taken":0.0,"cards_upgraded":["ClearTheMind"]}],"is_beta":false,"boss_relics":[{"not_picked":["Philosopher\u0027s Stone","Coffee Dripper"],"picked":"HolyWater"},{"not_picked":["Astrolabe","Velvet Choker"],"picked":"Busted Crown"}],"items_purged_floors":[4,39,41,46,53],"is_endless":false,"potions_floor_spawned":[1,10,12,13,19,27,28,29,37,44,48],"ascension_level":2}}