{"host":"ufl0k2so27eic2iy","time":1608886674,"event":{"mods":["BaseMod","Minty Spire (QoL Compilation)","StSLib","The Animator"],"gold_per_floor":[131,8,25,25,25,70,70,114,137,137,173,216,268,284,284,377,377,392,198,198,227,227,227,254,297,297,328,328,362,380,411,411,491,491,527,162,184,143,167,167,203,203,203,242,264,244,4,20,20,28,28,28,28,61,65],"floor_reached":56,"playtime":4024,"items_purged":["animator:Strike","animator:Strike","animator:Strike"],"score":1994,"play_id":"65760658-b93d-4a17-8e3a-6e857cf7c189","local_time":"20201225085754","is_ascension_mode":true,"campfire_choices":[{"floor":7.0,"key":"REST"},{"floor":10.0,"key":"REST"},{"data":"animator:Tyuule","floor":15,"key":"SMITH"},{"data":"animator:Sora","floor":23,"key":"SMITH"},{"data":"animator:DolaSchwi","floor":28,"key":"SMITH"},{"data":"animator:LeleiLaLalena","floor":32,"key":"SMITH"},{"data":"animator:Zero","floor":40,"key":"SMITH"},{"floor":49,"key":"RECALL"},{"data":"animator:LeleiLaLalena","floor":52,"key":"SMITH"}],"circlet_count":0,"master_deck":["AscendersBane","animator:Strike_GATE","animator:Defend_GATE","animator:Defend","animator:Defend+1","animator:Defend","animator:TukaLunaMarceau","animator:Kuribayashi","animator:KrulTepes","animator:DolaCouronne","animator:YuiTsuruno","animator:ItamiYouji","animator:LeleiLaLalena+1","animator:GuildGirl","animator:Tyuule+1","animator:Tyuule+1","animator:YaoHaDucy","animator:Sora+1","animator:TukaLunaMarceau","animator:Cirno","animator:DolaSchwi+1","animator:IzunaHatsuse","animator:PinaCoLada","animator:Bozes","animator:Fredrika","animator:LeleiLaLalena+1","animator:ChaikaTrabant","animator:Aqua+1","animator:Zero+1","animator:CowGirl+1","animator:HiiragiShinya","animator:LeleiLaLalena+1","animator:PinaCoLada","animator:Arpeggio+1","animator:Fredrika+1"],"relics":["animator:LivingPicture","animator:TheMissingPiece","Bloody Idol","Blood Vial","Letter Opener","Blood Vial","Akabeko","animator:ShionDessert","Blood Vial","Oddly Smooth Stone","Blood Vial","Orichalcum","SlaversCollar","Bag of Preparation","Prayer Wheel","Blood Vial","HornCleat","War Paint","Coffee Dripper","TwistedFunnel","Question Card","Blue Candle","animator:BattleDrones","animator:PurpleTeddyBear"],"acts_visited":["Exordium","TheCity","TheBeyond","TheEnding"],"potions_floor_usage":[55,55],"damage_taken":[{"damage":4.0,"enemies":"Jaw Worm","floor":1.0,"turns":4.0},{"damage":6.0,"enemies":"Small Slimes","floor":3.0,"turns":5.0},{"damage":16.0,"enemies":"Lagavulin","floor":6.0,"turns":9.0},{"damage":19.0,"enemies":"3 Sentries","floor":8.0,"turns":14.0},{"damage":14,"enemies":"Lagavulin","floor":11,"turns":6},{"damage":0,"enemies":"2 Louse","floor":12,"turns":2},{"damage":10,"enemies":"3 Sentries","floor":13,"turns":8},{"damage":0,"enemies":"Exordium Thugs","floor":14,"turns":2},{"damage":11,"enemies":"The Guardian","floor":16,"turns":8},{"damage":19,"enemies":"2 Thieves","floor":18,"turns":4},{"damage":15,"enemies":"3 Byrds","floor":21,"turns":4},{"damage":5,"enemies":"Centurion and Healer","floor":24,"turns":7},{"damage":3,"enemies":"Cultist and Chosen","floor":25,"turns":8},{"damage":3,"enemies":"Book of Stabbing","floor":27,"turns":6},{"damage":12,"enemies":"Gremlin Leader","floor":29,"turns":7},{"damage":1,"enemies":"Shelled Parasite and Fungi","floor":30,"turns":5},{"damage":16,"enemies":"Book of Stabbing","floor":31,"turns":6},{"damage":3,"enemies":"Champ","floor":33,"turns":11},{"damage":0,"enemies":"3 Darklings","floor":35,"turns":6},{"damage":0,"enemies":"Orb Walker","floor":37,"turns":3},{"damage":0,"enemies":"3 Darklings","floor":39,"turns":3},{"damage":5,"enemies":"Nemesis","floor":41,"turns":7},{"damage":2,"enemies":"Giant Head","floor":44,"turns":9},{"damage":2,"enemies":"Spire Growth","floor":45,"turns":4},{"damage":0,"enemies":"4 Shapes","floor":48,"turns":3},{"damage":1,"enemies":"Donu and Deca","floor":50,"turns":8},{"damage":20,"enemies":"Shield and Spear","floor":54,"turns":7},{"damage":9,"enemies":"The Heart","floor":55,"turns":9}],"seed_played":"-6300695312988450941","potions_obtained":[{"floor":3.0,"key":"SkillPotion"},{"floor":8.0,"key":"Strength Potion"},{"floor":11,"key":"GamblersBrew"},{"floor":12,"key":"DistilledChaos"},{"floor":31,"key":"Ancient Potion"},{"floor":48,"key":"PowerPotion"}],"is_trial":false,"path_per_floor":["M","$","M","?","?","E","R","E","T","R","E","M","E","M","R","B",null,"M","$","?","M","?","R","M","M","T","E","R","E","M","E","R","B",null,"M","$","M","$","M","R","E","?","T","E","M","?","$","M","R","B",null,"R","$","E","B",null],"character_chosen":"THE_ANIMATOR","items_purchased":["animator:YuiTsuruno","animator:Cirno","TwistedFunnel","animator:Zero","animator:HiiragiShinya","animator:BattleDrones"],"campfire_rested":2,"item_purchase_floors":[2,19,36,36,38,47],"current_hp_per_floor":[50,50,44,44,44,28,44,28,28,44,34,40,36,45,45,42,53,37,37,37,50,50,50,56,56,56,58,58,56,58,47,47,58,58,58,58,58,58,58,58,58,58,58,58,58,58,58,58,58,58,58,58,58,51,56],"gold":65,"neow_bonus":"THREE_CARDS","is_daily":false,"chose_seed":false,"campfire_upgraded":6,"win_rate":0.0,"timestamp":1608886674,"path_taken":["M","$","M","?","?","E","R","E","T","R","E","M","E","M","R","BOSS","M","$","?","M","?","R","M","M","T","E","R","E","?","E","R","BOSS","M","$","M","$","M","R","E","?","T","E","?","?","?","?","R","BOSS","R","$","E","BOSS"],"items_purchased_type":["Card","Card","Relic","Card","Card","Relic"],"build_version":"2020-12-22","purchased_purges":3,"victory":true,"max_hp_per_floor":[60,60,60,60,54,54,54,55,55,55,55,55,55,56,56,56,56,56,56,56,56,56,56,56,56,56,58,58,58,58,58,58,58,58,58,58,58,58,58,58,58,58,58,58,58,58,58,58,58,58,58,58,58,58,58],"card_choices":[{"not_picked":["animator:Kuribayashi","animator:Shigure"],"picked":"animator:KrulTepes","floor":0.0},{"not_picked":["animator:ChaikaBohdan","animator:Kazuma"],"picked":"animator:DolaCouronne","floor":1.0},{"not_picked":["animator:Verdia","animator:Layla","animator:ChaikaBohdan"],"picked":"SKIP","floor":3.0},{"not_picked":["animator:Viivi","animator:DolaStephanie"],"picked":"animator:ItamiYouji","floor":6.0},{"not_picked":["animator:TukaLunaMarceau","animator:Bozes"],"picked":"animator:LeleiLaLalena","floor":8.0},{"not_picked":["animator:HiiragiShinya","animator:DwarfShaman"],"picked":"animator:GuildGirl","floor":11},{"not_picked":["animator:YachiyoNanami","animator:DolaSchwi"],"picked":"animator:Tyuule","floor":12},{"not_picked":["animator:Yuuichirou","animator:Tet"],"picked":"animator:Tyuule","floor":13},{"not_picked":["animator:Kuribayashi","animator:Tyuule"],"picked":"animator:YaoHaDucy","floor":14},{"not_picked":["animator:SwordMaiden","animator:HomuraAkemi"],"picked":"animator:Sora","floor":16},{"not_picked":["animator:CowGirl","animator:DolaStephanie"],"picked":"animator:TukaLunaMarceau","floor":18},{"not_picked":["animator:Vanir","animator:SuzuneAmano"],"picked":"animator:DolaSchwi","floor":21},{"not_picked":["animator:DwarfShaman","animator:Guy","animator:DolaSchwi"],"picked":"SKIP","floor":24},{"not_picked":["animator:YaoHaDucy","animator:Kuribayashi"],"picked":"animator:PinaCoLada","floor":25},{"not_picked":["animator:GoblinSlayer","animator:DolaCouronne"],"picked":"animator:Bozes","floor":27},{"not_picked":["animator:DolaCouronne","animator:Hans"],"picked":"animator:Fredrika","floor":29},{"not_picked":["animator:Guy","animator:Mikaela","animator:Vanir"],"picked":"SKIP","floor":30},{"not_picked":["animator:DolaSchwi","animator:Verdia+1","animator:Shigure"],"picked":"SKIP","floor":30},{"not_picked":["animator:Tyuule","animator:RoryMercury"],"picked":"animator:LeleiLaLalena","floor":31},{"not_picked":["animator:HomuraAkemi","animator:GoblinSlayer"],"picked":"animator:ChaikaTrabant","floor":33},{"not_picked":["animator:ChaikaBohdan+1","animator:DolaCouronne"],"picked":"animator:Aqua+1","floor":35},{"not_picked":["animator:Spearman","animator:MamiTomoe+1","animator:ChaikaBohdan+1"],"picked":"SKIP","floor":35},{"not_picked":["animator:Tyuule+1","animator:Yuuichirou"],"picked":"animator:CowGirl+1","floor":37},{"not_picked":["animator:Verdia","animator:DwarfShaman","animator:Shigure+1"],"picked":"SKIP","floor":37},{"not_picked":["animator:Vanir","animator:Yuuichirou"],"picked":"animator:LeleiLaLalena+1","floor":39},{"not_picked":["animator:Guy","animator:RoryMercury","animator:Yuuichirou+1"],"picked":"SKIP","floor":39},{"not_picked":["animator:Viivi","animator:DolaRiku","animator:Spearman","animator:Aqua+1"],"picked":"SKIP","floor":44},{"not_picked":["animator:PinaCoLada","animator:IrohaTamaki","animator:Gillette+1"],"picked":"animator:Arpeggio+1","floor":45},{"not_picked":["animator:Shinoa","animator:DolaCouronne","animator:Mikaela","animator:Mitsuba"],"picked":"SKIP","floor":45},{"not_picked":["animator:YunYun+1","animator:Jibril+1","animator:Verdia+1"],"picked":"animator:Fredrika+1","floor":48},{"not_picked":["animator:Witch","animator:Guy","animator:MamiTomoe+1","animator:OrikoMikuni"],"picked":"SKIP","floor":48}],"player_experience":2369394,"relics_obtained":[{"floor":6.0,"key":"Blood Vial"},{"floor":6.0,"key":"Letter Opener"},{"floor":8.0,"key":"Blood Vial"},{"floor":8.0,"key":"Akabeko"},{"floor":9.0,"key":"animator:ShionDessert"},{"floor":11,"key":"Blood Vial"},{"floor":11,"key":"Oddly Smooth Stone"},{"floor":13,"key":"Blood Vial"},{"floor":13,"key":"Orichalcum"},{"floor":26,"key":"Bag of Preparation"},{"floor":27,"key":"Prayer Wheel"},{"floor":29,"key":"Blood Vial"},{"floor":29,"key":"HornCleat"},{"floor":31,"key":"War Paint"},{"floor":41,"key":"Question Card"},{"floor":44,"key":"Blue Candle"},{"floor":54,"key":"animator:PurpleTeddyBear"}],"event_choices":[{"damage_healed":0.0,"max_hp_gain":0.0,"max_hp_loss":0.0,"gold_gain":0.0,"event_name":"Shining Light","player_choice":"Ignored","floor":4.0,"gold_loss":0.0,"damage_taken":0.0},{"damage_healed":0.0,"max_hp_gain":0.0,"max_hp_loss":6.0,"gold_gain":0.0,"event_name":"Golden Idol","player_choice":"Lose Max HP","floor":5.0,"gold_loss":0.0,"damage_taken":0.0,"relics_obtained":["Golden Idol"]},{"damage_healed":0,"gold_gain":0,"player_choice":"Gave Idol","damage_taken":0,"relics_obtained":["Bloody Idol"],"max_hp_gain":0,"max_hp_loss":0,"event_name":"Forgotten Altar","floor":20,"relics_lost":["Golden Idol"],"gold_loss":0},{"damage_healed":0,"gold_gain":0,"player_choice":"1 cards matched","damage_taken":0,"max_hp_gain":0,"max_hp_loss":0,"event_name":"Match and Keep!","floor":22,"gold_loss":0,"cards_obtained":["animator:IzunaHatsuse"]},{"damage_healed":0,"gold_gain":0,"player_choice":"Copied","damage_taken":0,"max_hp_gain":0,"max_hp_loss":0,"event_name":"Duplicator","floor":42,"gold_loss":0,"cards_obtained":["animator:PinaCoLada"]},{"damage_healed":0,"gold_gain":0,"player_choice":"Bought 1 Potion","damage_taken":0,"max_hp_gain":0,"max_hp_loss":0,"event_name":"The Woman in Blue","floor":46,"gold_loss":0}],"is_beta":false,"boss_relics":[{"not_picked":["animator:RacePiece","Tiny House"],"picked":"SlaversCollar"},{"not_picked":["Busted Crown","Mark of Pain"],"picked":"Coffee Dripper"}],"items_purged_floors":[2,19,36],"is_endless":false,"potions_floor_spawned":[3,8,11,12,13,25,31,33,35,37,45,48,54],"ascension_level":15}}