{"host":"3ghjvsatr2fxka2l","time":1608880660,"event":{"mods":["2.2 Compatiblity","AchievementEnabler","Act Like it!","Aspiration","BaseMod","Better Third Choice","Better Vampires","BetterRewards","CatGirl Mod","Clawfect","Colored Powertips","Conspire","Curses Come First","Defuse TimeMaze Blight","Displayed Cursed Tome","Energized Spire","Gold Saver","Grow up Mod","Hubris","Infinite Spire","Marisa????????","Marked Mod","Minty Spire (QoL Compilation)","Permanent Neow","Quick Restart","Replay The Spire","SacredBarkPlus","StSLib","Transform Curses","Uncapped","Waifu the Spire","Wandering Minibosses","vexMod","??????REMEMod"],"gold_per_floor":[4593,4593,4613,4630,4647,4672,4672],"floor_reached":6,"playtime":639,"items_purged":[],"score":98,"play_id":"e61de8d5-c2f6-4935-a609-50fd85c9c494","local_time":"20201224231740","is_ascension_mode":false,"campfire_choices":[],"circlet_count":0,"master_deck":["theCatGirl:Strike","theCatGirl:Strike","theCatGirl:Strike","theCatGirl:Strike","theCatGirl:Defend","theCatGirl:Defend","theCatGirl:Defend","theCatGirl:Defend","theCatGirl:ClawStrike","theCatGirl:Evasion","Mayhem","Defend_R","theCatGirl:KeepAlert","theCatGirl:ElegantStrike","theCatGirl:KeepAlert"],"relics":["theCatGirl:TrainedRelic","REME_ComplimentaryCards","infinitespire:Lychee Nut","Juzu Bracelet"],"acts_visited":["Exordium"],"potions_floor_usage":[6,6],"damage_taken":[{"damage":2,"enemies":"Jaw Worm","floor":1,"turns":5},{"damage":0,"enemies":"Cultist","floor":3,"turns":5},{"damage":0,"enemies":"2 Louse","floor":4,"turns":5},{"damage":18,"enemies":"Blue Slaver","floor":5,"turns":5},{"damage":60,"enemies":"Gremlin Nob","floor":6,"turns":6}],"seed_played":"8198841087916869694","potions_obtained":[{"floor":1,"key":"AttackPotion"},{"floor":4,"key":"Languid Potion"}],"is_trial":false,"path_per_floor":["M","?","M","M","M","E"],"character_chosen":"THE_CATGIRL","items_purchased":[],"campfire_rested":0,"item_purchase_floors":[],"current_hp_per_floor":[72,82,92,102,97,43,43],"gold":4672,"neow_bonus":"ONE_RARE_RELIC","is_daily":false,"chose_seed":false,"campfire_upgraded":0,"win_rate":0.0,"timestamp":1608880660,"path_taken":["M","?","?","M","M","E"],"items_purchased_type":[],"build_version":"2020-12-22","purchased_purges":0,"victory":false,"max_hp_per_floor":[72,82,92,102,112,112,112],"card_choices":[{"not_picked":["theCatGirl:BloodBath","theCatGirl:FumblingBlow"],"picked":"theCatGirl:KeepAlert","floor":1},{"not_picked":["theCatGirl:Growl","theCatGirl:ChangeOfPlans"],"picked":"theCatGirl:ElegantStrike","floor":3},{"not_picked":["theCatGirl:ChangeOfPlans","theCatGirl:FinishingMove","theCatGirl:Insane"],"picked":"SKIP","floor":4},{"not_picked":["theCatGirl:TrainWreck","theCatGirl:Prepared"],"picked":"theCatGirl:KeepAlert","floor":5}],"player_experience":275041,"relics_obtained":[{"floor":6,"key":"Juzu Bracelet"}],"event_choices":[{"cards_removed":["Strike_R"],"damage_healed":0,"gold_gain":0,"player_choice":"Offered Basic","damage_taken":0,"max_hp_gain":0,"max_hp_loss":0,"event_name":"Bonfire Elementals","floor":2,"gold_loss":0}],"is_beta":false,"boss_relics":[],"items_purged_floors":[],"is_endless":false,"potions_floor_spawned":[1,4],"killed_by":"Gremlin Nob","ascension_level":0}}