{"host":"tzyzz5n7hg2ni9q2","time":1608932554,"event":{"mods":["BaseMod","Minty Spire (QoL Compilation)","Quick Restart"],"gold_per_floor":[362,8,8,24,42,42,59,59,86,86,261,277,308,321,321,422,422,435,281,301,321,321,321,355,368,368,293,293,49,0,11,11,114,114,134,153,153,166,185,185,218,231,277,243,243,259,259,259],"floor_reached":47,"playtime":1343,"items_purged":["Doubt","Strike_R"],"score":655,"play_id":"3ba35601-585c-413f-8849-be96643b92a0","local_time":"20201225224234","is_ascension_mode":true,"campfire_choices":[{"data":"True Grit","floor":6.0,"key":"SMITH"},{"floor":10.0,"key":"REST"},{"data":"Rampage","floor":15.0,"key":"SMITH"},{"data":"Uppercut","floor":23.0,"key":"SMITH"},{"floor":28.0,"key":"REST"},{"floor":32.0,"key":"REST"},{"data":"Carnage","floor":40.0,"key":"SMITH"},{"data":"Metallicize","floor":45.0,"key":"SMITH"}],"circlet_count":0,"master_deck":["Strike_R","Strike_R+1","Strike_R+1","Defend_R","Defend_R","Defend_R","Defend_R","Bash","Carnage+1","Uppercut+1","True Grit+1","Cleave","Shrug It Off","Rampage+1","Feed","Shrug It Off+1","Metallicize+1"],"relics":["Burning Blood","Omamori","Red Skull","Vajra","Pen Nib","Sozu","Bag of Marbles","Sundial","FossilizedHelix","HandDrill","Busted Crown","Strawberry","MealTicket"],"acts_visited":["Exordium","TheCity","TheBeyond"],"potions_floor_usage":[],"damage_taken":[{"damage":7.0,"enemies":"Small Slimes","floor":1.0,"turns":6.0},{"damage":5.0,"enemies":"Jaw Worm","floor":4.0,"turns":3.0},{"damage":9.0,"enemies":"2 Louse","floor":5.0,"turns":2.0},{"damage":21.0,"enemies":"Lots of Slimes","floor":7.0,"turns":4.0},{"damage":2.0,"enemies":"Red Slaver","floor":12.0,"turns":5.0},{"damage":6.0,"enemies":"Gremlin Nob","floor":13.0,"turns":3.0},{"damage":8.0,"enemies":"Blue Slaver","floor":14.0,"turns":3.0},{"damage":9.0,"enemies":"Slime Boss","floor":16.0,"turns":8.0},{"damage":2.0,"enemies":"Spheric Guardian","floor":18.0,"turns":3.0},{"damage":6.0,"enemies":"3 Byrds","floor":20.0,"turns":4.0},{"damage":23.0,"enemies":"Centurion and Healer","floor":21.0,"turns":6.0},{"damage":41.0,"enemies":"Book of Stabbing","floor":24.0,"turns":5.0},{"damage":15.0,"enemies":"Sentry and Sphere","floor":25.0,"turns":5.0},{"damage":5.0,"enemies":"Shelled Parasite and Fungi","floor":31.0,"turns":3.0},{"damage":37.0,"enemies":"Champ","floor":33.0,"turns":9.0},{"damage":3.0,"enemies":"3 Darklings","floor":35.0,"turns":6.0},{"damage":0.0,"enemies":"Orb Walker","floor":36.0,"turns":2.0},{"damage":9.0,"enemies":"Transient","floor":38.0,"turns":5.0},{"damage":0.0,"enemies":"Jaw Worm Horde","floor":39.0,"turns":3.0},{"damage":41.0,"enemies":"Reptomancer","floor":41.0,"turns":8.0},{"damage":0.0,"enemies":"Maw","floor":42.0,"turns":6.0},{"damage":22.0,"enemies":"Sphere and 2 Shapes","floor":46.0,"turns":7.0},{"damage":0,"enemies":"Giant Head","floor":47,"turns":1}],"seed_played":"8910544916383502688","potions_obtained":[{"floor":4.0,"key":"PowerPotion"},{"floor":5.0,"key":"Swift Potion"},{"floor":14.0,"key":"Block Potion"}],"is_trial":false,"path_per_floor":["M","$","?","M","M","R","M","?","T","R","?","M","E","M","R","B",null,"M","$","M","M","?","R","E","M","T","?","R","$","?","M","R","B",null,"M","M","?","M","M","R","E","M","T","$","R","M","E"],"character_chosen":"IRONCLAD","items_purchased":["Omamori","Uppercut","True Grit","Bag of Marbles","HandDrill","Metallicize"],"campfire_rested":3,"item_purchase_floors":[2,2,2,19,29,44],"current_hp_per_floor":[79,79,54,55,52,52,37,21,21,45,45,49,49,47,47,44,80,80,80,83,69,52,52,17,11,11,11,39,39,39,40,68,37,94,94,94,85,82,91,91,63,69,69,84,84,71,71,71],"gold":259,"neow_bonus":"TWO_FIFTY_GOLD","is_daily":false,"chose_seed":false,"campfire_upgraded":5,"win_rate":0.0,"timestamp":1608932554,"path_taken":["M","$","?","M","M","R","M","?","T","R","?","M","E","?","R","BOSS","M","$","M","M","?","R","E","M","T","?","R","$","?","M","R","BOSS","M","M","?","M","M","R","E","M","T","$","R","?","E"],"items_purchased_type":["Relic","Card","Card","Relic","Relic","Card"],"build_version":"2020-12-22","purchased_purges":2,"victory":false,"max_hp_per_floor":[80,80,80,80,80,80,80,80,80,80,80,80,80,80,80,80,80,80,80,83,86,91,91,91,94,94,94,94,94,94,94,94,94,94,94,94,94,94,97,97,104,104,104,104,104,107,107,107],"card_choices":[{"not_picked":["Twin Strike","Combust"],"picked":"Carnage","floor":1.0},{"not_picked":["Headbutt","Bloodletting"],"picked":"Cleave","floor":4.0},{"not_picked":["Wild Strike","Infernal Blade","Pommel Strike"],"picked":"SKIP","floor":5.0},{"not_picked":["Iron Wave","Rupture"],"picked":"Shrug It Off","floor":7.0},{"not_picked":["Searing Blow","Flex"],"picked":"Rampage","floor":12.0},{"not_picked":["Perfected Strike","Warcry","Heavy Blade"],"picked":"SKIP","floor":13.0},{"not_picked":["Cleave","Disarm","Hemokinesis"],"picked":"SKIP","floor":14.0},{"not_picked":["Offering","Fiend Fire"],"picked":"Feed","floor":16.0},{"not_picked":["Infernal Blade","Rupture+1","Twin Strike"],"picked":"SKIP","floor":18.0},{"not_picked":["Cleave+1","Blood for Blood","Anger"],"picked":"SKIP","floor":20.0},{"not_picked":["Headbutt+1","Iron Wave","Heavy Blade+1"],"picked":"SKIP","floor":21.0},{"not_picked":["Reaper","Anger","Armaments"],"picked":"SKIP","floor":24.0},{"not_picked":["Body Slam","Rampage","Sword Boomerang"],"picked":"SKIP","floor":25.0},{"not_picked":["Thunderclap","True Grit"],"picked":"Shrug It Off+1","floor":31.0},{"not_picked":["Havoc"],"picked":"SKIP","floor":35.0},{"not_picked":["Perfected Strike+1"],"picked":"SKIP","floor":36.0},{"not_picked":["Warcry"],"picked":"SKIP","floor":38.0},{"not_picked":["Evolve+1"],"picked":"SKIP","floor":39.0},{"not_picked":["Power Through"],"picked":"SKIP","floor":41.0},{"not_picked":["Armaments"],"picked":"SKIP","floor":42.0},{"not_picked":["True Grit"],"picked":"SKIP","floor":46.0}],"player_experience":187571,"relics_obtained":[{"floor":9.0,"key":"Vajra"},{"floor":13.0,"key":"Pen Nib"},{"floor":24.0,"key":"Sundial"},{"floor":26.0,"key":"FossilizedHelix"},{"floor":41.0,"key":"Strawberry"},{"floor":43.0,"key":"MealTicket"}],"event_choices":[{"damage_healed":0.0,"max_hp_gain":0.0,"max_hp_loss":0.0,"gold_gain":0.0,"event_name":"Scrap Ooze","player_choice":"Success","floor":3.0,"gold_loss":0.0,"damage_taken":25.0,"relics_obtained":["Red Skull"]},{"damage_healed":0.0,"max_hp_gain":0.0,"max_hp_loss":0.0,"gold_gain":0.0,"event_name":"Shining Light","player_choice":"Entered Light","floor":8.0,"gold_loss":0.0,"damage_taken":16.0,"cards_upgraded":["Strike_R","Strike_R"]},{"damage_healed":0.0,"max_hp_gain":0.0,"max_hp_loss":0.0,"gold_gain":175.0,"event_name":"Liars Game","player_choice":"AGREE","floor":11.0,"gold_loss":0.0,"damage_taken":0.0,"cards_obtained":["Doubt"]},{"damage_healed":0.0,"max_hp_gain":5.0,"max_hp_loss":0.0,"gold_gain":0.0,"event_name":"Forgotten Altar","player_choice":"Shed Blood","floor":22.0,"gold_loss":0.0,"damage_taken":22.0},{"cards_removed":["Strike_R"],"damage_healed":0.0,"max_hp_gain":0.0,"max_hp_loss":0.0,"gold_gain":0.0,"event_name":"Beggar","player_choice":"Gave Gold","floor":27.0,"gold_loss":75.0,"damage_taken":0.0},{"damage_healed":0.0,"max_hp_gain":0.0,"max_hp_loss":0.0,"gold_gain":0.0,"event_name":"Masked Bandits","player_choice":"Paid Fearfully","floor":30.0,"gold_loss":49.0,"damage_taken":0.0},{"damage_healed":0.0,"max_hp_gain":0.0,"max_hp_loss":0.0,"gold_gain":0.0,"event_name":"Wheel of Change","player_choice":"Damaged","floor":37.0,"gold_loss":0.0,"damage_taken":9.0}],"is_beta":false,"boss_relics":[{"not_picked":["SlaversCollar","Runic Dome"],"picked":"Sozu"},{"not_picked":["Fusion Hammer","Philosopher\u0027s Stone"],"picked":"Busted Crown"}],"items_purged_floors":[2,29],"is_endless":false,"potions_floor_spawned":[4,5,14,18,24,25,35,38,39,41],"killed_by":"Giant Head","ascension_level":4}}