{"host":"55yei7x27djrlaep","time":1608875669,"event":{"mods":["Act Like it!","BaseMod","Better Altar","Better Match","Better Note","Better Sensory Stone","Better Skull","Better Third Choice","BetterRewards","Colored Map","Downfall","Friendly Minions","GifTheSpireLib","Googly Eyes","Minty Spire (QoL Compilation)","Replay The Spire","StSLib","The Marked"],"gold_per_floor":[112,132,57,75,93,128,128,128,152,80,80,80,101,114,114,242,242,267,267,285,306,392,435,435,451,451,451,485,59,59,98,98,229,229,243,576,586,586,598,629,629,653,680,114,140,0,25,38,38,38,38,38,38,68,68,68],"floor_reached":55,"playtime":3394,"items_purged":["Vigilance","ReplayTheSpireMod:Splinters"],"score":1060,"play_id":"382281a5-f75b-4b7c-b7a0-3f59cedf50fc","local_time":"20201225085429","is_ascension_mode":true,"campfire_choices":[{"data":"theMarked:MaelstromOfLightning","floor":7,"key":"SMITH"},{"data":"theMarked:ComboAttacks","floor":12,"key":"SMITH"},{"data":"theMarked:SoldierOfQuellstein","floor":15,"key":"SMITH"},{"data":"theMarked:MaelstromOfLightning","floor":24,"key":"SMITH"},{"floor":27,"key":"REST"},{"data":"theMarked:MagicAdept","floor":30,"key":"SMITH"},{"floor":32,"key":"DIG"},{"floor":41,"key":"RECALL"},{"floor":49,"key":"REST"},{"data":"theMarked:Levitate","floor":52,"key":"SMITH"}],"circlet_count":0,"master_deck":["theMarked:Strike","theMarked:Strike","theMarked:Strike+1","theMarked:Strike+1","theMarked:Strike","theMarked:Defend","theMarked:Defend","theMarked:Defend","theMarked:Defend","theMarked:SoldierOfQuellstein+1","Guardian:TwinSlam","theMarked:MaelstromOfLightning+1","theMarked:Generate","theMarked:EnhanceMovement","theMarked:MaelstromOfLightning+1","theMarked:GodGivenPower","theMarked:ComboAttacks+1","theMarked:RepellingDischarge","theMarked:ChainLightning","theMarked:Defy","theMarked:RepellingDischarge+1","RitualDagger","theMarked:EnhancedHearing+1","theMarked:SwordAndMagic","theMarked:Reabsorb","theMarked:Snap","theMarked:Improvise+1","theMarked:EmpowerWeapon+1","theMarked:MagicAdept+1","theMarked:Overcharge","theMarked:TwofoldDefense","theMarked:Levitate+1","theMarked:Polarize","theMarked:MaelstromOfLightning+1","theMarked:TunnelVision","Pot Of Greed+1","Pot Of Greed+1","Pot Of Greed+1","theMarked:EnhanceMovement","Pot Of Greed+1","theMarked:Polarize+1","theMarked:BindingBlade","theMarked:Polarize","theMarked:BindingBlade"],"relics":["theMarked:ArtifactOfAir","Gambling Chip","ReplayTheSpireMod:TigerMarble","SlaversCollar","Strawberry","BranchBurnRelic","Pet Ghost","OrangePellets","Tiny Chest","Sundial","ChewingGum","Iron Hammer","Replay:Wax Seal","Potion Belt","Grinning Jar","Replay:Bottled Eggs","Replay:WaspNest","Dream Catcher","Red Mask","Whetstone","theMarked:VonisonLock"],"acts_visited":["Exordium","TheCity","TheBeyond","TheEnding"],"potions_floor_usage":[5,16,20,21,23,23,23,33,48,55,55,55],"damage_taken":[{"damage":1,"enemies":"Cultist","floor":1,"turns":3},{"damage":2,"enemies":"Jaw Worm","floor":2,"turns":4},{"damage":0,"enemies":"Small Slimes","floor":4,"turns":2},{"damage":0,"enemies":"Exordium Thugs","floor":5,"turns":3},{"damage":31,"enemies":"Lagavulin","floor":6,"turns":7},{"damage":6,"enemies":"Lots of Slimes","floor":13,"turns":4},{"damage":0,"enemies":"3 Louse","floor":14,"turns":3},{"damage":0,"enemies":"Slime Boss","floor":16,"turns":5},{"damage":0,"enemies":"Chosen","floor":18,"turns":3},{"damage":0,"enemies":"2 Thieves","floor":20,"turns":3},{"damage":25,"enemies":"Snecko","floor":21,"turns":6},{"damage":16,"enemies":"Replay:Snechameleon","floor":23,"turns":5},{"damage":18,"enemies":"Shelled Parasite and Fungi","floor":25,"turns":2},{"damage":5,"enemies":"Slavers","floor":28,"turns":4},{"damage":0,"enemies":"Gremlin Leader","floor":31,"turns":10},{"damage":32,"enemies":"Automaton","floor":33,"turns":6},{"damage":0,"enemies":"Orb Walker","floor":35,"turns":3},{"damage":0,"enemies":"3 Shapes","floor":37,"turns":4},{"damage":9,"enemies":"Jaw Worm Horde","floor":39,"turns":4},{"damage":0,"enemies":"Nemesis","floor":40,"turns":3},{"damage":0,"enemies":"Giant Head","floor":45,"turns":3},{"damage":44,"enemies":"Nemesis","floor":47,"turns":3},{"damage":0,"enemies":"Transient","floor":48,"turns":5},{"damage":13,"enemies":"Time Eater","floor":50,"turns":3},{"damage":0,"enemies":"Shield and Spear","floor":54,"turns":3},{"damage":80,"enemies":"The Heart","floor":55,"turns":5}],"seed_played":"-3526657296538133154","potions_obtained":[{"floor":1,"key":"Dexterity Potion"},{"floor":2,"key":"Swift Potion"},{"floor":13,"key":"Adrenaline Potion"},{"floor":14,"key":"hexamod:EctoCoolerPotion"},{"floor":18,"key":"SpeedPotion"},{"floor":22,"key":"SneckoOil"},{"floor":22,"key":"Block Potion"},{"floor":23,"key":"CultistPotion"},{"floor":28,"key":"Toxic Potion"},{"floor":31,"key":"FearPotion"},{"floor":39,"key":"Explosive Potion"},{"floor":45,"key":"DuplicationPotion"}],"is_trial":false,"path_per_floor":["M","M","$","M","M","E","R","?","T","$","?","R","M","M","R","B",null,"M","?","M","M","?","E","R","M","T","R","E","$","R","E","R_BF","B",null,"M","?","M","T","M","E","R","T","T","$","E","?","E","M","R","B",null,"R","$","E","B"],"character_chosen":"THE_DEFAULT","items_purchased":["theMarked:ComboAttacks","theMarked:MagicAdept","theMarked:Overcharge","OrangePellets","theMarked:TwofoldDefense","Replay:Bottled Eggs","theMarked:EnhanceMovement","Replay:WaspNest"],"campfire_rested":2,"item_purchase_floors":[10,29,29,29,29,44,44,44],"current_hp_per_floor":[69,67,67,67,67,36,36,36,36,36,36,36,30,30,30,30,70,70,64,64,39,39,30,30,12,12,35,42,42,42,57,57,40,77,77,77,77,77,68,68,68,68,68,68,77,77,33,33,56,52,77,77,77,77,0,0],"gold":68,"neow_bonus":"ONE_RARE_RELIC","is_daily":false,"chose_seed":false,"campfire_upgraded":6,"win_rate":0.0,"timestamp":1608875669,"path_taken":["M","M","$","?","M","E","R","?","T","$","?","R","?","M","R","BOSS","M","?","M","M","?","E","R","M","T","R","E","$","R","E","R_BF","BOSS","M","?","M","?","?","E","R","?","T","?","E","?","E","M","R","BOSS","R","$","E","BOSS"],"items_purchased_type":["Card","Card","Card","Relic","Card","Relic","Card","Relic"],"build_version":"2020-12-22","purchased_purges":2,"victory":false,"max_hp_per_floor":[70,70,70,70,70,70,70,70,70,70,70,70,70,70,70,70,70,70,70,70,70,70,77,77,77,77,77,77,77,77,77,77,77,77,77,77,77,77,77,77,77,77,77,77,77,77,77,77,77,77,77,77,77,77,77,77],"card_choices":[{"not_picked":["theMarked:ResourceFulStrike","theMarked:BanishingStrike"],"picked":"theMarked:MaelstromOfLightning","floor":1},{"not_picked":["theMarked:Electrocute","theMarked:SwordAndMagic"],"picked":"theMarked:Generate","floor":2},{"not_picked":["theMarked:TakeCover","theMarked:HeightenedSenses"],"picked":"theMarked:EnhanceMovement","floor":4},{"not_picked":["theMarked:Indomitable","theMarked:WastefulAttack"],"picked":"theMarked:MaelstromOfLightning","floor":5},{"not_picked":["theMarked:TwofoldDefense","theMarked:Generate"],"picked":"theMarked:GodGivenPower","floor":6},{"not_picked":["theMarked:MysticalArsenal","theMarked:SwordAndMagic"],"picked":"theMarked:RepellingDischarge","floor":13},{"not_picked":["theMarked:Aftermath","theMarked:BanishingWave"],"picked":"theMarked:ChainLightning","floor":14},{"not_picked":["theMarked:DispelDoubt","theMarked:Challenge"],"picked":"theMarked:Defy","floor":16},{"not_picked":["theMarked:Generate+1","theMarked:WastefulAttack"],"picked":"theMarked:RepellingDischarge+1","floor":18},{"not_picked":["theMarked:ElectricStrings","theMarked:RepellingDischarge"],"picked":"theMarked:EnhancedHearing+1","floor":20},{"not_picked":["theMarked:LightningStrikesTwice+1","theMarked:Generate"],"picked":"theMarked:SwordAndMagic","floor":21},{"not_picked":["theMarked:Overthink","theMarked:Parkour"],"picked":"theMarked:Reabsorb","floor":22},{"not_picked":["theMarked:BanishingWave","theMarked:ShockingTouch"],"picked":"theMarked:Snap","floor":23},{"not_picked":["theMarked:GodGivenPower","theMarked:Electrify+1"],"picked":"theMarked:Improvise+1","floor":25},{"not_picked":["theMarked:Aftermath","theMarked:ElectricStrings+1"],"picked":"theMarked:EmpowerWeapon+1","floor":28},{"not_picked":["theMarked:TwofoldDefense","theMarked:WardOff","theMarked:CreepingChasm"],"picked":"SKIP","floor":31},{"not_picked":["theMarked:SummonStrength","theMarked:MuscleMemory"],"picked":"theMarked:Levitate","floor":33},{"not_picked":["theMarked:HeightenedSenses","theMarked:ChainLightning+1"],"picked":"theMarked:Polarize","floor":35},{"not_picked":["theMarked:TwofoldDefense+1","theMarked:SwordAndMagic"],"picked":"theMarked:MaelstromOfLightning+1","floor":37},{"not_picked":["theMarked:WardOff","theMarked:Frustration+1"],"picked":"theMarked:TunnelVision","floor":39},{"not_picked":["theMarked:ComboAttacks","theMarked:LightningStrikesTwice+1","theMarked:ElectricStrings+1"],"picked":"SKIP","floor":40},{"not_picked":["theMarked:EmpowerWeapon+1","theMarked:Indomitable"],"picked":"theMarked:Polarize+1","floor":45},{"not_picked":["theMarked:ContemptForTheProud+1","theMarked:Electrify"],"picked":"theMarked:BindingBlade","floor":47},{"not_picked":["theMarked:ChainLightning+1","theMarked:EmpowerWeapon+1"],"picked":"theMarked:Polarize","floor":48},{"not_picked":["theMarked:ElectricStrings","theMarked:SwordAndMagic"],"picked":"theMarked:BindingBlade","floor":54}],"player_experience":354318,"relics_obtained":[{"floor":6,"key":"ReplayTheSpireMod:TigerMarble"},{"floor":23,"key":"Strawberry"},{"floor":26,"key":"Dead Branch"},{"floor":28,"key":"Pet Ghost"},{"floor":31,"key":"Tiny Chest"},{"floor":32,"key":"Sundial"},{"floor":38,"key":"Iron Hammer"},{"floor":40,"key":"Replay:Wax Seal"},{"floor":42,"key":"Potion Belt"},{"floor":43,"key":"Grinning Jar"},{"floor":45,"key":"Dream Catcher"},{"floor":47,"key":"Whetstone"},{"floor":54,"key":"theMarked:VonisonLock"}],"event_choices":[{"damage_healed":0,"gold_gain":0,"player_choice":"Take Wound","damage_taken":0,"relics_obtained":["Golden Idol"],"max_hp_gain":0,"max_hp_loss":0,"event_name":"Golden Idol","floor":8,"gold_loss":0,"cards_obtained":["Injury"]},{"cards_removed":["Injury"],"damage_healed":0,"gold_gain":0,"player_choice":"Card Removal","damage_taken":0,"max_hp_gain":0,"max_hp_loss":0,"event_name":"Wheel of Change","floor":11,"gold_loss":0},{"damage_healed":0,"gold_gain":0,"player_choice":"Dagger","damage_taken":6,"max_hp_gain":0,"max_hp_loss":0,"event_name":"betterThird:BetterNest","floor":19,"gold_loss":0,"cards_obtained":["RitualDagger"]},{"damage_healed":0,"gold_gain":333,"player_choice":"Gave Idol","damage_taken":0,"max_hp_gain":0,"max_hp_loss":0,"event_name":"The Moai Head","floor":36,"relics_lost":["Golden Idol"],"gold_loss":0},{"damage_healed":0,"gold_gain":0,"player_choice":"Paid","damage_taken":0,"relics_obtained":["Red Mask"],"max_hp_gain":0,"max_hp_loss":0,"event_name":"Tomb of Lord Red Mask","floor":46,"gold_loss":140}],"is_beta":false,"boss_relics":[{"not_picked":["theMarked:SpiritSword","Coffee Dripper"],"picked":"SlaversCollar"},{"not_picked":["theMarked:BronzeBlade","Runic Dome"],"picked":"ChewingGum"}],"items_purged_floors":[3,29],"is_endless":false,"potions_floor_spawned":[1,2,13,14,18,23,28,31,39,40,45],"killed_by":"The Heart","ascension_level":1}}