{"host":"ktoxvvst1mwxww91","time":1608900748,"event":{"mods":["BaseMod","Hermit","Minty Spire (QoL Compilation)","StSLib","The Hierophant","The Mystic","The Necromancer"],"gold_per_floor":[118,118,39,39,58,58,89,89,113,113,157,173,208,221,221,312,312,326,351,351,266,115,115,154,168,168,183,183,56,56,76,76,76,76],"floor_reached":33,"playtime":1486,"items_purged":["Zap","Defend_B"],"score":527,"play_id":"b43da95b-1cf3-490f-8388-3c86ae60eea0","local_time":"20201225135228","is_ascension_mode":true,"campfire_choices":[{"data":"Defragment","floor":6.0,"key":"SMITH"},{"data":"Loop","floor":8.0,"key":"SMITH"},{"data":"Machine Learning","floor":15.0,"key":"SMITH"},{"data":"Chill","floor":23.0,"key":"SMITH"},{"data":"Capacitor","floor":28,"key":"SMITH"},{"data":"Machine Learning","floor":30,"key":"SMITH"},{"data":"Leap","floor":32,"key":"SMITH"}],"circlet_count":0,"master_deck":["AscendersBane","Strike_B","Strike_B","Strike_B","Strike_B","Defend_B","Defend_B","Defend_B","Dualcast","Cold Snap+1","Glacier+1","Defragment+1","Loop+1","Chill+1","Cold Snap","Machine Learning+1","Gash","Machine Learning+1","Leap+1","Capacitor+1","Force Field+1","Cold Snap","Gash","Glacier+1"],"relics":["SacredBark","Golden Idol","Boot","Toy Ornithopter","Gremlin Horn","Strawberry","Coffee Dripper","Toxic Egg 2","Ancient Tea Set","The Courier"],"acts_visited":["Exordium","TheCity"],"potions_floor_usage":[25],"damage_taken":[{"damage":14.0,"enemies":"Jaw Worm","floor":1.0,"turns":4.0},{"damage":0.0,"enemies":"2 Louse","floor":5.0,"turns":2.0},{"damage":1.0,"enemies":"3 Sentries","floor":7.0,"turns":9.0},{"damage":3.0,"enemies":"Gremlin Nob","floor":11.0,"turns":8.0},{"damage":2.0,"enemies":"Small Slimes","floor":12.0,"turns":5.0},{"damage":1.0,"enemies":"3 Sentries","floor":13.0,"turns":14.0},{"damage":0.0,"enemies":"Exordium Wildlife","floor":14.0,"turns":6.0},{"damage":22.0,"enemies":"The Guardian","floor":16.0,"turns":16.0},{"damage":17.0,"enemies":"2 Thieves","floor":18.0,"turns":5.0},{"damage":0.0,"enemies":"Shell Parasite","floor":19.0,"turns":9.0},{"damage":0.0,"enemies":"Shelled Parasite and Fungi","floor":20.0,"turns":1.0},{"damage":28.0,"enemies":"Gremlin Leader","floor":24.0,"turns":13.0},{"damage":1,"enemies":"Snecko","floor":25,"turns":10},{"damage":21,"enemies":"3 Cultists","floor":27,"turns":11},{"damage":3,"enemies":"Snake Plant","floor":31,"turns":8},{"damage":14,"enemies":"Champ","floor":33,"turns":15}],"seed_played":"9074736327498411779","potions_obtained":[{"floor":5.0,"key":"LiquidBronze"},{"floor":13.0,"key":"SmokeBomb"},{"floor":14.0,"key":"Energy Potion"},{"floor":16.0,"key":"Block Potion"},{"floor":24.0,"key":"AttackPotion"},{"floor":27,"key":"SteroidPotion"}],"is_trial":false,"path_per_floor":["M","?","$","?","M","R","E","R","T","?","E","M","E","M","R","B",null,"M","M","M","?","$","R","E","M","T","M","R","$","R","M","R","B"],"character_chosen":"DEFECT","items_purchased":["Glacier","Capacitor","Gash"],"campfire_rested":0,"item_purchase_floors":[3,22,29],"current_hp_per_floor":[50,50,50,31,31,31,30,30,30,30,27,25,31,31,31,14,57,45,45,50,50,50,50,22,26,26,5,5,5,5,2,2,0,0],"gold":76,"neow_bonus":"BOSS_RELIC","is_daily":false,"chose_seed":false,"campfire_upgraded":7,"win_rate":0.0,"timestamp":1608900748,"path_taken":["M","?","$","?","M","R","E","R","T","?","E","M","E","M","R","BOSS","M","M","M","?","$","R","E","M","T","M","R","$","R","M","R","BOSS"],"items_purchased_type":["Card","Card","Card"],"build_version":"2020-12-22","purchased_purges":2,"victory":false,"max_hp_per_floor":[71,64,64,64,64,64,64,64,64,64,64,64,71,71,71,71,71,71,71,71,71,71,71,71,71,71,71,71,71,71,71,71,71,71],"card_choices":[{"not_picked":["Go for the Eyes","Ball Lightning"],"picked":"Cold Snap","floor":1.0},{"not_picked":["Darkness","Ball Lightning"],"picked":"Defragment","floor":5.0},{"not_picked":["Recycle","Reprogram"],"picked":"Loop","floor":7.0},{"not_picked":["Stack","Barrage"],"picked":"Chill","floor":11.0},{"not_picked":["Redo","Ball Lightning"],"picked":"Cold Snap","floor":12.0},{"not_picked":["Conserve Battery","Hologram"],"picked":"Machine Learning","floor":13.0},{"not_picked":["Go for the Eyes","Static Discharge"],"picked":"Gash","floor":14.0},{"not_picked":["Meteor Strike","Echo Form"],"picked":"Machine Learning","floor":16.0},{"not_picked":["Darkness","Rebound"],"picked":"Leap","floor":18.0},{"not_picked":["Rip and Tear+1","Genetic Algorithm","Doom and Gloom"],"picked":"SKIP","floor":19.0},{"not_picked":["Hologram+1","Streamline"],"picked":"Force Field+1","floor":24.0},{"not_picked":["Turbo+1","Rainbow+1","Ball Lightning"],"picked":"SKIP","floor":25},{"not_picked":["Scrape","Leap+1"],"picked":"Cold Snap","floor":27},{"not_picked":["FTL","Barrage"],"picked":"Glacier+1","floor":31}],"player_experience":925198,"relics_obtained":[{"floor":7.0,"key":"Boot"},{"floor":9.0,"key":"Toy Ornithopter"},{"floor":11.0,"key":"Gremlin Horn"},{"floor":13.0,"key":"Strawberry"},{"floor":24.0,"key":"Ancient Tea Set"},{"floor":26,"key":"The Courier"}],"event_choices":[{"damage_healed":0.0,"max_hp_gain":0.0,"max_hp_loss":7.0,"gold_gain":0.0,"event_name":"Golden Idol","player_choice":"Lose Max HP","floor":2.0,"gold_loss":0.0,"damage_taken":0.0,"relics_obtained":["Golden Idol"]},{"damage_healed":0.0,"max_hp_gain":0.0,"max_hp_loss":0.0,"gold_gain":0.0,"event_name":"Shining Light","player_choice":"Entered Light","floor":4.0,"gold_loss":0.0,"damage_taken":19.0,"cards_upgraded":["Glacier","Cold Snap"]},{"damage_healed":0.0,"max_hp_gain":0.0,"max_hp_loss":0.0,"gold_gain":0.0,"event_name":"Scrap Ooze","player_choice":"Fled","floor":10.0,"gold_loss":0.0,"damage_taken":0.0},{"damage_healed":0.0,"max_hp_gain":0.0,"max_hp_loss":0.0,"gold_gain":0.0,"event_name":"Addict","player_choice":"Obtained Relic","floor":21.0,"gold_loss":85.0,"damage_taken":0.0,"relics_obtained":["Toxic Egg 2"]}],"is_beta":false,"boss_relics":[{"not_picked":["Nuclear Battery","Runic Pyramid"],"picked":"Coffee Dripper"}],"items_purged_floors":[22,29],"is_endless":false,"potions_floor_spawned":[5,13,14,16,20,24,27],"killed_by":"Champ","ascension_level":17}}