{"host":"bbld1ic1uj90ldt9","time":1608928110,"event":{"mods":["2.2 Compatiblity","AchievementEnabler","Act Like it!","BaseMod","Better Third Choice","Conspire","Downfall","Emptier Cage","Gensokyo","Hallownest","Hermit","Highlight Path","Hubris","Marisa????????","Minty Spire (QoL Compilation)","Random Character Button","Replay The Spire","StSLib","The Animator","The Bug Knight","The Cursed","The Disciple","The Hierophant","The Jungle","The Runesmith","The Servant 0.9.4"],"gold_per_floor":[159,159,159,176,186,218,235,235,235],"floor_reached":8,"playtime":697,"items_purged":[],"score":75,"play_id":"50f5f21a-a379-479c-89ed-555e722552a5","local_time":"20201225212830","is_ascension_mode":true,"campfire_choices":[],"circlet_count":0,"master_deck":["Strike_MRS","Strike_MRS","Strike_MRS","Strike_MRS+1","Defend_MRS","Defend_MRS","Defend_MRS","Defend_MRS","MasterSpark","UpSweep","SporeBomb","MilkyWay","StarlightTyphoon","GalacticHalo","PowerUp"],"relics":["MiniHakkero","Tiny House","ExperimentalFamiliar","conspire:Dentures","Hallownest:DreamNailRelic","BreadOfAWashokuLover"],"acts_visited":["Hallownest:Greenpath"],"potions_floor_usage":[0,8,8],"damage_taken":[{"damage":9,"enemies":"Hallownest:2_MossCreeps","floor":1,"turns":4},{"damage":0,"enemies":"Hallownest:2_Baldur","floor":4,"turns":1},{"damage":2,"enemies":"Hallownest:monsterHuskGuard","floor":5,"turns":3},{"damage":41,"enemies":"Hallownest:eliteCrystalGuardian","floor":6,"turns":6},{"damage":2,"enemies":"Hallownest:MossCreep_and_Mosskin","floor":7,"turns":2},{"damage":27,"enemies":"Hallownest:eliteMossKnight","floor":8,"turns":9}],"seed_played":"6435669242687129195","potions_obtained":[{"floor":0,"key":"Fruit Juice"},{"floor":1,"key":"EssenceOfSteel"},{"floor":7,"key":"AttackPotion"}],"is_trial":false,"path_per_floor":["M","T","?","M","M","E","M","E"],"character_chosen":"MARISA","items_purchased":[],"campfire_rested":0,"item_purchase_floors":[],"current_hp_per_floor":[69,69,69,69,67,26,24,0,0],"gold":235,"neow_bonus":"DOUBLE_BOSS_RELIC","is_daily":false,"chose_seed":false,"campfire_upgraded":0,"win_rate":0.0,"timestamp":1608928110,"path_taken":["M","?","?","?","M","E","M","E"],"items_purchased_type":[],"build_version":"2020-12-22","purchased_purges":0,"victory":false,"max_hp_per_floor":[85,85,85,85,85,85,85,85,85],"card_choices":[{"not_picked":["ChargingUp","IllusionStar"],"picked":"SporeBomb","floor":0},{"not_picked":["Orbital","DeepEcoloBomb"],"picked":"MilkyWay","floor":1},{"not_picked":["6A","GravityBeat"],"picked":"StarlightTyphoon","floor":4},{"not_picked":["StarlightTyphoon","Occultation"],"picked":"GalacticHalo","floor":5},{"not_picked":["CasketOfStar","GravityBeat"],"picked":"PowerUp","floor":6},{"not_picked":["GravityBeat","GrandCross","ShootingEcho"],"picked":"SKIP","floor":7}],"player_experience":2159549,"relics_obtained":[{"floor":2,"key":"conspire:Dentures"},{"floor":6,"key":"BreadOfAWashokuLover"}],"event_choices":[],"is_beta":false,"boss_relics":[],"items_purged_floors":[],"is_endless":false,"potions_floor_spawned":[1,7],"killed_by":"Hallownest:eliteMossKnight","ascension_level":7}}