{"host":"3jpwrwmmgyabjceh","time":1608903665,"event":{"mods":["AchievementEnabler","BaseMod","Colored Map","Colored Powertips","Highlight Path","Minty Spire (QoL Compilation)","Quick Restart","StSLib"],"gold_per_floor":[111,131,60,74,90,90,108,126,126,301,301,301,311,327,327,431,431,443,542,220,236,236,270,270,270,270],"floor_reached":25,"playtime":5048,"items_purged":["Strike_B"],"score":258,"play_id":"f1c86d20-9949-46b1-b944-4da16c6170c9","local_time":"20201225164105","is_ascension_mode":true,"campfire_choices":[{"data":"Hologram","floor":6.0,"key":"SMITH"},{"floor":15.0,"key":"REST"},{"data":"Buffer","floor":24,"key":"SMITH"}],"circlet_count":0,"master_deck":["Strike_B","Strike_B","Strike_B","Defend_B","Defend_B","Defend_B","Defend_B","Zap","Dualcast+1","Sweeping Beam","Gash","Conserve Battery+1","Rebound","Hologram+1","Sweeping Beam","Gash","Buffer+1","Redo+1"],"relics":["Cracked Core","Sozu","White Beast Statue","FaceOfCleric","Bag of Marbles"],"acts_visited":["Exordium","TheCity"],"potions_floor_usage":[23],"damage_taken":[{"damage":1.0,"enemies":"Cultist","floor":1.0,"turns":3.0},{"damage":0.0,"enemies":"2 Louse","floor":2.0,"turns":1.0},{"damage":0.0,"enemies":"Small Slimes","floor":4.0,"turns":3.0},{"damage":0.0,"enemies":"2 Fungi Beasts","floor":5.0,"turns":2.0},{"damage":2.0,"enemies":"Looter","floor":7.0,"turns":3.0},{"damage":16.0,"enemies":"Gremlin Gang","floor":8.0,"turns":4.0},{"damage":0.0,"enemies":"Lots of Slimes","floor":13.0,"turns":1.0},{"damage":8.0,"enemies":"Blue Slaver","floor":14.0,"turns":3.0},{"damage":15.0,"enemies":"Slime Boss","floor":16.0,"turns":9.0},{"damage":11.0,"enemies":"Spheric Guardian","floor":18.0,"turns":4.0},{"damage":0.0,"enemies":"3 Byrds","floor":21.0,"turns":4.0},{"damage":41,"enemies":"Slavers","floor":23,"turns":6},{"damage":36,"enemies":"Centurion and Healer","floor":25,"turns":4}],"seed_played":"-5120859332467392676","potions_obtained":[{"floor":1.0,"key":"ColorlessPotion"},{"floor":7.0,"key":"SmokeBomb"},{"floor":8.0,"key":"EntropicBrew"},{"floor":13.0,"key":"Ancient Potion"}],"is_trial":false,"path_per_floor":["M","M","$","M","M","R","M","M","T","?","?","?","M","M","R","B",null,"M","?","$","M","?","E","R","M"],"character_chosen":"DEFECT","items_purchased":["Rebound","Hologram","White Beast Statue"],"campfire_rested":1,"item_purchase_floors":[3,3,20],"current_hp_per_floor":[74,74,74,74,74,74,72,56,56,56,49,34,34,26,48,33,75,64,64,64,64,64,24,24,0,0],"gold":270,"neow_bonus":"THREE_CARDS","is_daily":false,"chose_seed":false,"campfire_upgraded":2,"win_rate":0.0,"timestamp":1608903665,"path_taken":["M","M","$","M","M","R","M","?","T","?","?","?","M","M","R","BOSS","M","?","$","M","?","E","R","M"],"items_purchased_type":["Card","Card","Relic"],"build_version":"2020-12-22","purchased_purges":1,"victory":false,"max_hp_per_floor":[75,75,75,75,75,75,75,75,75,75,75,75,75,75,75,75,75,75,75,75,75,75,76,76,76,76],"card_choices":[{"not_picked":["Beam Cell","Conserve Battery"],"picked":"Sweeping Beam","floor":0.0},{"not_picked":["FTL","Ball Lightning"],"picked":"Gash","floor":1.0},{"not_picked":["Sweeping Beam","Ball Lightning"],"picked":"Conserve Battery","floor":2.0},{"not_picked":["Turbo","Reinforced Body","Fusion"],"picked":"SKIP","floor":4.0},{"not_picked":["Aggregate","Consume"],"picked":"Sweeping Beam","floor":5.0},{"not_picked":["BootSequence","Rebound","Stack"],"picked":"SKIP","floor":7.0},{"not_picked":["Steam Power","Hello World","Chaos"],"picked":"SKIP","floor":8.0},{"not_picked":["Capacitor","Doom and Gloom","Barrage"],"picked":"SKIP","floor":13.0},{"not_picked":["Sunder","Stack"],"picked":"Gash","floor":14.0},{"not_picked":["Rainbow","Multi-Cast"],"picked":"Buffer","floor":16.0},{"not_picked":["Darkness","Hello World","Sunder"],"picked":"SKIP","floor":18.0},{"not_picked":["Barrage","Fusion"],"picked":"Redo+1","floor":21.0},{"not_picked":["Coolheaded+1","Auto Shields","Rainbow"],"picked":"SKIP","floor":23}],"player_experience":276124,"relics_obtained":[{"floor":23,"key":"Bag of Marbles"}],"event_choices":[{"damage_healed":0.0,"max_hp_gain":0.0,"max_hp_loss":0.0,"gold_gain":175.0,"event_name":"Liars Game","player_choice":"AGREE","floor":10.0,"gold_loss":0.0,"damage_taken":0.0,"cards_obtained":["Doubt"]},{"cards_removed":["Doubt"],"damage_healed":0.0,"max_hp_gain":0.0,"max_hp_loss":0.0,"gold_gain":0.0,"event_name":"Golden Wing","player_choice":"Card Removal","floor":11.0,"gold_loss":0.0,"damage_taken":7.0},{"damage_healed":0.0,"max_hp_gain":0.0,"max_hp_loss":0.0,"gold_gain":0.0,"event_name":"Shining Light","player_choice":"Entered Light","floor":12.0,"gold_loss":0.0,"damage_taken":15.0,"cards_upgraded":["Conserve Battery","Dualcast"]},{"damage_healed":0.0,"max_hp_gain":0.0,"max_hp_loss":0.0,"gold_gain":99.0,"event_name":"Nest","player_choice":"Stole From Cult","floor":19.0,"gold_loss":0.0,"damage_taken":0.0},{"damage_healed":0.0,"max_hp_gain":0.0,"max_hp_loss":0.0,"gold_gain":0.0,"event_name":"FaceTrader","player_choice":"Trade","floor":22.0,"gold_loss":0.0,"damage_taken":0.0,"relics_obtained":["FaceOfCleric"]}],"is_beta":false,"boss_relics":[{"not_picked":["Cursed Key","Nuclear Battery"],"picked":"Sozu"}],"items_purged_floors":[20],"is_endless":false,"potions_floor_spawned":[1,7,8,13,14,21,23],"killed_by":"Centurion and Healer","ascension_level":4}}