{"host":"mlczotyo8j5fj6lt","time":1608904804,"event":{"mods":["Ascension Reborn","BaseMod","Bestiary","Better Altar","Better Match","Better Note","Better Sensory Stone","Better Skull","Better Third Choice","BetterRewards","Curses Come First","Hermit","Hubris","Minty Spire (QoL Compilation)","Quick Restart","Replay The Spire","StSLib","The Blue Laboratory"],"gold_per_floor":[116,77,126,137,137,137,170,187,187,135,135,146,176,176,176,273,273,284,284,284,298,298,325,337,26,52,71,71,71,88,118,118,118,118],"floor_reached":33,"playtime":10376,"items_purged":[],"score":318,"play_id":"54267e34-29a9-4fab-8f7a-25466b0fa75f","local_time":"20201225150004","is_ascension_mode":true,"campfire_choices":[{"data":"hermit:Showdown","floor":6,"key":"SMITH"},{"data":"hermit:HighCaliber","floor":11,"key":"SMITH"},{"floor":15,"key":"DIG"},{"floor":29,"key":"REST"},{"data":"hermit:Malice","floor":32,"key":"SMITH"}],"circlet_count":0,"master_deck":["hermit:Strike_Hermit","hermit:Strike_Hermit","hermit:Strike_Hermit","hermit:Strike_Hermit","hermit:Defend_Hermit","hermit:Defend_Hermit","hermit:Defend_Hermit","hermit:Defend_Hermit","hermit:Snapshot","hermit:Covet","hermit:Showdown+1","hermit:HighCaliber+1","hermit:HighCaliber","hermit:Malice+1","Secret Weapon","hermit:Vantage","hermit:CursedWeapon+1","hermit:WideOpen+1","hermit:Roulette+1","hermit:Quickdraw+1","hubris:Disease","hermit:Reprieve+1","hermit:Deadeye+1","hermit:Quickdraw+1","hermit:Roughhouse+1","Pain","hermit:Misfire+1","hermit:Headshot+1","hermit:Misfire+1","hermit:Enervate+1","hermit:Cheat","hermit:FromBeyond"],"relics":["hermit:Momento","NeowsBlessing","hubris:TenFootPole","Molten Egg 2","Quantum Egg","Question Card","hubris:PeanutButter","Runic Pyramid","WarpedTongs","ReplayTheSpireMod:TigerMarble","hubris:DeckOfHolding","hermit:RyeStalk","hubris:Icosahedron","Gremlin Food"],"acts_visited":["Exordium","TheCity"],"potions_floor_usage":[16,23,23,31,33],"damage_taken":[{"damage":0,"enemies":"Cultist","floor":1,"turns":1},{"damage":0,"enemies":"2 Louse","floor":4,"turns":1},{"damage":0,"enemies":"Lagavulin","floor":7,"turns":1},{"damage":0,"enemies":"Jaw Worm","floor":8,"turns":2},{"damage":10,"enemies":"Exordium Wildlife","floor":12,"turns":4},{"damage":8,"enemies":"Gremlin Nob","floor":13,"turns":3},{"damage":45,"enemies":"Fading Forest","floor":16,"turns":11},{"damage":21,"enemies":"2 Thieves","floor":18,"turns":4},{"damage":0,"enemies":"Chosen","floor":21,"turns":2},{"damage":11,"enemies":"Book of Stabbing","floor":23,"turns":4},{"damage":10,"enemies":"Centurion and Healer","floor":24,"turns":3},{"damage":10,"enemies":"3 Cultists","floor":27,"turns":4},{"damage":0,"enemies":"Cultist and Chosen","floor":30,"turns":4},{"damage":3,"enemies":"Slavers","floor":31,"turns":4},{"damage":79,"enemies":"Automaton","floor":33,"turns":8}],"seed_played":"-1363032144236031888","potions_obtained":[{"floor":1,"key":"Venom Potion"},{"floor":4,"key":"LifebloodPotion"},{"floor":7,"key":"BlessingOfTheForge"},{"floor":16,"key":"blueLaboratory:TrueEctoplasm"},{"floor":21,"key":"Fire Potion"},{"floor":30,"key":"LifebloodPotion"},{"floor":31,"key":"EssenceOfSteel"}],"is_trial":false,"path_per_floor":["M","$","T","M","?","R","E","M","T","$","R","M","E","?","R","B",null,"M","?","?","M","?","E","M","$","T","M","?","R","M","E","R","B"],"character_chosen":"HERMIT","items_purchased":["hermit:HighCaliber","hermit:WideOpen+1","hubris:DeckOfHolding","hermit:Misfire+1"],"campfire_rested":1,"item_purchase_floors":[2,10,25,25],"current_hp_per_floor":[75,75,75,75,75,75,75,75,75,75,75,65,57,57,57,12,75,54,54,54,54,54,51,49,49,49,43,43,65,65,72,72,0,0],"gold":118,"neow_bonus":"THREE_ENEMY_KILL","is_daily":false,"chose_seed":false,"campfire_upgraded":3,"win_rate":0.0,"timestamp":1608904804,"path_taken":["M","$","?","M","?","R","E","M","T","?","R","M","E","?","R","BOSS","M","?","?","M","?","E","M","$","T","M","?","R","?","E","R","BOSS"],"items_purchased_type":["Card","Card","Relic","Card"],"build_version":"2020-12-22","purchased_purges":0,"victory":false,"max_hp_per_floor":[75,75,75,75,75,75,75,75,75,75,75,75,75,75,75,75,75,75,75,75,75,75,75,75,75,75,75,75,75,75,75,75,75,75],"card_choices":[{"not_picked":["hermit:Midnight","hermit:SprayPray"],"picked":"hermit:Showdown","floor":1},{"not_picked":["hermit:Snipe","hermit:FlashPowder"],"picked":"hermit:Malice","floor":4},{"not_picked":["Finesse","Panacea"],"picked":"Secret Weapon","floor":5},{"not_picked":["hermit:LowProfile","hermit:ShadowCloak"],"picked":"hermit:Vantage","floor":7},{"not_picked":["hermit:Coalescence","hermit:Vantage"],"picked":"hermit:CursedWeapon+1","floor":8},{"not_picked":["hermit:HoleUp","hermit:HighCaliber+1"],"picked":"hermit:Roulette+1","floor":12},{"not_picked":["hermit:HoleUp","hermit:Cheat"],"picked":"hermit:Quickdraw+1","floor":13},{"not_picked":["hermit:Adapt","hermit:OverwhelmingPower","hermit:EternalForm"],"picked":"hermit:Reprieve","floor":16},{"not_picked":["hermit:Quickdraw+1","hermit:HighCaliber+1","hermit:FlashPowder"],"picked":"hermit:Deadeye+1","floor":18},{"not_picked":["hermit:TrackingShot+1","hermit:Ricochet+1","hermit:LowProfile"],"picked":"hermit:Roughhouse+1","floor":21},{"not_picked":["hermit:ShadowCloak","hermit:OverwhelmingPower","hermit:Roulette+1"],"picked":"hermit:Misfire+1","floor":23},{"not_picked":["hermit:Scavenge","hermit:HoleUp","hermit:Dive+1"],"picked":"hermit:Headshot+1","floor":24},{"not_picked":["hermit:Spite+1","hermit:Ricochet+1","hermit:ItchyTrigger+1"],"picked":"hermit:Enervate+1","floor":27},{"not_picked":["hermit:CursedWeapon+1","hermit:HighCaliber+1","hermit:Desperado+1"],"picked":"hermit:Cheat","floor":30},{"not_picked":["hermit:HoleUp","hermit:Manifest","hermit:Shortfuse+1"],"picked":"hermit:FromBeyond","floor":31}],"player_experience":121257,"relics_obtained":[{"floor":3,"key":"hubris:TenFootPole"},{"floor":7,"key":"Molten Egg 2"},{"floor":9,"key":"Quantum Egg"},{"floor":13,"key":"Question Card"},{"floor":15,"key":"hubris:PeanutButter"},{"floor":23,"key":"ReplayTheSpireMod:TigerMarble"},{"floor":26,"key":"hermit:RyeStalk"},{"floor":31,"key":"Gremlin Food"}],"event_choices":[{"damage_healed":0,"gold_gain":1,"player_choice":"1","damage_taken":0,"max_hp_gain":0,"max_hp_loss":0,"event_name":"betterStone:BetterStone","floor":5,"gold_loss":0},{"damage_healed":0,"gold_gain":0,"player_choice":"Copied","damage_taken":0,"max_hp_gain":0,"max_hp_loss":0,"event_name":"Duplicator","floor":19,"gold_loss":0,"cards_obtained":["hermit:Quickdraw"]},{"damage_healed":0,"gold_gain":0,"player_choice":"Upgraded","damage_taken":0,"max_hp_gain":0,"max_hp_loss":0,"event_name":"Upgrade Shrine","floor":20,"gold_loss":0,"cards_upgraded":["hermit:Reprieve"]},{"damage_healed":0,"gold_gain":0,"player_choice":"Rummage","damage_taken":0,"relics_obtained":["WarpedTongs"],"max_hp_gain":0,"max_hp_loss":0,"event_name":"Accursed Blacksmith","floor":22,"gold_loss":0,"cards_obtained":["Pain"]}],"is_beta":false,"boss_relics":[{"not_picked":["Ring of Chaos","Velvet Choker"],"picked":"Runic Pyramid"}],"items_purged_floors":[],"is_endless":false,"potions_floor_spawned":[1,4,7,13,16,21,30,31],"killed_by":"Automaton","ascension_level":0}}