{"host":"mytek2nu1hrzdnew","time":1608872357,"event":{"mods":["Aspiration","BaseMod","Conspire","GifTheSpireLib","Gold Saver","Hubris","Melee Mod","Minty Spire (QoL Compilation)","Replay The Spire","StSLib","Stuff the Spire"],"gold_per_floor":[110,74,74,89,108,139,139,157,157,183,263,281,53,53,53,153,153,172,271,290,306,320,349,349,359,359,20,31,54,73,107,107,206,206,219,269,280,39,39,39,49,49,49,100,115,115,147,161,161,266,266,286,361,210,210,222,245,284,81,81,81,115,115,149,165,165,261,261,271,116,116,116,116,143,143,171,197,197,211,221,221,253,253,348,348,358,408,408,419,429,459,459,488,513,513,513,533,533,373,373,471,471,485,225,225,237,237,237,266,285,314,314,323,340,372,383,383,479,479,495,515,287,307,97,129,129,143,170,189,210,237,251,266,266,266,266],"floor_reached":135,"playtime":9682,"items_purged":["Wraith Form v2"],"score":3712,"play_id":"618f3929-fd97-4efb-8c27-491ddb9ceb7e","local_time":"20201224235917","daily_mods":["SealedDeck","Vintage","Diverse","Heirloom","Time Dilation","Binary"],"is_ascension_mode":false,"campfire_choices":[{"floor":7,"key":"REST"},{"data":"Echo Form","floor":15,"key":"SMITH"},{"data":"Chill","floor":15,"key":"SMITH"},{"data":"Noxious Fumes","floor":24,"key":"SMITH"},{"data":"Blizzard","floor":24,"key":"SMITH"},{"floor":32,"key":"REST"},{"data":"Mayhem","floor":40,"key":"SMITH"},{"data":"FIFO Queue","floor":40,"key":"SMITH"},{"data":"StuffTheSpire:Coldhearted","floor":42,"key":"SMITH"},{"data":"Crow Ritual","floor":42,"key":"SMITH"},{"data":"Demon Form","floor":46,"key":"SMITH"},{"data":"JustLucky","floor":46,"key":"SMITH"},{"data":"White Noise","floor":61,"key":"SMITH"},{"data":"Nirvana","floor":61,"key":"SMITH"},{"data":"Evaluate","floor":66,"key":"SMITH"},{"data":"PathToVictory","floor":66,"key":"SMITH"},{"floor":75,"key":"REST"},{"data":"StuffTheSpire:Coldhearted+1","floor":92,"key":"SMITH"},{"data":"Crow Ritual+1","floor":92,"key":"SMITH"},{"data":"Crow Ritual+2","floor":96,"key":"SMITH"},{"data":"StuffTheSpire:Coldhearted+2","floor":96,"key":"SMITH"},{"data":"JustLucky+1","floor":100,"key":"SMITH"},{"data":"Juggernaut+1","floor":100,"key":"SMITH"},{"data":"StuffTheSpire:Coldhearted+3","floor":108,"key":"SMITH"},{"data":"StuffTheSpire:Coldhearted+4","floor":108,"key":"SMITH"},{"data":"StuffTheSpire:Coldhearted+5","floor":112,"key":"SMITH"},{"data":"Juggernaut+2","floor":112,"key":"SMITH"},{"floor":117,"key":"DIG"},{"data":"A Thousand Cuts","floor":126,"key":"SMITH"},{"data":"StuffTheSpire:Coldhearted+6","floor":126,"key":"SMITH"},{"data":"A Thousand Cuts+1","floor":134,"key":"SMITH"},{"data":"StuffTheSpire:Coldhearted+7","floor":134,"key":"SMITH"}],"circlet_count":0,"master_deck":["Demon Form+1","Echo Form+1","DevaForm+1","PathToVictory+2","Evaluate+2","Blizzard+1","JustLucky+2","Go for the Eyes+1","Chill+1","Noxious Fumes+1","Ball Lightning+1","FIFO Queue+1","Mayhem+1","Crow Ritual+3","Juggernaut+3","Nirvana+1","White Noise+1","Panache+1","Caltrops+1","Voices","StuffTheSpire:Coldhearted+8","A Thousand Cuts+2","Sadistic Nature"],"relics":["Cracked Core","Busted Crown","Replay:Arrowhead","Whetstone","hubris:Towel","Letter Opener","Dream Catcher","Gremlin Horn","Bottled Flame","conspire:Dentures","Emotion Chip","Singing Bowl","Meat on the Bone","Lee\u0027s Waffle","SlaversCollar","Solar Panel","Vajra","Juzu Bracelet","Omamori","conspire:GiftBox","Question Card","hubris:MedicalManual","StuffTheSpire:Experiment12","hubris:SphereOfDissonance","Bronze Scales","StuffTheSpire:EmeraldSignet","Red Mask","SacredBark","aspiration:SeaSaltIceCream","Unceasing Top","hubris:Zylophone","Bag of Preparation","Membership Card","Tiny Chest","hubris:FunFungus","Regal Pillow","Eternal Feather","Mercury Hourglass","Potion Belt","Runic Dome","Garlic","Chemical X","MawBank","hubris:RGBLights","Anchor","Toolbox","StuffTheSpire:CocoNut","Boot","Onion Ring","Oddly Smooth Stone","Torii","PrismaticShard","Iron Hammer","Lantern","Replay:Ancient Bell","Replay:Baseball","Replay:WaspNest","aspiration:SneckoTail","Replay:Bottled Steam","conspire:InfiniteJournal","Chameleon Ring","Nunchaku","StuffTheSpire:Gunfinga","conspire:TreasureMap","aspiration:SecretTechniqueScroll","Replay:Wax Seal","hubris:SlimyHat","Du-Vu Doll","Replay:Antivirus Software","CeramicFish","Ring of Misfortune","StuffTheSpire:RubySignet","aspiration:FaultyCoupler","Replay:Bottled Flurry","aspiration:BursterCore","StuffTheSpire:ForceGauntlet","StuffTheSpire:ColdMirror","PreservedInsect","Guide Book","StuffTheSpire:Mouthbags","War Paint","aspiration:Lifesprig","aspiration:VileToxins","aspiration:EnhancedActuators","Matryoshka","conspire:DeflatedDodgeball","Strawberry"],"acts_visited":["Exordium","TheCity","TheBeyond","Exordium","TheCity","TheBeyond","Exordium","TheCity"],"potions_floor_usage":[4,16,16,21,22,31,35,36,48,50,50,50,50,50,50,50,50,50,50,50,57,58,58,62,67,74,84,84,87,90,91,115,115,116,125,125],"damage_taken":[{"damage":0,"enemies":"Small Slimes","floor":1,"turns":3},{"damage":0,"enemies":"Jaw Worm","floor":4,"turns":4},{"damage":0,"enemies":"Cultist","floor":5,"turns":2},{"damage":13,"enemies":"3 Sentries","floor":6,"turns":5},{"damage":6,"enemies":"3 Louse","floor":8,"turns":3},{"damage":32,"enemies":"Gremlin Nob","floor":10,"turns":4},{"damage":23,"enemies":"Exordium Wildlife","floor":12,"turns":3},{"damage":0,"enemies":"Fading Forest","floor":16,"turns":9},{"damage":23,"enemies":"2 Thieves","floor":18,"turns":4},{"damage":1,"enemies":"3 Byrds","floor":20,"turns":4},{"damage":9,"enemies":"Snake Plant","floor":21,"turns":4},{"damage":5,"enemies":"3 Cultists","floor":22,"turns":4},{"damage":0,"enemies":"Gremlin Leader","floor":23,"turns":4},{"damage":9,"enemies":"Centurion and Healer","floor":25,"turns":5},{"damage":2,"enemies":"Sentry and Sphere","floor":28,"turns":5},{"damage":6,"enemies":"Snecko","floor":30,"turns":4},{"damage":29,"enemies":"Masked Bandits","floor":31,"turns":4},{"damage":1,"enemies":"conspire:MysteriousRune","floor":33,"turns":7},{"damage":0,"enemies":"Orb Walker","floor":35,"turns":3},{"damage":0,"enemies":"Mind Bloom Boss Battle","floor":36,"turns":5},{"damage":8,"enemies":"3 Darklings","floor":37,"turns":6},{"damage":15,"enemies":"Maw","floor":41,"turns":6},{"damage":0,"enemies":"R_Hoarder","floor":44,"turns":7},{"damage":13,"enemies":"Spire Growth","floor":45,"turns":4},{"damage":0,"enemies":"Giant Head","floor":47,"turns":6},{"damage":0,"enemies":"4 Shapes","floor":48,"turns":2},{"damage":0,"enemies":"Donu and Deca","floor":50,"turns":6},{"damage":12,"enemies":"Jaw Worm","floor":52,"turns":2},{"damage":4,"enemies":"Small Slimes","floor":56,"turns":2},{"damage":0,"enemies":"Cultist","floor":57,"turns":2},{"damage":0,"enemies":"Lagavulin","floor":58,"turns":2},{"damage":0,"enemies":"3 Sentries","floor":62,"turns":2},{"damage":0,"enemies":"conspire:MimicChest","floor":64,"turns":3},{"damage":0,"enemies":"Lots of Slimes","floor":65,"turns":2},{"damage":0,"enemies":"Fading Forest","floor":67,"turns":6},{"damage":0,"enemies":"Chosen","floor":69,"turns":3},{"damage":0,"enemies":"Book of Stabbing","floor":74,"turns":3},{"damage":0,"enemies":"Gremlin Leader","floor":76,"turns":2},{"damage":6,"enemies":"Book of Stabbing","floor":77,"turns":3},{"damage":0,"enemies":"Shell Parasite","floor":79,"turns":1},{"damage":0,"enemies":"Snake Plant","floor":80,"turns":3},{"damage":1,"enemies":"Gremlin Leader","floor":82,"turns":3},{"damage":3,"enemies":"hubris:MusketHawk","floor":84,"turns":4},{"damage":8,"enemies":"3 Darklings","floor":86,"turns":2},{"damage":0,"enemies":"Mind Bloom Boss Battle","floor":87,"turns":4},{"damage":0,"enemies":"3 Shapes","floor":89,"turns":2},{"damage":0,"enemies":"3 Darklings","floor":90,"turns":3},{"damage":26,"enemies":"Reptomancer","floor":91,"turns":4},{"damage":37,"enemies":"R_Hoarder","floor":93,"turns":5},{"damage":0,"enemies":"Nemesis","floor":94,"turns":4},{"damage":18,"enemies":"Transient","floor":97,"turns":5},{"damage":43,"enemies":"Time Eater","floor":101,"turns":5},{"damage":0,"enemies":"2 Louse","floor":103,"turns":1},{"damage":0,"enemies":"Jaw Worm","floor":106,"turns":2},{"damage":0,"enemies":"3 Sentries","floor":109,"turns":2},{"damage":0,"enemies":"Small Slimes","floor":110,"turns":2},{"damage":0,"enemies":"Gremlin Nob","floor":111,"turns":3},{"damage":0,"enemies":"Blue Slaver","floor":114,"turns":1},{"damage":0,"enemies":"3 Sentries","floor":115,"turns":2},{"damage":0,"enemies":"3 Louse","floor":116,"turns":1},{"damage":0,"enemies":"Fading Forest","floor":118,"turns":6},{"damage":0,"enemies":"2 Thieves","floor":120,"turns":2},{"damage":0,"enemies":"Chosen","floor":121,"turns":2},{"damage":0,"enemies":"Snecko","floor":123,"turns":2},{"damage":0,"enemies":"Book of Stabbing","floor":125,"turns":2},{"damage":1,"enemies":"3 Cultists","floor":127,"turns":3},{"damage":0,"enemies":"Gremlin Leader","floor":128,"turns":2},{"damage":0,"enemies":"Cultist and Chosen","floor":129,"turns":3},{"damage":0,"enemies":"Centurion and Healer","floor":130,"turns":3},{"damage":0,"enemies":"Book of Stabbing","floor":131,"turns":2},{"damage":9,"enemies":"Snecko","floor":132,"turns":3},{"damage":0,"enemies":"Snake Plant","floor":133,"turns":1},{"damage":358,"enemies":"Pondfish","floor":135,"turns":3}],"seed_played":"-3292510764646221404","potions_obtained":[{"floor":1,"key":"Block Potion"},{"floor":8,"key":"Reflective Coating"},{"floor":12,"key":"Swift Potion"},{"floor":18,"key":"Elixir"},{"floor":20,"key":"FocusPotion"},{"floor":22,"key":"Fruit Juice"},{"floor":28,"key":"LiquidBronze"},{"floor":33,"key":"SkillPotion"},{"floor":35,"key":"Languid Potion"},{"floor":37,"key":"Explosive Potion"},{"floor":48,"key":"Dexterity Potion"},{"floor":49,"key":"EntropicBrew"},{"floor":49,"key":"Strength Potion"},{"floor":50,"key":"Reflective Coating"},{"floor":52,"key":"Explosive Potion"},{"floor":56,"key":"PowerPotion"},{"floor":69,"key":"SteroidPotion"},{"floor":74,"key":"Fruit Juice"},{"floor":80,"key":"Dexterity Potion"},{"floor":83,"key":"Block Potion"},{"floor":86,"key":"CultistPotion"},{"floor":90,"key":"Swift Potion"},{"floor":91,"key":"Elixir"},{"floor":106,"key":"LiquidMemories"},{"floor":111,"key":"ColorlessPotion"},{"floor":115,"key":"DuplicationPotion"},{"floor":120,"key":"EssenceOfSteel"},{"floor":123,"key":"Swift Potion"},{"floor":130,"key":"Dexterity Potion"}],"is_trial":true,"path_per_floor":["M","$","?","M","M","E","R","M","T","E","T","M","$","?","R","B",null,"M","?","M","M","M","E","R","M","T","$","M","T","M","?","R","B",null,"M","?","M","$","?","R","M","R","T","E","M","R","E","M","R","B",null,"M","?","$","?","M","M","E","$","T","R","E","?","?","M","R","B",null,"M","$","?","?","?","E","R","E","E","?","M","M","?","E","R","B",null,"M","?","?","M","M","E","R","E","E","?","R","M","?","$","R","B",null,"M","$","?","M","?","R","E","M","E","R","?","M","E","M","R","B",null,"M","M","$","M","$","E","R","M","E","M","M","E","M","M","R","B"],"character_chosen":"DEFECT","items_purchased":["FIFO Queue","Lee\u0027s Waffle","StuffTheSpire:Experiment12","Mayhem","Membership Card","Crow Ritual","Nirvana","Chemical X","DistilledChaos","Anchor","White Noise","Toolbox","Adrenaline Potion","Torii","Panache","conspire:TreasureMap","Caltrops","hubris:SlimyHat","Du-Vu Doll","PreservedInsect","Guide Book","StuffTheSpire:Mouthbags","A Thousand Cuts","aspiration:Lifesprig","Sadistic Nature"],"campfire_rested":3,"item_purchase_floors":[2,13,27,27,38,38,54,54,54,59,59,59,59,70,99,99,104,104,104,122,122,122,124,124,124],"current_hp_per_floor":[75,75,75,75,75,62,75,69,69,37,37,14,82,82,82,82,82,59,59,64,59,63,71,71,64,64,64,70,73,69,49,78,85,95,95,97,91,91,96,96,85,85,85,95,84,93,103,103,103,103,103,93,85,85,67,67,69,74,74,81,90,98,106,115,115,116,118,118,118,118,118,118,118,130,132,134,134,130,134,138,138,140,140,142,148,142,149,150,150,150,138,147,117,121,124,133,117,120,120,132,106,158,158,158,158,158,158,158,160,160,162,162,162,162,164,164,164,166,166,166,166,166,166,166,168,168,168,170,170,170,172,169,179,179,0,0],"gold":266,"neow_bonus":"","is_daily":false,"chose_seed":false,"campfire_upgraded":28,"win_rate":0.0,"timestamp":1608872357,"path_taken":["M","$","?","M","M","E","R","M","T","E","?","?","$","?","R","BOSS","M","?","M","M","M","E","R","M","T","$","M","?","M","?","R","BOSS","M","?","M","$","?","R","M","R","T","E","M","R","E","M","R","BOSS","M","?","$","?","M","M","E","$","T","R","E","?","?","M","R","BOSS","M","$","?","?","?","E","R","E","E","?","M","M","?","E","R","BOSS","M","?","?","M","M","E","R","E","E","?","R","M","?","$","R","BOSS","M","$","?","M","?","R","E","M","E","R","?","M","E","M","R","BOSS","M","M","$","M","$","E","R","M","E","M","M","E","M","M","R","BOSS"],"items_purchased_type":["Card","Relic","Relic","Card","Relic","Card","Card","Relic","Potion","Relic","Card","Relic","Potion","Relic","Card","Relic","Card","Relic","Relic","Relic","Relic","Relic","Card","Relic","Card"],"build_version":"2020-12-22","purchased_purges":1,"victory":false,"max_hp_per_floor":[75,75,75,75,75,75,75,75,75,75,75,75,82,82,82,82,82,82,82,82,82,87,89,89,89,89,89,89,89,89,91,93,95,95,95,97,97,97,99,99,99,99,99,101,101,101,103,103,103,103,103,103,103,103,103,103,103,105,105,112,112,114,114,116,116,116,118,118,118,118,118,118,118,130,132,134,136,138,138,138,138,140,140,142,148,148,150,150,150,150,152,152,154,156,156,156,156,156,156,156,158,158,158,158,158,158,158,158,160,160,162,162,162,162,164,164,164,166,166,166,166,166,166,166,168,168,168,170,170,170,172,172,179,179,179,179],"card_choices":[{"not_picked":[],"picked":"Singing Bowl","floor":23},{"not_picked":["Backflip"],"picked":"Singing Bowl","floor":31},{"not_picked":["StuffTheSpire:Incineration"],"picked":"Singing Bowl","floor":32},{"not_picked":["ReplayTheSpireMod:Omega Cannon"],"picked":"Singing Bowl","floor":33},{"not_picked":["meleeMod_DownSmash"],"picked":"Singing Bowl","floor":36},{"not_picked":["Mind Blast"],"picked":"Singing Bowl","floor":39},{"not_picked":["meleeMod_RapidJabs+1"],"picked":"Singing Bowl","floor":44},{"not_picked":["StuffTheSpire:Python"],"picked":"Singing Bowl","floor":47},{"not_picked":[],"picked":"Juggernaut","floor":50},{"not_picked":["StuffTheSpire:LoadUp"],"picked":"Singing Bowl","floor":58},{"not_picked":["Quick Slash"],"picked":"Singing Bowl","floor":62},{"not_picked":["Omniscience"],"picked":"Singing Bowl","floor":64},{"not_picked":["Multi-Cast"],"picked":"Singing Bowl","floor":67},{"not_picked":["StuffTheSpire:ForEach"],"picked":"Singing Bowl","floor":74},{"not_picked":["Turbo+1"],"picked":"Singing Bowl","floor":75},{"not_picked":["CarveReality"],"picked":"Singing Bowl","floor":76},{"not_picked":["Evaluate"],"picked":"Singing Bowl","floor":77},{"not_picked":["Sword Boomerang"],"picked":"Singing Bowl","floor":78},{"not_picked":["Doom and Gloom"],"picked":"Singing Bowl","floor":82},{"not_picked":["Malaise"],"picked":"Singing Bowl","floor":84},{"not_picked":["CurseOfTheBell"],"picked":"Singing Bowl","floor":85},{"not_picked":["ReplayTheSpireMod:Doomed"],"picked":"Singing Bowl","floor":85},{"not_picked":["Shame"],"picked":"Singing Bowl","floor":85},{"not_picked":["meleeMod_L_Cancel"],"picked":"Singing Bowl","floor":87},{"not_picked":["conspire:Purge"],"picked":"Singing Bowl","floor":91},{"not_picked":["Thunderclap"],"picked":"Singing Bowl","floor":93},{"not_picked":["CrushJoints"],"picked":"Singing Bowl","floor":94},{"not_picked":["Transmutation"],"picked":"Singing Bowl","floor":101},{"not_picked":["Skewer"],"picked":"Singing Bowl","floor":109},{"not_picked":["Cold Snap"],"picked":"Singing Bowl","floor":111},{"not_picked":["meleeMod_CommandGrab"],"picked":"Singing Bowl","floor":115},{"not_picked":["Die Die Die"],"picked":"Singing Bowl","floor":118},{"not_picked":["Blind"],"picked":"Singing Bowl","floor":125},{"not_picked":["meleeMod_RaptorBoost"],"picked":"Singing Bowl","floor":128},{"not_picked":["meleeMod_EdgeGuard"],"picked":"Singing Bowl","floor":131}],"player_experience":938749,"relics_obtained":[{"floor":1,"key":"Whetstone"},{"floor":4,"key":"Letter Opener"},{"floor":5,"key":"Dream Catcher"},{"floor":6,"key":"Gremlin Horn"},{"floor":8,"key":"Bottled Flame"},{"floor":9,"key":"conspire:Dentures"},{"floor":10,"key":"Emotion Chip"},{"floor":11,"key":"Singing Bowl"},{"floor":12,"key":"Meat on the Bone"},{"floor":18,"key":"Solar Panel"},{"floor":20,"key":"Vajra"},{"floor":21,"key":"Juzu Bracelet"},{"floor":22,"key":"Omamori"},{"floor":23,"key":"conspire:GiftBox"},{"floor":25,"key":"Question Card"},{"floor":26,"key":"hubris:MedicalManual"},{"floor":28,"key":"hubris:SphereOfDissonance"},{"floor":29,"key":"Bronze Scales"},{"floor":30,"key":"StuffTheSpire:EmeraldSignet"},{"floor":31,"key":"Red Mask"},{"floor":35,"key":"aspiration:SeaSaltIceCream"},{"floor":36,"key":"hubris:Zylophone"},{"floor":37,"key":"Bag of Preparation"},{"floor":41,"key":"Tiny Chest"},{"floor":43,"key":"hubris:FunFungus"},{"floor":44,"key":"Regal Pillow"},{"floor":45,"key":"Eternal Feather"},{"floor":47,"key":"Mercury Hourglass"},{"floor":48,"key":"Potion Belt"},{"floor":52,"key":"Garlic"},{"floor":56,"key":"MawBank"},{"floor":57,"key":"hubris:RGBLights"},{"floor":60,"key":"StuffTheSpire:CocoNut"},{"floor":64,"key":"Boot"},{"floor":65,"key":"Onion Ring"},{"floor":69,"key":"Oddly Smooth Stone"},{"floor":78,"key":"PrismaticShard"},{"floor":79,"key":"Iron Hammer"},{"floor":80,"key":"Lantern"},{"floor":86,"key":"Replay:Bottled Steam"},{"floor":87,"key":"conspire:InfiniteJournal"},{"floor":89,"key":"Chameleon Ring"},{"floor":90,"key":"Nunchaku"},{"floor":97,"key":"StuffTheSpire:Gunfinga"},{"floor":103,"key":"Replay:Wax Seal"},{"floor":106,"key":"Replay:Antivirus Software"},{"floor":110,"key":"CeramicFish"},{"floor":113,"key":"Ring of Misfortune"},{"floor":114,"key":"StuffTheSpire:RubySignet"},{"floor":116,"key":"aspiration:FaultyCoupler"},{"floor":117,"key":"Replay:Bottled Flurry"},{"floor":120,"key":"StuffTheSpire:ForceGauntlet"},{"floor":121,"key":"StuffTheSpire:ColdMirror"},{"floor":123,"key":"War Paint"},{"floor":127,"key":"aspiration:VileToxins"},{"floor":129,"key":"aspiration:EnhancedActuators"},{"floor":130,"key":"Matryoshka"},{"floor":132,"key":"conspire:DeflatedDodgeball"},{"floor":133,"key":"Strawberry"}],"event_choices":[{"damage_healed":0,"gold_gain":0,"player_choice":"Grow","damage_taken":0,"max_hp_gain":0,"max_hp_loss":0,"event_name":"Living Wall","floor":14,"gold_loss":0,"cards_upgraded":["DevaForm"]},{"damage_healed":0,"gold_gain":99,"player_choice":"Stole From Cult","damage_taken":0,"max_hp_gain":0,"max_hp_loss":0,"event_name":"Nest","floor":19,"gold_loss":0},{"damage_healed":0,"gold_gain":0,"player_choice":"Fought Bandits","damage_taken":0,"max_hp_gain":0,"max_hp_loss":0,"event_name":"Masked Bandits","floor":31,"gold_loss":0},{"damage_healed":0,"gold_gain":0,"player_choice":"Fight","damage_taken":0,"max_hp_gain":0,"max_hp_loss":0,"event_name":"MindBloom","floor":36,"gold_loss":0},{"damage_healed":0,"gold_gain":0,"player_choice":"Memory 1","damage_taken":0,"max_hp_gain":0,"max_hp_loss":0,"event_name":"SensoryStone","floor":39,"gold_loss":0},{"damage_healed":0,"gold_gain":75,"player_choice":"Gather Gold","damage_taken":11,"max_hp_gain":0,"max_hp_loss":0,"event_name":"World of Goop","floor":53,"gold_loss":0},{"damage_healed":0,"gold_gain":0,"player_choice":"Entered Light","damage_taken":21,"max_hp_gain":0,"max_hp_loss":0,"event_name":"Shining Light","floor":55,"gold_loss":0,"cards_upgraded":["meleeMod_FalconDive","Juggernaut"]},{"cards_removed":["meleeMod_FalconDive"],"damage_healed":5,"gold_gain":0,"player_choice":"Offered Common","damage_taken":0,"max_hp_gain":0,"max_hp_loss":0,"event_name":"Bonfire Elementals","floor":63,"gold_loss":0},{"cards_removed":["meleeMod_FalconDive"],"damage_healed":5,"gold_gain":0,"player_choice":"Offered Special","damage_taken":0,"max_hp_gain":0,"max_hp_loss":0,"event_name":"Bonfire Elementals","floor":63,"gold_loss":0},{"damage_healed":0,"gold_gain":0,"player_choice":"Leave","damage_taken":0,"max_hp_gain":0,"max_hp_loss":0,"event_name":"conspire:Investor","floor":71,"gold_loss":0},{"damage_healed":0,"gold_gain":0,"player_choice":"Ignored","damage_taken":0,"max_hp_gain":0,"max_hp_loss":0,"event_name":"Upgrade Shrine","floor":81,"gold_loss":0},{"damage_healed":0,"gold_gain":0,"player_choice":"Fight","damage_taken":0,"max_hp_gain":0,"max_hp_loss":0,"event_name":"MindBloom","floor":87,"gold_loss":0},{"damage_healed":0,"gold_gain":0,"player_choice":"Ignored","damage_taken":0,"max_hp_gain":0,"max_hp_loss":0,"event_name":"NoteForYourself","floor":95,"gold_loss":0},{"damage_healed":0,"gold_gain":0,"player_choice":"Ignored","damage_taken":0,"max_hp_gain":0,"max_hp_loss":0,"event_name":"Purifier","floor":98,"gold_loss":0},{"cards_removed":["Shame"],"damage_healed":0,"gold_gain":0,"player_choice":"Removed Curses","damage_taken":0,"max_hp_gain":0,"max_hp_loss":0,"event_name":"Fountain of Cleansing","floor":107,"gold_loss":0}],"is_beta":false,"boss_relics":[{"not_picked":["Abe\u0027s Treasure","Snecko Heart"],"picked":"SlaversCollar"},{"not_picked":["Calling Bell","Replay:Grab Bag"],"picked":"SacredBark"},{"not_picked":["aspiration:WatcherSkillbook","hubris:VirtuousBlindfold"],"picked":"Runic Dome"},{"not_picked":["Sozu","Cursed Key","Honey Jar"]},{"not_picked":["Astrolabe","Snecko Eye"],"picked":"Replay:Ancient Bell"},{"not_picked":["Ancient Tea Set","Orichalcum"],"picked":"Replay:Baseball"},{"not_picked":["conspire:DecoderRing","conspire:Flyswatter"],"picked":"Replay:WaspNest"},{"not_picked":["hubris:BundleOfHerbs","Girya"],"picked":"aspiration:SneckoTail"},{"not_picked":["Black Star","hubris:CrackedHourglass"],"picked":"aspiration:SecretTechniqueScroll"},{"not_picked":["Astrolabe","hubris:Stopwatch"],"picked":"aspiration:BursterCore"}],"items_purged_floors":[13],"is_endless":true,"potions_floor_spawned":[1,8,12,18,20,21,22,28,33,35,36,37,48,50,52,56,64,65,69,74,80,86,90,91,101,103,106,111,115,120,123,130,131,132],"killed_by":"Pondfish","ascension_level":0}}