{"host":"8v536rckjlpi3bq3","time":1608865533,"event":{"mods":["ATMod(阿瑾Mod)","Act Like it!","Aspiration","Astrologer","BaseMod","Colored Powertips","Conspire","Decade(王小明)","Dota2Spire","Gensokyo","Hallownest","HololiveMod","Jedi Mod","Lobotomy","LobotomyExtend","Luminous","Marisa（F雨　魔理沙）","Minty Spire (QoL Compilation)","MostiFishMod","Prisma Mod","Relic Stats","Replay The Spire","Spicy Shops","StSLib","TestMod","The Hierophant","The Jungle","TheWitcher","WarShipGirlsR/战舰少女R mod","Youmu（魂魄妖梦）","vexMod","【东方二次创作】八云紫mod","【功能Mod】混沌之环修复补丁","【功能Mod】聪明的最终Boss","【角色mod】十八桐人","【遗物卡牌】REMEMod","篝火指南"],"gold_per_floor":[110,210,7,7,24,51,72,98,98,158,158,172,33,33,33,194,194,208,608,302,302,352,386,386,417,417,452,462,462,489,9,9,109,109,748,452,452,487,504,504,504],"floor_reached":40,"playtime":3774,"items_purged":[],"score":1003,"play_id":"1ea2f40a-08c6-4f3d-bfdc-8b8013fcfaf3","local_time":"20201225110533","daily_mods":["Vintage","Heirloom","Time Dilation","Flight"],"is_ascension_mode":false,"campfire_choices":[{"data":"AT_ShrugMaster","floor":15.0,"key":"SMITH"},{"data":"KamenRide","floor":29.0,"key":"SMITH"},{"floor":32.0,"key":"DIG"}],"circlet_count":0,"master_deck":["Decade_Attack","Decade_Attack","Decade_Attack","Decade_Attack","KamenRide+1","Decade_SpecialSkill","Decade_Defend","Decade_Defend","Decade_Defend","AT_ShrugMaster+1","FastingOfTheYoungPreta","AttackRide","KamenRideBlade+1","UnarmedAttack4","Hibiki_Attack2","AutoVajin","DragShield","Blade_Metal","RideBooker_Skill_1+1","Decade_Defend3","UnarmedAttack3","Pain","Hibiki_FEVER","UnarmedAttack9","UnarmedAttack7+1","RideBooker_Skill_1","Decade_Illusion","Kuuga_Rising","KamenRideKabuto+1","KamenRideDecade","Kuuga_GouramAttack","Kiva_Swallow","FormRide+1","Blade_Beat+1"],"relics":["Decadriver","TOEIDeficitBill","DaveBox","replay:Trail_Library","testmod-TestBox","AT_ATBox","DaCapo","testmod-ChristmasGift","Durian","Art of War","SynthV:TestCard","Smiling Mask","LetterFromLob","Pocketwatch","Pet Ghost","Mirror","Bag of Marbles","Pen Nib","Gensokyo:LunaticRedEyes","Pantograph","testmod-Register","Gensokyo:OccultBall","vexMod:DeviousBotling","testmod-IndustrialRevolution","DianPoetry","Hololive_LightStick","Replay:Ringing Soul","AT_ArchangelStaff","DianDianMeat","Chameleon Ring","Dota2Spire:MaskOfMadness","Dota2Spire:LotusOrb","Strawberry","aspiration:Nostalgia","Ring of the Snake","Blue Doll","aspiration:ChemicalBlood","RhineCircuit","testmod-AssaultLearning","Potion Belt","AT_EbonyIvory","The Courier"],"acts_visited":["Gensokyo:Gensokyo","TheCity","Hallownest:KingdomsEdge"],"potions_floor_usage":[],"damage_taken":[{"damage":0.0,"enemies":"Gensokyo:Gryphon","floor":1.0,"turns":2.0},{"damage":3.0,"enemies":"Gensokyo:Python","floor":5.0,"turns":3.0},{"damage":2.0,"enemies":"Gensokyo:Cirno","floor":6.0,"turns":7.0},{"damage":0.0,"enemies":"Gensokyo:2_Kodama","floor":7.0,"turns":3.0},{"damage":0.0,"enemies":"Gensokyo:Aya","floor":8.0,"turns":5.0},{"damage":0.0,"enemies":"Gensokyo:Mamizou","floor":10.0,"turns":6.0},{"damage":2.0,"enemies":"Gensokyo:2_Rabbits","floor":12.0,"turns":3.0},{"damage":1.0,"enemies":"Gensokyo:Yukari","floor":16.0,"turns":10.0},{"damage":1.0,"enemies":"Shell Parasite","floor":18.0,"turns":5.0},{"damage":1.0,"enemies":"2 Thieves","floor":22.0,"turns":2.0},{"damage":3.0,"enemies":"Slavers","floor":23.0,"turns":3.0},{"damage":0.0,"enemies":"conspire:SneckoGhost","floor":25.0,"turns":2.0},{"damage":1.0,"enemies":"conspire:Head Lice","floor":27.0,"turns":5.0},{"damage":0.0,"enemies":"Snake Plant","floor":28.0,"turns":1.0},{"damage":0.0,"enemies":"Replay:Snechameleon","floor":30.0,"turns":2.0},{"damage":0.0,"enemies":"conspire:MysteriousRune","floor":33.0,"turns":5.0},{"damage":52.0,"enemies":"Hallownest:Shield_Heavy","floor":35.0,"turns":1.0},{"damage":0.0,"enemies":"conspire:MimicChest","floor":38.0,"turns":3.0},{"damage":0.0,"enemies":"Hallownest:3_Siblings","floor":39.0,"turns":1.0},{"damage":0,"enemies":"Hallownest:eliteCollector","floor":40,"turns":1}],"seed_played":"-3356129589819635950","potions_obtained":[{"floor":1.0,"key":"SpeedPotion"},{"floor":5.0,"key":"SteroidPotion"},{"floor":10.0,"key":"jedi:hoardpotion"},{"floor":22.0,"key":"SpeedPotion"},{"floor":30.0,"key":"Fire Potion"},{"floor":33.0,"key":"BlessingOfTheForge"},{"floor":37.0,"key":"Venom Potion"}],"is_trial":true,"path_per_floor":["M","?","$","?","M","E","M","E","T","E","?","M","COS","?","R","B",null,"M","?","$","?","M","E","?","E","T","E","M","R","E","$","R","B",null,"M","$","?","?","M","E"],"character_chosen":"Decade","items_purchased":["AttackRide","KamenRideBlade+1","UnarmedAttack4","DianPoetry","aspiration:Nostalgia","KamenRideDecade","Kuuga_GouramAttack","Blue Doll","Potion Belt","FormRide+1"],"campfire_rested":0,"item_purchase_floors":[3,3,3,20,31,31,31,31,36,36],"current_hp_per_floor":[75,75,75,75,72,75,75,75,75,75,75,73,73,73,73,75,75,75,75,75,75,75,73,73,79,79,87,87,87,94,106,106,115,115,64,74,74,92,92,92,92],"gold":504,"neow_bonus":"","is_daily":false,"chose_seed":false,"campfire_upgraded":2,"win_rate":0.0,"timestamp":1608865533,"path_taken":["M","?","$","?","?","E","M","E","T","E","?","?","COS","?","R","BOSS","M","?","$","?","?","E","?","E","T","E","?","R","E","?","R","BOSS","M","$","?","?","?","E"],"items_purchased_type":["Card","Card","Card","Relic","Relic","Card","Card","Relic","Relic","Card"],"build_version":"2020-12-22","purchased_purges":0,"victory":false,"max_hp_per_floor":[75,75,75,75,75,75,75,75,75,75,75,75,75,75,75,75,75,75,75,75,75,75,75,75,79,79,87,87,87,94,106,106,115,115,115,125,125,136,136,136,136],"relic_stats":{"counters":[20,70],"Pantograph":2,"Pen Nib":[8],"Art of War":[8],"Smiling Mask":0,"obtain_stats":[{"Dota2Spire:MaskOfMadness":27,"AT_ATBox":0,"DaveBox":0,"DianPoetry":20,"Decadriver":0,"Blue Doll":31,"Smiling Mask":5,"AT_ArchangelStaff":24,"Pet Ghost":7,"Gensokyo:LunaticRedEyes":11,"Dota2Spire:LotusOrb":28,"Replay:Ringing Soul":23,"Chameleon Ring":26,"Pantograph":12,"Strawberry":30,"Gensokyo:OccultBall":14,"vexMod:DeviousBotling":17,"DaCapo":0,"testmod-ChristmasGift":0,"replay:Trail_Library":0,"Ring of the Snake":31,"aspiration:ChemicalBlood":32,"DianDianMeat":25,"Potion Belt":36,"testmod-TestBox":0,"testmod-Register":13,"aspiration:Nostalgia":31,"Pen Nib":10,"AT_EbonyIvory":38,"The Courier":39,"TOEIDeficitBill":0,"testmod-IndustrialRevolution":18,"RhineCircuit":34,"Hololive_LightStick":22,"SynthV:TestCard":1,"testmod-AssaultLearning":35,"Durian":0,"Art of War":1,"LetterFromLob":5,"Bag of Marbles":9,"Mirror":8,"REME_ComplimentaryCards":0,"Pocketwatch":6},{"Dota2Spire:MaskOfMadness":13,"AT_ATBox":0,"DaveBox":0,"DianPoetry":9,"Decadriver":0,"Blue Doll":15,"Smiling Mask":2,"AT_ArchangelStaff":11,"Pet Ghost":4,"Gensokyo:LunaticRedEyes":6,"Dota2Spire:LotusOrb":14,"Replay:Ringing Soul":11,"Chameleon Ring":12,"Pantograph":7,"Strawberry":15,"Gensokyo:OccultBall":7,"vexMod:DeviousBotling":8,"DaCapo":0,"testmod-ChristmasGift":0,"replay:Trail_Library":0,"Ring of the Snake":15,"aspiration:ChemicalBlood":15,"DianDianMeat":12,"Potion Belt":17,"testmod-TestBox":0,"testmod-Register":7,"aspiration:Nostalgia":15,"Pen Nib":6,"AT_EbonyIvory":18,"The Courier":19,"TOEIDeficitBill":0,"testmod-IndustrialRevolution":9,"RhineCircuit":16,"Hololive_LightStick":10,"SynthV:TestCard":1,"testmod-AssaultLearning":17,"Durian":0,"Art of War":1,"LetterFromLob":2,"Bag of Marbles":5,"Mirror":5,"REME_ComplimentaryCards":0,"Pocketwatch":3},{"Dota2Spire:MaskOfMadness":56,"AT_ATBox":0,"DaveBox":0,"DianPoetry":44,"Decadriver":0,"Blue Doll":59,"Smiling Mask":5,"AT_ArchangelStaff":49,"Pet Ghost":15,"Gensokyo:LunaticRedEyes":26,"Dota2Spire:LotusOrb":57,"Replay:Ringing Soul":49,"Chameleon Ring":51,"Pantograph":29,"Strawberry":59,"Gensokyo:OccultBall":29,"vexMod:DeviousBotling":39,"DaCapo":0,"testmod-ChristmasGift":0,"replay:Trail_Library":0,"Ring of the Snake":59,"aspiration:ChemicalBlood":59,"DianDianMeat":51,"Potion Belt":65,"testmod-TestBox":0,"testmod-Register":29,"aspiration:Nostalgia":59,"Pen Nib":26,"AT_EbonyIvory":68,"The Courier":69,"TOEIDeficitBill":0,"testmod-IndustrialRevolution":44,"RhineCircuit":64,"Hololive_LightStick":46,"SynthV:TestCard":2,"testmod-AssaultLearning":65,"Durian":0,"Art of War":2,"LetterFromLob":5,"Bag of Marbles":20,"Mirror":20,"REME_ComplimentaryCards":0,"Pocketwatch":12}],"Pocketwatch":[19],"Ring of the Snake":[10]},"card_choices":[{"not_picked":["DenO_Gun","Decade_Dash2","Decade_Dash1","KamenRideDecade"],"picked":"Hibiki_Attack2","floor":5.0},{"not_picked":["UnarmedAttack7","Dragreder","Blade_Kick","FormRideDragon"],"picked":"AutoVajin","floor":6.0},{"not_picked":["Kuuga_GouramAttack","FormRideDragon","FormRideDogga","Blade_Slash"],"picked":"DragShield","floor":6.0},{"not_picked":["RideBooker","FormRideStorm","KamenRideRyuki","FormRideDogga"],"picked":"Kiva_Swallow","floor":7.0},{"not_picked":["Decade_Defend3","DenO_Gun","DenO_Ax","AttackRide"],"picked":"Blade_Metal","floor":8.0},{"not_picked":["Kiva_Bats","Decade_Invisible","PrometheusPower","RideBooker"],"picked":"RideBooker_Skill_1","floor":8.0},{"not_picked":["KamenRideAgito","UnarmedAttack6","FormRideGaruru","AutoVajin"],"picked":"Decade_Defend3","floor":10.0},{"not_picked":["KamenRideKuuga","FormRideBasshaa","RideBooker","Blade_Metal"],"picked":"UnarmedAttack3","floor":10.0},{"not_picked":["Kiva_Swallow","Kabuto_ClockUp","Kuuga_Rising","Kiva_Eat"],"picked":"Hibiki_FEVER","floor":16.0},{"not_picked":["NMDAZYYGL","Kiva_Eat","DenO_Climax","Kabuto_ClockUp"],"picked":"UnarmedAttack9","floor":16.0},{"not_picked":["FormRideDragon","RideBooker_Skill_1","FormRideTitan+1","FormRidePegasus"],"picked":"UnarmedAttack7+1","floor":18.0},{"not_picked":["UnarmedAttack4","DenO_Gun","FormRideJack","UnarmedAttack9"],"picked":"RideBooker_Skill_1","floor":23.0},{"not_picked":["Blade_Metal","UnarmedAttack5","Kiva_Eat","KamenRideKuuga"],"picked":"Decade_Illusion","floor":25.0},{"not_picked":["KamenRideKuuga","Decade_Defend3","Kiva_Eat","KamenRideFaiz+1"],"picked":"Kuuga_Rising","floor":27.0},{"not_picked":["KamenRideDecade","DenO_Gun","DenO_Ax","NMDAZYYGL"],"picked":"KamenRideKabuto+1","floor":27.0},{"not_picked":["Kuuga_Rising","NMDAZYYGL","DenO_Climax","Kabuto_ClockUp"],"picked":"Kiva_Swallow","floor":33.0},{"not_picked":["DenO_Gun","Blade_Mach","Blade_Slash","DenO_Ax+1"],"picked":"Blade_Beat+1","floor":38.0}],"player_experience":245044,"relics_obtained":[{"floor":1.0,"key":"Art of War"},{"floor":1.0,"key":"SynthV:TestCard"},{"floor":5.0,"key":"Smiling Mask"},{"floor":5.0,"key":"LetterFromLob"},{"floor":6.0,"key":"Pocketwatch"},{"floor":7.0,"key":"Pet Ghost"},{"floor":8.0,"key":"Mirror"},{"floor":9.0,"key":"Bag of Marbles"},{"floor":10.0,"key":"Pen Nib"},{"floor":12.0,"key":"Pantograph"},{"floor":16.0,"key":"Gensokyo:OccultBall"},{"floor":18.0,"key":"Gensokyo:OccultBall"},{"floor":18.0,"key":"testmod-IndustrialRevolution"},{"floor":22.0,"key":"Hololive_LightStick"},{"floor":23.0,"key":"Replay:Ringing Soul"},{"floor":24.0,"key":"AT_ArchangelStaff"},{"floor":25.0,"key":"DianDianMeat"},{"floor":26.0,"key":"Chameleon Ring"},{"floor":27.0,"key":"Dota2Spire:MaskOfMadness"},{"floor":28.0,"key":"Dota2Spire:LotusOrb"},{"floor":30.0,"key":"Strawberry"},{"floor":32.0,"key":"aspiration:ChemicalBlood"},{"floor":33.0,"key":"Gensokyo:OccultBall"},{"floor":35.0,"key":"testmod-AssaultLearning"},{"floor":38.0,"key":"AT_EbonyIvory"},{"floor":39.0,"key":"The Courier"}],"event_choices":[{"damage_healed":0.0,"max_hp_gain":0.0,"max_hp_loss":0.0,"gold_gain":400.0,"event_name":"恩洛斯的盘子","player_choice":"Sell","floor":19.0,"relics_lost":["REME_ComplimentaryCards"],"gold_loss":0.0,"damage_taken":0.0},{"damage_healed":0.0,"max_hp_gain":0.0,"max_hp_loss":0.0,"gold_gain":0.0,"event_name":"Upgrade Shrine","player_choice":"Upgraded","floor":21.0,"gold_loss":0.0,"damage_taken":0.0,"cards_upgraded":["RideBooker_Skill_1"]}],"is_beta":false,"boss_relics":[{"not_picked":["testmod-CardMagician","vexMod:NewClearReactor"],"picked":"vexMod:DeviousBotling"},{"not_picked":["testmod-TimeTraveler","Replay:Fungal Core"],"picked":"RhineCircuit"}],"items_purged_floors":[],"is_endless":true,"potions_floor_spawned":[1,5,10,22,30,33],"killed_by":"Hallownest:eliteCollector","ascension_level":0}}