{"host":"cjhtzh7tp54jdfyv","time":1608922297,"event":{"mods":["AchievementEnabler","BaseMod","Colored Map","Colored Powertips","Curses Come First","DeckTracker","Filter the Spire","Minty Spire (QoL Compilation)","RNG Fix","Relic Sorter","Relic Stats","StSLib","The Cursed","The Marked","Waifu the Spire","ojb\u0027s Better Paths Mod","ojb\u0027s Info Mod"],"gold_per_floor":[119,194,206,217,217,217,245,245,327,8,39,39,13,33,33,107,107,127,127,144,69,85,85,113,132,132,48,73,73,84,84,84],"floor_reached":31,"playtime":1739,"items_purged":["TheCursedMod:Strike_TheCursed"],"score":486,"play_id":"656daab3-87e5-45f7-8469-5dbfab70eaba","local_time":"20201225135137","is_ascension_mode":true,"campfire_choices":[{"floor":6.0,"key":"REST"},{"data":"TheCursedMod:CursedMace","floor":8.0,"key":"SMITH"},{"data":"TheCursedMod:CleanUpWorkshop","floor":15,"key":"SMITH"},{"data":"TheCursedMod:DarkBarrier","floor":23,"key":"SMITH"},{"data":"TheCursedMod:LuckyCharm","floor":29,"key":"SMITH"}],"circlet_count":0,"master_deck":["AscendersBane","TheCursedMod:Strike_TheCursed","TheCursedMod:Strike_TheCursed","TheCursedMod:Strike_TheCursed+1","TheCursedMod:Defend_TheCursed","TheCursedMod:Defend_TheCursed","TheCursedMod:Defend_TheCursed","TheCursedMod:Defend_TheCursed","TheCursedMod:CursedWand","TheCursedMod:CleanUpWorkshop+1","TheCursedMod:Dregs","TheCursedMod:DemonSword","TheCursedMod:CircleOfBlood+1","TheCursedMod:CursedMace+1","TheCursedMod:CursedBoomerang","TheCursedMod:SpitefulStrike","TheCursedMod:CursedSpellbook","TheCursedMod:DarkBarrier+1","RitualDagger","TheCursedMod:BloodBarrier","TheCursedMod:LuckyCharm+1","TheCursedMod:SpitefulPlan"],"relics":["TheCursedMod:BlackMagic101","Ancient Tea Set","Bottled Flame","Pocketwatch","InkBottle","Velvet Choker","Red Mask","Strawberry"],"acts_visited":["Exordium","TheCity"],"potions_floor_usage":[16,24,31],"damage_taken":[{"damage":2.0,"enemies":"Small Slimes","floor":1.0,"turns":4.0},{"damage":0.0,"enemies":"2 Louse","floor":3.0,"turns":4.0},{"damage":0.0,"enemies":"Cultist","floor":4.0,"turns":3.0},{"damage":32.0,"enemies":"Gremlin Nob","floor":7.0,"turns":4.0},{"damage":27,"enemies":"Lagavulin","floor":11,"turns":4},{"damage":0,"enemies":"2 Fungi Beasts","floor":14,"turns":3},{"damage":21,"enemies":"Hexaghost","floor":16,"turns":7},{"damage":1,"enemies":"Spheric Guardian","floor":18,"turns":4},{"damage":23,"enemies":"2 Thieves","floor":20,"turns":3},{"damage":22,"enemies":"Shelled Parasite and Fungi","floor":22,"turns":4},{"damage":33,"enemies":"Masked Bandits","floor":24,"turns":4},{"damage":3,"enemies":"3 Cultists","floor":25,"turns":4},{"damage":13,"enemies":"Chosen and Byrds","floor":30,"turns":5},{"damage":37,"enemies":"Book of Stabbing","floor":31,"turns":4}],"seed_played":"6286409835433593114","potions_obtained":[{"floor":3.0,"key":"GamblersBrew"},{"floor":11,"key":"BlessingOfTheForge"},{"floor":25,"key":"ColorlessPotion"},{"floor":30,"key":"Fruit Juice"}],"is_trial":false,"path_per_floor":["M","?","M","M","?","R","E","R","T","$","E","?","$","M","R","B",null,"M","?","M","$","M","R","?","M","T","$","T","R","M","E"],"character_chosen":"THE_CURSED","items_purchased":["Pocketwatch","TheCursedMod:SpitefulStrike","TheCursedMod:SpitefulPlan"],"campfire_rested":1,"item_purchase_floors":[10,13,27],"current_hp_per_floor":[62,51,51,53,34,53,32,32,32,32,17,6,6,18,18,5,49,60,54,47,47,29,29,4,17,17,17,24,24,23,0,0],"gold":84,"neow_bonus":"THREE_RARE_CARDS","is_daily":false,"chose_seed":false,"campfire_upgraded":4,"win_rate":0.0,"timestamp":1608922297,"path_taken":["M","?","M","M","?","R","E","R","T","$","E","?","$","M","R","BOSS","M","?","M","$","M","R","?","M","T","$","?","R","M","E"],"items_purchased_type":["Relic","Card","Card"],"build_version":"2020-12-22","purchased_purges":1,"victory":false,"max_hp_per_floor":[64,64,64,64,64,64,64,64,64,64,64,64,64,64,64,64,64,64,64,64,64,64,64,64,64,64,64,71,71,71,71,71],"relic_stats":{"counters":[14,57],"obtain_stats":[{"TheCursedMod:BlackMagic101":0,"Bottled Flame":9,"Strawberry":28,"Velvet Choker":17,"Red Mask":24,"Ancient Tea Set":7,"InkBottle":11,"Pocketwatch":10},{"TheCursedMod:BlackMagic101":0,"Bottled Flame":4,"Strawberry":12,"Velvet Choker":7,"Red Mask":11,"Ancient Tea Set":4,"InkBottle":5,"Pocketwatch":4},{"TheCursedMod:BlackMagic101":0,"Bottled Flame":15,"Strawberry":48,"Velvet Choker":29,"Red Mask":44,"Ancient Tea Set":15,"InkBottle":19,"Pocketwatch":15}],"InkBottle":[11],"Pocketwatch":[66]},"card_choices":[{"not_picked":["TheCursedMod:VoidForm","TheCursedMod:CursedRelics"],"picked":"TheCursedMod:DemonSword","floor":0.0},{"not_picked":["TheCursedMod:WearCloak","TheCursedMod:SpitefulStrike","TheCursedMod:FleshFromBone"],"picked":"SKIP","floor":1.0},{"not_picked":["TheCursedMod:Obscuration","TheCursedMod:SoulCrush"],"picked":"TheCursedMod:CircleOfBlood","floor":3.0},{"not_picked":["TheCursedMod:Wield","TheCursedMod:RapidMovement"],"picked":"TheCursedMod:CursedMace","floor":4.0},{"not_picked":["TheCursedMod:BlessingInDisguise","TheCursedMod:RavingStaff"],"picked":"TheCursedMod:CursedBoomerang","floor":7.0},{"not_picked":["TheCursedMod:Stretching","TheCursedMod:DemonSword","TheCursedMod:VitalStrike"],"picked":"SKIP","floor":11},{"not_picked":["TheCursedMod:CursedBoomerang","TheCursedMod:Hemoplague"],"picked":"TheCursedMod:CursedSpellbook","floor":14},{"not_picked":["TheCursedMod:AntiAging","TheCursedMod:NeowsMight"],"picked":"TheCursedMod:DarkBarrier","floor":16},{"not_picked":["TheCursedMod:SoulCrush+1","TheCursedMod:PrepareRite","TheCursedMod:SurpriseAttack"],"picked":"SKIP","floor":18},{"not_picked":["TheCursedMod:FleshFromBone","TheCursedMod:SmokeScreen","TheCursedMod:CursedMace"],"picked":"SKIP","floor":20},{"not_picked":["TheCursedMod:SurpriseAttack","TheCursedMod:Stretching"],"picked":"TheCursedMod:BloodBarrier","floor":22},{"not_picked":["TheCursedMod:CursedMace+1","TheCursedMod:CircleOfFlame"],"picked":"TheCursedMod:LuckyCharm","floor":25},{"not_picked":["TheCursedMod:Stretching","TheCursedMod:SurpriseAttack","TheCursedMod:WearCloak"],"picked":"SKIP","floor":30}],"player_experience":4415619,"relics_obtained":[{"floor":7.0,"key":"Ancient Tea Set"},{"floor":9.0,"key":"Bottled Flame"},{"floor":11,"key":"InkBottle"},{"floor":24,"key":"Red Mask"},{"floor":28,"key":"Strawberry"}],"event_choices":[{"damage_healed":0.0,"max_hp_gain":0.0,"max_hp_loss":0.0,"gold_gain":75.0,"event_name":"World of Goop","player_choice":"Gather Gold","floor":2.0,"gold_loss":0.0,"damage_taken":11.0},{"damage_healed":0.0,"max_hp_gain":0.0,"max_hp_loss":0.0,"gold_gain":0.0,"event_name":"Shining Light","player_choice":"Entered Light","floor":5.0,"gold_loss":0.0,"damage_taken":19.0,"cards_upgraded":["TheCursedMod:Strike_TheCursed","TheCursedMod:CircleOfBlood"]},{"damage_healed":0,"gold_gain":0,"player_choice":"Fled","damage_taken":11,"max_hp_gain":0,"max_hp_loss":0,"event_name":"Scrap Ooze","floor":12,"gold_loss":0},{"damage_healed":0,"gold_gain":0,"player_choice":"Joined the Cult","damage_taken":6,"max_hp_gain":0,"max_hp_loss":0,"event_name":"Nest","floor":19,"gold_loss":0,"cards_obtained":["RitualDagger"]},{"damage_healed":0,"gold_gain":0,"player_choice":"Fought Bandits","damage_taken":0,"max_hp_gain":0,"max_hp_loss":0,"event_name":"Masked Bandits","floor":24,"gold_loss":0}],"is_beta":false,"boss_relics":[{"not_picked":["Ectoplasm","SlaversCollar"],"picked":"Velvet Choker"}],"items_purged_floors":[21],"is_endless":false,"potions_floor_spawned":[3,11,14,25,30],"killed_by":"Book of Stabbing","ascension_level":20}}