{"host":"u94b8se4p65mmtuf","time":1608862723,"event":{"mods":["BaseMod","Downfall","Hubris","Infinite Spire","Jorbs\u0027s Wanderer Trilogy","Minty Spire (QoL Compilation)","Replay The Spire","StSLib","SuperFastMode","The Animator","The Jungle"],"gold_per_floor":[112,212,224,255,273,273,291,291,316,331,331,331,359,387,387,492,492,508,522,548,823,748,748,778,803,876,899,282,306,331,366,366,380,380],"floor_reached":33,"playtime":2213,"items_purged":["animator:SilverFang","Pain"],"score":247,"play_id":"c360a754-1f37-46a6-83b6-e855b87e17ab","local_time":"20201224211843","is_ascension_mode":false,"campfire_choices":[{"data":"animator:EmiyaShirou","floor":6.0,"key":"SMITH"},{"data":"animator:Alexander","floor":12.0,"key":"SMITH"},{"data":"animator:Greed","floor":23.0,"key":"SMITH"},{"floor":32,"key":"REST"}],"circlet_count":0,"master_deck":["animator:Strike_Konosuba","animator:Defend_Konosuba","animator:Strike","animator:Strike","animator:Strike","animator:Defend","animator:Defend","animator:Defend","animator:Kazuma","animator:Aqua","animator:Shuna","animator:Cocytus","animator:Alexander+1","animator:EmiyaShirou+1","animator:Alexander+1","animator:Darkness","animator:LizardPriest","animator:Greed+1","sneckomod:SnekBite","animator:Envy","ReplayTheSpireMod:??????????????????????","animator:Chris+1","animator:Gilgamesh+3","animator:Rider"],"relics":["animator:LivingPicture","animator:TheMissingPiece","animator:PurgingStone","animator:EngravedStaff","hubris:Towel","Omamori","ReplayTheSpireMod:SealedPack","WarpedTongs","Anchor","Replay:Bottled Eggs","infinitespire:Midas Blood"],"acts_visited":["Exordium","TheCity"],"potions_floor_usage":[30,33,33],"damage_taken":[{"damage":8.0,"enemies":"Cultist","floor":1.0,"turns":4.0},{"damage":3.0,"enemies":"Small Slimes","floor":3.0,"turns":6.0},{"damage":3.0,"enemies":"Jaw Worm","floor":4.0,"turns":5.0},{"damage":15.0,"enemies":"Exordium Thugs","floor":5.0,"turns":5.0},{"damage":6.0,"enemies":"Exordium Wildlife","floor":7.0,"turns":7.0},{"damage":9.0,"enemies":"Gremlin Gang","floor":10.0,"turns":5.0},{"damage":14.0,"enemies":"2 Fungi Beasts","floor":13.0,"turns":3.0},{"damage":8.0,"enemies":"Exordium Thugs","floor":14.0,"turns":7.0},{"damage":25.0,"enemies":"Fading Forest","floor":16.0,"turns":11.0},{"damage":10.0,"enemies":"Shell Parasite","floor":18.0,"turns":10.0},{"damage":24.0,"enemies":"3 Byrds","floor":19.0,"turns":6.0},{"damage":7.0,"enemies":"Centurion and Healer","floor":20.0,"turns":8.0},{"damage":0.0,"enemies":"Snecko","floor":24.0,"turns":9.0},{"damage":1.0,"enemies":"Shelled Parasite and Fungi","floor":27.0,"turns":8.0},{"damage":5,"enemies":"Cultist and Chosen","floor":29,"turns":8},{"damage":3,"enemies":"3 Cultists","floor":30,"turns":6},{"damage":7,"enemies":"Shelled Parasite and Fungi","floor":31,"turns":9},{"damage":43,"enemies":"Collector","floor":33,"turns":7}],"seed_played":"8570955651832597753","potions_obtained":[{"floor":1.0,"key":"Block Potion"},{"floor":4.0,"key":"Strength Potion"},{"floor":10.0,"key":"Elixir"},{"floor":14.0,"key":"DuplicationPotion"},{"floor":20.0,"key":"Energy Potion"},{"floor":27.0,"key":"Weak Potion"},{"floor":29,"key":"BlessingOfTheForge"}],"is_trial":false,"path_per_floor":["M","?","M","M","M","R","M","?","T","M","?","R","M","M","R","B",null,"M","M","M","?","$","R","M","?","T","M","$","M","M","M","R","B"],"character_chosen":"THE_ANIMATOR","items_purchased":["Replay:Bottled Eggs","infinitespire:Midas Blood"],"campfire_rested":1,"item_purchase_floors":[28,28],"current_hp_per_floor":[52,52,51,50,38,38,34,34,34,27,27,27,16,10,28,13,61,51,30,25,25,25,25,27,27,27,28,28,26,25,20,38,0,0],"gold":380,"neow_bonus":"ONE_RARE_RELIC","is_daily":false,"chose_seed":false,"campfire_upgraded":3,"win_rate":0.0,"timestamp":1608862723,"path_taken":["M","?","?","M","?","R","M","?","T","M","?","R","?","M","R","BOSS","M","M","?","?","?","R","?","?","T","M","$","M","?","M","R","BOSS"],"items_purchased_type":["Relic","Relic"],"build_version":"2020-12-22","purchased_purges":2,"victory":false,"max_hp_per_floor":[60,60,60,60,61,61,61,61,61,61,61,61,61,61,61,61,61,61,62,62,62,62,62,62,62,62,62,62,63,63,63,63,63,63],"card_choices":[{"not_picked":["animator:Tatsumaki","animator:ElricEdward"],"picked":"animator:Shuna","floor":1.0},{"not_picked":["animator:MetalKnight","animator:Geryuganshoop"],"picked":"animator:Cocytus","floor":3.0},{"not_picked":["animator:YachiyoNanami","animator:Priestess"],"picked":"animator:Alexander","floor":4.0},{"not_picked":["animator:SakuraMatou","animator:RinTohsaka"],"picked":"animator:EmiyaShirou","floor":5.0},{"not_picked":["animator:Witch","animator:MaesHughes"],"picked":"animator:Alexander","floor":7.0},{"not_picked":["animator:Rider","animator:Hakurou","animator:MetalKnight"],"picked":"SKIP","floor":10.0},{"not_picked":["animator:Millim","animator:Assassin"],"picked":"animator:Darkness","floor":13.0},{"not_picked":["animator:Father","animator:Chris"],"picked":"animator:LizardPriest","floor":14.0},{"not_picked":["animator:Ainz","animator:Envy"],"picked":"animator:Greed","floor":16.0},{"not_picked":["Survivor","champ:Taunt"],"picked":"sneckomod:SnekBite","floor":17.0},{"not_picked":["animator:Saber","animator:Greed"],"picked":"animator:Envy","floor":17.0},{"not_picked":["infinitespire:TheBestDefense","infinitespire:Fortify"],"picked":"ReplayTheSpireMod:??????????????????????","floor":17.0},{"not_picked":["animator:Vanir","animator:Sonic","animator:OrikoMikuni"],"picked":"SKIP","floor":18.0},{"not_picked":["animator:Tet","animator:Sora"],"picked":"animator:Chris+1","floor":19.0},{"not_picked":["animator:WinryRockbell","animator:Genos+1","animator:Demiurge"],"picked":"SKIP","floor":20.0},{"not_picked":["animator:SuzuneAmano+1","animator:Shion"],"picked":"animator:Gilgamesh","floor":24.0},{"not_picked":["animator:Sebas","animator:Genos","animator:Shuna"],"picked":"SKIP","floor":27.0},{"not_picked":["animator:Scar+1","animator:NarberalGamma"],"picked":"animator:Rider","floor":29},{"not_picked":["animator:Tatsumaki+1","animator:MaesHughes","animator:Hakurou"],"picked":"SKIP","floor":30},{"not_picked":["animator:Demiurge","animator:SilverFang","animator:YunYun"],"picked":"SKIP","floor":31}],"player_experience":98550,"relics_obtained":[{"floor":9.0,"key":"Omamori"},{"floor":26.0,"key":"Anchor"}],"event_choices":[{"damage_healed":0.0,"max_hp_gain":0.0,"max_hp_loss":0.0,"gold_gain":100.0,"event_name":"Wheel of Change","player_choice":"Gold","floor":2.0,"gold_loss":0.0,"damage_taken":0.0},{"damage_healed":0.0,"max_hp_gain":0.0,"max_hp_loss":0.0,"gold_gain":0.0,"event_name":"Match and Keep!","player_choice":"1 cards matched","floor":11.0,"gold_loss":0.0,"damage_taken":0.0,"cards_obtained":["animator:SilverFang"]},{"damage_healed":0.0,"max_hp_gain":0.0,"max_hp_loss":0.0,"gold_gain":275.0,"event_name":"Golden Shrine","player_choice":"Desecrate","floor":21.0,"gold_loss":0.0,"damage_taken":0.0,"cards_obtained":["Regret"]},{"damage_healed":0.0,"max_hp_gain":0.0,"max_hp_loss":0.0,"gold_gain":0.0,"event_name":"Accursed Blacksmith","player_choice":"Rummage","floor":25.0,"gold_loss":0.0,"damage_taken":0.0,"relics_obtained":["WarpedTongs"],"cards_obtained":["Pain"]}],"is_beta":false,"boss_relics":[{"not_picked":["hubris:GrandSneckoEye","Runic Dome"],"picked":"ReplayTheSpireMod:SealedPack"}],"items_purged_floors":[22,28],"is_endless":false,"potions_floor_spawned":[1,4,10,14,20,27,29],"killed_by":"Collector","ascension_level":0}}