{"host":"tjjuwi3liievx0vu","time":1608919238,"event":{"mods":["BaseMod","Colored Map","Downfall","Minty Spire (QoL Compilation)","StSLib"],"gold_per_floor":[99,99,99,99,11,11,11,27,27,47,77,139,153,153,163,264,264,189,206,206,221,221,250,250,263,188,288,288,304,40,56,69,170,170,170,186,202,202,202,220,272,4,36,36,54,54,54,54],"floor_reached":46,"playtime":3244,"items_purged":["champ:Balance","Guardian:Aged"],"score":568,"play_id":"c8b062bc-504b-4d39-9bf0-1918c9448dc3","local_time":"20201225190038","is_ascension_mode":true,"campfire_choices":[{"data":"champ:Taunt","floor":1,"key":"SMITH"},{"data":"champ:StanceDance","floor":9,"key":"SMITH"},{"floor":18,"key":"RECALL"},{"data":"champ:RageSigil","floor":26,"key":"SMITH"},{"floor":28,"key":"REST"},{"data":"champ:HoldFirm","floor":35,"key":"SMITH"}],"circlet_count":0,"master_deck":["champ:Strike","champ:Strike","champ:Strike","champ:Strike","champ:Defend","champ:Defend+1","champ:Defend","champ:Defend","champ:Taunt+1","champ:BringItOn","champ:TornadoPunch","champ:PreciseThrust","champ:DefensiveStyle","champ:CalledShot","champ:StanceDance+1","champ:SwordSigil+1","champ:RapidStrikes","champ:FocusedDefense","champ:Circumvent","champ:ShieldSlam","champ:ViciousMockery","champ:RageSigil+1","champ:RageSigil","champ:ShieldWall+1","champ:TornadoPunch","champ:HoldFirm+1","champ:CalledShot+1","champ:Duel","champ:ShieldThrow","champ:ShieldSigil+1","Clumsy","champ:FalseCounter","champ:BringItOn+1","champ:DefensiveShout+1"],"relics":["champ:ChampionCrown","downfall:HeartsMalice","Pear","Ginger","War Paint","Cursed Key","downfall:HeartBlessingGreen","Dream Catcher","Frozen Egg 2","downfall:HeartBlessingRed","Toy Ornithopter","Empty Cage","Kunai","Strawberry","Lee\u0027s Waffle","Singing Bowl"],"acts_visited":["Exordium","TheCity","TheBeyond"],"potions_floor_usage":[16,23,23,23,27,33,33,43],"damage_taken":[{"damage":0,"enemies":"2 Louse","floor":2,"turns":1},{"damage":0,"enemies":"Cultist","floor":3,"turns":1},{"damage":0,"enemies":"Small Slimes","floor":4,"turns":1},{"damage":6,"enemies":"downfall:FleeingMerchant","floor":5,"turns":4},{"damage":5,"enemies":"Blue Slaver","floor":8,"turns":4},{"damage":0,"enemies":"3 Louse","floor":10,"turns":2},{"damage":14,"enemies":"Gremlin Nob","floor":11,"turns":4},{"damage":23,"enemies":"3 Sentries","floor":12,"turns":8},{"damage":1,"enemies":"Lots of Slimes","floor":13,"turns":3},{"damage":8,"enemies":"Exordium Wildlife","floor":15,"turns":4},{"damage":20,"enemies":"downfall:Ironclad","floor":16,"turns":6},{"damage":13,"enemies":"Spheric Guardian","floor":19,"turns":5},{"damage":8,"enemies":"Snecko","floor":21,"turns":5},{"damage":14,"enemies":"Book of Stabbing","floor":23,"turns":5},{"damage":13,"enemies":"Centurion and Healer","floor":25,"turns":17},{"damage":32,"enemies":"downfall:LadyInBlue","floor":27,"turns":8},{"damage":3,"enemies":"Shelled Parasite and Fungi","floor":29,"turns":4},{"damage":0,"enemies":"downfall:FleeingMerchant","floor":30,"turns":4},{"damage":8,"enemies":"Snecko","floor":31,"turns":5},{"damage":16,"enemies":"Centurion and Healer","floor":32,"turns":8},{"damage":65,"enemies":"downfall:Silent","floor":33,"turns":10},{"damage":20,"enemies":"3 Darklings","floor":36,"turns":8},{"damage":32,"enemies":"3 Shapes","floor":37,"turns":6},{"damage":18,"enemies":"Sphere and 2 Shapes","floor":40,"turns":7},{"damage":0,"enemies":"downfall:FleeingMerchant","floor":42,"turns":4},{"damage":17,"enemies":"Reptomancer","floor":43,"turns":10},{"damage":53,"enemies":"Transient","floor":45,"turns":5},{"damage":72,"enemies":"Giant Head","floor":46,"turns":9}],"seed_played":"-4645067588032582863","potions_obtained":[{"floor":8,"key":"Fire Potion"},{"floor":11,"key":"PowerPotion"},{"floor":13,"key":"SpeedPotion"},{"floor":15,"key":"Swift Potion"},{"floor":16,"key":"EntropicBrew"},{"floor":21,"key":"Dexterity Potion"},{"floor":25,"key":"champ:CounterPotion"},{"floor":27,"key":"FairyPotion"},{"floor":27,"key":"DuplicationPotion"},{"floor":27,"key":"champ:TechniquePotion"},{"floor":33,"key":"Guardian:BlockOnCardUsePotion"},{"floor":37,"key":"LiquidMemories"},{"floor":43,"key":"FearPotion"},{"floor":44,"key":"LiquidBronze"},{"floor":44,"key":"Slimebound:ThreeZeroPotion"}],"is_trial":false,"path_per_floor":["R","M","M","M","$","?","T","M","R","M","E","?","M","?","M","B",null,"R","M","?","M","?","E","T","M","R","?","R","M","$","M","M","B",null,"R","M","M","?","T","M","T","$","E","?","M","E"],"character_chosen":"THE_CHAMP","items_purchased":["champ:CalledShot","champ:HoldFirm","champ:CalledShot+1","Lee\u0027s Waffle"],"campfire_rested":1,"item_purchase_floors":[5,30,30,42],"current_hp_per_floor":[90,90,90,90,89,54,64,64,64,64,50,32,31,41,33,18,110,110,102,102,94,71,57,57,49,49,22,56,53,53,50,44,26,115,115,95,63,63,63,45,52,129,112,112,59,0,0,0],"gold":54,"neow_bonus":"THREE_ENEMY_KILL","is_daily":false,"chose_seed":false,"campfire_upgraded":4,"win_rate":0.0,"timestamp":1608919238,"path_taken":["R","M","M","M","$","?","T","M","R","?","E","?","M","?","M","BOSS","R","M","?","M","?","E","T","M","R","?","R","?","$","M","M","BOSS","R","M","M","?","?","?","T","$","E","?","?","E"],"items_purchased_type":["Card","Card","Card","Relic"],"build_version":"2020-12-22","purchased_purges":2,"victory":false,"max_hp_per_floor":[90,90,90,90,90,90,100,100,100,100,100,100,100,110,110,110,110,110,110,110,110,115,115,115,115,115,115,115,115,115,115,115,115,115,115,115,115,115,115,115,122,129,129,129,129,129,129,129],"card_choices":[{"not_picked":["champ:ShieldWall","champ:BladeFlurry"],"picked":"champ:BringItOn","floor":2},{"not_picked":["champ:FanOfKnives","champ:ViciousMockery"],"picked":"champ:TornadoPunch","floor":3},{"not_picked":["champ:CrookedStrike","champ:RecklessLeap"],"picked":"champ:PreciseThrust","floor":4},{"not_picked":["champ:ArenaPreparation","champ:Haymaker"],"picked":"champ:DefensiveStyle","floor":5},{"not_picked":["champ:PerfectedStrike","champ:BerserkerStyle"],"picked":"champ:StanceDance","floor":8},{"not_picked":["champ:BringItOn","champ:FlashCut"],"picked":"champ:SwordSigil","floor":10},{"not_picked":["champ:Shatter","champ:Encircle"],"picked":"champ:Balance","floor":11},{"not_picked":["champ:ShieldSigil","champ:GutPunch"],"picked":"champ:RapidStrikes","floor":12},{"not_picked":["champ:Duel","champ:RageSigil"],"picked":"champ:FocusedDefense","floor":13},{"not_picked":["champ:RecklessLeap","champ:BerserkersShout"],"picked":"champ:Circumvent","floor":15},{"not_picked":["champ:PerfectForm","champ:SteelEdge"],"picked":"champ:ShieldSlam","floor":16},{"not_picked":["champ:Control","champ:BladeFlurry","champ:FocusedBerserking"],"picked":"SKIP","floor":19},{"not_picked":["champ:BladeFlurry","champ:AdrenalArmor"],"picked":"champ:ViciousMockery","floor":21},{"not_picked":["champ:CrookedStrike","champ:GutPunch","champ:FaceSlap+1"],"picked":"SKIP","floor":23},{"not_picked":["champ:Lariat","champ:GutPunch+1"],"picked":"champ:RageSigil","floor":25},{"not_picked":["champ:EndlessRage+1","champ:BerserkersShout"],"picked":"champ:RageSigil","floor":27},{"not_picked":["champ:PreciseThrust","champ:Encircle"],"picked":"champ:ShieldWall+1","floor":28},{"not_picked":["champ:FocusedGladiator","champ:Backstep"],"picked":"champ:TornadoPunch","floor":29},{"not_picked":["champ:Devastate","champ:BerserkersShout","champ:GutPunch+1"],"picked":"SKIP","floor":30},{"not_picked":["champ:RageSigil","champ:AdrenalArmor+1"],"picked":"champ:Duel","floor":31},{"not_picked":["champ:FightOn","champ:Balance","champ:PerfectedStrike+1"],"picked":"SKIP","floor":32},{"not_picked":["champ:SwordThrow","champ:ShieldSlam"],"picked":"champ:ShieldThrow","floor":33},{"not_picked":["champ:GladiatorsShout","champ:TornadoPunch+1"],"picked":"champ:ShieldSigil+1","floor":36},{"not_picked":["champ:PerfectedStrike+1","champ:TornadoPunch+1","champ:GutPunch+1"],"picked":"SKIP","floor":37},{"not_picked":["champ:FocusedBerserking+1","champ:FanOfKnives+1","champ:ShieldSlam"],"picked":"SKIP","floor":40},{"not_picked":["champ:LastStand+1","champ:SkillfulDodge"],"picked":"champ:FalseCounter","floor":42},{"not_picked":["champ:FlashCut+1","champ:Backstep+1"],"picked":"champ:BringItOn+1","floor":43},{"not_picked":["champ:FaceSlap","champ:FanOfKnives"],"picked":"champ:DefensiveShout+1","floor":45}],"player_experience":806423,"relics_obtained":[{"floor":7,"key":"Pear"},{"floor":11,"key":"Ginger"},{"floor":12,"key":"War Paint"},{"floor":23,"key":"Dream Catcher"},{"floor":24,"key":"Frozen Egg 2"},{"floor":27,"key":"Toy Ornithopter"},{"floor":39,"key":"Kunai"},{"floor":41,"key":"Strawberry"},{"floor":43,"key":"Singing Bowl"}],"event_choices":[{"damage_healed":0,"gold_gain":0,"player_choice":"Ignored","damage_taken":0,"max_hp_gain":0,"max_hp_loss":0,"event_name":"Vampires","floor":20,"gold_loss":0},{"damage_healed":0,"gold_gain":0,"player_choice":"Got Potions","damage_taken":0,"max_hp_gain":0,"max_hp_loss":0,"event_name":"Lab","floor":44,"gold_loss":0}],"is_beta":false,"boss_relics":[{"not_picked":["Astrolabe","Tiny House"],"picked":"Cursed Key"},{"not_picked":["Sozu","Runic Dome"],"picked":"Empty Cage"}],"items_purged_floors":[30,42],"is_endless":false,"potions_floor_spawned":[8,11,13,15,16,21,25,31,33,37,43,45],"killed_by":"Giant Head","ascension_level":1}}