{"host":"l8lm1goh5xm9tkuw","time":1608888430,"event":{"mods":["Act Like it!","Alarm Clock","Astrologer","BaseMod","Colored Map","Colored Powertips","GungeonMod","Hermit","KomeijiMod","Library of Ruina","Library of Ruina Extra","Lobotomy","LobotomyExtend","Marisa£¨ìFÓê¡¡Ä§ÀíÉ³£©","Minty Spire (QoL Compilation)","MostiFishMod","Quick Restart","Replay The Spire","StSLib","TestMod","The Animator","The Bug Knight","The Hierophant","UnlockEverythingMod","[IsaacMod]ÒÔÈö¼âËþ","vexMod","¡¾ÒÅÎï¿¨ÅÆ¡¿REMEMod","²ÐÁôÖ®Îï"],"gold_per_floor":[113,130,90,170,215,227,227,289,340,340,368,381,431,450,450,555,1221,1239,752,752,752,752,781,527,556,556,647,647,666,666,124,124,228,228,240,240,258,258,308,327,327,354,354,354,373,407,807,115,115,115,115,115,115,115,143,143],"floor_reached":57,"playtime":2347,"items_purged":["PlaceholderMod:BaseStrike+1","PlaceholderMod:BaseStrike","PlaceholderMod:BaseStrike+1","PlaceholderMod:BaseStrike+1","PlaceholderMod:BaseStrike+1"],"score":1306,"play_id":"d1d1af37-7f9c-422b-a94b-2fa45a86a303","local_time":"20201225172710","is_ascension_mode":false,"campfire_choices":[{"data":"PlaceholderMod:MultipleOxi","floor":7,"key":"SMITH"},{"data":"PlaceholderMod:Colorful","floor":10,"key":"SMITH"},{"floor":15,"key":"RECALL"},{"data":"PlaceholderMod:FinalSpray","floor":28,"key":"SMITH"},{"data":"PlaceholderMod:CycleAttack","floor":30,"key":"SMITH"},{"data":"PlaceholderMod:PoisonAbsorb","floor":32,"key":"SMITH"},{"data":"MostiFishMod:Kaleido","floor":41,"key":"SMITH"},{"floor":44,"key":"REST"},{"data":"PlaceholderMod:Activation","floor":49,"key":"SMITH"},{"floor":53,"key":"REST"}],"circlet_count":0,"master_deck":["PlaceholderMod:BaseDefend+1","PlaceholderMod:BaseDefend+1","PlaceholderMod:BaseDefend+1","PlaceholderMod:BaseDefend+1","PlaceholderMod:BaseDefend+1","PlaceholderMod:Crystal+1","PlaceholderMod:PoisonWhip+1","PlaceholderMod:MultipleOxi+1","PlaceholderMod:EnergyAbsorb+1","PlaceholderMod:DirectingGroup+1","PlaceholderMod:PoisonAbsorb+1","PlaceholderMod:Colorful+1","PlaceholderMod:ComplexForm+1","PlaceholderMod:MultipleOxi+1","PlaceholderMod:SelectReaction+1","PlaceholderMod:HornyCollision+1","PlaceholderMod:FinalSpray+1","PlaceholderMod:CycleAttack+1","REME_WheelOfFate+1","PlaceholderMod:Package+1","PlaceholderMod:HighConcentration+1","PlaceholderMod:MultiReaction+1","PlaceholderMod:NearChange+1","MostiFishMod:Kaleido+1","PlaceholderMod:Activation+1"],"relics":["testmod-TestBox","REME_ComplimentaryCards","HushsDoor","NineVolt","testmod-LifeArmor","DSteel32","Philosopher\u0027s Stone","SynthV:TestCard","LetterFromLob","PageOfSpiderBud","DemoMod:ClearGuonStone","BookofShadows","Centennial Puzzle","vexMod:RockOfEvil","ReplayFunnel","vexMod:RedPlottingStone","Oddly Smooth Stone","DemoMod:LamentConfigurum","Nunchaku","PageOfLittleHelper","MoneyPower","Pet Ghost","Lee\u0027s Waffle","vexMod:Dragonfruit","vexMod:MysteryBossChallenge","vexMod:StarEater","Lizard Tail","Gremlin Horn","PageOfGalaxyChild","Lantern","testmod-ArcanaOfDestiny","Chemical X","DemoMod:OrangeGuonStone"],"acts_visited":["Exordium","TheCity","TheBeyond","TheEnding"],"potions_floor_usage":[5,8,13,13,27,27,50],"damage_taken":[{"damage":0,"enemies":"Small Slimes","floor":1,"turns":3},{"damage":0,"enemies":"Cultist","floor":2,"turns":2},{"damage":1,"enemies":"2 Louse","floor":5,"turns":4},{"damage":5,"enemies":"Looter","floor":6,"turns":2},{"damage":0,"enemies":"Replay:BlueRogue","floor":8,"turns":3},{"damage":0,"enemies":"Gremlin Nob","floor":11,"turns":2},{"damage":0,"enemies":"Blue Slaver","floor":12,"turns":2},{"damage":27,"enemies":"Hiden Room Battle","floor":13,"turns":5},{"damage":0,"enemies":"Exordium Thugs","floor":14,"turns":2},{"damage":11,"enemies":"Fading Forest","floor":16,"turns":11},{"damage":0,"enemies":"3 Byrds","floor":18,"turns":2},{"damage":0,"enemies":"Book of Stabbing","floor":23,"turns":2},{"damage":13,"enemies":"REME_1_Revenger","floor":25,"turns":5},{"damage":15,"enemies":"Spheric Guardian","floor":27,"turns":5},{"damage":0,"enemies":"Centurion and Healer","floor":29,"turns":4},{"damage":48,"enemies":"RedHoodMercenary","floor":33,"turns":8},{"damage":8,"enemies":"Orb Walker","floor":35,"turns":2},{"damage":0,"enemies":"3 Shapes","floor":37,"turns":4},{"damage":3,"enemies":"Mind Bloom Boss Battle","floor":39,"turns":3},{"damage":16,"enemies":"3 Darklings","floor":40,"turns":4},{"damage":0,"enemies":"R_Hoarder","floor":42,"turns":3},{"damage":0,"enemies":"Transient","floor":45,"turns":5},{"damage":0,"enemies":"Nemesis","floor":46,"turns":3},{"damage":23,"enemies":"Time Eater","floor":50,"turns":4},{"damage":1,"enemies":"Shield and Spear","floor":55,"turns":2},{"damage":34,"enemies":"Delirium","floor":56,"turns":16}],"seed_played":"6339053094440766740","potions_obtained":[{"floor":3,"key":"DistilledChaos"},{"floor":3,"key":"Toxic Potion"},{"floor":3,"key":"REME_GoldPotion"},{"floor":5,"key":"Venom Potion"},{"floor":6,"key":"REME_GoldPotion"},{"floor":8,"key":"Explosive Potion"},{"floor":12,"key":"testmod-TimePotion"},{"floor":16,"key":"FearPotion"},{"floor":18,"key":"Reflective Coating"},{"floor":27,"key":"Toxic Potion"},{"floor":29,"key":"Swift Potion"}],"is_trial":false,"path_per_floor":["M","M","?","?","M","M","R","E","T","R","E","M","?","M","R","B",null,"M","$","M","?","?","E","$","E","T","M","R","M","R","$","R","B",null,"M","?","M","?","?","M","R","E","T","R","M","E","?","$","R","B",null,null,"R","$","E","B",null],"character_chosen":"THE_PLACEHOLDER","items_purchased":["PlaceholderMod:CycleAttack","ReplayFunnel","REME_WheelOfFate","DemoMod:LamentConfigurum","Lee\u0027s Waffle","vexMod:Dragonfruit","PlaceholderMod:NearChange","MostiFishMod:Kaleido","testmod-ArcanaOfDestiny","Chemical X","PlaceholderMod:Activation"],"campfire_rested":2,"item_purchase_floors":[19,19,19,24,31,31,34,34,48,48,48],"current_hp_per_floor":[78,78,78,78,77,72,72,72,72,72,72,72,30,30,30,29,78,78,78,78,78,63,63,63,50,50,35,35,35,35,95,95,47,82,74,74,74,82,79,63,63,63,63,82,82,82,82,82,82,59,59,82,82,82,81,52],"gold":143,"neow_bonus":"BOSS_RELIC","is_daily":false,"chose_seed":false,"campfire_upgraded":7,"win_rate":0.0,"timestamp":1608888430,"path_taken":["M","M","?","?","?","M","R","E","T","R","E","M","?","?","R","BOSS","M","$","M","?","?","E","?","E","T","?","R","M","R","$","R","BOSS","M","?","M","?","?","?","R","E","T","R","M","E","?","?","R","BOSS","R","$","E","BOSS"],"items_purchased_type":["Card","Relic","Card","Relic","Relic","Relic","Card","Card","Relic","Relic","Card"],"build_version":"2020-12-22","purchased_purges":5,"victory":true,"max_hp_per_floor":[78,78,78,78,78,78,78,78,78,78,78,78,78,78,78,78,78,78,78,78,78,83,83,83,83,83,83,83,83,83,95,95,95,82,82,82,82,82,82,82,82,82,82,82,82,82,82,82,82,82,82,82,82,82,82,82],"card_choices":[{"not_picked":["PlaceholderMod:AngryAttack","PlaceholderMod:CycleAttack"],"picked":"PlaceholderMod:MultipleOxi","floor":1},{"not_picked":["PlaceholderMod:StrongAcid","PlaceholderMod:Sweep","PlaceholderMod:DissolvingSpikes","PlaceholderMod:NutritionAbsorb"],"picked":"PlaceholderMod:EnergyAbsorb","floor":2},{"not_picked":["PlaceholderMod:EnergyAbsorb","PlaceholderMod:HardStrike","PlaceholderMod:SpinBlade","PlaceholderMod:Internalization"],"picked":"PlaceholderMod:DirectingGroup","floor":5},{"not_picked":["PlaceholderMod:PericyclicReaction","PlaceholderMod:Package","PlaceholderMod:ProliferateStrike","PlaceholderMod:SeverePoisonStrike"],"picked":"PlaceholderMod:PoisonAbsorb","floor":6},{"not_picked":["PlaceholderMod:Hyperplasia","PlaceholderMod:AbsorbTouch","PlaceholderMod:Stratification","PlaceholderMod:TriggerStrike"],"picked":"PlaceholderMod:Colorful","floor":8},{"not_picked":["PlaceholderMod:Internalization","PlaceholderMod:DissolvingSpikes","Bomb","PlaceholderMod:EvolutionSpray"],"picked":"PlaceholderMod:ComplexForm","floor":11},{"not_picked":["PlaceholderMod:CycleAttack","PlaceholderMod:Corrosion","PlaceholderMod:Sweep","PlaceholderMod:OHStrongAttack"],"picked":"PlaceholderMod:MultipleOxi","floor":12},{"not_picked":["PlaceholderMod:DirectingGroup","PlaceholderMod:Hyperplasia","PlaceholderMod:CycleAttack","PlaceholderMod:TriggerStrike"],"picked":"PlaceholderMod:SelectReaction","floor":13},{"not_picked":["PlaceholderMod:Stable","PlaceholderMod:Corrosion","PlaceholderMod:SevereHeat","PlaceholderMod:DissolvingSpikes"],"picked":"PlaceholderMod:HornyCollision","floor":14},{"not_picked":["PlaceholderMod:QualitativeChange","PlaceholderMod:HornyCollision","PlaceholderMod:Activation","PlaceholderMod:BlastSpray"],"picked":"PlaceholderMod:FinalSpray","floor":16},{"not_picked":["PlaceholderMod:PoisonExcitation+1","PlaceholderMod:SpinBlade","PlaceholderMod:Colorful","PlaceholderMod:StressReaction","PlaceholderMod:SprayAttack+1"],"picked":"SKIP","floor":18},{"not_picked":["PlaceholderMod:Sweep","PlaceholderMod:PoisonBlast","PlaceholderMod:HornyBlast+1","PlaceholderMod:ReactionCatalyze"],"picked":"PlaceholderMod:Package","floor":23},{"not_picked":["PlaceholderMod:SelectReaction","PlaceholderMod:PoisonExcitation+1","PlaceholderMod:ParasiteChange+1","PlaceholderMod:ContinueSpray"],"picked":"PlaceholderMod:HighConcentration+1","floor":25},{"not_picked":["PlaceholderMod:Sweep","PlaceholderMod:InnerStable","PlaceholderMod:Polyp","PlaceholderMod:AttackAsDefend","PlaceholderMod:ParasiteChange+1"],"picked":"SKIP","floor":27},{"not_picked":["PlaceholderMod:SprayAttack","PlaceholderMod:DirectingGroup+1","PlaceholderMod:CycleAttack","PlaceholderMod:AngryAttack","PlaceholderMod:Hard"],"picked":"SKIP","floor":29},{"not_picked":["PlaceholderMod:AbsorbTouch","PlaceholderMod:QualitativeChange","PlaceholderMod:Activation","PlaceholderMod:ReactionCatalyze"],"picked":"PlaceholderMod:MultiReaction","floor":33},{"not_picked":["PlaceholderMod:Corrosion+1","PlaceholderMod:Sweep+1","PlaceholderMod:ContinueSpray","PlaceholderMod:DissolvingSpikes","PlaceholderMod:RadicalHit+1"],"picked":"SKIP","floor":35},{"not_picked":["PlaceholderMod:InnerStable+1","PlaceholderMod:Internalization+1","PlaceholderMod:ConsolidateHit","PlaceholderMod:DissolvingSpikes+1","PlaceholderMod:SubstitutionNucleophilic1"],"picked":"SKIP","floor":37},{"not_picked":["PlaceholderMod:OHStrongAttack","PlaceholderMod:Turn+1","PlaceholderMod:EvolutionSpray+1","PlaceholderMod:AngryAttack+1","PlaceholderMod:SubstitutionNucleophilic1+1"],"picked":"SKIP","floor":40},{"not_picked":["PlaceholderMod:Hard","PlaceholderMod:ComplexForm","PlaceholderMod:SelectReaction+1","PlaceholderMod:RadicalHit+1","PlaceholderMod:CycleAttack+1"],"picked":"SKIP","floor":42},{"not_picked":["PlaceholderMod:PoisonBlast","PlaceholderMod:AttackAsDefend+1","PlaceholderMod:ParasiteChange","PlaceholderMod:TriggerStrike","PlaceholderMod:Internalization"],"picked":"SKIP","floor":45},{"not_picked":["PlaceholderMod:StressReaction","PlaceholderMod:PoisonExcitation","PlaceholderMod:Break+1","PlaceholderMod:Hyperplasia+1","PlaceholderMod:SelfCoupling"],"picked":"SKIP","floor":46},{"not_picked":["PlaceholderMod:Sweep+1","PlaceholderMod:OHStrongAttack","PlaceholderMod:GrowthForm","PlaceholderMod:StressReaction","PlaceholderMod:PoisonExcitation"],"picked":"SKIP","floor":55}],"player_experience":352179,"relics_obtained":[{"floor":1,"key":"SynthV:TestCard"},{"floor":1,"key":"LetterFromLob"},{"floor":8,"key":"PageOfSpiderBud"},{"floor":11,"key":"DemoMod:ClearGuonStone"},{"floor":13,"key":"BookofShadows"},{"floor":13,"key":"Centennial Puzzle"},{"floor":21,"key":"vexMod:RedPlottingStone"},{"floor":23,"key":"Oddly Smooth Stone"},{"floor":25,"key":"Nunchaku"},{"floor":26,"key":"PageOfLittleHelper"},{"floor":39,"key":"Lizard Tail"},{"floor":42,"key":"Gremlin Horn"},{"floor":43,"key":"PageOfGalaxyChild"},{"floor":46,"key":"Lantern"},{"floor":55,"key":"DemoMod:OrangeGuonStone"}],"event_choices":[{"damage_healed":0,"gold_gain":0,"player_choice":"Bought 3 Potions","damage_taken":0,"max_hp_gain":0,"max_hp_loss":0,"event_name":"The Woman in Blue","floor":3,"gold_loss":0},{"damage_healed":0,"gold_gain":0,"player_choice":"Fight","damage_taken":0,"max_hp_gain":0,"max_hp_loss":0,"event_name":"HidenRoomEvent","floor":13,"gold_loss":0},{"damage_healed":0,"gold_gain":0,"player_choice":"Relic","damage_taken":0,"max_hp_gain":0,"max_hp_loss":0,"event_name":"Wheel of Change","floor":21,"gold_loss":0},{"damage_healed":0,"gold_gain":0,"player_choice":"Shed Blood","damage_taken":20,"max_hp_gain":5,"max_hp_loss":0,"event_name":"Forgotten Altar","floor":22,"gold_loss":0},{"damage_healed":0,"gold_gain":0,"player_choice":"Fight","damage_taken":0,"max_hp_gain":0,"max_hp_loss":0,"event_name":"MindBloom","floor":39,"gold_loss":0},{"damage_healed":0,"gold_gain":400,"player_choice":"Sell","damage_taken":0,"max_hp_gain":0,"max_hp_loss":0,"event_name":"¶÷ÂåË¹µÄÅÌ×Ó","floor":47,"relics_lost":["DaveBox"],"gold_loss":0}],"is_beta":false,"boss_relics":[{"not_picked":["TakeMeEscape","Replay:Drink Me"],"picked":"vexMod:RockOfEvil"},{"not_picked":[]},{"not_picked":["ChewingGum","Replay:Bronze Core"],"picked":"vexMod:MysteryBossChallenge"},{"not_picked":[]}],"items_purged_floors":[19,24,31,34,48],"is_endless":false,"potions_floor_spawned":[5,6,8,12,16,18,27,29,39,40,45,46],"ascension_level":0}}