{"host":"w7o06k3e8uel8euj","time":1608900473,"event":{"mods":["AchievementEnabler","BaseMod","Colored Powertips","Custom Start","DeckTracker","Keyboard Shortcuts","Minty Spire (QoL Compilation)","Quick Restart","Relic Stats","StSLib","SuperFastMode","everything is the same but u backflip on backflip"],"gold_per_floor":[112,122,138,88,88,128,53,53,53,53,53,128,128,152,152,152,152],"floor_reached":16,"playtime":281,"items_purged":["Strike_G"],"score":162,"play_id":"a9274d19-634f-4771-b576-8e9fb1582112","local_time":"20201225214753","is_ascension_mode":true,"campfire_choices":[{"data":"Defend_G","floor":8.0,"key":"PURGE"},{"data":"Strike_G","floor":11,"key":"PURGE"},{"floor":15,"key":"REST"}],"circlet_count":0,"master_deck":["AscendersBane","Strike_G","Defend_G","Defend_G","Defend_G","Defend_G","Survivor","Neutralize","Cloak And Dagger","Poisoned Stab","Blade Dance","Terror"],"relics":["Ring of the Snake","NeowsBlessing","Golden Idol","Peace Pipe","Letter Opener"],"acts_visited":["Exordium"],"potions_floor_usage":[10],"damage_taken":[{"damage":0.0,"enemies":"Cultist","floor":1.0,"turns":1.0},{"damage":0.0,"enemies":"2 Louse","floor":2.0,"turns":1.0},{"damage":0.0,"enemies":"Small Slimes","floor":3.0,"turns":1.0},{"damage":24.0,"enemies":"3 Sentries","floor":6.0,"turns":11.0},{"damage":0,"enemies":"Lagavulin","floor":10,"turns":1},{"damage":0,"enemies":"3 Louse","floor":14,"turns":3},{"damage":25,"enemies":"Hexaghost","floor":16,"turns":9}],"seed_played":"-2483405162325649240","potions_obtained":[{"floor":2.0,"key":"Fire Potion"},{"floor":3.0,"key":"SmokeBomb"}],"is_trial":false,"path_per_floor":["M","M","M","?","?","E","$","R","T","E","R","?","?","M","R","B"],"character_chosen":"THE_SILENT","items_purchased":[],"campfire_rested":1,"item_purchase_floors":[],"current_hp_per_floor":[63,63,63,63,46,22,22,22,22,22,22,11,4,4,25,0,0],"gold":152,"neow_bonus":"THREE_ENEMY_KILL","is_daily":false,"chose_seed":false,"campfire_upgraded":0,"win_rate":0.0,"timestamp":1608900473,"path_taken":["M","M","?","?","?","E","$","R","T","E","R","?","?","?","R","BOSS"],"items_purchased_type":[],"build_version":"2020-12-22","purchased_purges":1,"victory":false,"max_hp_per_floor":[70,70,70,70,70,70,70,70,70,70,70,70,70,70,70,70,70],"relic_stats":{"Peace Pipe":2,"counters":[7,27],"Golden Idol":21,"Letter Opener":[10],"obtain_stats":[{"Peace Pipe":6,"NeowsBlessing":0,"Golden Idol":5,"Letter Opener":9,"Ring of the Snake":0},{"Peace Pipe":4,"NeowsBlessing":0,"Golden Idol":3,"Letter Opener":4,"Ring of the Snake":0},{"Peace Pipe":14,"NeowsBlessing":0,"Golden Idol":3,"Letter Opener":14,"Ring of the Snake":0}],"Ring of the Snake":[14]},"card_choices":[{"not_picked":["Blur","Backflip"],"picked":"Cloak And Dagger","floor":1.0},{"not_picked":["Tactician","Slice"],"picked":"Poisoned Stab","floor":2.0},{"not_picked":["Dodge and Roll","Outmaneuver"],"picked":"Blade Dance","floor":3.0},{"not_picked":["Deadly Poison","Setup","Tactician"],"picked":"SKIP","floor":6.0},{"not_picked":["Dagger Throw","A Thousand Cuts"],"picked":"Terror","floor":14}],"player_experience":572545,"relics_obtained":[{"floor":6.0,"key":"Peace Pipe"},{"floor":9.0,"key":"Letter Opener"}],"event_choices":[{"cards_removed":["Strike_G"],"damage_healed":0.0,"max_hp_gain":0.0,"max_hp_loss":0.0,"gold_gain":0.0,"event_name":"The Cleric","player_choice":"Card Removal","floor":4.0,"gold_loss":50.0,"damage_taken":0.0},{"damage_healed":0.0,"max_hp_gain":0.0,"max_hp_loss":0.0,"gold_gain":0.0,"event_name":"Golden Idol","player_choice":"Take Damage","floor":5.0,"gold_loss":0.0,"damage_taken":17.0,"relics_obtained":["Golden Idol"]},{"damage_healed":0,"gold_gain":75,"player_choice":"Gather Gold","damage_taken":11,"max_hp_gain":0,"max_hp_loss":0,"event_name":"World of Goop","floor":12,"gold_loss":0},{"cards_removed":["Strike_G"],"damage_healed":0,"gold_gain":0,"player_choice":"Card Removal","damage_taken":7,"max_hp_gain":0,"max_hp_loss":0,"event_name":"Golden Wing","floor":13,"gold_loss":0}],"is_beta":false,"boss_relics":[],"items_purged_floors":[7],"is_endless":false,"potions_floor_spawned":[2,3],"killed_by":"Hexaghost","ascension_level":10}}