{"host":"qy6st0zp32tctd9l","time":1608896529,"event":{"mods":["BaseMod","Colored Map","Downfall","GifTheSpireLib","Minty Spire (QoL Compilation)","StSLib","The Runesmith","The Servant 0.9.4","UnlockEverythingMod"],"gold_per_floor":[115,129,54,74,24,24,24,63,63,99,99,132,132,146,146,275,275,245,265,175,193,193,193],"floor_reached":22,"playtime":1268,"items_purged":["Runesmith:Strike_RS"],"score":204,"play_id":"73ea8718-d98b-43a7-80f1-0dd819e4527e","local_time":"20201225194209","is_ascension_mode":false,"campfire_choices":[{"data":"Runesmith:Fortify","floor":6,"key":"SMITH"},{"floor":11,"key":"REST"},{"data":"Runesmith:UnlimitedPower","floor":13,"key":"SMITH"},{"floor":15,"key":"RECALL"}],"circlet_count":0,"master_deck":["Runesmith:Strike_RS","Runesmith:Defend_RS","Runesmith:Defend_RS","Runesmith:Defend_RS","Runesmith:Defend_RS","Runesmith:CraftFirestone","Runesmith:Fortify+1","Runesmith:Permafrost","Runesmith:EnergizedChisel","Runesmith:HeatedChisel","Runesmith:UnlimitedPower+1","Runesmith:CraftObretio","Runesmith:LithiumIon","Runesmith:ArcReactor","Runesmith:Grindstone+1"],"relics":["Runesmith:BrokenRuby","NeowsBlessing","Golden Idol","Kunai","Matryoshka","Eternal Feather","Cursed Key"],"acts_visited":["Exordium","TheCity"],"potions_floor_usage":[8,22],"damage_taken":[{"damage":0.0,"enemies":"Cultist","floor":1.0,"turns":1.0},{"damage":0.0,"enemies":"Small Slimes","floor":2.0,"turns":1.0},{"damage":0.0,"enemies":"2 Louse","floor":4.0,"turns":1.0},{"damage":24,"enemies":"Gremlin Nob","floor":8,"turns":5},{"damage":16,"enemies":"3 Sentries","floor":10,"turns":9},{"damage":3,"enemies":"Lagavulin","floor":12,"turns":10},{"damage":7,"enemies":"Exordium Thugs","floor":14,"turns":7},{"damage":25,"enemies":"Slime Boss","floor":16,"turns":13},{"damage":25,"enemies":"2 Thieves","floor":18,"turns":5},{"damage":10,"enemies":"Spheric Guardian","floor":19,"turns":6},{"damage":12,"enemies":"Centurion and Healer","floor":21,"turns":8},{"damage":0,"enemies":"Shelled Parasite and Fungi","floor":22,"turns":1}],"seed_played":"-5769488059337505539","potions_obtained":[{"floor":2.0,"key":"SpeedPotion"},{"floor":4.0,"key":"SmokeBomb"},{"floor":8,"key":"Fruit Juice"},{"floor":16,"key":"Weak Potion"},{"floor":18,"key":"AttackPotion"}],"is_trial":false,"path_per_floor":["M","M","$","M","?","R","?","E","T","E","R","E","R","M","R","B",null,"M","M","?","M","M"],"character_chosen":"RUNESMITH_CLASS","items_purchased":[],"campfire_rested":1,"item_purchase_floors":[],"current_hp_per_floor":[70,70,70,70,70,70,53,34,34,18,40,37,43,36,42,17,75,50,40,40,28,28,28],"gold":193,"neow_bonus":"THREE_ENEMY_KILL","is_daily":false,"chose_seed":false,"campfire_upgraded":2,"win_rate":0.0,"timestamp":1608896529,"path_taken":["M","M","$","M","?","R","?","E","T","E","R","E","R","M","R","BOSS","M","M","?","M","M"],"items_purchased_type":[],"build_version":"2020-12-22","purchased_purges":1,"victory":false,"max_hp_per_floor":[70,70,70,70,70,70,70,75,75,75,75,75,75,75,75,75,75,75,75,75,75,75,75],"card_choices":[{"not_picked":["Runesmith:Overpower","Runesmith:EnergizedChisel"],"picked":"Runesmith:Permafrost","floor":1.0},{"not_picked":["Runesmith:Retool","Runesmith:CraftProtectio"],"picked":"Runesmith:EnergizedChisel","floor":2.0},{"not_picked":["Runesmith:Supernova","Runesmith:CraftMagma"],"picked":"Runesmith:HeatedChisel","floor":4.0},{"not_picked":["Runesmith:CraftVitae","Runesmith:Malloc"],"picked":"Runesmith:UnlimitedPower","floor":8},{"not_picked":["Runesmith:UnstableHammer","Runesmith:EnergizedChisel","Runesmith:ShiftingStrike"],"picked":"SKIP","floor":10},{"not_picked":["Runesmith:Repurpose","Runesmith:HammerThrow"],"picked":"Runesmith:CraftObretio","floor":12},{"not_picked":["Runesmith:RuneHurl","Runesmith:MakeshiftArmor"],"picked":"Runesmith:LithiumIon","floor":14},{"not_picked":["Runesmith:UnlimitedPower","Runesmith:CraftPrismatica"],"picked":"Runesmith:ArcReactor","floor":16},{"not_picked":["Runesmith:HeatedChisel+1","Runesmith:Refine+1"],"picked":"Runesmith:Grindstone","floor":18},{"not_picked":["Runesmith:PerfectChisel","Runesmith:HeatedChisel","Runesmith:Grindstone"],"picked":"SKIP","floor":19},{"not_picked":["Runesmith:Terraform","Runesmith:HammerAndChisel+1","Runesmith:HeatedChisel+1"],"picked":"SKIP","floor":21}],"player_experience":78734,"relics_obtained":[{"floor":8,"key":"Kunai"},{"floor":10,"key":"Matryoshka"},{"floor":12,"key":"Eternal Feather"}],"event_choices":[{"cards_removed":["Runesmith:Strike_RS"],"damage_healed":0.0,"max_hp_gain":0.0,"max_hp_loss":0.0,"gold_gain":0.0,"event_name":"The Cleric","player_choice":"Card Removal","floor":5.0,"gold_loss":50.0,"damage_taken":0.0},{"damage_healed":0,"gold_gain":0,"player_choice":"Take Damage","damage_taken":17,"relics_obtained":["Golden Idol"],"max_hp_gain":0,"max_hp_loss":0,"event_name":"Golden Idol","floor":7,"gold_loss":0},{"cards_removed":["Runesmith:Strike_RS"],"damage_healed":0,"gold_gain":0,"player_choice":"Upgrade and Remove","damage_taken":0,"max_hp_gain":0,"max_hp_loss":0,"event_name":"Designer","floor":20,"gold_loss":90,"cards_upgraded":["Runesmith:Grindstone"]}],"is_beta":false,"boss_relics":[{"not_picked":["Tiny House","Fusion Hammer"],"picked":"Cursed Key"}],"items_purged_floors":[3],"is_endless":false,"potions_floor_spawned":[2,4,8,16,18],"killed_by":"Shelled Parasite and Fungi","ascension_level":0}}