{"host":"utqe55yv0jihe4d6","time":1608869174,"event":{"mods":["2.2 Compatiblity","AchievementEnabler","BaseMod","Block Reminder","Colored Map","Colored Powertips","Minty Spire (QoL Compilation)","Quick Restart","Rare Cards Sparkle","Relic Stats","SuperFastMode"],"gold_per_floor":[118,67,67,77,97,97,139,139,191,220,244,263,263,297,297,385,466,487,771,271,283,293,293,293],"floor_reached":23,"playtime":716,"items_purged":["Regret"],"score":406,"play_id":"4b9208c7-783c-4e77-a288-2162a596ce75","local_time":"20201224230614","is_ascension_mode":true,"campfire_choices":[{"data":"Perfected Strike","floor":6,"key":"SMITH"},{"data":"Armaments","floor":8,"key":"SMITH"},{"floor":13,"key":"REST"},{"data":"Battle Trance","floor":15,"key":"SMITH"}],"circlet_count":0,"master_deck":["AscendersBane","Bash","Perfected Strike+1","Shrug It Off","Armaments+1","Blood for Blood","Disarm","Bludgeon","Battle Trance+1","Burning Pact","Shockwave","Immolate","Sentinel","Double Tap","Clash","Berserk","Pummel","Feel No Pain","Metallicize","Shockwave","Seeing Red","Perfected Strike","Spot Weakness","Dark Embrace"],"relics":["Burning Blood","Lizard Tail","CultistMask","CeramicFish","Centennial Puzzle","Meat on the Bone","Pandora\u0027s Box","Membership Card","Strawberry","Kunai"],"acts_visited":["Exordium","TheCity"],"potions_floor_usage":[10,14,16,23],"damage_taken":[{"damage":17,"enemies":"Small Slimes","floor":1,"turns":4},{"damage":1,"enemies":"Cultist","floor":4,"turns":4},{"damage":3,"enemies":"2 Louse","floor":5,"turns":4},{"damage":32,"enemies":"Gremlin Nob","floor":7,"turns":4},{"damage":11,"enemies":"Gremlin Gang","floor":10,"turns":5},{"damage":13,"enemies":"Lots of Slimes","floor":11,"turns":5},{"damage":19,"enemies":"Red Slaver","floor":12,"turns":4},{"damage":17,"enemies":"3 Sentries","floor":14,"turns":5},{"damage":39,"enemies":"Slime Boss","floor":16,"turns":14},{"damage":1,"enemies":"Chosen","floor":18,"turns":5},{"damage":29,"enemies":"Spheric Guardian","floor":21,"turns":6},{"damage":21,"enemies":"Snake Plant","floor":22,"turns":5},{"damage":67,"enemies":"Book of Stabbing","floor":23,"turns":5}],"seed_played":"-7013201347557536806","potions_obtained":[{"floor":7,"key":"Block Potion"},{"floor":12,"key":"BlessingOfTheForge"},{"floor":14,"key":"SkillPotion"},{"floor":18,"key":"Swift Potion"}],"is_trial":false,"path_per_floor":["M","$","?","M","M","R","E","R","T","M","M","M","R","E","R","B",null,"M","?","$","M","M","E"],"character_chosen":"IRONCLAD","items_purchased":["Shrug It Off","Membership Card","Strawberry","Kunai","Spot Weakness","Dark Embrace","BloodPotion"],"campfire_rested":1,"item_purchase_floors":[2,20,20,20,20,20,20],"current_hp_per_floor":[57,57,57,62,65,65,39,39,39,34,27,14,34,23,23,52,64,68,68,75,52,49,0,0],"gold":293,"neow_bonus":"ONE_RARE_RELIC","is_daily":false,"chose_seed":false,"campfire_upgraded":3,"win_rate":0.0,"timestamp":1608869174,"path_taken":["M","$","?","M","M","R","E","R","T","M","M","?","R","E","R","BOSS","M","?","$","M","?","E"],"items_purchased_type":["Card","Relic","Relic","Relic","Card","Card","Potion"],"build_version":"2020-12-22","purchased_purges":1,"victory":false,"max_hp_per_floor":[68,68,68,68,68,68,68,68,68,68,68,68,68,68,68,68,68,68,68,75,75,75,75,75],"relic_stats":{"Lizard Tail":34,"Centennial Puzzle":[27],"counters":[13,70],"CeramicFish":171,"Pandora\u0027s Box":["Sentinel","Double Tap","Clash","Berserk","Pummel","Feel No Pain","Metallicize","Shockwave","Seeing Red"],"Kunai":[0],"obtain_stats":[{"Lizard Tail":0,"Centennial Puzzle":9,"CeramicFish":7,"Strawberry":20,"Pandora\u0027s Box":17,"CultistMask":3,"Membership Card":20,"Kunai":20,"Burning Blood":0,"Meat on the Bone":14},{"Lizard Tail":0,"Centennial Puzzle":4,"CeramicFish":4,"Strawberry":10,"Pandora\u0027s Box":9,"CultistMask":1,"Membership Card":10,"Kunai":10,"Burning Blood":0,"Meat on the Bone":8},{"Lizard Tail":0,"Centennial Puzzle":16,"CeramicFish":16,"Strawberry":54,"Pandora\u0027s Box":49,"CultistMask":4,"Membership Card":54,"Kunai":54,"Burning Blood":0,"Meat on the Bone":35}],"Burning Blood":71,"Meat on the Bone":24},"card_choices":[{"not_picked":["Heavy Blade","Disarm"],"picked":"Perfected Strike","floor":1},{"not_picked":["Havoc","Thunderclap"],"picked":"Armaments","floor":4},{"not_picked":["Second Wind","Clash"],"picked":"Blood for Blood","floor":5},{"not_picked":["Shrug It Off","Whirlwind"],"picked":"Disarm","floor":7},{"not_picked":["Body Slam","Intimidate"],"picked":"Bludgeon","floor":10},{"not_picked":["Cleave","Twin Strike"],"picked":"Battle Trance","floor":11},{"not_picked":["Reckless Charge","Pommel Strike"],"picked":"Burning Pact","floor":12},{"not_picked":["Intimidate","Fiend Fire"],"picked":"Shockwave","floor":14},{"not_picked":["Fiend Fire","Barricade"],"picked":"Immolate","floor":16},{"not_picked":["Flex","Shrug It Off"],"picked":"Perfected Strike","floor":18},{"not_picked":["Flex","Intimidate","Reckless Charge"],"picked":"SKIP","floor":21},{"not_picked":["Hemokinesis","Fire Breathing+1","Flex"],"picked":"SKIP","floor":22}],"player_experience":2856387,"relics_obtained":[{"floor":7,"key":"CeramicFish"},{"floor":9,"key":"Centennial Puzzle"},{"floor":14,"key":"Meat on the Bone"}],"event_choices":[{"damage_healed":0,"gold_gain":0,"player_choice":"Trade","damage_taken":0,"relics_obtained":["CultistMask"],"max_hp_gain":0,"max_hp_loss":0,"event_name":"FaceTrader","floor":3,"gold_loss":0},{"damage_healed":0,"gold_gain":275,"player_choice":"Desecrate","damage_taken":0,"max_hp_gain":0,"max_hp_loss":0,"event_name":"Golden Shrine","floor":19,"gold_loss":0,"cards_obtained":["Regret"]}],"is_beta":false,"boss_relics":[{"not_picked":["Philosopher\u0027s Stone","Sozu"],"picked":"Pandora\u0027s Box"}],"items_purged_floors":[20],"is_endless":false,"potions_floor_spawned":[7,12,14,18,22],"killed_by":"Book of Stabbing","ascension_level":20}}