{"host":"zwuytn9vh5b8tdl7","time":1608863708,"event":{"mods":["AchievementEnabler","BaseMod","Colored Powertips","GifTheSpireLib","Minty Spire (QoL Compilation)","Rare Cards Sparkle"],"gold_per_floor":[112,126,126,126,126,159,171,190,190,465,490,490,509,535,535,535,535],"floor_reached":16,"playtime":488,"items_purged":[],"score":160,"play_id":"cdb3e7f6-828f-4489-8d96-088df954e8b1","local_time":"20201224213508","is_ascension_mode":true,"campfire_choices":[{"floor":12.0,"key":"REST"},{"floor":15.0,"key":"REST"}],"circlet_count":0,"master_deck":["Strike_G","Strike_G","Strike_G","Strike_G","Strike_G","Defend_G","Defend_G","Defend_G","Defend_G","Defend_G","Survivor+1","Neutralize+1","Blade Dance","Dodge and Roll","Noxious Fumes","Corpse Explosion","Sucker Punch","Regret","Quick Slash","Predator","Choke+1"],"relics":["Ring of the Snake","NeowsBlessing","Happy Flower","Blood Vial","Bottled Tornado","Molten Egg 2"],"acts_visited":[],"potions_floor_usage":[],"damage_taken":[{"damage":0.0,"enemies":"Cultist","floor":1.0,"turns":1.0},{"damage":0.0,"enemies":"2 Louse","floor":2.0,"turns":1.0},{"damage":0.0,"enemies":"3 Sentries","floor":6.0,"turns":1.0},{"damage":13.0,"enemies":"Jaw Worm","floor":7.0,"turns":4.0},{"damage":10.0,"enemies":"Red Slaver","floor":8.0,"turns":5.0},{"damage":51.0,"enemies":"Gremlin Nob","floor":11.0,"turns":7.0},{"damage":9.0,"enemies":"Exordium Wildlife","floor":13.0,"turns":5.0},{"damage":16.0,"enemies":"Lagavulin","floor":14.0,"turns":7.0},{"damage":32,"enemies":"The Guardian","floor":16,"turns":6}],"seed_played":"6148196970886646905","potions_obtained":[{"floor":2.0,"key":"Swift Potion"},{"floor":6.0,"key":"Fruit Juice"},{"floor":11.0,"key":"Block Potion"},{"floor":14.0,"key":"DuplicationPotion"}],"is_trial":false,"path_per_floor":["M","M","?","$","?","E","M","M","T","?","E","R","M","E","R","B"],"character_chosen":"THE_SILENT","items_purchased":[],"campfire_rested":2,"item_purchase_floors":[],"current_hp_per_floor":[70,70,70,70,70,75,62,52,52,52,3,25,18,4,26,0,0],"gold":535,"neow_bonus":"THREE_ENEMY_KILL","is_daily":false,"chose_seed":false,"campfire_upgraded":0,"win_rate":0.0,"timestamp":1608863708,"path_taken":["M","?","?","$","?","E","M","?","T","?","E","R","?","E","R","BOSS"],"items_purchased_type":[],"build_version":"2020-12-22","purchased_purges":0,"victory":false,"max_hp_per_floor":[70,70,70,70,70,75,75,75,75,75,75,75,75,75,75,75,75],"card_choices":[{"not_picked":["Poisoned Stab","Bouncing Flask"],"picked":"Blade Dance","floor":1.0},{"not_picked":["Acrobatics","Escape Plan"],"picked":"Dodge and Roll","floor":2.0},{"not_picked":["Deflect","Acrobatics"],"picked":"Noxious Fumes","floor":6.0},{"not_picked":["Dodge and Roll","Backflip"],"picked":"Corpse Explosion","floor":7.0},{"not_picked":["Flying Knee","Skewer"],"picked":"Sucker Punch","floor":8.0},{"not_picked":["Outmaneuver","Well Laid Plans"],"picked":"Quick Slash","floor":11.0},{"not_picked":["Backflip","Dodge and Roll"],"picked":"Predator","floor":13.0},{"not_picked":["Outmaneuver","A Thousand Cuts"],"picked":"Choke+1","floor":14.0}],"player_experience":308205,"relics_obtained":[{"floor":6.0,"key":"Happy Flower"},{"floor":9.0,"key":"Blood Vial"},{"floor":11.0,"key":"Bottled Tornado"},{"floor":14.0,"key":"Molten Egg 2"}],"event_choices":[{"damage_healed":0.0,"max_hp_gain":0.0,"max_hp_loss":0.0,"gold_gain":0.0,"event_name":"Living Wall","player_choice":"Grow","floor":3.0,"gold_loss":0.0,"damage_taken":0.0,"cards_upgraded":["Neutralize"]},{"damage_healed":0.0,"max_hp_gain":0.0,"max_hp_loss":0.0,"gold_gain":0.0,"event_name":"Upgrade Shrine","player_choice":"Upgraded","floor":5.0,"gold_loss":0.0,"damage_taken":0.0,"cards_upgraded":["Survivor"]},{"damage_healed":0.0,"max_hp_gain":0.0,"max_hp_loss":0.0,"gold_gain":275.0,"event_name":"Golden Shrine","player_choice":"Desecrate","floor":10.0,"gold_loss":0.0,"damage_taken":0.0,"cards_obtained":["Regret"]}],"is_beta":false,"boss_relics":[],"items_purged_floors":[],"is_endless":false,"potions_floor_spawned":[2,6,11,14],"killed_by":"The Guardian","ascension_level":2}}