{"host":"mnbcmacrd1psrd1k","time":1608860569,"event":{"mods":["2.2 Compatiblity","AchievementEnabler","Act Like it!","AlwaysNeverKeys","Aspiration","BaseMod","Better Note","CapriCore","ChefMod","Colored Map","Colored Powertips","Conspire","Elementarium","Energized Spire","Friendly Minions","GifTheSpireLib","Googly Eyes","Halation","Hallownest","Highlight Path","Infinite Spire","Jorbs\u0027s Wanderer Trilogy","Marked Mod","Menagerie","Minty Spire (QoL Compilation)","Permanent Neow","Quarter Circle Forward PUNCH!","Quick Restart","RRrroohrrRGHHhhh!!","Rare Cards Sparkle","Relic Sorter","Replay The Spire","Robot Space Explorer","Shop Mod","Small Relic Pack","Spikes Relics","Spire Birthday Party","StSLib","Stuff the Spire","SuperFastMode","Trackpad","Treasure Hunter","Unceasing Turn Reminder","Wandering Minibosses","noobMod","slay the spire mod where everything is the same but ironclad has a cowboy hat","vexMod"],"gold_per_floor":[112,18,18,32,48,48,59,59,59,90,108,123,156,169,169,268,268,288,288,288,300,340,340],"floor_reached":22,"playtime":1584,"items_purged":[],"score":223,"play_id":"ee32b4fa-582c-4462-9a19-f50376bd0d10","local_time":"20201224194249","is_ascension_mode":false,"campfire_choices":[{"data":"chefmod:TodaysSpecial","floor":6.0,"key":"SMITH"},{"data":"chefmod:FreezerBurn","floor":15.0,"key":"SMITH"}],"circlet_count":0,"master_deck":["chefmod:Strike","chefmod:Strike","chefmod:Strike","chefmod:Strike","chefmod:Strike","chefmod:Defend","chefmod:Defend","chefmod:Defend","chefmod:QuickThaw","chefmod:TodaysSpecial+1","chefmod:ZaruSoba","chefmod:FreezerBurn+1","chefmod:ZaruSoba","chefmod:FiveAlarmChili","chefmod:ColdSteel","chefmod:FarmersMarket","chefmod:HotSoup","chefmod:Fillet","chefmod:FreezeSolid","chefmod:Leftovers","chefmod:Chop","chefmod:CapreseSalad","chefmod:Julienne","Hallownest:pwrSporeShroom","chefmod:Granita"],"relics":["chefmod:TrustyPot","Hallownest:DreamNailRelic","ice","NeowsBlessing","LugNut","Divine Protection","halation:AfternoonTea","Durian","energizedSpire:DeadBattery"],"acts_visited":["Exordium","Hallownest:Greenpath"],"potions_floor_usage":[16,21],"damage_taken":[{"damage":0.0,"enemies":"Hallownest:2_MossCreeps","floor":1.0,"turns":1.0},{"damage":0.0,"enemies":"Hallownest:2_Baldur","floor":4.0,"turns":1.0},{"damage":1.0,"enemies":"Hallownest:2_Tiktiks_and_1_Crawlid","floor":5.0,"turns":2.0},{"damage":0.0,"enemies":"Hallownest:monsterAspidMother","floor":7.0,"turns":5.0},{"damage":0.0,"enemies":"Hallownest:eliteVengeflyKing","floor":10.0,"turns":6.0},{"damage":0.0,"enemies":"Hallownest:monsterMossCharger","floor":11.0,"turns":5.0},{"damage":5.0,"enemies":"Hallownest:monsterFoolEater","floor":12.0,"turns":5.0},{"damage":3.0,"enemies":"Hallownest:eliteMossKnight","floor":13.0,"turns":7.0},{"damage":0.0,"enemies":"Hallownest:Wandering_and_Horned","floor":14.0,"turns":5.0},{"damage":29,"enemies":"Hallownest:BossHornet","floor":16,"turns":13},{"damage":3,"enemies":"Hallownest:2_Mistakes","floor":18,"turns":8},{"damage":5,"enemies":"Hallownest:3_Youths","floor":21,"turns":7},{"damage":10,"enemies":"Hallownest:Glutton_and_Coward","floor":22,"turns":3}],"seed_played":"-4413304062202298663","potions_obtained":[{"floor":5.0,"key":"Languid Potion"},{"floor":10.0,"key":"Adrenaline Potion"},{"floor":12.0,"key":"SkillPotion"},{"floor":14.0,"key":"Strength Potion"}],"is_trial":false,"path_per_floor":["M","$","?","M","M","R","M","T","T","E","M","M","E","M","R","B",null,"M","?","?","M","M"],"character_chosen":"THE_CHEF","items_purchased":["chefmod:FreezerBurn","chefmod:ZaruSoba"],"campfire_rested":0,"item_purchase_floors":[2,2],"current_hp_per_floor":[76,76,76,76,75,75,75,75,75,75,75,70,72,72,72,43,81,78,74,74,69,59,59],"gold":340,"neow_bonus":"THREE_ENEMY_KILL","is_daily":false,"chose_seed":false,"campfire_upgraded":2,"win_rate":0.0,"timestamp":1608860569,"path_taken":["M","$","?","M","M","R","?","?","T","E","M","M","E","?","R","BOSS","M","?","?","M","M"],"items_purchased_type":["Card","Card"],"build_version":"2020-12-22","purchased_purges":0,"victory":false,"max_hp_per_floor":[76,76,76,76,76,76,76,76,76,76,76,76,81,81,81,81,81,81,81,81,81,81,81],"card_choices":[{"not_picked":["chefmod:SliceAndDice","chefmod:FryPan"],"picked":"chefmod:ZaruSoba","floor":1.0},{"not_picked":["chefmod:Defrost","chefmod:IceCreamCone"],"picked":"chefmod:FiveAlarmChili","floor":4.0},{"not_picked":["chefmod:Chop","chefmod:FreezerBurn"],"picked":"chefmod:ColdSteel","floor":5.0},{"not_picked":["chefmod:NewMenu","chefmod:BananaSplit"],"picked":"chefmod:FarmersMarket","floor":7.0},{"not_picked":["TH:PixieDust","TH:EnergyPotion"],"picked":"SKIP","floor":8.0},{"not_picked":["TH:PixieDust","TH:DeckOfManyThings"],"picked":"SKIP","floor":9.0},{"not_picked":["chefmod:Sorbet","chefmod:ZaruSoba"],"picked":"chefmod:HotSoup","floor":10.0},{"not_picked":["TH:EnergyPotion","TH:DeckOfManyThings"],"picked":"SKIP","floor":10.0},{"not_picked":["chefmod:DinoKale","chefmod:PotatoGratin"],"picked":"chefmod:Fillet","floor":11.0},{"not_picked":["chefmod:FireUp","chefmod:BananaSplit"],"picked":"chefmod:FreezeSolid","floor":12.0},{"not_picked":["chefmod:Granita","chefmod:DeathByChocolate"],"picked":"chefmod:Leftovers","floor":13.0},{"not_picked":["TH:Mimic","TH:EnergyPotion"],"picked":"SKIP","floor":13.0},{"not_picked":["chefmod:DinoKale","chefmod:SliceAndDice"],"picked":"chefmod:Chop","floor":14.0},{"not_picked":["chefmod:FullCourseMeal","chefmod:RisingDough"],"picked":"chefmod:CapreseSalad","floor":16},{"not_picked":["chefmod:SliceAndDice","chefmod:Sorbet+1"],"picked":"chefmod:Julienne","floor":18},{"not_picked":["chefmod:Fillet+1","chefmod:Sorbet"],"picked":"chefmod:Granita","floor":21}],"player_experience":516094,"relics_obtained":[{"floor":8.0,"key":"LugNut"},{"floor":9.0,"key":"Divine Protection"},{"floor":10.0,"key":"halation:AfternoonTea"},{"floor":13.0,"key":"Durian"}],"event_choices":[],"is_beta":false,"boss_relics":[{"not_picked":["aspiration:RunicSpoon","ReplayTheSpireMod:DimensionalGlitch"],"picked":"energizedSpire:DeadBattery"}],"items_purged_floors":[],"is_endless":false,"potions_floor_spawned":[5,10,12,14],"killed_by":"Hallownest:Glutton_and_Coward","ascension_level":0}}