{"host":"ze754j8gfb8asmsl","time":1608880202,"event":{"mods":["BaseMod","Lobotomy","LobotomyExtend","Marisa（F雨　魔理沙）","Minty Spire (QoL Compilation)","Quick Restart","Relic Stats","Replay The Spire","RumiaBox-露米娅的神秘盒子","Shop Mod","StSLib","vexMod","【东方二次创作】八云紫mod","【功能Mod】混沌之环修复补丁","【遗物卡牌】REMEMod"],"gold_per_floor":[137,62,62,29,40,75,89,89,89,89,102,136,136,163,163,383,383,457,560,638,761,795,795,77,77,77,121,121,219,74,179,179,427,427,486,592,644,704,132,132,273,273,323,466,536,599,599,709,709,769],"floor_reached":51,"playtime":3846,"items_purged":["Pain","Defend_purpleEX","AT_purpleEX"],"score":1146,"play_id":"87b44ee3-870a-4553-97d1-0239241ff91a","local_time":"20201225151002","is_ascension_mode":true,"campfire_choices":[{"data":"Observe_purple_2","floor":8.0,"key":"SMITH"},{"data":"Bait_HighSpeedFlying_purple","floor":10.0,"key":"SMITH"},{"data":"Umbrella_purple","floor":15.0,"key":"SMITH"},{"data":"Mirror_TwoAndThreeElementRealm_purple","floor":23,"key":"SMITH"},{"data":"WatchEChange_purple","floor":25,"key":"SMITH"},{"data":"OmniscientAndOmnipotent_Monster_purple","floor":28,"key":"SMITH"},{"data":"Boundary_of_Extermination_purpleEX","floor":32,"key":"SMITH"},{"data":"LoveAcrossDimensions_purple","floor":40,"key":"SMITH"},{"data":"Know_ledgeAbilityRealm_purple","floor":47,"key":"SMITH"},{"data":"Boundary_LifeAndDeath_purple","floor":49,"key":"SMITH"}],"circlet_count":0,"master_deck":["AT_purpleEX","AT_purpleEX","AT_purpleEX","Defend_purpleEX","Defend_purpleEX","Defend_purpleEX","Observe_purple_1","Observe_purple_2+1","FeatherOfHonor","Line_surface_state_purple","AdvanceAttack_purple","Bait_HighSpeedFlying_purple+1","Boundary_LifeAndDeath_purple+1","Umbrella_purple+1","Worldmountain_purple","Mirror_TwoAndThreeElementRealm_purple+1","WatchEChange_purple+1","DimensionStaggered_purple","OmniscientAndOmnipotent_Monster_purple+1","Fantasy_PerpetualMotionMachine_purple+1","EighthInstrument_OneDividesIntoTwo_purple+1","Boundary_of_Extermination_purpleEX+1","MNeedle_purple","LoveAcrossDimensions_purple+1","FragmentationRealm_purple","PurpleNeedle_purple+1","Know_ledgeAbilityRealm_purple+1","Decay","Know_ledgeAbilityRealm_purple+1"],"relics":["Boundary_crack","Memoryfragments_purpleEX","REME_ComplimentaryCards","Painkiller Herb","Replay:Wax Seal","Garlic","White Beast Statue","Replay:Bandana","Cursed Key","Baka2","vexMod:Spyglass","Ccalipers","HornCleat","InkBottle","ZombieArmy","OrangePellets","ReplayTheSpireMod:Lightbulb","Garlic","SlaversCollar","Sling","LastBattle","Blood Vial","Potion Belt","Replay:Towering Pillar of Hats","GodSword7"],"acts_visited":["Exordium","TheCity","TheBeyond"],"potions_floor_usage":[50,50,50,50,50],"damage_taken":[{"damage":4.0,"enemies":"2 Louse","floor":1.0,"turns":3.0},{"damage":0.0,"enemies":"Cultist","floor":3.0,"turns":4.0},{"damage":0.0,"enemies":"Jaw Worm","floor":5.0,"turns":3.0},{"damage":31.0,"enemies":"Lagavulin","floor":6.0,"turns":6.0},{"damage":0.0,"enemies":"3 Louse","floor":7.0,"turns":2.0},{"damage":2.0,"enemies":"Looter","floor":11.0,"turns":3.0},{"damage":20.0,"enemies":"Replay:BlueRogue","floor":12.0,"turns":3.0},{"damage":26.0,"enemies":"Gremlin Nob","floor":14.0,"turns":2.0},{"damage":7.0,"enemies":"Hexaghost","floor":16.0,"turns":6.0},{"damage":0.0,"enemies":"Spheric Guardian","floor":18.0,"turns":2.0},{"damage":0.0,"enemies":"3 Byrds","floor":19.0,"turns":3.0},{"damage":0.0,"enemies":"Cultist and Chosen","floor":20.0,"turns":2.0},{"damage":0.0,"enemies":"3 Cultists","floor":21.0,"turns":3.0},{"damage":1,"enemies":"Snake Plant","floor":22,"turns":4},{"damage":0,"enemies":"Centurion and Healer","floor":27,"turns":1},{"damage":64,"enemies":"REME_1_Revenger","floor":29,"turns":3},{"damage":0,"enemies":"Gremlin Leader","floor":31,"turns":2},{"damage":0,"enemies":"Automaton","floor":33,"turns":4},{"damage":6,"enemies":"Orb Walker","floor":35,"turns":2},{"damage":0,"enemies":"3 Darklings","floor":36,"turns":3},{"damage":6,"enemies":"Jaw Worm Horde","floor":37,"turns":2},{"damage":0,"enemies":"Spire Growth","floor":38,"turns":2},{"damage":2,"enemies":"Giant Head","floor":41,"turns":4},{"damage":0,"enemies":"Transient","floor":44,"turns":3},{"damage":0,"enemies":"Nemesis","floor":45,"turns":1},{"damage":0,"enemies":"Maw","floor":46,"turns":3},{"damage":19,"enemies":"R_Hoarder","floor":48,"turns":2},{"damage":0,"enemies":"Donu and Deca","floor":50,"turns":3}],"seed_played":"-8302722826325304157","potions_obtained":[{"floor":1.0,"key":"Strength Potion"},{"floor":5.0,"key":"Strength Potion"},{"floor":6.0,"key":"SteroidPotion"},{"floor":13.0,"key":"BlessingOfTheForge"},{"floor":13.0,"key":"Cursed Concoction"},{"floor":14.0,"key":"Cursed Concoction"},{"floor":33,"key":"Elixir"},{"floor":45,"key":"CultistPotion"},{"floor":46,"key":"LiquidMemories"}],"is_trial":false,"path_per_floor":["?","T","?","T","?","E","?","T","T","T","?","E","?","E","T","B",null,"?","?","?","?","?","T","T","T","T","?","T","E","T","E","T","B",null,"?","?","?","?","T","T","E","?","T","?","E","?","T","E","T","B",null],"character_chosen":"Youkari","items_purchased":["Bait_HighSpeedFlying_purple","vexMod:Spyglass","Ccalipers","HornCleat","Boundary_of_Extermination_purpleEX","OrangePellets","Sling","PurpleNeedle_purple+1","LastBattle"],"campfire_rested":0,"item_purchase_floors":[4,24,24,24,24,30,39,39,39],"current_hp_per_floor":[67,67,73,73,76,50,60,60,60,60,63,48,48,45,45,43,100,103,112,118,127,127,127,127,127,127,127,127,74,74,77,77,82,127,127,136,134,136,136,136,136,136,136,136,136,136,136,132,132,135],"gold":769,"neow_bonus":"CURSED_BOSS_RELIC","is_daily":false,"chose_seed":false,"campfire_upgraded":10,"win_rate":0.0,"timestamp":1608880202,"path_taken":["?","T","?","T","?","E","?","T","T","T","?","E","?","E","T","BOSS","?","?","?","?","?","T","T","T","T","?","T","E","T","E","T","BOSS","?","?","?","?","T","T","E","?","T","?","E","?","T","E","T","BOSS"],"items_purchased_type":["Card","Relic","Relic","Relic","Card","Relic","Relic","Card","Relic"],"build_version":"2020-12-22","purchased_purges":3,"victory":true,"max_hp_per_floor":[70,70,73,73,76,79,88,88,88,88,91,94,94,97,97,100,100,103,112,118,127,127,127,127,127,127,127,127,127,127,127,127,127,127,127,136,136,136,136,136,136,136,136,136,136,136,136,136,136,136],"relic_stats":{"Blood Vial":2,"OrangePellets":[16],"counters":[28,81],"Cursed Key":2,"obtain_stats":[{"Painkiller Herb":0,"Cursed Key":17,"vexMod:Spyglass":24,"Sling":39,"Blood Vial":41,"Replay:Bandana":14,"Baka2":21,"HornCleat":24,"Ccalipers":24,"Replay:Wax Seal":6,"InkBottle":26,"ZombieArmy":29,"Potion Belt":43,"Replay:Towering Pillar of Hats":45,"Baka":1,"Boundary_crack":0,"LastBattle":39,"White Beast Statue":12,"OrangePellets":30,"SlaversCollar":34,"GodSword7":48,"Garlic":9,"ReplayTheSpireMod:Lightbulb":31,"Memoryfragments_purpleEX":0,"REME_ComplimentaryCards":0},{"Painkiller Herb":0,"Cursed Key":9,"vexMod:Spyglass":14,"Sling":22,"Blood Vial":23,"Replay:Bandana":8,"Baka2":13,"HornCleat":14,"Ccalipers":14,"Replay:Wax Seal":4,"InkBottle":14,"ZombieArmy":16,"Potion Belt":23,"Replay:Towering Pillar of Hats":25,"Baka":1,"Boundary_crack":0,"LastBattle":22,"White Beast Statue":7,"OrangePellets":16,"SlaversCollar":18,"GodSword7":27,"Garlic":5,"ReplayTheSpireMod:Lightbulb":17,"Memoryfragments_purpleEX":0,"REME_ComplimentaryCards":0},{"Painkiller Herb":0,"Cursed Key":32,"vexMod:Spyglass":46,"Sling":65,"Blood Vial":69,"Replay:Bandana":26,"Baka2":42,"HornCleat":46,"Ccalipers":46,"Replay:Wax Seal":16,"InkBottle":46,"ZombieArmy":50,"Potion Belt":69,"Replay:Towering Pillar of Hats":73,"Baka":3,"Boundary_crack":0,"LastBattle":65,"White Beast Statue":24,"OrangePellets":50,"SlaversCollar":56,"GodSword7":78,"Garlic":18,"ReplayTheSpireMod:Lightbulb":52,"Memoryfragments_purpleEX":0,"REME_ComplimentaryCards":0}],"InkBottle":[22]},"card_choices":[{"not_picked":["Charmbait_purple","SharpContractionReality_purple"],"picked":"Line_surface_state_purple","floor":1.0},{"not_picked":["Line_surface_state_purple","Boundary_ObjectiveBoundary_purple"],"picked":"AdvanceAttack_purple","floor":3.0},{"not_picked":["Boundary_LightAndDark_purple","RuleDissolution_purple"],"picked":"Boundary_LifeAndDeath_purple","floor":5.0},{"not_picked":["WeekHit_purple","RuptureOfTimeAndSpace_purple","Shallow_ocean_purpleEX"],"picked":"SKIP","floor":6.0},{"not_picked":["Boundary_LightAndDark_purple","DarkRealmRedLine_purple","RuleDissolution_purple"],"picked":"SKIP","floor":7.0},{"not_picked":["MetroBOOM_purple","Mirror_WaveAndshot_purple"],"picked":"Umbrella_purple","floor":11.0},{"not_picked":["Extrememeaning_purpleEX","RuleDissolution_purple"],"picked":"Worldmountain_purple","floor":12.0},{"not_picked":["Boundary_DynamicStaticEquilibrium_purple","Umbrella_purple","D_absorption_purple"],"picked":"SKIP","floor":14.0},{"not_picked":["Boundary_LifeAndDeath_purple","Human_Monster_Realm_purple"],"picked":"Mirror_TwoAndThreeElementRealm_purple","floor":16.0},{"not_picked":["StateDuplicate_purple","Nest_LightFlightworm_purple"],"picked":"WatchEChange_purple","floor":18.0},{"not_picked":["MonsterNeedle_purple","Umbrella_purple"],"picked":"DimensionStaggered_purple","floor":19.0},{"not_picked":["SfantasyHide_purple+1","SharpContractionReality_purple","Worldmountain_purple"],"picked":"SKIP","floor":20.0},{"not_picked":["Boundary_LightAndDark_purple","RealityDreamConfluencek_purple+1"],"picked":"OmniscientAndOmnipotent_Monster_purple","floor":21},{"not_picked":["WatchEyeChange_purple","EighthInstrument_OneDividesIntoTwo_purple"],"picked":"Fantasy_PerpetualMotionMachine_purple+1","floor":22},{"not_picked":["Realm_recovery_purpleEX","Bait_Toxicbait_purple"],"picked":"EighthInstrument_OneDividesIntoTwo_purple+1","floor":22},{"not_picked":["MonsterNeedle_purple+1","SfantasyHide_purple","Realm_recovery_purpleEX"],"picked":"SKIP","floor":22},{"not_picked":["StateErode_purple","Mirror_FormAndEmptin_purple","DimensionStaggered_purple"],"picked":"SKIP","floor":22},{"not_picked":["Bait_HighSpeedFlying_purple","DimensionStaggered_purple","RuleDissolution_purple"],"picked":"SKIP","floor":27},{"not_picked":["GluttonyofRealm_purpleEX","Umbrella_purple+1"],"picked":"MNeedle_purple","floor":29},{"not_picked":["Boundary_DreamRealityDamnation_purple","Fancifulhole_purple","BarrageBoundary_PipeDream_purple"],"picked":"SKIP","floor":31},{"not_picked":["Fancifulhole_purple","UniverseChoice_purple"],"picked":"LoveAcrossDimensions_purple","floor":33},{"not_picked":["RuleDissolution_purple","Mirror_FormAndEmptin_purple+1","Worldmountain_purple"],"picked":"SKIP","floor":35},{"not_picked":["RuptureOfTimeAndSpace_purple+1","Line_surface_state_purple"],"picked":"FragmentationRealm_purple","floor":36},{"not_picked":["StateDuplicate_purple","Mirror_FormAndEmptin_purple","Fantasy_PerpetualMotionMachine_purple+1"],"picked":"SKIP","floor":37},{"not_picked":["MonsterNeedle_purple+1","Shallow_ocean_purpleEX","Realm_recovery_purpleEX+1"],"picked":"SKIP","floor":38},{"not_picked":["Shallow_ocean_purpleEX+1","Bait_HighSpeedFlying_purple"],"picked":"Know_ledgeAbilityRealm_purple","floor":41},{"not_picked":["PurpleNeedle_purple","Bait_HighSpeedFlying_purple+1","ExistenceContinue_purple+1"],"picked":"SKIP","floor":44},{"not_picked":["ExistenceContinue_purple","ButterflyHabitatTemple_purple","Worldmountain_purple"],"picked":"SKIP","floor":45},{"not_picked":["MonsterNeedle_purple+1","RuptureOfTimeAndSpace_purple+1","StateErode_purple"],"picked":"SKIP","floor":46},{"not_picked":["Shallow_ocean_purpleEX","PurpleNeedle_purple+1","Bait_Toxicbait_purple+1"],"picked":"SKIP","floor":48}],"player_experience":145891,"relics_obtained":[{"floor":1.0,"key":"Baka"},{"floor":6.0,"key":"Replay:Wax Seal"},{"floor":9.0,"key":"Garlic"},{"floor":12.0,"key":"White Beast Statue"},{"floor":14.0,"key":"Replay:Bandana"},{"floor":21,"key":"Baka2"},{"floor":26,"key":"InkBottle"},{"floor":29,"key":"ZombieArmy"},{"floor":31,"key":"ReplayTheSpireMod:Lightbulb"},{"floor":33,"key":"Garlic"},{"floor":41,"key":"Blood Vial"},{"floor":43,"key":"Potion Belt"},{"floor":45,"key":"Replay:Towering Pillar of Hats"},{"floor":48,"key":"GodSword7"}],"event_choices":[{"damage_healed":0.0,"max_hp_gain":0.0,"max_hp_loss":0.0,"gold_gain":0.0,"event_name":"Lab","player_choice":"Got Potions","floor":13.0,"gold_loss":0.0,"damage_taken":0.0}],"is_beta":false,"boss_relics":[{"not_picked":["AddBug","Replay:Drink Me"],"picked":"Cursed Key"},{"not_picked":["Astrolabe","REME_DemonsWealth"],"picked":"SlaversCollar"}],"items_purged_floors":[2,24,39],"is_endless":false,"potions_floor_spawned":[1,5,6,11,14,16,18,19,20,21,27,29,31,33,35,36,37,38,41,44,45,46,48],"ascension_level":1}}