{"host":"18wi9kpcl4eah7pe","time":1608897631,"event":{"mods":["BaseMod","Colored Powertips","Downfall","Minty Spire (QoL Compilation)","StSLib"],"gold_per_floor":[199,199,199,213,52,62,62,96,113,38,64,98,117,136,156,156,156,156],"floor_reached":16,"playtime":640,"items_purged":["Regret"],"score":118,"play_id":"bc15d5f9-22ae-4ee2-bc98-f46ab24d569c","local_time":"20201225060031","is_ascension_mode":true,"campfire_choices":[{"floor":1,"key":"RECALL"},{"floor":10,"key":"REST"}],"circlet_count":0,"master_deck":["Slimebound:Strike_Slimebound","Slimebound:Strike_Slimebound+1","Slimebound:Tackle","Slimebound:Defend_Slimebound+1","Slimebound:Defend_Slimebound","Slimebound:Defend_Slimebound+1","Slimebound:Defend_Slimebound","Slimebound:Split","Slimebound:CorrosiveSpit","Slimebound:LeadByExample","Slimebound:SplitSpecialist","Slimebound:RollThrough","Slimebound:BestDefense","Slimebound:GrowthPunch","Slimebound:DouseInSlime","Slimebound:GoopSpray","Slimebound:FinishingTackle","Slimebound:RejuvenatingLick","Slimebound:FinishingTackle","Slimebound:SlimeTap"],"relics":["Slimebound:AbsorbEndCombat","Meat on the Bone","Nunchaku","downfall:HeartBlessingGreen","Slimebound:AggressiveSlimeRelic","Happy Flower"],"acts_visited":["Exordium"],"potions_floor_usage":[8,15,15,16],"damage_taken":[{"damage":9,"enemies":"Jaw Worm","floor":4,"turns":3},{"damage":22,"enemies":"downfall:FleeingMerchant","floor":5,"turns":4},{"damage":8,"enemies":"Cultist","floor":6,"turns":4},{"damage":22,"enemies":"Lagavulin","floor":8,"turns":7},{"damage":8,"enemies":"Small Slimes","floor":9,"turns":4},{"damage":28,"enemies":"Gremlin Nob","floor":12,"turns":4},{"damage":18,"enemies":"2 Fungi Beasts","floor":13,"turns":3},{"damage":11,"enemies":"Blue Slaver","floor":14,"turns":2},{"damage":24,"enemies":"Large Slime","floor":15,"turns":5},{"damage":67,"enemies":"downfall:Defect","floor":16,"turns":5}],"seed_played":"5175778864316253792","potions_obtained":[{"floor":4,"key":"CultistPotion"},{"floor":8,"key":"sneckomod:MuddlingPotion"},{"floor":9,"key":"sneckomod:MuddlingPotion"},{"floor":12,"key":"Weak Potion"}],"is_trial":false,"path_per_floor":["R","?","?","M","$","M","T","E","M","R","T","E","M","M","M","B"],"character_chosen":"SLIMEBOUND","items_purchased":["Slimebound:BestDefense"],"campfire_rested":1,"item_purchase_floors":[5],"current_hp_per_floor":[60,60,60,57,45,47,47,39,41,59,59,47,45,44,48,0,0,0],"gold":156,"neow_bonus":"HUNDRED_GOLD","is_daily":false,"chose_seed":false,"campfire_upgraded":0,"win_rate":0.0,"timestamp":1608897631,"path_taken":["R","?","?","M","$","M","T","E","?","R","?","E","?","M","M","BOSS"],"items_purchased_type":["Card"],"build_version":"2020-12-22","purchased_purges":1,"victory":false,"max_hp_per_floor":[60,60,60,60,60,60,60,60,60,60,60,60,60,60,60,60,60,60],"card_choices":[{"not_picked":["Slimebound:LivingWall","Slimebound:FirmFortitude"],"picked":"Slimebound:SplitSpecialist","floor":4},{"not_picked":["Slimebound:Prepare","Slimebound:ComboTackle"],"picked":"Slimebound:RollThrough","floor":5},{"not_picked":["Slimebound:RollThrough","Slimebound:SplitMire"],"picked":"Slimebound:GrowthPunch","floor":6},{"not_picked":["Slimebound:SplitLeeching","Slimebound:Grow"],"picked":"Slimebound:DouseInSlime","floor":8},{"not_picked":["Slimebound:GrowthPunch","Slimebound:DisruptingSlam"],"picked":"Slimebound:GoopSpray","floor":9},{"not_picked":["Slimebound:SplitBruiser","Slimebound:PrepareCrush"],"picked":"Slimebound:FinishingTackle","floor":12},{"not_picked":["Slimebound:DivideAndConquer","Slimebound:ComboTackle"],"picked":"Slimebound:RejuvenatingLick","floor":13},{"not_picked":["Slimebound:FirmFortitude","Slimebound:SamplingLick"],"picked":"Slimebound:FinishingTackle","floor":14},{"not_picked":["Slimebound:SplitMire","Slimebound:SplitBruiser"],"picked":"Slimebound:SlimeTap","floor":15}],"player_experience":854706,"relics_obtained":[{"floor":7,"key":"Meat on the Bone"},{"floor":8,"key":"Nunchaku"},{"floor":11,"key":"Slimebound:AggressiveSlimeRelic"},{"floor":12,"key":"Happy Flower"}],"event_choices":[{"damage_healed":0,"gold_gain":0,"cards_transformed":["Slimebound:Strike_Slimebound"],"player_choice":"Transformed","damage_taken":0,"max_hp_gain":0,"max_hp_loss":0,"event_name":"Transmorgrifier","floor":3,"gold_loss":0,"cards_obtained":["Slimebound:LeadByExample"]}],"is_beta":false,"boss_relics":[],"items_purged_floors":[5],"is_endless":false,"potions_floor_spawned":[4,8,9,12],"killed_by":"downfall:Defect","ascension_level":1}}