{"host":"kh6fvhxn285ncg0o","time":1608875979,"event":{"mods":["Act Like it!","BaseMod","Colored Map","Friendly Minions","Keyboard Shortcuts","Minty Spire (QoL Compilation)","Quick Restart","Relic Stats","StSLib","SuperFastMode"],"gold_per_floor":[12,12,26,26,42,42,74,74,74,105,117,134,149,188,188,273,273,288,288,304,329,349,384,404,439,466,496,218,247,274,291,291,371,371,386,404,58,58,70,70,85,118,197,197,226,226,226,236,236,236,236,236,236,85,126,126],"floor_reached":57,"playtime":2622,"items_purged":["Strike_R","Strike_R"],"score":3353,"play_id":"3814f98f-4a9b-4550-b1e3-46590f688b4d","local_time":"20201225145939","is_ascension_mode":true,"campfire_choices":[{"data":"Bash","floor":6.0,"key":"SMITH"},{"data":"Uppercut","floor":8.0,"key":"SMITH"},{"data":"Battle Trance","floor":15.0,"key":"SMITH"},{"data":"Barricade","floor":32.0,"key":"SMITH"},{"data":"Dark Embrace","floor":40.0,"key":"SMITH"},{"floor":44.0,"key":"RECALL"},{"data":"Feel No Pain","floor":49.0,"key":"SMITH"},{"data":"Evolve","floor":53.0,"key":"SMITH"}],"circlet_count":0,"master_deck":["AscendersBane","Defend_R","Defend_R","Defend_R","Defend_R","Bash+1","Whirlwind+1","Juggernaut+1","Shrug It Off","Battle Trance+1","Uppercut+1","Fiend Fire","Feel No Pain+1","Fire Breathing","Feed","Shrug It Off+1","Barricade+1","Battle Trance","Burning Pact","Dark Embrace+1","Ghostly","Ghostly","Ghostly","Exhume","Evolve+1","Berserk","Entrench"],"relics":["Burning Blood","Mango","Incense Burner","Whetstone","CeramicFish","Mark of Pain","Nilry\u0027s Codex","Lizard Tail","White Beast Statue","Blood Vial","Akabeko","TheAbacus","Matryoshka","Sozu","OrangePellets","Charon\u0027s Ashes","PreservedInsect","Nunchaku","Regal Pillow","Orrery","TungstenRod"],"acts_visited":["Exordium","TheCity","TheBeyond","TheEnding"],"potions_floor_usage":[56,56],"damage_taken":[{"damage":8.0,"enemies":"Small Slimes","floor":1.0,"turns":5.0},{"damage":4.0,"enemies":"Jaw Worm","floor":3.0,"turns":5.0},{"damage":0.0,"enemies":"Cultist","floor":5.0,"turns":3.0},{"damage":22.0,"enemies":"3 Sentries","floor":7.0,"turns":6.0},{"damage":11.0,"enemies":"Lagavulin","floor":10.0,"turns":7.0},{"damage":10.0,"enemies":"Exordium Wildlife","floor":11.0,"turns":2.0},{"damage":7.0,"enemies":"Looter","floor":12.0,"turns":5.0},{"damage":24.0,"enemies":"Gremlin Gang","floor":13.0,"turns":6.0},{"damage":5.0,"enemies":"3 Sentries","floor":14.0,"turns":8.0},{"damage":0.0,"enemies":"The Guardian","floor":16.0,"turns":12.0},{"damage":1.0,"enemies":"Chosen","floor":18.0,"turns":3.0},{"damage":12.0,"enemies":"2 Thieves","floor":20.0,"turns":4.0},{"damage":3.0,"enemies":"Snake Plant","floor":21.0,"turns":4.0},{"damage":0.0,"enemies":"Snecko","floor":22.0,"turns":4.0},{"damage":43.0,"enemies":"Slavers","floor":23.0,"turns":7.0},{"damage":13.0,"enemies":"Sentry and Sphere","floor":24.0,"turns":6.0},{"damage":22.0,"enemies":"Gremlin Leader","floor":25.0,"turns":8.0},{"damage":1.0,"enemies":"Book of Stabbing","floor":27.0,"turns":7.0},{"damage":27.0,"enemies":"Slavers","floor":29.0,"turns":6.0},{"damage":0.0,"enemies":"Snake Plant","floor":31.0,"turns":5.0},{"damage":0.0,"enemies":"Champ","floor":33.0,"turns":18.0},{"damage":6.0,"enemies":"Orb Walker","floor":35.0,"turns":5.0},{"damage":12.0,"enemies":"3 Shapes","floor":36.0,"turns":4.0},{"damage":20.0,"enemies":"Jaw Worm Horde","floor":39.0,"turns":10.0},{"damage":0.0,"enemies":"Writhing Mass","floor":41.0,"turns":6.0},{"damage":6.0,"enemies":"Reptomancer","floor":42.0,"turns":6.0},{"damage":0.0,"enemies":"Nemesis","floor":45.0,"turns":8.0},{"damage":0.0,"enemies":"Sphere and 2 Shapes","floor":48.0,"turns":6.0},{"damage":0.0,"enemies":"Time Eater","floor":50.0,"turns":14.0},{"damage":35.0,"enemies":"Awakened One","floor":51.0,"turns":13.0},{"damage":24.0,"enemies":"Shield and Spear","floor":55.0,"turns":5.0},{"damage":0,"enemies":"The Heart","floor":56,"turns":8}],"seed_played":"-7190560716592332088","potions_obtained":[{"floor":3.0,"key":"Fire Potion"},{"floor":10.0,"key":"Fire Potion"},{"floor":12.0,"key":"SpeedPotion"},{"floor":13.0,"key":"LiquidBronze"},{"floor":20.0,"key":"SteroidPotion"},{"floor":21.0,"key":"Regen Potion"},{"floor":23.0,"key":"Dexterity Potion"},{"floor":25.0,"key":"PowerPotion"},{"floor":27.0,"key":"DuplicationPotion"},{"floor":31.0,"key":"Weak Potion"},{"floor":33.0,"key":"BlessingOfTheForge"}],"is_trial":false,"path_per_floor":["M","?","M","?","M","R","E","R","T","E","M","M","M","E","R","B",null,"M","?","M","M","M","E","M","E","T","E","$","E","?","M","R","B",null,"M","M","$","?","M","R","M","E","T","R","E","?","?","M","R","B","B",null,"R","$","E","B",null],"character_chosen":"IRONCLAD","items_purchased":["Dark Embrace","TheAbacus","Evolve","OrangePellets","Orrery"],"campfire_rested":0,"item_purchase_floors":[28,28,37,37,54],"current_hp_per_floor":[66,66,68,68,74,74,72,72,72,67,63,62,44,45,45,51,80,85,64,58,61,82,48,41,25,25,32,32,13,13,24,24,36,50,55,51,51,51,45,45,56,58,58,58,66,63,63,63,63,66,40,62,62,62,46,54],"gold":126,"neow_bonus":"TRANSFORM_TWO_CARDS","is_daily":false,"chose_seed":false,"campfire_upgraded":7,"win_rate":0.0,"timestamp":1608875979,"path_taken":["M","?","M","?","?","R","E","R","T","E","M","M","M","E","R","BOSS","M","?","M","M","M","E","M","E","T","E","$","E","?","M","R","BOSS","M","M","$","?","M","R","?","E","T","R","E","?","?","M","R","BOSS","BOSS","R","$","E","BOSS"],"items_purchased_type":["Card","Relic","Card","Relic","Relic"],"build_version":"2020-12-22","purchased_purges":2,"victory":true,"max_hp_per_floor":[75,75,75,75,75,75,89,89,89,89,89,89,89,89,89,89,89,89,89,89,89,92,95,95,95,95,95,95,95,47,50,50,54,54,57,57,57,57,63,63,66,66,66,66,66,63,63,63,63,66,69,69,69,69,69,69],"relic_stats":{"Regal Pillow":0,"counters":[32,216],"CeramicFish":126,"Charon\u0027s Ashes":[531],"PreservedInsect":127,"Whetstone":["Whirlwind","Iron Wave"],"Burning Blood":180,"Blood Vial":24,"Sozu":7,"OrangePellets":[10],"Lizard Tail":0,"Nunchaku":[3],"TheAbacus":[504],"obtain_stats":[{"Regal Pillow":45,"Nilry\u0027s Codex":19,"CeramicFish":14,"Mango":7,"Charon\u0027s Ashes":38,"PreservedInsect":42,"Incense Burner":9,"Whetstone":10,"Burning Blood":0,"White Beast Statue":25,"Akabeko":27,"Blood Vial":26,"Sozu":34,"OrangePellets":37,"Lizard Tail":23,"Nunchaku":43,"TheAbacus":28,"Matryoshka":29,"Orrery":54,"Mark of Pain":17,"TungstenRod":55},{"Regal Pillow":27,"Nilry\u0027s Codex":11,"CeramicFish":9,"Mango":4,"Charon\u0027s Ashes":23,"PreservedInsect":26,"Incense Burner":4,"Whetstone":5,"Burning Blood":0,"White Beast Statue":17,"Akabeko":18,"Blood Vial":17,"Sozu":21,"OrangePellets":23,"Lizard Tail":15,"Nunchaku":26,"TheAbacus":18,"Matryoshka":19,"Orrery":30,"Mark of Pain":10,"TungstenRod":31},{"Regal Pillow":170,"Nilry\u0027s Codex":62,"CeramicFish":47,"Mango":19,"Charon\u0027s Ashes":140,"PreservedInsect":162,"Incense Burner":19,"Whetstone":26,"Burning Blood":0,"White Beast Statue":95,"Akabeko":102,"Blood Vial":95,"Sozu":131,"OrangePellets":140,"Lizard Tail":81,"Nunchaku":162,"TheAbacus":102,"Matryoshka":108,"Orrery":203,"Mark of Pain":59,"TungstenRod":208}],"TungstenRod":5},"card_choices":[{"not_picked":["Cleave","Anger"],"picked":"Shrug It Off","floor":1.0},{"not_picked":["Body Slam","Thunderclap"],"picked":"Battle Trance","floor":3.0},{"not_picked":["Iron Wave","Pummel","Inflame"],"picked":"SKIP","floor":5.0},{"not_picked":["Pummel","Inflame"],"picked":"Iron Wave","floor":5.0},{"not_picked":["Thunderclap","Headbutt"],"picked":"Uppercut","floor":7.0},{"not_picked":["Havoc","Pommel Strike","Clothesline"],"picked":"SKIP","floor":10.0},{"not_picked":["Havoc","Pommel Strike","Clothesline"],"picked":"SKIP","floor":10.0},{"not_picked":["Thunderclap","Twin Strike"],"picked":"Fiend Fire","floor":11.0},{"not_picked":["Dropkick","Thunderclap","Battle Trance"],"picked":"SKIP","floor":12.0},{"not_picked":["Body Slam","Havoc"],"picked":"Feel No Pain","floor":13.0},{"not_picked":["Bloodletting","Uppercut"],"picked":"Fire Breathing","floor":14.0},{"not_picked":["Bludgeon","Juggernaut"],"picked":"Feed","floor":16.0},{"not_picked":["Perfected Strike","Whirlwind","Rupture"],"picked":"SKIP","floor":18.0},{"not_picked":["Anger","Heavy Blade","Cleave"],"picked":"SKIP","floor":20.0},{"not_picked":["Body Slam","Flame Barrier+1"],"picked":"Shrug It Off+1","floor":21.0},{"not_picked":["Cleave","Heavy Blade"],"picked":"Barricade","floor":22.0},{"not_picked":["Combust","Thunderclap","Shrug It Off"],"picked":"SKIP","floor":23.0},{"not_picked":["Sword Boomerang","Fire Breathing"],"picked":"Battle Trance","floor":24.0},{"not_picked":["Sword Boomerang","Headbutt"],"picked":"Burning Pact","floor":25.0},{"not_picked":["Battle Trance","Wild Strike","Feel No Pain"],"picked":"SKIP","floor":27.0},{"not_picked":["Armaments+1","Shrug It Off","Infernal Blade"],"picked":"SKIP","floor":29.0},{"not_picked":["Sword Boomerang","Rupture","Perfected Strike"],"picked":"SKIP","floor":31.0},{"not_picked":["Reaper","Juggernaut"],"picked":"Exhume","floor":33.0},{"not_picked":["Whirlwind","Thunderclap","Flex+1"],"picked":"SKIP","floor":35.0},{"not_picked":["Warcry","Anger","Clothesline"],"picked":"SKIP","floor":36.0},{"not_picked":["True Grit","Sword Boomerang","Evolve"],"picked":"SKIP","floor":39.0},{"not_picked":["Wild Strike","Cleave","Hemokinesis"],"picked":"SKIP","floor":41.0},{"not_picked":["Bludgeon","Anger","Armaments"],"picked":"SKIP","floor":42.0},{"not_picked":["Uppercut","Evolve","Burning Pact"],"picked":"SKIP","floor":45.0},{"not_picked":["Metallicize","Sword Boomerang","Searing Blow+1"],"picked":"SKIP","floor":48.0},{"not_picked":["Clothesline","Twin Strike"],"picked":"Berserk","floor":54.0},{"not_picked":["Dropkick+1","Seeing Red"],"picked":"Entrench","floor":55.0}],"player_experience":3255740,"relics_obtained":[{"floor":7.0,"key":"Mango"},{"floor":9.0,"key":"Incense Burner"},{"floor":10.0,"key":"Whetstone"},{"floor":14.0,"key":"CeramicFish"},{"floor":19.0,"key":"Nilry\u0027s Codex"},{"floor":23.0,"key":"Lizard Tail"},{"floor":25.0,"key":"White Beast Statue"},{"floor":26.0,"key":"Blood Vial"},{"floor":27.0,"key":"Akabeko"},{"floor":29.0,"key":"Matryoshka"},{"floor":38.0,"key":"Charon\u0027s Ashes"},{"floor":42.0,"key":"PreservedInsect"},{"floor":43.0,"key":"Nunchaku"},{"floor":45.0,"key":"Regal Pillow"},{"floor":55.0,"key":"TungstenRod"}],"event_choices":[{"damage_healed":0.0,"max_hp_gain":0.0,"max_hp_loss":0.0,"gold_gain":0.0,"event_name":"Living Wall","player_choice":"Grow","floor":2.0,"gold_loss":0.0,"damage_taken":0.0,"cards_upgraded":["Juggernaut"]},{"cards_removed":["Strike_R"],"damage_healed":0.0,"max_hp_gain":0.0,"max_hp_loss":0.0,"gold_gain":0.0,"event_name":"Bonfire Elementals","player_choice":"Offered Basic","floor":4.0,"gold_loss":0.0,"damage_taken":0.0},{"damage_healed":0.0,"max_hp_gain":0.0,"max_hp_loss":0.0,"gold_gain":0.0,"event_name":"Cursed Tome","player_choice":"Obtained Book","floor":19.0,"gold_loss":0.0,"damage_taken":21.0},{"damage_healed":0.0,"max_hp_gain":0.0,"max_hp_loss":48.0,"gold_gain":0.0,"event_name":"Ghosts","player_choice":"Became a Ghost","floor":30.0,"gold_loss":0.0,"damage_taken":0.0,"cards_obtained":["Ghostly","Ghostly","Ghostly"]},{"damage_healed":0.0,"max_hp_gain":0.0,"max_hp_loss":0.0,"gold_gain":0.0,"event_name":"Wheel of Change","player_choice":"Relic","floor":38.0,"gold_loss":0.0,"damage_taken":0.0},{"damage_healed":0.0,"max_hp_gain":0.0,"max_hp_loss":3.0,"gold_gain":0.0,"event_name":"Winding Halls","player_choice":"Max HP","floor":46.0,"gold_loss":0.0,"damage_taken":0.0},{"cards_removed":["Iron Wave"],"damage_healed":0.0,"max_hp_gain":0.0,"max_hp_loss":0.0,"gold_gain":0.0,"event_name":"Falling","player_choice":"Removed Attack","floor":47.0,"gold_loss":0.0,"damage_taken":0.0}],"is_beta":false,"boss_relics":[{"not_picked":["Runic Cube","SacredBark"],"picked":"Mark of Pain"},{"not_picked":["Snecko Eye","Pandora\u0027s Box"],"picked":"Sozu"}],"items_purged_floors":[28,37],"is_endless":false,"potions_floor_spawned":[3,10,12,13,20,21,23,25,27,29,31,33,35,36,39,41,42,45,48,55],"ascension_level":20}}