{"host":"5bdt6s51dmpd4l3v","time":1608902204,"event":{"mods":["AchievementEnabler","BaseMod","Colored Map","Colored Powertips","Highlight Path","Minty Spire (QoL Compilation)","Quick Restart","Rare Cards Sparkle","StSLib"],"gold_per_floor":[118,138,138,0,0,33,33,33,33,33,52,73,73,87,87,183,183,201,216,48,67,67,67,67,67,67,67,67,78,178,178,178,255,255,265,265,209,226,237,237,263,263,263],"floor_reached":42,"playtime":1216,"items_purged":[],"score":808,"play_id":"716bd9bc-0971-4be0-a1fa-f39e006b61b1","local_time":"20201225211644","is_ascension_mode":true,"campfire_choices":[{"data":"Infernal Blade","floor":7.0,"key":"SMITH"},{"data":"Armaments","floor":10.0,"key":"SMITH"},{"data":"Flex","floor":13.0,"key":"SMITH"},{"data":"Body Slam","floor":15.0,"key":"SMITH"},{"data":"Limit Break","floor":23.0,"key":"SMITH"},{"data":"Reaper","floor":25.0,"key":"SMITH"},{"data":"Battle Trance","floor":27.0,"key":"SMITH"},{"data":"Pommel Strike","floor":32.0,"key":"SMITH"},{"data":"Berserk","floor":40.0,"key":"SMITH"}],"circlet_count":0,"master_deck":["AscendersBane","Strike_R+1","Strike_R+1","Strike_R+1","Strike_R+1","Strike_R+1","Defend_R+1","Defend_R+1","Defend_R+1","Defend_R+1","Bash","Body Slam+1","Infernal Blade+1","Shockwave+1","Armaments+1","Reaper+1","Flex+1","Pommel Strike+1","Battle Trance+1","Limit Break+1","Sword Boomerang","Thunderclap+1","Berserk+1","Battle Trance","Limit Break+1","Whirlwind","Battle Trance"],"relics":["Burning Blood","NeowsBlessing","Bloody Idol","Smiling Mask","Bag of Preparation","Runic Cube","Bag of Marbles","Eternal Feather","Ginger","Shuriken","SlaversCollar","Vajra"],"acts_visited":["Exordium","TheCity","TheBeyond"],"potions_floor_usage":[],"damage_taken":[{"damage":0.0,"enemies":"Cultist","floor":1.0,"turns":1.0},{"damage":0.0,"enemies":"Jaw Worm","floor":2.0,"turns":1.0},{"damage":0.0,"enemies":"3 Sentries","floor":6.0,"turns":2.0},{"damage":7.0,"enemies":"2 Louse","floor":11.0,"turns":2.0},{"damage":10.0,"enemies":"Exordium Wildlife","floor":12.0,"turns":4.0},{"damage":0.0,"enemies":"3 Louse","floor":14.0,"turns":2.0},{"damage":44.0,"enemies":"The Guardian","floor":16.0,"turns":8.0},{"damage":9.0,"enemies":"Shell Parasite","floor":18.0,"turns":2.0},{"damage":15.0,"enemies":"2 Thieves","floor":19.0,"turns":4.0},{"damage":24.0,"enemies":"Snake Plant","floor":21.0,"turns":3.0},{"damage":36.0,"enemies":"Centurion and Healer","floor":29.0,"turns":5.0},{"damage":13.0,"enemies":"Colosseum Slavers","floor":30.0,"turns":3.0},{"damage":33.0,"enemies":"Colosseum Nobs","floor":30.0,"turns":5.0},{"damage":27.0,"enemies":"Champ","floor":33.0,"turns":6.0},{"damage":60.0,"enemies":"3 Shapes","floor":35.0,"turns":4.0},{"damage":6.0,"enemies":"Orb Walker","floor":38.0,"turns":3.0},{"damage":28.0,"enemies":"Spire Growth","floor":39.0,"turns":4.0},{"damage":60.0,"enemies":"Reptomancer","floor":41.0,"turns":5.0},{"damage":27,"enemies":"Jaw Worm Horde","floor":42,"turns":1}],"seed_played":"-6112854921215799811","potions_obtained":[{"floor":2.0,"key":"Energy Potion"},{"floor":11.0,"key":"Dexterity Potion"},{"floor":14.0,"key":"EntropicBrew"},{"floor":16.0,"key":"DistilledChaos"},{"floor":18.0,"key":"Energy Potion"},{"floor":19.0,"key":"GamblersBrew"},{"floor":35.0,"key":"Dexterity Potion"},{"floor":39.0,"key":"GamblersBrew"}],"is_trial":false,"path_per_floor":["M","M","?","$","?","E","R","?","T","R","M","M","R","M","R","B",null,"M","M","$","M","?","R","$","R","T","R","?","M","?","?","R","B",null,"M","?","$","M","M","R","E","M"],"character_chosen":"IRONCLAD","items_purchased":["Shockwave","Armaments","Bag of Marbles","Strength Potion"],"campfire_rested":0,"item_purchase_floors":[4,4,20,37],"current_hp_per_floor":[74,75,49,49,74,75,75,75,75,75,75,71,71,75,75,37,66,75,72,72,54,54,54,54,54,54,66,66,59,52,52,64,55,70,34,34,34,39,47,62,26,0,0],"gold":263,"neow_bonus":"THREE_ENEMY_KILL","is_daily":false,"chose_seed":false,"campfire_upgraded":9,"win_rate":0.0,"timestamp":1608902204,"path_taken":["M","?","?","$","?","E","R","?","T","R","?","M","R","M","R","BOSS","M","M","$","M","?","R","$","R","T","R","?","M","?","?","R","BOSS","M","?","$","M","M","R","E","?"],"items_purchased_type":["Card","Card","Relic","Potion"],"build_version":"2020-12-22","purchased_purges":0,"victory":false,"max_hp_per_floor":[75,75,75,75,75,75,75,75,75,75,75,75,75,75,75,75,75,75,75,75,75,75,75,75,75,75,75,75,75,75,75,75,75,75,75,75,75,75,75,75,75,75,75],"card_choices":[{"not_picked":["Iron Wave","Wild Strike"],"picked":"Body Slam","floor":1.0},{"not_picked":["Heavy Blade","Cleave"],"picked":"Infernal Blade","floor":2.0},{"not_picked":["Inflame","Pommel Strike"],"picked":"Reaper","floor":6.0},{"not_picked":["Entrench","Sever Soul"],"picked":"Flex","floor":11.0},{"not_picked":["Warcry","True Grit"],"picked":"Pommel Strike","floor":12.0},{"not_picked":["Juggernaut","Flex"],"picked":"Battle Trance","floor":14.0},{"not_picked":["Juggernaut","Fiend Fire"],"picked":"Limit Break","floor":16.0},{"not_picked":["Seeing Red","Reckless Charge+1"],"picked":"Sword Boomerang","floor":18.0},{"not_picked":["Uppercut","Armaments","Iron Wave"],"picked":"SKIP","floor":19.0},{"not_picked":["Wild Strike","Headbutt","Clothesline"],"picked":"SKIP","floor":21.0},{"not_picked":["Cleave","Rupture","Clothesline"],"picked":"SKIP","floor":29.0},{"not_picked":["Power Through","Cleave"],"picked":"Thunderclap+1","floor":30.0},{"not_picked":["Bludgeon","Feed"],"picked":"Berserk","floor":33.0},{"not_picked":["Havoc","Iron Wave"],"picked":"Battle Trance","floor":35.0},{"not_picked":["Disarm+1","Wild Strike"],"picked":"Whirlwind","floor":38.0},{"not_picked":["Rampage","Heavy Blade"],"picked":"Battle Trance","floor":39.0},{"not_picked":["Berserk","Corruption","Havoc"],"picked":"SKIP","floor":41.0}],"player_experience":237298,"relics_obtained":[{"floor":6.0,"key":"Smiling Mask"},{"floor":9.0,"key":"Bag of Preparation"},{"floor":26.0,"key":"Eternal Feather"},{"floor":30.0,"key":"Ginger"},{"floor":30.0,"key":"Shuriken"},{"floor":41.0,"key":"Vajra"}],"event_choices":[{"damage_healed":0.0,"max_hp_gain":0.0,"max_hp_loss":0.0,"gold_gain":0.0,"event_name":"Golden Idol","player_choice":"Take Damage","floor":3.0,"gold_loss":0.0,"damage_taken":26.0,"relics_obtained":["Golden Idol"]},{"damage_healed":25.0,"max_hp_gain":0.0,"max_hp_loss":0.0,"gold_gain":0.0,"event_name":"Big Fish","player_choice":"Banana","floor":5.0,"gold_loss":0.0,"damage_taken":0.0},{"damage_healed":0.0,"max_hp_gain":0.0,"max_hp_loss":0.0,"gold_gain":0.0,"event_name":"Living Wall","player_choice":"Grow","floor":8.0,"gold_loss":0.0,"damage_taken":0.0,"cards_upgraded":["Shockwave"]},{"damage_healed":0.0,"max_hp_gain":0.0,"max_hp_loss":0.0,"gold_gain":0.0,"event_name":"Back to Basics","player_choice":"Simplicity","floor":22.0,"gold_loss":0.0,"damage_taken":0.0,"cards_upgraded":["Strike_R","Strike_R","Strike_R","Strike_R","Strike_R","Defend_R","Defend_R","Defend_R","Defend_R"]},{"damage_healed":0.0,"max_hp_gain":0.0,"max_hp_loss":0.0,"gold_gain":0.0,"event_name":"Forgotten Altar","player_choice":"Gave Idol","floor":28.0,"relics_lost":["Golden Idol"],"gold_loss":0.0,"damage_taken":0.0,"relics_obtained":["Bloody Idol"]},{"damage_healed":0.0,"max_hp_gain":0.0,"max_hp_loss":0.0,"gold_gain":0.0,"event_name":"Colosseum","player_choice":"Fight","floor":30.0,"gold_loss":0.0,"damage_taken":0.0},{"damage_healed":0.0,"max_hp_gain":0.0,"max_hp_loss":0.0,"gold_gain":0.0,"event_name":"Colosseum","player_choice":"Fought Nobs","floor":30.0,"gold_loss":0.0,"damage_taken":0.0},{"damage_healed":0.0,"max_hp_gain":0.0,"max_hp_loss":0.0,"gold_gain":0.0,"event_name":"Beggar","player_choice":"Ignored","floor":31.0,"gold_loss":0.0,"damage_taken":0.0},{"damage_healed":0.0,"max_hp_gain":0.0,"max_hp_loss":0.0,"gold_gain":0.0,"event_name":"Duplicator","player_choice":"Copied","floor":36.0,"gold_loss":0.0,"damage_taken":0.0,"cards_obtained":["Limit Break"]}],"is_beta":false,"boss_relics":[{"not_picked":["Velvet Choker","Fusion Hammer"],"picked":"Runic Cube"},{"not_picked":["Runic Dome","SacredBark"],"picked":"SlaversCollar"}],"items_purged_floors":[],"is_endless":false,"potions_floor_spawned":[2,11,14,16,18,19,30,35,39],"killed_by":"Jaw Worm Horde","ascension_level":16}}