{"host":"rvgqag7mtxu5qaaz","time":1608930945,"event":{"mods":["AchievementEnabler","BaseMod","Downfall","Hermit","Hubris","Minty Spire (QoL Compilation)","Replay The Spire","StSLib","SuperFastMode","The Animator","The Construct","The Cursed","The Disciple","The Necromancer"],"gold_per_floor":[119,119,119,119,130,150,160,170,193,193,207,207,207,221,221,326,326,339,349,11,21,21,46,46,61,107,121,139,139,139,139,139,139,139],"floor_reached":33,"playtime":2031,"items_purged":[],"score":286,"play_id":"1d7bc067-cba1-42aa-86a6-0d3f259c4108","local_time":"20201225161545","is_ascension_mode":false,"campfire_choices":[{"data":"hermit:CursedWeapon","floor":10,"key":"SMITH"},{"floor":15,"key":"REST"},{"floor":24,"key":"REST"}],"circlet_count":0,"master_deck":["hermit:Strike_Hermit","hermit:Strike_Hermit","hermit:Strike_Hermit","hermit:Strike_Hermit","hermit:Defend_Hermit","hermit:Defend_Hermit","hermit:Defend_Hermit","hermit:Defend_Hermit","hermit:Snapshot","hermit:Covet","animator:Strike_TenSura","TheCursedMod:CursedWand","hermit:ShadowCloak","hermit:Showdown","hermit:CalledShot","hermit:CursedWeapon+1","hermit:TakeCover","hermit:BlackWind","LockedTornado","hermit:FullyLoaded","BackFourSeconds","hermit:Snipe","hermit:Determination","hermit:DeadOrAlive","Apotheosis","hermit:DeadMansHand","hermit:Maintenance","hermit:Snipe","hermit:Magnum","RitualDagger"],"relics":["hermit:Momento","hubris:Icosahedron","hubris:DisguiseKit","Regal Pillow","Durian","Replay:Bottled Snecko","construct:WeddingRing","GremlinMask","Bottled Lightning","Bag of Preparation","White Beast Statue","MutagenicStrength"],"acts_visited":["Exordium","TheCity"],"potions_floor_usage":[19,33,33,33],"damage_taken":[{"damage":0,"enemies":"2 Louse","floor":1,"turns":3},{"damage":10,"enemies":"Small Slimes","floor":5,"turns":3},{"damage":6,"enemies":"Jaw Worm","floor":6,"turns":3},{"damage":12,"enemies":"Looter","floor":7,"turns":2},{"damage":13,"enemies":"Red Slaver","floor":8,"turns":4},{"damage":10,"enemies":"2 Fungi Beasts","floor":11,"turns":3},{"damage":12,"enemies":"Looter","floor":14,"turns":3},{"damage":65,"enemies":"The Guardian","floor":16,"turns":17},{"damage":6,"enemies":"Shell Parasite","floor":18,"turns":5},{"damage":16,"enemies":"3 Byrds","floor":19,"turns":7},{"damage":28,"enemies":"Snake Plant","floor":21,"turns":3},{"damage":22,"enemies":"Replay:Snechameleon","floor":23,"turns":5},{"damage":0,"enemies":"3 Cultists","floor":25,"turns":5},{"damage":12,"enemies":"Sentry and Sphere","floor":27,"turns":4},{"damage":15,"enemies":"Snake Plant","floor":28,"turns":3},{"damage":83,"enemies":"Automaton","floor":33,"turns":6}],"seed_played":"-6294780319159950754","potions_obtained":[{"floor":5,"key":"BlessingOfTheForge"},{"floor":7,"key":"AttackPotion"},{"floor":16,"key":"Block Potion"},{"floor":23,"key":"Cursed Concoction"},{"floor":25,"key":"Strength Potion"},{"floor":28,"key":"Swift Potion"}],"is_trial":false,"path_per_floor":["M","?","?","?","M","M","M","M","T","R","M","T","T","M","R","B",null,"M","M","$","M","?","E","R","M","T","M","M","?","?","?","R","B"],"character_chosen":"HERMIT","items_purchased":["hermit:DeadOrAlive","Apotheosis"],"campfire_rested":2,"item_purchase_floors":[20,20],"current_hp_per_floor":[89,89,89,89,79,73,61,48,48,48,38,43,43,31,74,9,94,88,72,72,44,44,27,70,70,70,58,43,37,37,37,37,0,0],"gold":139,"neow_bonus":"TWENTY_PERCENT_HP_BONUS","is_daily":false,"chose_seed":false,"campfire_upgraded":1,"win_rate":0.0,"timestamp":1608930945,"path_taken":["M","?","?","?","M","M","M","M","T","R","M","?","?","?","R","BOSS","M","M","$","M","?","E","R","?","T","M","M","?","?","?","R","BOSS"],"items_purchased_type":["Card","Card"],"build_version":"2020-12-22","purchased_purges":0,"victory":false,"max_hp_per_floor":[89,89,89,89,89,89,89,89,89,89,89,94,94,94,94,94,94,94,94,94,94,94,94,94,94,94,94,94,94,94,94,94,94,94],"card_choices":[{"not_picked":["hermit:SprayPray","hermit:WideOpen"],"picked":"hermit:ShadowCloak","floor":1},{"not_picked":["hermit:HighCaliber","hermit:BodyArmor","LockedAstrolabe"],"picked":"hermit:CalledShot","floor":5},{"not_picked":["hermit:Combo","hermit:Gestalt","Analog"],"picked":"hermit:CursedWeapon","floor":6},{"not_picked":["hermit:BodyArmor","hermit:Desperado","Parity"],"picked":"hermit:TakeCover","floor":7},{"not_picked":["hermit:Grudge","hermit:FlashPowder","LockedScales"],"picked":"hermit:BlackWind","floor":8},{"not_picked":["hermit:BodyArmor","hermit:Desperado","hermit:HoleUp"],"picked":"LockedTornado","floor":11},{"not_picked":["hermit:LuckOfTheDraw","hermit:Scavenge","Accruing"],"picked":"hermit:FullyLoaded","floor":14},{"not_picked":["hermit:Roughhouse","hermit:Dissolve","hermit:Adapt"],"picked":"BackFourSeconds","floor":16},{"not_picked":["hermit:Manifest+1","hermit:WideOpen","WatchCommand"],"picked":"hermit:Snipe","floor":18},{"not_picked":["hermit:ItchyTrigger","hermit:Feint","Echoward"],"picked":"hermit:Determination","floor":19},{"not_picked":["hermit:BodyArmor+1","hermit:GhostlyPresence+1","LockedTurtyl"],"picked":"hermit:DeadMansHand","floor":21},{"not_picked":["hermit:BodyArmor","hermit:HoleUp+1","TiringSlam"],"picked":"hermit:Maintenance","floor":23},{"not_picked":["hermit:Quickdraw","hermit:Headshot","hermit:BodyArmor+1","Engulf"],"picked":"SKIP","floor":25},{"not_picked":["hermit:Feint","hermit:Scavenge","PrimeTime"],"picked":"hermit:Snipe","floor":27},{"not_picked":["hermit:TakeCover","hermit:Horror","EscortCommand"],"picked":"hermit:Magnum","floor":28}],"player_experience":300893,"relics_obtained":[{"floor":9,"key":"Regal Pillow"},{"floor":12,"key":"Durian"},{"floor":13,"key":"Replay:Bottled Snecko"},{"floor":23,"key":"Bottled Lightning"},{"floor":26,"key":"Bag of Preparation"}],"event_choices":[{"damage_healed":0,"gold_gain":0,"player_choice":"Trade","damage_taken":0,"relics_obtained":["GremlinMask"],"max_hp_gain":0,"max_hp_loss":0,"event_name":"FaceTrader","floor":22,"gold_loss":0},{"damage_healed":0,"gold_gain":0,"player_choice":"Joined the Cult","damage_taken":6,"max_hp_gain":0,"max_hp_loss":0,"event_name":"Nest","floor":29,"gold_loss":0,"cards_obtained":["RitualDagger"]},{"damage_healed":0,"gold_gain":0,"player_choice":"Inject Mutagens","damage_taken":0,"relics_obtained":["MutagenicStrength"],"max_hp_gain":0,"max_hp_loss":0,"event_name":"Drug Dealer","floor":32,"gold_loss":0}],"is_beta":false,"boss_relics":[{"not_picked":["hubris:HollowSoul","Painkiller Herb"],"picked":"construct:WeddingRing"}],"items_purged_floors":[],"is_endless":false,"potions_floor_spawned":[5,7,16,23,25,28],"killed_by":"Automaton","ascension_level":0}}