{"host":"sabve5zmqufxyc5o","time":1608867295,"event":{"mods":["2.2 Compatiblity","AchievementEnabler","Act Like it!","BaseMod","Block Reminder","Colored Map","Colored Powertips","DeckTracker","KOR Keyword Fix","Keyboard Shortcuts","Minty Spire (QoL Compilation)","Quick Restart","Rare Cards Sparkle","Relic Stats","StSLib","SuperFastMode"],"gold_per_floor":[114,130,149,166,178,206,216,216,216],"floor_reached":8,"playtime":213,"items_purged":[],"score":124,"play_id":"e29c5e3f-6d93-456a-b88e-57eacf4810cd","local_time":"20201225123455","is_ascension_mode":true,"campfire_choices":[],"circlet_count":0,"master_deck":["AscendersBane","Strike_B","Strike_B","Strike_B","Strike_B","Defend_B","Defend_B","Defend_B","Defend_B","Zap","Dualcast","Stack","Beam Cell","Barrage","Coolheaded","Cold Snap","Go for the Eyes","Sunder"],"relics":["Cracked Core","Kunai"],"acts_visited":["Exordium"],"potions_floor_usage":[6,8,8],"damage_taken":[{"damage":2,"enemies":"Cultist","floor":1,"turns":4},{"damage":4,"enemies":"2 Louse","floor":2,"turns":2},{"damage":4,"enemies":"Jaw Worm","floor":3,"turns":3},{"damage":5,"enemies":"Large Slime","floor":4,"turns":4},{"damage":1,"enemies":"3 Louse","floor":5,"turns":3},{"damage":40,"enemies":"Lagavulin","floor":6,"turns":8},{"damage":2,"enemies":"Blue Slaver","floor":7,"turns":3},{"damage":0,"enemies":"Gremlin Nob","floor":8,"turns":2}],"seed_played":"7610424910554457363","potions_obtained":[{"floor":2,"key":"SkillPotion"},{"floor":4,"key":"AttackPotion"},{"floor":6,"key":"Strength Potion"}],"is_trial":false,"path_per_floor":["M","M","M","M","M","E","M","E"],"character_chosen":"DEFECT","items_purchased":[],"campfire_rested":0,"item_purchase_floors":[],"current_hp_per_floor":[69,65,61,56,55,15,13,13,13],"gold":216,"neow_bonus":"TEN_PERCENT_HP_BONUS","is_daily":false,"chose_seed":false,"campfire_upgraded":0,"win_rate":0.0,"timestamp":1608867295,"path_taken":["M","M","M","?","M","E","M","E"],"items_purchased_type":[],"build_version":"2020-12-22","purchased_purges":0,"victory":false,"max_hp_per_floor":[78,78,78,78,78,78,78,78,78],"relic_stats":{"counters":[8,29],"Kunai":[1],"obtain_stats":[{"Kunai":6,"Cracked Core":0},{"Kunai":6,"Cracked Core":0},{"Kunai":24,"Cracked Core":0}]},"card_choices":[{"not_picked":["Force Field","Doom and Gloom"],"picked":"Stack","floor":1},{"not_picked":["Leap","White Noise"],"picked":"Beam Cell","floor":2},{"not_picked":["Redo","Blizzard"],"picked":"Barrage","floor":3},{"not_picked":["Beam Cell","White Noise"],"picked":"Coolheaded","floor":4},{"not_picked":["Blizzard","Genetic Algorithm"],"picked":"Cold Snap","floor":5},{"not_picked":["Chaos","FTL"],"picked":"Go for the Eyes","floor":6},{"not_picked":["Skim","Go for the Eyes"],"picked":"Sunder","floor":7}],"player_experience":804822,"relics_obtained":[{"floor":6,"key":"Kunai"}],"event_choices":[],"is_beta":false,"boss_relics":[],"items_purged_floors":[],"is_endless":false,"potions_floor_spawned":[2,4,6,7],"killed_by":"Gremlin Nob","ascension_level":20}}