{"host":"raai0vtvcfkt8csp","time":1608927719,"event":{"mods":["2.2 Compatiblity","AchievementEnabler","BaseMod","Block Reminder","DeckTracker","Defective Defect","GifTheSpireLib","Minty Spire (QoL Compilation)","Quick Restart","Random Character Button","Rare Cards Sparkle","StSLib","Unceasing Turn Reminder"],"gold_per_floor":[109,122,122,148,148,182,207,551,632,632,632,632,653,689,689,810,810,831,844,857,872,897,940,855,954,954,954,954],"floor_reached":27,"playtime":1048,"items_purged":[],"score":292,"play_id":"65be3aa0-6406-48a1-bafd-6e9abc907f0d","local_time":"20201225212159","is_ascension_mode":true,"campfire_choices":[{"data":"Whirlwind","floor":11,"key":"SMITH"},{"data":"Anger","floor":15,"key":"SMITH"}],"circlet_count":0,"master_deck":["Strike_R","Strike_R+1","Defend_R","Defend_R","Defend_R","Defend_R","Bash","Whirlwind+1","Flame Barrier","Anger","Rampage","Hemokinesis+1","Parasite","Heavy Blade","Anger+1","Berserk","Exhume+1","Uppercut+1","Fiend Fire+1","Uppercut","Infernal Blade","Reckless Charge","Spot Weakness","Disarm+1"],"relics":["Burning Blood","NeowsBlessing","Vajra","Golden Idol","Ornamental Fan","Old Coin","Pantograph","Happy Flower","Astrolabe","Turnip","Strawberry","Bottled Tornado"],"acts_visited":["Exordium","TheCity"],"potions_floor_usage":[16,19,20,23],"damage_taken":[{"damage":0,"enemies":"Small Slimes","floor":1,"turns":1},{"damage":0,"enemies":"Jaw Worm","floor":2,"turns":1},{"damage":0,"enemies":"3 Sentries","floor":6,"turns":2},{"damage":1,"enemies":"2 Louse","floor":7,"turns":2},{"damage":21,"enemies":"Gremlin Nob","floor":8,"turns":5},{"damage":0,"enemies":"2 Fungi Beasts","floor":13,"turns":2},{"damage":21,"enemies":"3 Sentries","floor":14,"turns":6},{"damage":8,"enemies":"Slime Boss","floor":16,"turns":8},{"damage":5,"enemies":"Spheric Guardian","floor":18,"turns":3},{"damage":5,"enemies":"Chosen","floor":19,"turns":3},{"damage":29,"enemies":"Snake Plant","floor":20,"turns":3},{"damage":11,"enemies":"Shelled Parasite and Fungi","floor":21,"turns":5},{"damage":23,"enemies":"Centurion and Healer","floor":22,"turns":4},{"damage":23,"enemies":"Slavers","floor":23,"turns":3},{"damage":27,"enemies":"Gremlin Leader","floor":27,"turns":2}],"seed_played":"5286005053140116558","potions_obtained":[{"floor":6,"key":"SteroidPotion"},{"floor":13,"key":"HeartOfIron"},{"floor":14,"key":"AttackPotion"},{"floor":16,"key":"Fire Potion"},{"floor":21,"key":"Dexterity Potion"},{"floor":23,"key":"Fire Potion"}],"is_trial":false,"path_per_floor":["M","M","?","T","?","E","M","E","T","?","R","?","M","E","R","B",null,"M","M","M","M","M","E","?","?","T","E"],"character_chosen":"IRONCLAD","items_purchased":[],"campfire_rested":0,"item_purchase_floors":[],"current_hp_per_floor":[80,80,80,80,60,66,71,56,56,76,76,60,66,51,51,74,80,80,80,57,52,35,18,25,25,25,0,0],"gold":954,"neow_bonus":"THREE_ENEMY_KILL","is_daily":false,"chose_seed":false,"campfire_upgraded":2,"win_rate":0.0,"timestamp":1608927719,"path_taken":["M","M","?","?","?","E","M","E","T","?","R","?","M","E","R","BOSS","M","M","M","M","M","E","?","?","T","E"],"items_purchased_type":[],"build_version":"2020-12-22","purchased_purges":0,"victory":false,"max_hp_per_floor":[80,80,80,80,80,80,80,80,80,80,80,80,80,80,80,80,80,80,80,80,80,80,80,87,87,87,87,87],"card_choices":[{"not_picked":["Pommel Strike","Ghostly Armor"],"picked":"Whirlwind","floor":1},{"not_picked":["Armaments","Second Wind"],"picked":"Flame Barrier","floor":2},{"not_picked":["Battle Trance","Dual Wield"],"picked":"Anger","floor":6},{"not_picked":["Bloodletting","Iron Wave"],"picked":"Rampage","floor":7},{"not_picked":["Feed","Rupture"],"picked":"Hemokinesis","floor":8},{"not_picked":["Power Through","Twin Strike"],"picked":"Heavy Blade","floor":13},{"not_picked":["Pommel Strike","True Grit"],"picked":"Anger","floor":14},{"not_picked":["Bludgeon","Impervious"],"picked":"Berserk","floor":16},{"not_picked":["Iron Wave","Pommel Strike"],"picked":"Uppercut","floor":18},{"not_picked":["Iron Wave+1","Ghostly Armor"],"picked":"Infernal Blade","floor":19},{"not_picked":["Pummel","Twin Strike"],"picked":"Reckless Charge","floor":20},{"not_picked":["Headbutt","Whirlwind","Searing Blow"],"picked":"SKIP","floor":21},{"not_picked":["Shrug It Off","Pommel Strike"],"picked":"Spot Weakness","floor":22},{"not_picked":["Clash","Headbutt"],"picked":"Disarm+1","floor":23}],"player_experience":457828,"relics_obtained":[{"floor":4,"key":"Vajra"},{"floor":6,"key":"Ornamental Fan"},{"floor":8,"key":"Old Coin"},{"floor":9,"key":"Pantograph"},{"floor":14,"key":"Happy Flower"},{"floor":23,"key":"Turnip"},{"floor":26,"key":"Bottled Tornado"}],"event_choices":[{"damage_healed":0,"gold_gain":0,"player_choice":"Ignored","damage_taken":0,"max_hp_gain":0,"max_hp_loss":0,"event_name":"Golden Wing","floor":3,"gold_loss":0},{"damage_healed":0,"gold_gain":0,"player_choice":"Take Damage","damage_taken":20,"relics_obtained":["Golden Idol"],"max_hp_gain":0,"max_hp_loss":0,"event_name":"Golden Idol","floor":5,"gold_loss":0},{"damage_healed":20,"gold_gain":0,"player_choice":"Healed and dodged fight","damage_taken":0,"max_hp_gain":0,"max_hp_loss":0,"event_name":"Mushrooms","floor":10,"gold_loss":0,"cards_obtained":["Parasite"]},{"damage_healed":0,"gold_gain":0,"player_choice":"Entered Light","damage_taken":16,"max_hp_gain":0,"max_hp_loss":0,"event_name":"Shining Light","floor":12,"gold_loss":0,"cards_upgraded":["Strike_R","Hemokinesis"]},{"damage_healed":0,"gold_gain":0,"player_choice":"Obtained Relic","damage_taken":0,"relics_obtained":["Strawberry"],"max_hp_gain":0,"max_hp_loss":0,"event_name":"Addict","floor":24,"gold_loss":85},{"damage_healed":0,"gold_gain":99,"player_choice":"Stole From Cult","damage_taken":0,"max_hp_gain":0,"max_hp_loss":0,"event_name":"Nest","floor":25,"gold_loss":0}],"is_beta":false,"boss_relics":[{"not_picked":["Velvet Choker","Ectoplasm"],"picked":"Astrolabe"}],"items_purged_floors":[],"is_endless":false,"potions_floor_spawned":[6,13,14,16,18,21,23],"killed_by":"Gremlin Leader","ascension_level":1}}