{"host":"cnluwb240fdd52tp","time":1608940270,"event":{"mods":["BaseMod","Colored Map","Minty Spire (QoL Compilation)","Rare Cards Sparkle","StSLib","The Forsaken"],"gold_per_floor":[118,72,20,20,20,47,47,71,95,107,132,144,156,168,180,296,308,339,0,38,38],"floor_reached":20,"playtime":931,"items_purged":[],"score":201,"play_id":"0890bedd-ef8b-4ab2-8bc9-7b402c575054","local_time":"20201226005110","is_ascension_mode":true,"campfire_choices":[{"data":"Heavy Blade","floor":7,"key":"SMITH"},{"data":"Twin Strike","floor":13,"key":"SMITH"},{"data":"Twin Strike","floor":15,"key":"SMITH"}],"circlet_count":0,"master_deck":["Strike_R","Strike_R","Strike_R","Strike_R","Strike_R+1","Defend_R","Defend_R","Defend_R+1","Defend_R","Bash","Twin Strike+1","Heavy Blade+1","Twin Strike+1","Twin Strike","Demon Form"],"relics":["Burning Blood","NeowsBlessing","Strawberry","Bag of Preparation","Pen Nib","MawBank","Velvet Choker","theForsaken:Gavel"],"acts_visited":["Exordium","TheCity"],"potions_floor_usage":[],"damage_taken":[{"damage":0,"enemies":"Cultist","floor":1,"turns":1},{"damage":0,"enemies":"3 Sentries","floor":6,"turns":1},{"damage":0,"enemies":"Jaw Worm","floor":11,"turns":1},{"damage":40,"enemies":"Slime Boss","floor":16,"turns":12},{"damage":19,"enemies":"Shell Parasite","floor":18,"turns":3}],"seed_played":"6529433860836996197","potions_obtained":[{"floor":18,"key":"Ancient Potion"}],"is_trial":false,"path_per_floor":["M","$","$","?","?","E","R","T","T","$","M","$","R","$","R","B",null,"M","?","T"],"character_chosen":"IRONCLAD","items_purchased":["Heavy Blade","Twin Strike"],"campfire_rested":0,"item_purchase_floors":[2,3],"current_hp_per_floor":[80,80,80,80,63,69,69,69,69,69,75,75,75,75,75,41,87,74,74,74,74],"gold":38,"neow_bonus":"THREE_ENEMY_KILL","is_daily":false,"chose_seed":false,"campfire_upgraded":3,"win_rate":0.0,"timestamp":1608940270,"path_taken":["M","?","$","?","?","E","R","?","T","$","?","$","R","?","R","BOSS","M","?","?"],"items_purchased_type":["Card","Card"],"build_version":"2020-12-22","purchased_purges":0,"victory":false,"max_hp_per_floor":[80,80,80,87,87,87,87,87,87,87,87,87,87,87,87,87,87,87,87,87,87],"card_choices":[{"not_picked":["Wild Strike","Body Slam"],"picked":"Twin Strike","floor":1},{"not_picked":["Blood for Blood","Ghostly Armor","Flex"],"picked":"SKIP","floor":6},{"not_picked":["Body Slam","Headbutt"],"picked":"Twin Strike","floor":11},{"not_picked":["Reaper","Exhume"],"picked":"Demon Form","floor":16},{"not_picked":["Cleave","Uppercut","Iron Wave"],"picked":"SKIP","floor":18}],"player_experience":125257,"relics_obtained":[{"floor":6,"key":"Bag of Preparation"},{"floor":8,"key":"Pen Nib"},{"floor":9,"key":"MawBank"},{"floor":20,"key":"theForsaken:Gavel"}],"event_choices":[{"damage_healed":0,"gold_gain":0,"player_choice":"Success","damage_taken":7,"relics_obtained":["Strawberry"],"max_hp_gain":0,"max_hp_loss":0,"event_name":"Scrap Ooze","floor":4,"gold_loss":0},{"damage_healed":0,"gold_gain":0,"player_choice":"Entered Light","damage_taken":17,"max_hp_gain":0,"max_hp_loss":0,"event_name":"Shining Light","floor":5,"gold_loss":0,"cards_upgraded":["Defend_R","Strike_R"]},{"damage_healed":0,"gold_gain":0,"player_choice":"Paid Fearfully","damage_taken":0,"max_hp_gain":0,"max_hp_loss":0,"event_name":"Masked Bandits","floor":19,"gold_loss":351}],"is_beta":false,"boss_relics":[{"not_picked":["Astrolabe","Busted Crown"],"picked":"Velvet Choker"}],"items_purged_floors":[],"is_endless":false,"potions_floor_spawned":[18],"ascension_level":1}}