{"host":"mal0jdk4f6ubgyb8","time":1608911821,"event":{"mods":["Act Like it!","Aspiration","BaseMod","Gensokyo","Hallownest","Koishi","Luminous","Marisa£®ÏF”Í°°ƒß¿Ì…≥£©","Minty Spire (QoL Compilation)","Quick Restart","Reimu£®≤©¿ˆ¡È√Œ£©","Relic Stats","Remilia£®¿Ÿ√◊¿Ú—«£©","StSLib","The Bug Knight","WarShipGirlsR/’ΩΩ¢…Ÿ≈ÆR mod","Yakumo Yukari mod","Youmu£®ªÍ∆«—˝√Œ£©","Yuri Mod","Yuyuko"],"gold_per_floor":[119,119,119,91,91,91,109,109,109,129,304,322,354,15,15,120,120,135,135,135,135,135,167,182,0,50,50,50,77,77,77,77,174,174,185,185,460,460,510,510,510,541,541,541,563,573,613,636,636,636,636],"floor_reached":50,"playtime":2562,"items_purged":[],"score":667,"play_id":"29a8d8ed-e475-4e43-b8cf-9cf6d7068c4b","local_time":"20201225235701","is_ascension_mode":true,"campfire_choices":[{"floor":15.0,"key":"REST"},{"data":"Gensokyo:SpontaneousHumanCombustion","floor":28.0,"key":"SMITH"},{"data":"rmod:fuelsupply","floor":30.0,"key":"SMITH"},{"floor":32.0,"key":"RECALL"},{"data":"Mayhem","floor":40.0,"key":"SMITH"},{"data":"Magnetism","floor":44.0,"key":"SMITH"},{"floor":49.0,"key":"REST"}],"circlet_count":0,"master_deck":["rmod:basicallowance","rmod:maingunfire+1","rmod:fletcherpendant","rmod:acesubmarine","rmod:fuelsupply","rmod:openingtorpedo+1","rmod:firesupport","rmod:highspeedmaneuver+1","rmod:intelligenceanalysis","rmod:bulid","rmod:fuelsupply","rmod:fletcherpendant","rmod:fuelsupply+1","rmod:firesupport","Crippling Poison","Survivor","Reflex","Gensokyo:SpontaneousHumanCombustion+1","rmod:supriseattacks","Magnetism","Mayhem+1","Magnetism+1","rmod:garrisonisland+1","Madness","Madness","GravityBeat+1","Acceleration+1","Singularity+1","UnstableBomb+1"],"relics":["rmod:firstchargereward","NeowsBlessing","aspiration:ArtOfWarUpgrade","Singing Bowl","Gensokyo:CelestialsFlawlessClothing","Whetstone","Strawberry","Medical Kit","Juzu Bracelet","Pandora\u0027s Box","Turnip","Sundial","Omamori","Molten Egg 2","Gensokyo:MosesMiracle","aspiration:MarisaSkillbook","Pocketwatch","Vajra","CeramicFish","CaptainsWheel"],"acts_visited":["Exordium","Gensokyo:Gensokyo","TheBeyond"],"potions_floor_usage":[50],"damage_taken":[{"damage":1.0,"enemies":"Gensokyo:2_Kodama","floor":1.0,"turns":2.0},{"damage":0.0,"enemies":"Gensokyo:3_Fairies","floor":7.0,"turns":2.0},{"damage":0.0,"enemies":"Gensokyo:Gryphon","floor":10.0,"turns":1.0},{"damage":26.0,"enemies":"Gensokyo:Cirno","floor":11.0,"turns":7.0},{"damage":0.0,"enemies":"Gensokyo:VengefulSpirit","floor":12.0,"turns":2.0},{"damage":9.0,"enemies":"Gensokyo:Mamizou","floor":13.0,"turns":8.0},{"damage":40.0,"enemies":"Gensokyo:Yukari","floor":16.0,"turns":6.0},{"damage":4.0,"enemies":"Gensokyo:2_Gloops","floor":18.0,"turns":3.0},{"damage":32.0,"enemies":"Gensokyo:Tenshi","floor":23.0,"turns":3.0},{"damage":0.0,"enemies":"Gensokyo:Chomper","floor":24.0,"turns":2.0},{"damage":0.0,"enemies":"Gensokyo:Reisen","floor":29.0,"turns":3.0},{"damage":55.0,"enemies":"Gensokyo:Kaguya","floor":33.0,"turns":6.0},{"damage":7.0,"enemies":"Orb Walker","floor":35.0,"turns":3.0},{"damage":3.0,"enemies":"Mind Bloom Boss Battle","floor":39.0,"turns":3.0},{"damage":9.0,"enemies":"HollowMod:StalkingDevout","floor":42.0,"turns":5.0},{"damage":3.0,"enemies":"3 Darklings","floor":45.0,"turns":3.0},{"damage":0.0,"enemies":"Spire Growth","floor":46.0,"turns":3.0},{"damage":13.0,"enemies":"Nemesis","floor":47.0,"turns":4.0},{"damage":9.0,"enemies":"3 Darklings","floor":48.0,"turns":3.0},{"damage":34,"enemies":"Awakened One","floor":50,"turns":4}],"seed_played":"-438090281919419453","potions_obtained":[{"floor":10.0,"key":"Fire Potion"},{"floor":11.0,"key":"FearPotion"},{"floor":12.0,"key":"Weak Potion"},{"floor":16.0,"key":"Regen Potion"},{"floor":23.0,"key":"Explosive Potion"},{"floor":35.0,"key":"DistilledChaos"},{"floor":42.0,"key":"SkillPotion"},{"floor":46.0,"key":"DuplicationPotion"}],"is_trial":false,"path_per_floor":["M","?","T","COS","?","R","M","R","T","M","E","M","E","$","R","B",null,"M","?","?","COS","?","E","M","?","T","$","R","E","R","?","R","B",null,"M","?","?","?","?","R","?","E","T","R","M","M","E","M","R","B"],"character_chosen":"PRAEFECT","items_purchased":["rmod:firesupport","Medical Kit","Juzu Bracelet"],"campfire_rested":2,"item_purchase_floors":[14,14,14],"current_hp_per_floor":[74,59,59,59,41,41,43,43,43,43,17,19,17,17,42,2,86,82,80,80,80,72,42,44,44,44,44,44,46,46,46,46,5,78,73,63,63,63,60,60,50,41,41,41,38,40,27,18,42,8,8],"gold":636,"neow_bonus":"THREE_ENEMY_KILL","is_daily":false,"chose_seed":false,"campfire_upgraded":4,"win_rate":0.0,"timestamp":1608911821,"path_taken":["M","?","?","COS","?","R","?","R","T","M","E","M","E","?","R","BOSS","M","?","?","COS","?","E","M","?","T","?","R","E","R","?","R","BOSS","M","?","?","?","?","R","?","E","T","R","M","M","E","M","R","BOSS"],"items_purchased_type":["Card","Relic","Relic"],"build_version":"2020-12-22","purchased_purges":0,"victory":false,"max_hp_per_floor":[75,75,75,75,75,75,77,77,77,77,77,79,86,86,86,86,86,86,80,80,80,72,74,76,76,76,76,76,78,78,78,78,78,78,80,80,80,80,80,80,80,80,80,80,80,82,82,82,82,82,82],"relic_stats":{"Singing Bowl":14,"counters":[20,73],"Sundial":[2],"CeramicFish":27,"Pandora\u0027s Box":["rmod:intelligenceanalysis","rmod:bulid","rmod:fuelsupply","rmod:steelsupply","rmod:auspiciousomen","rmod:capitalist","rmod:fletcherpendant","rmod:fuelsupply"],"Turnip":[3],"Juzu Bracelet":3,"Whetstone":["rmod:maingunfire","rmod:strick"],"Medical Kit":[2],"obtain_stats":[{"NeowsBlessing":0,"Singing Bowl":3,"CeramicFish":43,"Gensokyo:MosesMiracle":39,"Vajra":42,"Juzu Bracelet":14,"Omamori":26,"Whetstone":11,"Gensokyo:CelestialsFlawlessClothing":5,"Medical Kit":14,"CaptainsWheel":47,"Sundial":23,"Strawberry":13,"Gensokyo:DayTheSeaSplit":31,"aspiration:ArtOfWarUpgrade":8,"Pandora\u0027s Box":17,"Molten Egg 2":29,"Turnip":19,"rmod:firstchargereward":0,"Art of War":2,"aspiration:MarisaSkillbook":34,"Pocketwatch":39},{"NeowsBlessing":0,"Singing Bowl":1,"CeramicFish":15,"Gensokyo:MosesMiracle":14,"Vajra":15,"Juzu Bracelet":6,"Omamori":10,"Whetstone":4,"Gensokyo:CelestialsFlawlessClothing":1,"Medical Kit":6,"CaptainsWheel":18,"Sundial":9,"Strawberry":6,"Gensokyo:DayTheSeaSplit":11,"aspiration:ArtOfWarUpgrade":2,"Pandora\u0027s Box":7,"Molten Egg 2":11,"Turnip":8,"rmod:firstchargereward":0,"Art of War":1,"aspiration:MarisaSkillbook":12,"Pocketwatch":14},{"NeowsBlessing":0,"Singing Bowl":2,"CeramicFish":56,"Gensokyo:MosesMiracle":51,"Vajra":56,"Juzu Bracelet":22,"Omamori":36,"Whetstone":12,"Gensokyo:CelestialsFlawlessClothing":2,"Medical Kit":22,"CaptainsWheel":66,"Sundial":34,"Strawberry":22,"Gensokyo:DayTheSeaSplit":39,"aspiration:ArtOfWarUpgrade":4,"Pandora\u0027s Box":28,"Molten Egg 2":39,"Turnip":31,"rmod:firstchargereward":0,"Art of War":2,"aspiration:MarisaSkillbook":45,"Pocketwatch":51}],"Pocketwatch":[6]},"card_choices":[{"not_picked":["rmod:steelsupply","rmod:circuitoustactics"],"picked":"rmod:fletcherpendant","floor":1.0},{"not_picked":["rmod:sl","rmod:tearstotiara","rmod:combined"],"picked":"Singing Bowl","floor":7.0},{"not_picked":["rmod:expedition","rmod:fletcherpendant"],"picked":"rmod:acesubmarine","floor":10.0},{"not_picked":["rmod:intelligenceanalysis","rmod:lonelyqueen"],"picked":"rmod:fuelsupply","floor":11.0},{"not_picked":["rmod:chargemoney","rmod:shuttlebombing","rmod:steelsupply"],"picked":"Singing Bowl","floor":12.0},{"not_picked":["rmod:steelsupply","rmod:fuelsupply"],"picked":"rmod:openingtorpedo","floor":13.0},{"not_picked":["rmod:auspiciousomen","rmod:ridicule"],"picked":"rmod:highspeedmaneuver","floor":16.0},{"not_picked":["rmod:selfconfidence","rmod:wolves"],"picked":"rmod:firesupport","floor":18.0},{"not_picked":["Gensokyo:SlitMouthedWoman","Gensokyo:MonkeysPaw"],"picked":"Gensokyo:SpontaneousHumanCombustion","floor":22.0},{"not_picked":["rmod:lonelyqueen+1","rmod:wolves","rmod:circuitoustactics"],"picked":"Singing Bowl","floor":23.0},{"not_picked":["rmod:chargemoney","rmod:circuitoustactics","rmod:bulid"],"picked":"Singing Bowl","floor":24.0},{"not_picked":["rmod:intelligenceanalysis+1","rmod:luckystar+1","rmod:fuelsupply"],"picked":"Singing Bowl","floor":29.0},{"not_picked":["rmod:ridicule","rmod:windflower"],"picked":"rmod:supriseattacks","floor":33.0},{"not_picked":["rmod:tearstotiara+1","DC+1","rmod:advancebysurprise+1","rmod:generalist+1"],"picked":"Singing Bowl","floor":35.0},{"not_picked":["Good Instincts","Forethought","Mind Blast+1"],"picked":"Magnetism","floor":36.0},{"not_picked":["Bandage Up","Chrysalis","Good Instincts"],"picked":"Mayhem","floor":36.0},{"not_picked":["Impatience","Madness","Chrysalis"],"picked":"Magnetism","floor":36.0},{"not_picked":["WitchOfGreed+1","rmod:launchingtorpedo+1","FairyDestructionRay+1"],"picked":"rmod:garrisonisland+1","floor":39.0},{"not_picked":["MeteoricShower+1","EventHorizon","rmod:aluminumsupply"],"picked":"GravityBeat+1","floor":42.0},{"not_picked":["GravityBeat+1","WitchLeyline+1","rmod:diamondstrike+1"],"picked":"Acceleration+1","floor":45.0},{"not_picked":["rmod:intelligenceanalysis+1","rmod:guardianhero","WitchOfGreed","DC+1"],"picked":"Singing Bowl","floor":46.0},{"not_picked":["rmod:luckystar+1","IllusionStar","GalacticHalo"],"picked":"Singularity+1","floor":47.0},{"not_picked":["rmod:unsinkable+1","rmod:spoils","BlazeAway"],"picked":"UnstableBomb+1","floor":48.0}],"player_experience":283981,"relics_obtained":[{"floor":3.0,"key":"Singing Bowl"},{"floor":11.0,"key":"Whetstone"},{"floor":13.0,"key":"Strawberry"},{"floor":23.0,"key":"Sundial"},{"floor":26.0,"key":"Omamori"},{"floor":29.0,"key":"Molten Egg 2"},{"floor":39.0,"key":"Pocketwatch"},{"floor":39.0,"key":"Gensokyo:MosesMiracle"},{"floor":42.0,"key":"Vajra"},{"floor":43.0,"key":"CeramicFish"},{"floor":47.0,"key":"CaptainsWheel"}],"event_choices":[{"damage_healed":0.0,"max_hp_gain":0.0,"max_hp_loss":0.0,"gold_gain":0.0,"event_name":"SensoryStone","player_choice":"Memory 3","floor":36.0,"gold_loss":0.0,"damage_taken":10.0},{"damage_healed":0.0,"max_hp_gain":0.0,"max_hp_loss":0.0,"gold_gain":275.0,"event_name":"Golden Shrine","player_choice":"Desecrate","floor":37.0,"gold_loss":0.0,"damage_taken":0.0,"cards_obtained":["Regret"]},{"damage_healed":0.0,"max_hp_gain":0.0,"max_hp_loss":0.0,"gold_gain":0.0,"event_name":"MindBloom","player_choice":"Fight","floor":39.0,"gold_loss":0.0,"damage_taken":0.0},{"damage_healed":0.0,"max_hp_gain":0.0,"max_hp_loss":0.0,"gold_gain":0.0,"event_name":"Winding Halls","player_choice":"Embrace Madness","floor":41.0,"gold_loss":0.0,"damage_taken":10.0,"cards_obtained":["Madness","Madness"]}],"is_beta":false,"boss_relics":[{"not_picked":["Coffee Dripper","Cursed Key"],"picked":"Pandora\u0027s Box"},{"not_picked":["aspiration:RitualDagger","aspiration:FutureDiary"],"picked":"aspiration:MarisaSkillbook"}],"items_purged_floors":[],"is_endless":false,"potions_floor_spawned":[10,11,12,16,23,35,42,46],"killed_by":"Awakened One","ascension_level":1}}