{"host":"uflv0e3ja7hvnij7","time":1608865758,"event":{"mods":["Aspiration","BaseMod","Better Altar","Better Match","Better Note","Better Sensory Stone","Better Skull","Better Third Choice","Infinite Spire","Minty Spire (QoL Compilation)","Permanent Neow","StSLib"],"gold_per_floor":[367,367,442,456,469,469,482,407,434,446,90,103,119,145,145,246,246,265,265,265,20,60,107,29,29,29,29,76,76,101,119,119,226,226,272,290,299,327,327,95,147,197,250,279,279,279,309,328,328,485,485,485],"floor_reached":51,"playtime":2805,"items_purged":["Doubt","Injury","Defend_G","Defend_G","Defend_G"],"score":814,"play_id":"296dac5e-2bde-46d9-92da-f284f7729736","local_time":"20201224220918","is_ascension_mode":false,"campfire_choices":[{"floor":6,"key":"REST"},{"data":"Finisher","floor":15,"key":"SMITH"},{"data":"HandOfGreed","floor":25,"key":"SMITH"},{"floor":32,"key":"REST"},{"floor":45,"key":"REST"},{"floor":49,"key":"REST"}],"circlet_count":0,"master_deck":["Strike_G+1","Strike_G","Strike_G","Strike_G+1","Strike_G","Defend_G","Defend_G","Survivor","Neutralize","Blur","Deflect+1","Quick Slash+1","Bouncing Flask+1","Blade Dance+1","Blade Dance+1","Finisher+1","Phantasmal Killer+1","Deflect+1","Acrobatics+1","HandOfGreed+1","Bane","Deflect+1","Deadly Poison+1","Deflect+1","Phantasmal Killer+1","infinitespire:TheBestDefense+1","Phantasmal Killer+1","Catalyst+1","Madness+1","Madness+1","infinitespire:TheBestDefense+1","Caltrops","Backstab+1","Deflect+1","Footwork+1","Glass Knife"],"relics":["Ring of the Serpent","Toxic Egg 2","MealTicket","Membership Card","Omamori","Nunchaku","PreservedInsect","Sozu","MutagenicStrength","Whetstone","Paper Crane","CeramicFish","Tingsha","Bag of Marbles","DollysMirror","Fusion Hammer","Peace Pipe","Potion Belt","Unceasing Top","WristBlade"],"acts_visited":["Exordium","TheCity","TheBeyond","Exordium"],"potions_floor_usage":[10,12,16,16,23,38,41],"damage_taken":[{"damage":2,"enemies":"Small Slimes","floor":1,"turns":7},{"damage":1,"enemies":"2 Louse","floor":4,"turns":5},{"damage":5,"enemies":"Jaw Worm","floor":5,"turns":10},{"damage":0,"enemies":"2 Fungi Beasts","floor":7,"turns":5},{"damage":12,"enemies":"Exordium Thugs","floor":10,"turns":4},{"damage":2,"enemies":"3 Louse","floor":12,"turns":3},{"damage":1,"enemies":"2 Fungi Beasts","floor":13,"turns":2},{"damage":30,"enemies":"The Guardian","floor":16,"turns":9},{"damage":1,"enemies":"Chosen","floor":18,"turns":2},{"damage":0,"enemies":"3 Byrds","floor":22,"turns":3},{"damage":14,"enemies":"Slavers","floor":23,"turns":3},{"damage":7,"enemies":"Centurion and Healer","floor":28,"turns":4},{"damage":0,"enemies":"Snake Plant","floor":30,"turns":1},{"damage":0,"enemies":"Champ","floor":33,"turns":1},{"damage":0,"enemies":"Orb Walker","floor":35,"turns":3},{"damage":0,"enemies":"3 Shapes","floor":38,"turns":3},{"damage":15,"enemies":"Sphere and 2 Shapes","floor":41,"turns":3},{"damage":0,"enemies":"Maw","floor":42,"turns":4},{"damage":13,"enemies":"Writhing Mass","floor":44,"turns":3},{"damage":46,"enemies":"Nightmare","floor":47,"turns":5},{"damage":0,"enemies":"Jaw Worm Horde","floor":48,"turns":1},{"damage":5,"enemies":"Awakened One","floor":50,"turns":6}],"seed_played":"2194001477005589814","potions_obtained":[{"floor":1,"key":"BlessingOfTheForge"},{"floor":4,"key":"SkillPotion"},{"floor":10,"key":"EntropicBrew"},{"floor":16,"key":"GamblersBrew"}],"is_trial":false,"path_per_floor":["M","?","?","M","M","R","M","$","T","M","$","M","M","T","R","B",null,"M","?","?","$","M","E","$","R","T","?","M","?","M","AVR","R","B",null,"M","?","?","M","?","$","M","M","T","M","R","?","NM","M","R","B",null],"character_chosen":"THE_SILENT","items_purchased":["Membership Card","Omamori","Nunchaku","Whetstone","Acrobatics+1","HandOfGreed","CeramicFish","Peace Pipe"],"campfire_rested":4,"item_purchase_floors":[11,11,11,21,21,21,24,40],"current_hp_per_floor":[68,68,57,56,51,70,70,70,70,58,70,68,67,67,67,37,70,69,69,69,70,70,56,70,70,70,70,63,63,63,63,70,70,70,70,61,44,44,44,59,44,44,44,31,52,52,6,6,27,22,70,70],"gold":485,"neow_bonus":"TWO_FIFTY_GOLD","is_daily":false,"chose_seed":false,"campfire_upgraded":2,"win_rate":0.0,"timestamp":1608865758,"path_taken":["M","?","?","M","M","R","M","$","T","M","$","M","M","?","R","BOSS","M","?","?","$","M","E","$","R","T","?","?","?","M","AVR","R","BOSS","M","?","?","M","?","$","M","M","T","M","R","?","NM","?","R","BOSS"],"items_purchased_type":["Relic","Relic","Relic","Relic","Card","Card","Relic","Relic"],"build_version":"2020-12-22","purchased_purges":5,"victory":false,"max_hp_per_floor":[70,70,70,70,70,70,70,70,70,70,70,70,70,70,70,70,70,70,70,70,70,70,70,70,70,70,70,70,70,70,70,70,70,70,70,70,70,70,70,70,70,70,70,70,70,70,70,70,70,70,70,70],"card_choices":[{"not_picked":["Outmaneuver","Distraction"],"picked":"Blur","floor":1},{"not_picked":["Acrobatics+1","Escape Plan+1"],"picked":"Deflect+1","floor":4},{"not_picked":["Flying Knee","Dagger Throw"],"picked":"Quick Slash","floor":5},{"not_picked":["Sucker Punch","Bane"],"picked":"Bouncing Flask+1","floor":7},{"not_picked":["Masterful Stab","Quick Slash"],"picked":"Blade Dance+1","floor":10},{"not_picked":["Poisoned Stab","Sucker Punch"],"picked":"Blade Dance+1","floor":12},{"not_picked":["Predator","Prepared+1"],"picked":"Finisher","floor":13},{"not_picked":["aspiration:Lunge","After Image"],"picked":"Phantasmal Killer+1","floor":16},{"not_picked":["Poisoned Stab+1","Leg Sweep+1"],"picked":"Deflect+1","floor":18},{"not_picked":["Backflip+1","Dodge and Roll+1"],"picked":"Bane","floor":22},{"not_picked":["Predator","Leg Sweep+1"],"picked":"Deflect+1","floor":23},{"not_picked":["Flying Knee+1","Sucker Punch+1"],"picked":"Deadly Poison+1","floor":28},{"not_picked":["Quick Slash","Dagger Throw"],"picked":"Deflect+1","floor":30},{"not_picked":["After Image","Night Terror+1"],"picked":"Phantasmal Killer+1","floor":33},{"not_picked":["Bane","Setup+1"],"picked":"Catalyst+1","floor":35},{"not_picked":["infinitespire:FutureSight","infinitespire:Execution"],"picked":"infinitespire:TheBestDefense","floor":37},{"not_picked":["Flying Knee","Dagger Throw"],"picked":"Catalyst+1","floor":38},{"not_picked":["Accuracy+1","Concentrate+1"],"picked":"Caltrops","floor":41},{"not_picked":["Outmaneuver+1","Poisoned Stab+1"],"picked":"Backstab+1","floor":42},{"not_picked":["Heel Hook","Slice"],"picked":"Deflect+1","floor":44},{"not_picked":["All Out Attack+1","Heel Hook","Reflex+1"],"picked":"SKIP","floor":47},{"not_picked":["Sucker Punch+1","All Out Attack"],"picked":"Footwork+1","floor":48},{"not_picked":["Unload","A Thousand Cuts"],"picked":"Glass Knife","floor":50}],"player_experience":348037,"relics_obtained":[{"floor":9,"key":"MealTicket"},{"floor":14,"key":"PreservedInsect"},{"floor":23,"key":"Paper Crane"},{"floor":26,"key":"Tingsha"},{"floor":43,"key":"Potion Belt"},{"floor":47,"key":"Unceasing Top"}],"event_choices":[{"damage_healed":0,"gold_gain":75,"player_choice":"Gold","damage_taken":11,"max_hp_gain":0,"max_hp_loss":0,"event_name":"betterThird:BetterGoop","floor":3,"gold_loss":0},{"cards_removed":["Phantasmal Killer"],"damage_healed":0,"gold_gain":0,"player_choice":"Give","damage_taken":0,"max_hp_gain":0,"max_hp_loss":0,"event_name":"betterNote:BetterNote","floor":19,"gold_loss":0,"cards_obtained":["None"]},{"damage_healed":0,"gold_gain":0,"player_choice":"Inject Mutagens","damage_taken":0,"relics_obtained":["MutagenicStrength"],"max_hp_gain":0,"max_hp_loss":0,"event_name":"Drug Dealer","floor":20,"gold_loss":0},{"damage_healed":0,"gold_gain":0,"player_choice":"Stole Relic","damage_taken":0,"relics_obtained":["Bag of Marbles"],"max_hp_gain":0,"max_hp_loss":0,"event_name":"Addict","floor":27,"gold_loss":0,"cards_obtained":["Shame"]},{"damage_healed":0,"gold_gain":0,"player_choice":"Ignored","damage_taken":0,"max_hp_gain":0,"max_hp_loss":0,"event_name":"Vampires","floor":29,"gold_loss":0},{"damage_healed":0,"gold_gain":0,"player_choice":"Embrace Madness","damage_taken":9,"max_hp_gain":0,"max_hp_loss":0,"event_name":"Winding Halls","floor":36,"gold_loss":0,"cards_obtained":["Madness","Madness"]},{"cards_removed":["Catalyst"],"damage_healed":0,"gold_gain":0,"player_choice":"Removed Skill","damage_taken":0,"max_hp_gain":0,"max_hp_loss":0,"event_name":"Falling","floor":39,"gold_loss":0},{"damage_healed":0,"gold_gain":0,"player_choice":"Upgraded","damage_taken":0,"max_hp_gain":0,"max_hp_loss":0,"event_name":"Upgrade Shrine","floor":46,"gold_loss":0,"cards_upgraded":["Quick Slash"]}],"is_beta":false,"boss_relics":[{"not_picked":["aspiration:RitualDagger","aspiration:RunicSpoon"],"picked":"Sozu"},{"not_picked":["SacredBark","SlaversCollar"],"picked":"Ring of the Serpent"},{"not_picked":["HoveringKite","aspiration:SecretTechniqueScroll"],"picked":"WristBlade"}],"items_purged_floors":[8,11,21,31,40],"is_endless":true,"potions_floor_spawned":[1,4,10,16,18,23,30,41,42,48,50],"ascension_level":0}}