{"host":"9d9dhukr2jywmy0f","time":1608914832,"event":{"mods":["2.2 Compatiblity","Alarm Clock","BaseMod","Bestiary","Block Reminder","Challenge The Spire","Colored Map","Colored Powertips","Curses Come First","DeckTracker","Displayed Cursed Tome","Highlight Path","Key Reminder","Keyboard Shortcuts","Minty Spire (QoL Compilation)","MonsterHotkey","Potion Indicator Mod","Quick Restart","Rare Cards Sparkle","Relic Sorter","Relic Stats","Spire Birthday Party","StSLib","Synergy Search","Unceasing Turn Reminder","Unknown Chances"],"gold_per_floor":[230,29,145,263,379,379,156,31,149,262,372,372,175,35,147,257,368,488],"floor_reached":19,"playtime":1701,"items_purged":["Strike_R","Bash","Strike_R","Strike_R","Strike_R"],"score":2665,"play_id":"6494bccc-c322-4791-b97b-19dcc08a6d44","local_time":"20201226004712","daily_mods":["challengethespire:Bronze Difficulty","challengethespire:Modded Boss Rush","Uncertain Future"],"is_ascension_mode":false,"campfire_choices":[],"circlet_count":0,"master_deck":["Strike_R","Defend_R","Defend_R","Defend_R","Defend_R","Power Through+1","Dark Embrace+1","Feel No Pain+1","Evolve+1","Bloodletting+1","Armaments+1","True Grit+1","Shrug It Off+1","Rampage+1","True Grit+1","Body Slam+1","Feel No Pain+1","Shockwave+1","Barricade+1","Entrench+1","Body Slam+1","Power Through+1","Battle Trance+1","Warcry+1","Feed+1"],"relics":["Burning Blood","The Courier","Molten Egg 2","Toxic Egg 2","Frozen Egg 2","Medical Kit","Mummified Hand","Nunchaku","Toy Ornithopter","Centennial Puzzle","Orichalcum","Mark of Pain","Bag of Preparation","DollysMirror","HornCleat","Pen Nib","Bottled Tornado","Cursed Key","Ancient Tea Set","Potion Belt","Smiling Mask","TungstenRod"],"acts_visited":["Exordium"],"potions_floor_usage":[17,18,18,18],"damage_taken":[{"damage":9.0,"enemies":"Hexaghost","floor":3.0,"turns":19.0},{"damage":27.0,"enemies":"The Guardian","floor":4.0,"turns":11.0},{"damage":14.0,"enemies":"Slime Boss","floor":5.0,"turns":12.0},{"damage":18.0,"enemies":"Champ","floor":9.0,"turns":9.0},{"damage":1.0,"enemies":"Collector","floor":10.0,"turns":10.0},{"damage":0.0,"enemies":"Automaton","floor":11.0,"turns":9.0},{"damage":3.0,"enemies":"Awakened One","floor":15.0,"turns":6.0},{"damage":0.0,"enemies":"Donu and Deca","floor":16.0,"turns":4.0},{"damage":5,"enemies":"Time Eater","floor":17,"turns":4},{"damage":0,"enemies":"The Heart","floor":18,"turns":6}],"seed_played":"8575005400474861438","potions_obtained":[{"floor":9.0,"key":"SteroidPotion"},{"floor":10.0,"key":"ColorlessPotion"},{"floor":15.0,"key":"Fruit Juice"},{"floor":16.0,"key":"Regen Potion"},{"floor":17,"key":"Dexterity Potion"}],"is_trial":true,"path_per_floor":["$","$","M","M","M","T","$","$","M","M","M","T","$","$","M","M","M","M",null],"character_chosen":"IRONCLAD","items_purchased":["Medical Kit","Power Through+1","Dark Embrace+1","Feel No Pain+1","Evolve+1","Mummified Hand","Bloodletting+1","Armaments+1","True Grit+1","Shrug It Off+1","Nunchaku","Bag of Preparation","DollysMirror","Body Slam+1","Swift Potion"],"campfire_rested":0,"item_purchase_floors":[1,1,1,1,1,1,1,1,1,1,2,7,8,13,13],"current_hp_per_floor":[80,80,77,56,48,48,48,48,36,41,47,47,47,47,60,66,72,85],"gold":488,"neow_bonus":"","is_daily":false,"chose_seed":false,"campfire_upgraded":0,"win_rate":0.0,"timestamp":1608914832,"path_taken":["$","$","M","M","M","T","$","$","M","M","M","T","$","$","M","M","M","M"],"items_purchased_type":["Relic","Card","Card","Card","Card","Relic","Card","Card","Card","Card","Relic","Relic","Relic","Card","Potion"],"build_version":"2020-11-30","purchased_purges":5,"victory":true,"max_hp_per_floor":[80,80,80,80,80,80,80,80,80,80,80,80,80,80,85,85,85,85],"relic_stats":{"counters":[10,90],"Pen Nib":[3],"Bag of Preparation":[14],"Orichalcum":[0],"Medical Kit":[113],"Cursed Key":0,"Smiling Mask":0,"Burning Blood":54,"Nunchaku":[11],"Centennial Puzzle":[15],"Mummified Hand":[40],"obtain_stats":[{"Potion Belt":16,"The Courier":0,"Pen Nib":10,"Bag of Preparation":7,"Frozen Egg 2":0,"Orichalcum":5,"Bottled Tornado":11,"Medical Kit":1,"Cursed Key":12,"Ancient Tea Set":15,"Smiling Mask":17,"Burning Blood":0,"Nunchaku":2,"Centennial Puzzle":4,"HornCleat":9,"Mummified Hand":1,"DollysMirror":8,"Molten Egg 2":0,"Mark of Pain":6,"Toxic Egg 2":0,"Toy Ornithopter":3,"TungstenRod":18},{"Potion Belt":8,"The Courier":0,"Pen Nib":5,"Bag of Preparation":3,"Frozen Egg 2":0,"Orichalcum":3,"Bottled Tornado":6,"Medical Kit":0,"Cursed Key":6,"Ancient Tea Set":7,"Smiling Mask":9,"Burning Blood":0,"Nunchaku":0,"Centennial Puzzle":2,"HornCleat":4,"Mummified Hand":0,"DollysMirror":3,"Molten Egg 2":0,"Mark of Pain":3,"Toxic Egg 2":0,"Toy Ornithopter":1,"TungstenRod":10},{"Potion Belt":80,"The Courier":0,"Pen Nib":61,"Bag of Preparation":42,"Frozen Egg 2":0,"Orichalcum":42,"Bottled Tornado":70,"Medical Kit":0,"Cursed Key":70,"Ancient Tea Set":76,"Smiling Mask":84,"Burning Blood":0,"Nunchaku":0,"Centennial Puzzle":30,"HornCleat":51,"Mummified Hand":0,"DollysMirror":42,"Molten Egg 2":0,"Mark of Pain":42,"Toxic Egg 2":0,"Toy Ornithopter":19,"TungstenRod":90}],"Toy Ornithopter":23,"TungstenRod":0},"card_choices":[],"player_experience":754162,"relics_obtained":[{"floor":3.0,"key":"Toy Ornithopter"},{"floor":4.0,"key":"Centennial Puzzle"},{"floor":5.0,"key":"Orichalcum"},{"floor":9.0,"key":"HornCleat"},{"floor":10.0,"key":"Pen Nib"},{"floor":11.0,"key":"Bottled Tornado"},{"floor":15.0,"key":"Ancient Tea Set"},{"floor":16.0,"key":"Potion Belt"},{"floor":17,"key":"Smiling Mask"},{"floor":18,"key":"TungstenRod"}],"event_choices":[],"is_beta":false,"boss_relics":[{"not_picked":["Empty Cage","Snecko Eye"],"picked":"Mark of Pain"},{"not_picked":["Runic Pyramid","Astrolabe"],"picked":"Cursed Key"}],"items_purged_floors":[1,2,7,13,14],"is_endless":false,"potions_floor_spawned":[9,10,15,16,17],"ascension_level":0}}