{"host":"vlqejv0notyktumz","time":1608929934,"event":{"mods":["AchievementEnabler","BaseMod","Googly Eyes","Minty Spire (QoL Compilation)"],"gold_per_floor":[109,109,129,129,147,147,147,179,179,207,207,240,260,260,260,260,260],"floor_reached":16,"playtime":423,"items_purged":[],"score":165,"play_id":"608199e0-efa5-4ee8-a6cb-fdcd2f0e59d3","local_time":"20201225145854","is_ascension_mode":true,"campfire_choices":[{"data":"Sucker Punch","floor":6,"key":"SMITH"},{"data":"Neutralize","floor":11,"key":"SMITH"},{"floor":15,"key":"REST"}],"circlet_count":0,"master_deck":["Strike_G","Strike_G","Strike_G","Strike_G","Defend_G","Defend_G","Defend_G","Defend_G","Defend_G","Survivor","Neutralize+1","Sucker Punch+1","Poisoned Stab","Poisoned Stab","Noxious Fumes","Heel Hook"],"relics":["Ring of the Snake","Incense Burner","White Beast Statue","Paper Crane","Bottled Flame","Gambling Chip","InkBottle"],"acts_visited":["Exordium"],"potions_floor_usage":[10,13,16],"damage_taken":[{"damage":1,"enemies":"Cultist","floor":1,"turns":4},{"damage":1,"enemies":"Small Slimes","floor":3,"turns":3},{"damage":0,"enemies":"2 Louse","floor":5,"turns":3},{"damage":13,"enemies":"Gremlin Nob","floor":8,"turns":5},{"damage":32,"enemies":"3 Sentries","floor":10,"turns":13},{"damage":18,"enemies":"Gremlin Nob","floor":12,"turns":6},{"damage":0,"enemies":"Looter","floor":13,"turns":2},{"damage":39,"enemies":"Slime Boss","floor":16,"turns":7}],"seed_played":"-5618778390867543518","potions_obtained":[{"floor":3,"key":"Regen Potion"},{"floor":10,"key":"GamblersBrew"},{"floor":12,"key":"Fire Potion"},{"floor":13,"key":"CunningPotion"}],"is_trial":false,"path_per_floor":["M","?","M","?","M","R","?","E","T","E","R","E","M","T","R","B"],"character_chosen":"THE_SILENT","items_purchased":[],"campfire_rested":1,"item_purchase_floors":[],"current_hp_per_floor":[62,62,61,66,66,66,59,46,46,29,29,11,11,11,31,0,0],"gold":260,"neow_bonus":"ONE_RARE_RELIC","is_daily":false,"chose_seed":false,"campfire_upgraded":2,"win_rate":0.0,"timestamp":1608929934,"path_taken":["M","?","M","?","M","R","?","E","T","E","R","E","M","?","R","BOSS"],"items_purchased_type":[],"build_version":"2020-12-22","purchased_purges":0,"victory":false,"max_hp_per_floor":[63,63,63,68,68,68,68,68,68,68,68,68,68,68,68,68,68],"card_choices":[{"not_picked":["Blade Dance","Bane"],"picked":"Sucker Punch","floor":1},{"not_picked":["Cloak And Dagger","Deflect"],"picked":"Poisoned Stab","floor":3},{"not_picked":["Well Laid Plans","Acrobatics","Venomology"],"picked":"SKIP","floor":5},{"not_picked":["Underhanded Strike","Crippling Poison","Deflect"],"picked":"SKIP","floor":8},{"not_picked":["Terror","Bane"],"picked":"Poisoned Stab","floor":10},{"not_picked":["PiercingWail","Backflip"],"picked":"Noxious Fumes","floor":12},{"not_picked":["Endless Agony","Acrobatics"],"picked":"Heel Hook","floor":13}],"player_experience":276699,"relics_obtained":[{"floor":8,"key":"White Beast Statue"},{"floor":9,"key":"Paper Crane"},{"floor":10,"key":"Bottled Flame"},{"floor":12,"key":"Gambling Chip"},{"floor":14,"key":"InkBottle"}],"event_choices":[{"damage_healed":0,"gold_gain":0,"player_choice":"Ignored","damage_taken":0,"max_hp_gain":0,"max_hp_loss":0,"event_name":"Liars Game","floor":2,"gold_loss":0},{"damage_healed":0,"gold_gain":0,"player_choice":"Donut","damage_taken":0,"max_hp_gain":5,"max_hp_loss":0,"event_name":"Big Fish","floor":4,"gold_loss":0},{"cards_removed":["Strike_G"],"damage_healed":0,"gold_gain":0,"player_choice":"Card Removal","damage_taken":7,"max_hp_gain":0,"max_hp_loss":0,"event_name":"Golden Wing","floor":7,"gold_loss":0}],"is_beta":false,"boss_relics":[],"items_purged_floors":[],"is_endless":false,"potions_floor_spawned":[3,10,12,13],"killed_by":"Slime Boss","ascension_level":8}}