{"host":"4ag909k4xupnj24b","time":1608903222,"event":{"mods":["BaseMod","Minty Spire (QoL Compilation)","StSLib"],"gold_per_floor":[115,115,134,134,153,153,185,185,185,38,66,66,79,106,106,208,208,219,244,261,273,293,293,321,321,345,359,372,372,372],"floor_reached":29,"playtime":2526,"items_purged":[],"score":513,"play_id":"8d123228-985d-458d-a355-68b1947b82f7","local_time":"20201225053342","is_ascension_mode":true,"campfire_choices":[{"data":"Deep Breath","floor":6,"key":"SMITH"},{"floor":8,"key":"REST"},{"floor":12,"key":"REST"},{"data":"Establishment","floor":15,"key":"SMITH"},{"data":"Wish","floor":23,"key":"SMITH"},{"floor":25,"key":"REST"}],"circlet_count":0,"master_deck":["AscendersBane","Eruption+1","Vigilance","Swivel","MentalFortress","Scrawl","Deep Breath+1","SandsOfTime+1","Establishment+1","Meditate","Conclude","CarveReality","Protect","FollowUp","Judgement","Wish+1","BowlingBash","CrushJoints","LikeWater","Protect","EmptyFist","WheelKick","BattleHymn","Perseverance+1","Evaluate+1"],"relics":["PureWater","Girya","Whetstone","TeardropLocket","Blood Vial","Potion Belt","Pandora\u0027s Box","Nunchaku","PreservedInsect"],"acts_visited":["Exordium","TheCity"],"potions_floor_usage":[7,11,11,19,21,24,24,24,29],"damage_taken":[{"damage":3.0,"enemies":"Small Slimes","floor":1.0,"turns":3.0},{"damage":0.0,"enemies":"Cultist","floor":3.0,"turns":3.0},{"damage":0,"enemies":"Jaw Worm","floor":5,"turns":5},{"damage":32,"enemies":"Gremlin Nob","floor":7,"turns":5},{"damage":17,"enemies":"Lagavulin","floor":11,"turns":7},{"damage":0,"enemies":"Large Slime","floor":13,"turns":6},{"damage":0,"enemies":"Gremlin Nob","floor":14,"turns":2},{"damage":0,"enemies":"The Guardian","floor":16,"turns":9},{"damage":8,"enemies":"Shell Parasite","floor":18,"turns":3},{"damage":0,"enemies":"2 Thieves","floor":19,"turns":1},{"damage":8,"enemies":"Centurion and Healer","floor":20,"turns":6},{"damage":27,"enemies":"Snake Plant","floor":21,"turns":4},{"damage":4,"enemies":"Chosen and Byrds","floor":22,"turns":5},{"damage":19,"enemies":"Slavers","floor":24,"turns":5},{"damage":12,"enemies":"Centurion and Healer","floor":27,"turns":6},{"damage":7,"enemies":"Snecko","floor":28,"turns":6},{"damage":22,"enemies":"Book of Stabbing","floor":29,"turns":5}],"seed_played":"-413811220510355771","potions_obtained":[{"floor":0.0,"key":"SpeedPotion"},{"floor":0.0,"key":"Swift Potion"},{"floor":0.0,"key":"SmokeBomb"},{"floor":7,"key":"Strength Potion"},{"floor":14,"key":"SteroidPotion"},{"floor":16,"key":"SteroidPotion"},{"floor":18,"key":"StancePotion"},{"floor":20,"key":"Explosive Potion"},{"floor":22,"key":"Block Potion"},{"floor":24,"key":"Strength Potion"},{"floor":28,"key":"BottledMiracle"}],"is_trial":false,"path_per_floor":["M","?","M","?","M","R","E","R","T","$","E","R","M","E","R","B",null,"M","M","M","M","M","R","E","R","T","M","M","E"],"character_chosen":"WATCHER","items_purchased":["Meditate","Conclude"],"campfire_rested":3,"item_purchase_floors":[10,10],"current_hp_per_floor":[62,55,55,55,55,55,23,44,44,44,27,48,50,52,52,54,68,62,64,58,33,31,31,14,35,35,25,20,0,0],"gold":372,"neow_bonus":"THREE_SMALL_POTIONS","is_daily":false,"chose_seed":false,"campfire_upgraded":3,"win_rate":0.0,"timestamp":1608903222,"path_taken":["M","?","M","?","?","R","E","R","T","$","E","R","M","E","R","BOSS","M","M","M","M","?","R","E","R","T","M","M","E"],"items_purchased_type":["Card","Card"],"build_version":"2020-12-22","purchased_purges":0,"victory":false,"max_hp_per_floor":[72,72,72,72,72,72,72,72,72,72,72,72,72,72,72,72,72,72,72,72,72,72,72,72,72,72,72,72,72,72],"card_choices":[{"not_picked":["Protect","Meditate"],"picked":"Swivel","floor":1.0},{"not_picked":["Halt","CrushJoints"],"picked":"MentalFortress","floor":3.0},{"not_picked":["EmptyBody","SignatureMove"],"picked":"SandsOfTime","floor":5},{"not_picked":["BowlingBash","FlurryOfBlows"],"picked":"Establishment","floor":7},{"not_picked":["FollowUp","PathToVictory"],"picked":"CarveReality","floor":11},{"not_picked":["Adaptation","SashWhip"],"picked":"Protect","floor":13},{"not_picked":["Perseverance","BowlingBash"],"picked":"FollowUp","floor":14},{"not_picked":["Omniscience","DeusExMachina"],"picked":"Judgement","floor":16},{"not_picked":["Pray+1","ReachHeaven","Consecrate"],"picked":"SKIP","floor":18},{"not_picked":["Protect","EmptyBody","PathToVictory+1"],"picked":"SKIP","floor":20},{"not_picked":["Swivel","InnerPeace","Consecrate+1"],"picked":"SKIP","floor":21},{"not_picked":["Consecrate","Protect","EmptyFist"],"picked":"SKIP","floor":22},{"not_picked":["Study+1","ForeignInfluence+1"],"picked":"Perseverance+1","floor":24},{"not_picked":["EmptyBody","PathToVictory"],"picked":"Evaluate+1","floor":27},{"not_picked":["Evaluate","FlurryOfBlows","EmptyMind"],"picked":"SKIP","floor":28}],"player_experience":806381,"relics_obtained":[{"floor":7,"key":"Whetstone"},{"floor":9,"key":"TeardropLocket"},{"floor":11,"key":"Blood Vial"},{"floor":14,"key":"Potion Belt"},{"floor":24,"key":"Nunchaku"},{"floor":26,"key":"PreservedInsect"}],"event_choices":[{"damage_healed":0.0,"max_hp_gain":0.0,"max_hp_loss":0.0,"gold_gain":0.0,"event_name":"Scrap Ooze","player_choice":"Success","floor":2.0,"gold_loss":0.0,"damage_taken":7.0,"relics_obtained":["Girya"]},{"damage_healed":0.0,"max_hp_gain":0.0,"max_hp_loss":0.0,"gold_gain":0.0,"event_name":"Match and Keep!","player_choice":"2 cards matched","floor":4.0,"gold_loss":0.0,"damage_taken":0.0,"cards_obtained":["Scrawl","Deep Breath"]}],"is_beta":false,"boss_relics":[{"not_picked":["Calling Bell","Sozu"],"picked":"Pandora\u0027s Box"}],"items_purged_floors":[],"is_endless":false,"potions_floor_spawned":[3,7,14,16,18,20,22,24,28],"killed_by":"Book of Stabbing","ascension_level":10}}