{"host":"daa8jqyg4gqfaysm","time":1608920089,"event":{"mods":["BaseMod","Colored Powertips","Minty Spire (QoL Compilation)","StSLib"],"gold_per_floor":[364,39,39,55,66,66,99,118,145,164,164,197,197,197,197,197,197],"floor_reached":16,"playtime":380,"items_purged":["Strike_B"],"score":220,"play_id":"22fde917-728f-4bb4-a93d-f299a0a66918","local_time":"20201226021449","is_ascension_mode":true,"campfire_choices":[{"data":"Lockon","floor":6,"key":"SMITH"},{"floor":11,"key":"REST"},{"data":"Buffer","floor":13,"key":"SMITH"},{"data":"Barrage","floor":15,"key":"SMITH"}],"circlet_count":0,"master_deck":["AscendersBane","Strike_B","Strike_B","Strike_B","Defend_B","Defend_B","Defend_B","Defend_B","Zap","Dualcast","Lockon+1","Compile Driver+1","Cold Snap","Dramatic Entrance","Turbo","Cold Snap+1","Genetic Algorithm","Ball Lightning","Barrage+1","Steam","Buffer+1"],"relics":["Cracked Core","Membership Card","Whetstone","Strawberry","Boot"],"acts_visited":["Exordium"],"potions_floor_usage":[8],"damage_taken":[{"damage":0,"enemies":"2 Louse","floor":1,"turns":2},{"damage":0,"enemies":"Small Slimes","floor":4,"turns":3},{"damage":10,"enemies":"Jaw Worm","floor":5,"turns":2},{"damage":39,"enemies":"Gremlin Nob","floor":7,"turns":6},{"damage":0,"enemies":"2 Fungi Beasts","floor":8,"turns":1},{"damage":0,"enemies":"Exordium Wildlife","floor":10,"turns":2},{"damage":17,"enemies":"3 Sentries","floor":12,"turns":8},{"damage":18,"enemies":"Slime Boss","floor":16,"turns":8}],"seed_played":"-4555195681974081082","potions_obtained":[{"floor":1,"key":"SmokeBomb"},{"floor":7,"key":"SkillPotion"},{"floor":8,"key":"FearPotion"}],"is_trial":false,"path_per_floor":["M","$","?","M","M","R","E","M","T","M","R","E","R","?","R","B"],"character_chosen":"DEFECT","items_purchased":["Membership Card","Compile Driver","Cold Snap","Dramatic Entrance","Turbo"],"campfire_rested":1,"item_purchase_floors":[2,2,2,2,2],"current_hp_per_floor":[64,64,64,64,54,54,15,15,22,22,43,26,26,26,26,8,8],"gold":197,"neow_bonus":"TWO_FIFTY_GOLD","is_daily":false,"chose_seed":false,"campfire_upgraded":3,"win_rate":0.0,"timestamp":1608920089,"path_taken":["M","$","?","M","M","R","E","M","T","M","R","E","R","?","R","BOSS"],"items_purchased_type":["Relic","Card","Card","Card","Card"],"build_version":"2020-12-22","purchased_purges":1,"victory":false,"max_hp_per_floor":[64,64,64,64,64,64,64,64,71,71,71,71,71,71,71,71,71],"card_choices":[{"not_picked":["White Noise","Compile Driver"],"picked":"Lockon","floor":1},{"not_picked":["Steam","Compile Driver"],"picked":"Cold Snap","floor":4},{"not_picked":["Turbo","Rebound"],"picked":"Genetic Algorithm","floor":5},{"not_picked":["Conserve Battery","Go for the Eyes"],"picked":"Ball Lightning","floor":7},{"not_picked":["Tempest","Chill"],"picked":"Barrage","floor":8},{"not_picked":["Storm","Cold Snap"],"picked":"Steam","floor":10},{"not_picked":["Meteor Strike","Gash"],"picked":"Buffer","floor":12}],"player_experience":733525,"relics_obtained":[{"floor":7,"key":"Whetstone"},{"floor":9,"key":"Strawberry"},{"floor":12,"key":"Boot"}],"event_choices":[{"damage_healed":0,"gold_gain":0,"player_choice":"Ignored","damage_taken":0,"max_hp_gain":0,"max_hp_loss":0,"event_name":"Liars Game","floor":3,"gold_loss":0},{"damage_healed":0,"gold_gain":0,"player_choice":"Searched \u00270\u0027 times","damage_taken":0,"max_hp_gain":0,"max_hp_loss":0,"event_name":"Dead Adventurer","floor":14,"gold_loss":0}],"is_beta":false,"boss_relics":[],"items_purged_floors":[2],"is_endless":false,"potions_floor_spawned":[1,7,8],"killed_by":"Slime Boss","ascension_level":20}}