{"host":"inrqn0jglgjaorlx","time":1608939453,"event":{"mods":["2.2 Compatiblity","Abigail Mod","AchievementEnabler","Act Like it!","BaseMod","Fiend Mod","Gensokyo","Minty Spire (QoL Compilation)","StSLib","The Dragon Tamer","The Marked","Yakumo Yukari mod"],"gold_per_floor":[119,130,140,140,65,83,83,117,117,131,166,177,177,194,194,296,296,313,333,432,100,111,142,142,142,168,184,199,75,75,75,75,170,170,184,184,198,215,91,91,126,146,173,193,209,68,68,78,78,78],"floor_reached":51,"playtime":2725,"items_purged":["DTMod:Strike","DTMod:Strike","DTMod:Strike"],"score":815,"play_id":"0e57fde9-4b2d-476f-8b39-2ef996418b20","local_time":"20201225233733","is_ascension_mode":false,"metric_token":787,"campfire_choices":[{"data":"DTMod:MaximumCharge","floor":7,"key":"SMITH"},{"data":"DTMod:TriAttack","floor":15,"key":"SMITH"},{"floor":25,"key":"REST"},{"data":"DTMod:Hide","floor":30,"key":"SMITH"},{"data":"DTMod:FlameSlash","floor":32,"key":"SMITH"},{"data":"DTMod:LightShield","floor":40,"key":"SMITH"},{"data":"DTMod:Overwhelm","floor":49,"key":"SMITH"}],"dtmod_dragon_data":[1,58,1,0,12,0],"circlet_count":0,"master_deck":["DTMod:DoubleHit","DTMod:TargetDefense","DTMod:TargetDefense","DTMod:TargetDefense","DTMod:TargetDefense","DTMod:SwitchingTactic","DTMod:Overwhelm+1","DTMod:MaximumCharge+1","DTMod:Punisher+1","DTMod:MagicField","DTMod:TriAttack+1","DTMod:FlameSlash+1","DTMod:CrossStep","DTMod:Threaten","DTMod:Weaken","DTMod:Harmonize","DTMod:WarmUp+1","DTMod:QuickFly+1","DTMod:Astonish+1","DTMod:Hide+1","DTMod:BreakAttack+1","DTMod:LightShield+1","DTMod:Hide+1","DTMod:ShieldDrain","DTMod:BizarreTactic+1","Parasite","DTMod:CalculatedDefense+1","DTMod:EchoTactic"],"relics":["DTMod:PactStone","HornCleat","The Courier","Meat on the Bone","SlaversCollar","Lantern","DTMod:SwitchButton","DTMod:BindingString","DTMod:BasicTextbook","Happy Flower","MutagenicStrength","DTMod:TheChair","Strawberry","Juzu Bracelet","Art of War"],"acts_visited":["Exordium","TheCity","TheBeyond"],"potions_floor_usage":[16,16,22,28,36,37,50,50,50],"damage_taken":[{"damage":1,"enemies":"Jaw Worm","floor":1,"turns":3},{"damage":0,"enemies":"Cultist","floor":2,"turns":3},{"damage":0,"enemies":"Small Slimes","floor":3,"turns":3},{"damage":2,"enemies":"2 Fungi Beasts","floor":6,"turns":3},{"damage":0,"enemies":"Lagavulin","floor":8,"turns":7},{"damage":0,"enemies":"Large Slime","floor":10,"turns":4},{"damage":3,"enemies":"3 Sentries","floor":11,"turns":8},{"damage":0,"enemies":"Red Slaver","floor":12,"turns":3},{"damage":0,"enemies":"2 Fungi Beasts","floor":14,"turns":2},{"damage":4,"enemies":"Hexaghost","floor":16,"turns":10},{"damage":9,"enemies":"3 Byrds","floor":18,"turns":5},{"damage":4,"enemies":"2 Thieves","floor":19,"turns":4},{"damage":0,"enemies":"Shelled Parasite and Fungi","floor":22,"turns":3},{"damage":0,"enemies":"Gremlin Leader","floor":23,"turns":4},{"damage":10,"enemies":"3 Cultists","floor":27,"turns":5},{"damage":2,"enemies":"Cultist and Chosen","floor":28,"turns":4},{"damage":0,"enemies":"Champ","floor":33,"turns":9},{"damage":0,"enemies":"3 Shapes","floor":35,"turns":4},{"damage":0,"enemies":"3 Darklings","floor":36,"turns":2},{"damage":0,"enemies":"Spire Growth","floor":37,"turns":3},{"damage":11,"enemies":"Sphere and 2 Shapes","floor":38,"turns":5},{"damage":0,"enemies":"Reptomancer","floor":41,"turns":5},{"damage":0,"enemies":"Writhing Mass","floor":42,"turns":5},{"damage":0,"enemies":"Transient","floor":44,"turns":5},{"damage":0,"enemies":"3 Darklings","floor":45,"turns":6},{"damage":0,"enemies":"Maw","floor":48,"turns":8},{"damage":36,"enemies":"Time Eater","floor":50,"turns":9}],"seed_played":"-5994575499156155264","potions_obtained":[{"floor":2,"key":"AttackPotion"},{"floor":8,"key":"SteroidPotion"},{"floor":10,"key":"Weak Potion"},{"floor":11,"key":"PowerPotion"},{"floor":13,"key":"DistilledChaos"},{"floor":19,"key":"Fire Potion"},{"floor":22,"key":"SteroidPotion"},{"floor":23,"key":"SmokeBomb"},{"floor":37,"key":"FearPotion"},{"floor":42,"key":"LiquidBronze"}],"is_trial":false,"path_per_floor":["M","M","M","?","$","M","R","E","T","M","E","M","?","M","R","B",null,"M","M","?","$","M","E","?","R","T","M","M","$","R","?","R","B",null,"M","M","M","M","$","R","E","M","T","M","M","$","?","M","R","B",null],"character_chosen":"THE_DT","items_purchased":["Lantern","DTMod:SwitchButton","Happy Flower","Strawberry","Strength Potion"],"campfire_rested":1,"item_purchase_floors":[21,21,29,39,46],"current_hp_per_floor":[48,48,48,48,48,46,46,46,46,46,43,43,43,43,43,39,49,40,36,36,36,36,36,36,49,49,39,37,37,37,37,37,37,49,49,49,49,38,45,45,45,45,45,45,45,45,45,45,45,21],"gold":78,"neow_bonus":"TEN_PERCENT_HP_BONUS","is_daily":false,"chose_seed":false,"campfire_upgraded":6,"win_rate":0.0,"timestamp":1608939453,"path_taken":["M","M","M","?","?","M","R","E","T","M","E","M","?","M","R","BOSS","M","M","?","$","M","E","?","R","T","M","M","$","R","?","R","BOSS","M","M","M","M","$","R","E","M","T","M","M","$","?","M","R","BOSS"],"items_purchased_type":["Relic","Relic","Relic","Relic","Potion"],"build_version":"2020-12-22","purchased_purges":3,"victory":true,"max_hp_per_floor":[49,49,49,49,49,49,49,49,49,49,49,49,49,49,49,49,49,49,49,49,49,49,49,49,49,49,49,49,49,49,49,49,49,49,49,49,49,49,56,56,56,56,56,56,56,56,56,56,56,56],"card_choices":[{"not_picked":["DTMod:Punisher","DTMod:MasterPlan"],"picked":"DTMod:Overwhelm","floor":1},{"not_picked":["DTMod:CrossStep","DTMod:BlueScale"],"picked":"DTMod:MaximumCharge","floor":2},{"not_picked":["DTMod:BurningEnergy","DTMod:MasterPlan"],"picked":"DTMod:Punisher","floor":3},{"not_picked":["DTMod:BurningEnergy","DTMod:BizarreTactic"],"picked":"DTMod:MagicField","floor":6},{"not_picked":["DTMod:MagicField","DTMod:GearUp"],"picked":"DTMod:TriAttack","floor":8},{"not_picked":["DTMod:MasterPlan","DTMod:Coolant"],"picked":"DTMod:FlameSlash","floor":10},{"not_picked":["DTMod:Feint","DTMod:BlueScale"],"picked":"DTMod:CrossStep","floor":11},{"not_picked":["DTMod:MasterPlan","DTMod:QuickFly"],"picked":"DTMod:Threaten","floor":12},{"not_picked":["DTMod:BlueScale","DTMod:MasterPlan"],"picked":"DTMod:Weaken","floor":14},{"not_picked":["DTMod:EchoTactic","DTMod:GearUp"],"picked":"DTMod:Harmonize","floor":16},{"not_picked":["DTMod:Dissolve","DTMod:BuildUp+1"],"picked":"DTMod:WarmUp+1","floor":18},{"not_picked":["DTMod:FlameSlash+1","DTMod:BurningEnergy"],"picked":"DTMod:QuickFly+1","floor":19},{"not_picked":["DTMod:BuildUp+1","DTMod:DragonDance"],"picked":"DTMod:Astonish+1","floor":22},{"not_picked":["DTMod:CleansingStrike","DTMod:BurningEnergy"],"picked":"DTMod:Hide","floor":23},{"not_picked":["DTMod:Punisher","DTMod:BurningForce"],"picked":"DTMod:BreakAttack+1","floor":27},{"not_picked":["DTMod:Astonish","DTMod:QuickFly+1","DTMod:Threaten"],"picked":"SKIP","floor":28},{"not_picked":["DTMod:ExcessFootwork","DTMod:Inferno"],"picked":"DTMod:LightShield","floor":33},{"not_picked":["DTMod:Punisher","DTMod:Dissolve+1"],"picked":"DTMod:Hide+1","floor":35},{"not_picked":["DTMod:Threaten","DTMod:SneakAttack","DTMod:Hide"],"picked":"SKIP","floor":37},{"not_picked":["DTMod:Weaken+1","DTMod:ComboAttack+1"],"picked":"DTMod:ShieldDrain","floor":38},{"not_picked":["DTMod:BurningEnergy","DTMod:Conduct"],"picked":"DTMod:BizarreTactic+1","floor":41},{"not_picked":["DTMod:MasterPlan","DTMod:BurningEnergy+1"],"picked":"DTMod:CalculatedDefense+1","floor":42},{"not_picked":["DTMod:ShieldDrain","DTMod:Cover+1","DTMod:BizarreTactic"],"picked":"SKIP","floor":44},{"not_picked":["DTMod:Training+1","DTMod:BlazingStrike"],"picked":"DTMod:EchoTactic","floor":45},{"not_picked":["DTMod:BizarreTactic","DTMod:Feint","DTMod:BurningEnergy"],"picked":"SKIP","floor":48}],"player_experience":160543,"relics_obtained":[{"floor":8,"key":"HornCleat"},{"floor":9,"key":"The Courier"},{"floor":11,"key":"Meat on the Bone"},{"floor":23,"key":"DTMod:BindingString"},{"floor":26,"key":"DTMod:BasicTextbook"},{"floor":41,"key":"Juzu Bracelet"},{"floor":43,"key":"Art of War"}],"event_choices":[{"damage_healed":0,"gold_gain":0,"player_choice":"Ignored","damage_taken":0,"max_hp_gain":0,"max_hp_loss":0,"event_name":"NoteForYourself","floor":4,"gold_loss":0},{"damage_healed":0,"gold_gain":0,"player_choice":"Got Potions","damage_taken":0,"max_hp_gain":0,"max_hp_loss":0,"event_name":"Lab","floor":13,"gold_loss":0},{"damage_healed":0,"gold_gain":99,"player_choice":"Stole From Cult","damage_taken":0,"max_hp_gain":0,"max_hp_loss":0,"event_name":"Nest","floor":20,"gold_loss":0},{"cards_removed":["DTMod:Strike"],"damage_healed":0,"gold_gain":0,"player_choice":"Elegance","damage_taken":0,"max_hp_gain":0,"max_hp_loss":0,"event_name":"Back to Basics","floor":24,"gold_loss":0},{"damage_healed":0,"gold_gain":0,"player_choice":"Inject Mutagens","damage_taken":0,"relics_obtained":["MutagenicStrength"],"max_hp_gain":0,"max_hp_loss":0,"event_name":"Drug Dealer","floor":31,"gold_loss":0},{"damage_healed":0,"gold_gain":0,"player_choice":"Forge","damage_taken":0,"max_hp_gain":0,"max_hp_loss":0,"event_name":"Accursed Blacksmith","floor":47,"gold_loss":0,"cards_upgraded":["DTMod:Punisher"]}],"is_beta":false,"boss_relics":[{"not_picked":["Velvet Choker","DTMod:MagicStone"],"picked":"SlaversCollar"},{"not_picked":["Black Star","Fusion Hammer"],"picked":"DTMod:TheChair"}],"items_purged_floors":[5,21,46],"is_endless":false,"potions_floor_spawned":[2,8,10,11,19,22,23,37,42,48],"ascension_level":0}}