{"host":"ied4ms9juizrl48v","time":1608934229,"event":{"mods":["Ascension Unlocker","BaseMod","Block Reminder","Colored Map","Colored Powertips","DeckTracker","Highlight Path","Minty Spire (QoL Compilation)","Practice Mode","Quick Restart","Random Character Button","StSLib","SuperFastMode","UnlockEverythingMod"],"gold_per_floor":[118,118,118,128,128,161,161,180,204,204,204,236,236,247,247,318,318,334,344,344,118,145,177,190,202,202,84,84,101,101,101],"floor_reached":30,"playtime":1276,"items_purged":["Strike_P"],"score":566,"play_id":"d3d8ca0c-f194-4934-9e2b-6c07eec51148","local_time":"20201226071029","is_ascension_mode":true,"campfire_choices":[{"data":"WindmillStrike","floor":10,"key":"SMITH"},{"data":"Conclude","floor":13,"key":"SMITH"},{"data":"BattleHymn","floor":15,"key":"SMITH"},{"data":"LikeWater","floor":28,"key":"SMITH"}],"circlet_count":0,"master_deck":["AscendersBane","Strike_P","Strike_P","Defend_P","Defend_P","Defend_P","Defend_P","Eruption","Vigilance","Conclude+1","Crescendo","Judgement+1","WindmillStrike+1","CarveReality","BattleHymn+1","Blasphemy","BowlingBash","EmptyBody","Meditate","Consecrate","EmptyFist+1","TalkToTheHand","ThirdEye","Protect","Meditate","LikeWater+1","Collect+1"],"relics":["HolyWater","NeowsBlessing","Blood Vial","Orichalcum","Ancient Tea Set","StrikeDummy","Red Mask","Akabeko","Bottled Lightning"],"acts_visited":["Exordium","TheCity"],"potions_floor_usage":[12,23,23,23,24],"damage_taken":[{"damage":0,"enemies":"2 Louse","floor":1,"turns":1},{"damage":0,"enemies":"Small Slimes","floor":4,"turns":1},{"damage":0,"enemies":"Lagavulin","floor":6,"turns":1},{"damage":0,"enemies":"Jaw Worm","floor":8,"turns":3},{"damage":9,"enemies":"3 Sentries","floor":12,"turns":3},{"damage":0,"enemies":"Large Slime","floor":14,"turns":1},{"damage":39,"enemies":"Hexaghost","floor":16,"turns":7},{"damage":0,"enemies":"Chosen","floor":18,"turns":3},{"damage":11,"enemies":"Shell Parasite","floor":19,"turns":2},{"damage":6,"enemies":"Masked Bandits","floor":22,"turns":3},{"damage":13,"enemies":"Slavers","floor":23,"turns":4},{"damage":0,"enemies":"Chosen and Byrds","floor":24,"turns":3},{"damage":4,"enemies":"Centurion and Healer","floor":25,"turns":2},{"damage":17,"enemies":"Snake Plant","floor":29,"turns":3},{"damage":100024,"enemies":"Cultist and Chosen","floor":30,"turns":4}],"seed_played":"-5940213793257931644","potions_obtained":[{"floor":1,"key":"FairyPotion"},{"floor":6,"key":"BlessingOfTheForge"},{"floor":22,"key":"EntropicBrew"},{"floor":23,"key":"Energy Potion"},{"floor":29,"key":"SpeedPotion"}],"is_trial":false,"path_per_floor":["M","?","?","M","?","E","$","M","T","R","?","E","R","M","R","B",null,"M","M","T","$","?","E","M","M","T","$","R","M","M"],"character_chosen":"WATCHER","items_purchased":["Meditate","Consecrate","BlessingOfTheForge","Meditate","LikeWater"],"campfire_rested":0,"item_purchase_floors":[21,21,21,27,27],"current_hp_per_floor":[61,61,66,66,61,63,63,65,65,65,65,58,58,60,60,23,61,63,54,54,54,50,39,41,39,39,39,39,24,0,0],"gold":101,"neow_bonus":"THREE_ENEMY_KILL","is_daily":false,"chose_seed":false,"campfire_upgraded":4,"win_rate":0.0,"timestamp":1608934229,"path_taken":["M","?","?","M","?","E","$","M","T","R","?","E","R","M","R","BOSS","M","?","?","$","?","E","M","M","T","?","R","?","M"],"items_purchased_type":["Card","Card","Potion","Card","Card"],"build_version":"2020-12-22","purchased_purges":1,"victory":false,"max_hp_per_floor":[68,68,73,73,73,73,73,73,73,73,73,73,73,73,73,73,73,73,73,73,73,73,73,73,73,73,73,73,73,73,73],"card_choices":[{"not_picked":["Swivel","SashWhip"],"picked":"Conclude","floor":1},{"not_picked":["SashWhip","Protect"],"picked":"Crescendo","floor":4},{"not_picked":["Prostrate","PathToVictory"],"picked":"Judgement","floor":6},{"not_picked":["CrushJoints","ThirdEye"],"picked":"WindmillStrike","floor":8},{"not_picked":["Vengeance","CrushJoints"],"picked":"CarveReality","floor":12},{"not_picked":["Worship","Conclude"],"picked":"BattleHymn","floor":14},{"not_picked":["SpiritShield","ConjureBlade"],"picked":"Blasphemy","floor":16},{"not_picked":["Prostrate","EmptyBody"],"picked":"BowlingBash","floor":18},{"not_picked":["ClearTheMind","SashWhip"],"picked":"EmptyBody","floor":19},{"not_picked":["ClearTheMind","CrushJoints"],"picked":"EmptyFist+1","floor":22},{"not_picked":["Vault","SashWhip"],"picked":"TalkToTheHand","floor":23},{"not_picked":["Consecrate","Evaluate"],"picked":"ThirdEye","floor":24},{"not_picked":["Halt","SignatureMove+1"],"picked":"Protect","floor":25},{"not_picked":["FollowUp","FlyingSleeves"],"picked":"Collect+1","floor":29}],"player_experience":1031,"relics_obtained":[{"floor":6,"key":"Orichalcum"},{"floor":12,"key":"Ancient Tea Set"},{"floor":20,"key":"StrikeDummy"},{"floor":22,"key":"Red Mask"},{"floor":23,"key":"Akabeko"},{"floor":26,"key":"Bottled Lightning"}],"event_choices":[{"cards_removed":["Strike_P"],"damage_healed":0,"gold_gain":0,"player_choice":"Forget","damage_taken":0,"max_hp_gain":0,"max_hp_loss":0,"event_name":"Living Wall","floor":2,"gold_loss":0},{"damage_healed":0,"gold_gain":0,"player_choice":"Donut","damage_taken":0,"max_hp_gain":5,"max_hp_loss":0,"event_name":"Big Fish","floor":3,"gold_loss":0},{"damage_healed":0,"gold_gain":0,"player_choice":"Success","damage_taken":5,"relics_obtained":["Blood Vial"],"max_hp_gain":0,"max_hp_loss":0,"event_name":"Scrap Ooze","floor":5,"gold_loss":0},{"damage_healed":0,"gold_gain":0,"player_choice":"Upgraded","damage_taken":0,"max_hp_gain":0,"max_hp_loss":0,"event_name":"Upgrade Shrine","floor":11,"gold_loss":0,"cards_upgraded":["Judgement"]},{"damage_healed":0,"gold_gain":0,"player_choice":"Fought Bandits","damage_taken":0,"max_hp_gain":0,"max_hp_loss":0,"event_name":"Masked Bandits","floor":22,"gold_loss":0}],"is_beta":false,"boss_relics":[{"not_picked":["SacredBark","Cursed Key"],"picked":"HolyWater"}],"items_purged_floors":[21],"is_endless":false,"potions_floor_spawned":[1,6,22,23,29],"killed_by":"Cultist and Chosen","ascension_level":20}}