{"host":"h4zw6jwkrt9pzyby","time":1608900194,"event":{"mods":["BaseMod","Colored Map","Curses Come First","Downfall","Minty Spire (QoL Compilation)","StSLib","SuperFastMode"],"gold_per_floor":[99,99,126,143,143,160,207,217,229,229,243,76,91,110,130,229,229,229,329,357,357,7,7,7,24,24,52,65,78,22,36,53,157,157,157,157,184,197,197,197],"floor_reached":38,"playtime":2234,"items_purged":["Guardian:Strike_Guardian","Guardian:Strike_Guardian"],"score":443,"play_id":"e3c1b61c-de2e-48b0-8665-cd067a0223e7","local_time":"20201225144314","is_ascension_mode":false,"campfire_choices":[{"data":"Guardian:TwinSlam","floor":1.0,"key":"SMITH"},{"data":"Guardian:SentryBeam","floor":5.0,"key":"SMITH"},{"data":"Guardian:RollAttack","floor":10.0,"key":"SMITH"},{"data":"Guardian:BaubleBeam","floor":18.0,"key":"SMITH"},{"data":"Guardian:Reroute","floor":23.0,"key":"SMITH"},{"floor":26.0,"key":"REST"},{"data":"Guardian:PrismaticBeam","floor":35,"key":"SMITH"}],"circlet_count":0,"master_deck":["Guardian:Strike_Guardian","Guardian:Defend_Guardian","Guardian:Defend_Guardian","Guardian:Defend_Guardian","Guardian:CurlUp","Guardian:TwinSlam+1","Guardian:SentryBeam+1","Guardian:Incinerate","Guardian:RollAttack+1","Guardian:PrismaticBeam+1","Guardian:BronzeArmor","Guardian:PrimingBeam","Guardian:BaubleBeam+1","Guardian:RevengeProtocol","Guardian:Reroute+1","Guardian:DonusPower","Guardian:WalkerClaw","Guardian:Preprogram+1","Guardian:ArmoredProtocol","Guardian:VentSteam","Guardian:Harden+1","expansioncontent:Hexaburn+1","Guardian:PrimingBeam+1","Guardian:FastForward"],"relics":["Guardian:ModeShifter","Pantograph","Bronze Scales","Anchor","Empty Cage","Akabeko","downfall:KnowingSkull","Oddly Smooth Stone","Sling","Dream Catcher","Pocketwatch","Membership Card","Molten Egg 2","Black Star","Lantern"],"acts_visited":["Exordium","TheCity","TheBeyond"],"potions_floor_usage":[],"damage_taken":[{"damage":34.0,"enemies":"3 Sentries","floor":3.0,"turns":11.0},{"damage":0.0,"enemies":"Small Slimes","floor":4.0,"turns":2.0},{"damage":0.0,"enemies":"Cultist","floor":6.0,"turns":3.0},{"damage":0.0,"enemies":"2 Louse","floor":8.0,"turns":2.0},{"damage":2.0,"enemies":"Blue Slaver","floor":9.0,"turns":3.0},{"damage":5.0,"enemies":"Exordium Thugs","floor":11.0,"turns":3.0},{"damage":5.0,"enemies":"downfall:FleeingMerchant","floor":12.0,"turns":4.0},{"damage":12.0,"enemies":"Gremlin Gang","floor":13.0,"turns":4.0},{"damage":0.0,"enemies":"Lots of Slimes","floor":14.0,"turns":2.0},{"damage":0.0,"enemies":"Exordium Thugs","floor":15.0,"turns":3.0},{"damage":13.0,"enemies":"downfall:Watcher","floor":16.0,"turns":6.0},{"damage":18.0,"enemies":"Slavers","floor":20.0,"turns":4.0},{"damage":14.0,"enemies":"downfall:FleeingMerchant","floor":22.0,"turns":4.0},{"damage":1.0,"enemies":"Chosen","floor":25.0,"turns":3.0},{"damage":11.0,"enemies":"Book of Stabbing","floor":27.0,"turns":4.0},{"damage":5.0,"enemies":"Centurion and Healer","floor":28.0,"turns":4.0},{"damage":5.0,"enemies":"Chosen and Byrds","floor":29.0,"turns":5.0},{"damage":27.0,"enemies":"downfall:FleeingMerchant","floor":30.0,"turns":4.0},{"damage":4.0,"enemies":"Snake Plant","floor":31.0,"turns":3.0},{"damage":0.0,"enemies":"Cultist and Chosen","floor":32.0,"turns":5.0},{"damage":35.0,"enemies":"downfall:Defect","floor":33.0,"turns":7.0},{"damage":3,"enemies":"Orb Walker","floor":38,"turns":4}],"seed_played":"-335805840079789277","potions_obtained":[{"floor":4.0,"key":"CultistPotion"},{"floor":9.0,"key":"Strength Potion"},{"floor":11.0,"key":"Energy Potion"},{"floor":27.0,"key":"CultistPotion"},{"floor":29.0,"key":"SkillPotion"},{"floor":31.0,"key":"CultistPotion"}],"is_trial":false,"path_per_floor":["R","?","E","M","R","M","T","M","M","R","M","$","M","M","M","B",null,"R","?","E","?","$","R","T","M","R","E","M","M","$","M","M","B",null,"R","?","T","M"],"character_chosen":"GUARDIAN","items_purchased":["Anchor","Oddly Smooth Stone","Sling","Membership Card","Molten Egg 2","expansioncontent:Hexaburn+1"],"campfire_rested":1,"item_purchase_floors":[12,22,22,30,30,30],"current_hp_per_floor":[88,88,54,54,54,54,54,54,52,52,47,42,30,30,30,42,88,88,88,70,62,48,48,48,47,73,62,57,52,25,21,21,11,88,88,88,88,85,85,85],"gold":197,"neow_bonus":"TEN_PERCENT_HP_BONUS","is_daily":false,"chose_seed":false,"campfire_upgraded":6,"win_rate":0.0,"timestamp":1608900194,"path_taken":["R","?","E","?","R","M","T","M","M","R","M","?","M","M","M","BOSS","R","?","E","?","$","R","T","M","R","E","?","?","?","?","M","BOSS","R","?","?","?"],"items_purchased_type":["Relic","Relic","Relic","Relic","Relic","Card"],"build_version":"2020-12-22","purchased_purges":2,"victory":false,"max_hp_per_floor":[88,88,88,88,88,88,88,88,88,88,88,88,88,88,88,88,88,88,88,88,88,88,88,88,88,88,88,88,88,88,88,88,88,88,88,88,88,88,88,88],"card_choices":[{"not_picked":["Guardian:Reroute","Guardian:Suspension"],"picked":"Guardian:SentryBeam","floor":3.0},{"not_picked":["Guardian:MultiBeam","Guardian:ChargeUp"],"picked":"Guardian:Incinerate","floor":4.0},{"not_picked":["Guardian:Incinerate","Guardian:RefractedBeam"],"picked":"Guardian:Gem_Crimson","floor":6.0},{"not_picked":["Guardian:Suspension","Guardian:CrystalBeam"],"picked":"Guardian:RollAttack","floor":8.0},{"not_picked":["Guardian:Incinerate","Guardian:TemporalShield"],"picked":"Guardian:PrismaticBeam","floor":9.0},{"not_picked":["Guardian:RollAttack","Guardian:TemporalShield"],"picked":"Guardian:Gem_White","floor":11.0},{"not_picked":["Guardian:SphericShield","Guardian:Harden"],"picked":"Guardian:BronzeArmor","floor":12.0},{"not_picked":["Guardian:ChargeCore","Guardian:PiercingHide"],"picked":"Guardian:PrimingBeam","floor":13.0},{"not_picked":["Guardian:ChargeUp","Guardian:VentSteam"],"picked":"Guardian:Gem_Blue","floor":14.0},{"not_picked":["Guardian:ShieldSpikes","Guardian:GuardianWhirl"],"picked":"Guardian:Gem_Crimson","floor":15.0},{"not_picked":["Guardian:TimeSifter","Guardian:Gem_Synthetic"],"picked":"Guardian:BaubleBeam","floor":16.0},{"not_picked":["Guardian:Gem_White","Guardian:Incinerate"],"picked":"Guardian:RevengeProtocol","floor":20.0},{"not_picked":["Guardian:RefractedBeam","Guardian:PrismaticBeam"],"picked":"Guardian:Reroute","floor":22.0},{"not_picked":["Guardian:FloatingOrbs+1","Guardian:Gem_Lightblue"],"picked":"Guardian:DonusPower","floor":25.0},{"not_picked":["Guardian:TemporalStrike","Guardian:Recover"],"picked":"Guardian:WalkerClaw","floor":26.0},{"not_picked":["Guardian:Gem_Green","Guardian:ShieldCharger"],"picked":"Guardian:Preprogram+1","floor":27.0},{"not_picked":["Guardian:FastForward","Guardian:Gem_Blue"],"picked":"Guardian:ArmoredProtocol","floor":28.0},{"not_picked":["Guardian:Gem_Lightblue","Guardian:TemporalShield"],"picked":"Guardian:VentSteam","floor":29.0},{"not_picked":["Guardian:TemporalShield","Guardian:Recover"],"picked":"Guardian:Harden+1","floor":30.0},{"not_picked":["Guardian:SentryBeam+1","Guardian:RollAttack+1"],"picked":"Guardian:PrimingBeam+1","floor":31.0},{"not_picked":["Guardian:Harden+1","Guardian:Incinerate+1"],"picked":"Guardian:Gem_Green","floor":32.0},{"not_picked":["Guardian:ExploitGems","Guardian:RevengeProtocol"],"picked":"Guardian:FastForward","floor":33.0}],"player_experience":209969,"relics_obtained":[{"floor":3.0,"key":"Pantograph"},{"floor":7.0,"key":"Bronze Scales"},{"floor":20.0,"key":"Akabeko"},{"floor":24.0,"key":"Dream Catcher"},{"floor":27.0,"key":"Pocketwatch"},{"floor":37,"key":"Lantern"}],"event_choices":[{"damage_healed":0.0,"max_hp_gain":0.0,"max_hp_loss":0.0,"gold_gain":0.0,"event_name":"NoteForYourself","player_choice":"Ignored","floor":2.0,"gold_loss":0.0,"damage_taken":0.0}],"is_beta":false,"boss_relics":[{"not_picked":["Cursed Key","SacredBark"],"picked":"Empty Cage"},{"not_picked":["Fusion Hammer","Sozu"],"picked":"Black Star"}],"items_purged_floors":[22,30],"is_endless":false,"potions_floor_spawned":[4,9,11,16,25,27,29,31,32],"killed_by":"Orb Walker","ascension_level":0}}