{"host":"z5ys1wbqpsyqmecy","time":1608882420,"event":{"mods":["BaseMod","Colored Map","Colored Powertips","Minty Spire (QoL Compilation)","Relic Stats"],"gold_per_floor":[118,134,48,68,243,276,276,30,98,173,173,173,191,204,204,307,307,320,339,39,51,51,51,76,76,76,76,76,76,87,106,106,106,106],"floor_reached":33,"playtime":2203,"items_purged":["Doubt"],"score":365,"play_id":"58dbc995-0417-4cf4-8a57-5c9d9d6f2e5d","local_time":"20201224234700","is_ascension_mode":false,"campfire_choices":[{"data":"Infinite Blades","floor":7,"key":"SMITH"},{"data":"Infinite Blades","floor":11,"key":"SMITH"},{"floor":15,"key":"REST"},{"data":"Tools of the Trade","floor":23,"key":"SMITH"},{"floor":25,"key":"REST"},{"data":"Blade Dance","floor":27,"key":"SMITH"},{"data":"Backstab","floor":29,"key":"SMITH"},{"floor":32,"key":"REST"}],"circlet_count":0,"master_deck":["Strike_G","Strike_G+1","Defend_G","Defend_G","Defend_G","Defend_G+1","Defend_G","Survivor","Neutralize+1","Dodge and Roll+1","Deadly Poison","Flash of Steel","Infinite Blades+1","Dagger Throw","Infinite Blades+1","Slice","Blade Dance+1","Backflip","Slice","Tools of the Trade+1","Eviscerate+1","Masterful Stab+1","Unload+1","Reflex","Masterful Stab","Backstab+1","Dodge and Roll+1","Backflip+1","Accuracy+1","Slice"],"relics":["Ring of the Snake","NeowsBlessing","Whetstone","Bottled Lightning","Astrolabe","TwistedFunnel","War Paint","Letter Opener","Toxic Egg 2"],"acts_visited":["TheCity"],"potions_floor_usage":[14,16,24,24,30,33,33],"damage_taken":[{"damage":0,"enemies":"Cultist","floor":1,"turns":1},{"damage":0,"enemies":"2 Louse","floor":2,"turns":1},{"damage":0,"enemies":"Jaw Worm","floor":4,"turns":1},{"damage":39,"enemies":"3 Sentries","floor":6,"turns":11},{"damage":14,"enemies":"Exordium Wildlife","floor":13,"turns":3},{"damage":0,"enemies":"Gremlin Gang","floor":14,"turns":3},{"damage":28,"enemies":"The Guardian","floor":16,"turns":11},{"damage":0,"enemies":"Chosen","floor":18,"turns":4},{"damage":12,"enemies":"Shell Parasite","floor":19,"turns":4},{"damage":15,"enemies":"3 Cultists","floor":21,"turns":5},{"damage":43,"enemies":"Slavers","floor":24,"turns":7},{"damage":0,"enemies":"Snake Plant","floor":30,"turns":3},{"damage":0,"enemies":"Centurion and Healer","floor":31,"turns":4},{"damage":78,"enemies":"Collector","floor":33,"turns":7}],"seed_played":"4486684868239381591","potions_obtained":[{"floor":1,"key":"Strength Potion"},{"floor":6,"key":"CultistPotion"},{"floor":16,"key":"Ancient Potion"},{"floor":21,"key":"Dexterity Potion"},{"floor":24,"key":"GamblersBrew"},{"floor":30,"key":"Block Potion"}],"is_trial":false,"path_per_floor":["M","M","$","M","?","E","R","$","T","?","R","?","M","M","R","B",null,"M","M","$","M","?","R","E","R","T","R","?","R","M","M","R","B"],"character_chosen":"THE_SILENT","items_purchased":["Flash of Steel","Infinite Blades","Slice","Blade Dance","TwistedFunnel","Backstab","Regen Potion"],"campfire_rested":3,"item_purchase_floors":[3,8,8,8,20,20,20],"current_hp_per_floor":[70,70,70,70,70,31,31,31,31,20,20,37,23,23,44,16,70,70,58,58,43,43,43,15,36,36,36,36,36,36,36,56,0,0],"gold":106,"neow_bonus":"THREE_ENEMY_KILL","is_daily":false,"chose_seed":false,"campfire_upgraded":5,"win_rate":0.0,"timestamp":1608882420,"path_taken":["M","M","$","?","?","E","R","$","T","?","R","?","M","M","R","BOSS","M","M","$","M","?","R","E","R","T","R","?","R","?","M","R","BOSS"],"items_purchased_type":["Card","Card","Card","Card","Relic","Card","Potion"],"build_version":"2020-12-22","purchased_purges":1,"victory":false,"max_hp_per_floor":[70,70,70,70,70,70,70,70,70,70,70,70,70,70,70,70,70,70,70,70,70,70,70,70,70,70,70,67,67,67,67,67,67,67],"relic_stats":{"counters":[14,65],"Astrolabe":["Eviscerate","Masterful Stab","Unload"],"Whetstone":["Strike_G","Neutralize"],"Letter Opener":[15],"War Paint":["Defend_G","Dodge and Roll"],"obtain_stats":[{"TwistedFunnel":20,"NeowsBlessing":0,"Astrolabe":17,"Whetstone":6,"Bottled Lightning":9,"Letter Opener":24,"War Paint":22,"Toxic Egg 2":26,"Ring of the Snake":0},{"TwistedFunnel":9,"NeowsBlessing":0,"Astrolabe":7,"Whetstone":4,"Bottled Lightning":4,"Letter Opener":11,"War Paint":10,"Toxic Egg 2":11,"Ring of the Snake":0},{"TwistedFunnel":39,"NeowsBlessing":0,"Astrolabe":31,"Whetstone":14,"Bottled Lightning":14,"Letter Opener":51,"War Paint":44,"Toxic Egg 2":51,"Ring of the Snake":0}],"Ring of the Snake":[28]},"card_choices":[{"not_picked":["Skewer","Deflect"],"picked":"Dodge and Roll","floor":1},{"not_picked":["Slice","Blade Dance"],"picked":"Deadly Poison","floor":2},{"not_picked":["Underhanded Strike","Outmaneuver"],"picked":"Infinite Blades","floor":4},{"not_picked":["Leg Sweep","Expertise"],"picked":"Dagger Throw","floor":6},{"not_picked":["Heel Hook","Dagger Throw"],"picked":"Backflip","floor":13},{"not_picked":["Skewer","Bouncing Flask"],"picked":"Slice","floor":14},{"not_picked":["Venomology","Phantasmal Killer"],"picked":"Tools of the Trade","floor":16},{"not_picked":["Noxious Fumes","Bane+1"],"picked":"Reflex","floor":18},{"not_picked":["Deflect","Predator+1"],"picked":"Masterful Stab","floor":19},{"not_picked":["Deflect","PiercingWail"],"picked":"Dodge and Roll+1","floor":21},{"not_picked":["Phantasmal Killer","Catalyst"],"picked":"Backflip+1","floor":24},{"not_picked":["Dagger Throw","Sucker Punch+1"],"picked":"Accuracy+1","floor":30},{"not_picked":["Footwork","Endless Agony"],"picked":"Slice","floor":31}],"player_experience":25967,"relics_obtained":[{"floor":6,"key":"Whetstone"},{"floor":9,"key":"Bottled Lightning"},{"floor":24,"key":"Letter Opener"},{"floor":26,"key":"Toxic Egg 2"}],"event_choices":[{"damage_healed":0,"gold_gain":175,"player_choice":"AGREE","damage_taken":0,"max_hp_gain":0,"max_hp_loss":0,"event_name":"Liars Game","floor":5,"gold_loss":0,"cards_obtained":["Doubt"]},{"damage_healed":0,"gold_gain":75,"player_choice":"Gather Gold","damage_taken":11,"max_hp_gain":0,"max_hp_loss":0,"event_name":"World of Goop","floor":10,"gold_loss":0},{"damage_healed":17,"gold_gain":0,"player_choice":"Healed and dodged fight","damage_taken":0,"max_hp_gain":0,"max_hp_loss":0,"event_name":"Mushrooms","floor":12,"gold_loss":0,"cards_obtained":["Parasite"]},{"damage_healed":0,"gold_gain":0,"player_choice":"Opened","damage_taken":0,"relics_obtained":["War Paint"],"max_hp_gain":0,"max_hp_loss":0,"event_name":"The Mausoleum","floor":22,"gold_loss":0,"cards_obtained":["Writhe"]},{"cards_removed":["Writhe","Parasite"],"damage_healed":0,"gold_gain":0,"player_choice":"Removed Curses","damage_taken":0,"max_hp_gain":0,"max_hp_loss":0,"event_name":"Fountain of Cleansing","floor":28,"gold_loss":0}],"is_beta":false,"boss_relics":[{"not_picked":["Empty Cage","SacredBark"],"picked":"Astrolabe"}],"items_purged_floors":[8],"is_endless":false,"potions_floor_spawned":[1,6,16,21,24,30],"killed_by":"Collector","ascension_level":0}}