{"host":"3rixevx6n8b56xaj","time":1608917834,"event":{"mods":["2.2 Compatiblity","AchievementEnabler","Arknights The Spire","BaseMod","Colored Map","DeckTracker","Friendly Minions","Minty Spire (QoL Compilation)","StSLib","SuperFastMode"],"gold_per_floor":[115,133,58,71,86,98,115,115,141,158,178,178,204,154,154,257,257,267,282,282,295,310,310,66,66,92,92,192,208,208,224,224,324,324,338,356,356,372,372,402,402,414,414,443,28,28,28,47,47,47,47,47,270,300,300,300],"floor_reached":55,"playtime":2162,"items_purged":["Strike_R","Strike_R","Strike_R","Bludgeon+1"],"score":808,"play_id":"26c4b374-261b-4fbc-a520-f5342c792878","local_time":"20201226023714","is_ascension_mode":false,"campfire_choices":[{"data":"Searing Blow","floor":8.0,"key":"SMITH"},{"data":"Searing Blow+1","floor":12.0,"key":"SMITH"},{"data":"Searing Blow+2","floor":15.0,"key":"SMITH"},{"data":"Searing Blow+3","floor":23,"key":"SMITH"},{"data":"Searing Blow+4","floor":25,"key":"SMITH"},{"data":"Searing Blow+5","floor":27,"key":"SMITH"},{"data":"Searing Blow+6","floor":32,"key":"SMITH"},{"data":"Searing Blow+7","floor":41,"key":"SMITH"},{"data":"Searing Blow+8","floor":46,"key":"SMITH"},{"floor":49,"key":"RECALL"},{"data":"Searing Blow+9","floor":52,"key":"SMITH"}],"circlet_count":0,"master_deck":["Defend_R","Defend_R","Bash","Flex","Thunderclap","Iron Wave","Shrug It Off","Searing Blow+10","Pommel Strike","Shrug It Off","Reaper","Sword Boomerang+1","Dual Wield+1","Evolve","Power Through","Berserk","Metallicize+1"],"relics":["Burning Blood","Pocketwatch","Vajra","ats:Originium","Singing Bowl","Bag of Marbles","Astrolabe","Bag of Preparation","Pen Nib","Du-Vu Doll","StrikeDummy","Busted Crown","ats:Originium","Red Skull","ats:Originium","Bottled Tornado","TheAbacus","Potion Belt","Mummified Hand","Anchor","ats:Originium","Happy Flower"],"acts_visited":["Exordium","TheCity","TheBeyond","TheEnding"],"potions_floor_usage":[28,33,40,44,50,50,55,55,55],"damage_taken":[{"damage":5.0,"enemies":"Cultist","floor":1.0,"turns":4.0},{"damage":11.0,"enemies":"Jaw Worm","floor":2.0,"turns":2.0},{"damage":0.0,"enemies":"Small Slimes","floor":4.0,"turns":3.0},{"damage":2.0,"enemies":"Looter","floor":5.0,"turns":4.0},{"damage":5.0,"enemies":"Large Slime","floor":6.0,"turns":4.0},{"damage":8.0,"enemies":"3 Louse","floor":7.0,"turns":4.0},{"damage":0.0,"enemies":"2 Fungi Beasts","floor":10.0,"turns":2.0},{"damage":22.0,"enemies":"Exordium Thugs","floor":11.0,"turns":6.0},{"damage":11.0,"enemies":"Lagavulin","floor":13.0,"turns":6.0},{"damage":0.0,"enemies":"Slime Boss","floor":16.0,"turns":5.0},{"damage":14.0,"enemies":"2 Thieves","floor":18.0,"turns":3.0},{"damage":12.0,"enemies":"Shell Parasite","floor":19.0,"turns":2.0},{"damage":10.0,"enemies":"Chosen and Byrds","floor":21.0,"turns":3.0},{"damage":20,"enemies":"Cultist and Chosen","floor":22,"turns":4},{"damage":17,"enemies":"Colosseum Slavers","floor":28,"turns":3},{"damage":17,"enemies":"Colosseum Nobs","floor":28,"turns":4},{"damage":0,"enemies":"Snecko","floor":29,"turns":2},{"damage":9,"enemies":"3 Cultists","floor":31,"turns":4},{"damage":143,"enemies":"Collector","floor":33,"turns":10},{"damage":13,"enemies":"3 Darklings","floor":35,"turns":6},{"damage":1,"enemies":"Orb Walker","floor":36,"turns":2},{"damage":12,"enemies":"3 Darklings","floor":38,"turns":7},{"damage":52,"enemies":"Giant Head","floor":40,"turns":8},{"damage":19,"enemies":"Sphere and 2 Shapes","floor":42,"turns":4},{"damage":25,"enemies":"Nemesis","floor":44,"turns":5},{"damage":6,"enemies":"Maw","floor":48,"turns":5},{"damage":73,"enemies":"Awakened One","floor":50,"turns":12},{"damage":16,"enemies":"Shield and Spear","floor":54,"turns":4},{"damage":100,"enemies":"The Heart","floor":55,"turns":5}],"seed_played":"-1254874738934561800","potions_obtained":[{"floor":4.0,"key":"Dexterity Potion"},{"floor":6.0,"key":"Block Potion"},{"floor":11.0,"key":"GamblersBrew"},{"floor":13.0,"key":"BlessingOfTheForge"},{"floor":19.0,"key":"PowerPotion"},{"floor":31,"key":"BlessingOfTheForge"},{"floor":33,"key":"FearPotion"},{"floor":40,"key":"Weak Potion"},{"floor":48,"key":"DuplicationPotion"}],"is_trial":false,"path_per_floor":["M","M","$","M","M","M","M","R","T","M","M","R","E","?","R","B",null,"M","M","?","M","M","R","$","R","T","R","?","M","?","M","R","B",null,"M","M","?","M","?","E","R","M","T","E","$","R","?","M","R","B",null,"R","$","E","B"],"character_chosen":"IRONCLAD","items_purchased":["Bag of Preparation","TheAbacus","Potion Belt","Mummified Hand","Anchor","CultistPotion","DistilledChaos","PowerPotion"],"campfire_rested":0,"item_purchase_floors":[24,45,45,53,53,53,53,53],"current_hp_per_floor":[57,52,52,58,62,63,61,61,61,67,51,51,46,46,46,52,80,74,68,68,66,59,59,59,59,59,59,59,77,77,76,76,7,90,90,92,91,97,97,61,61,70,70,60,60,60,60,67,67,12,101,101,101,93,0,0],"gold":300,"neow_bonus":"ONE_RARE_RELIC","is_daily":false,"chose_seed":false,"campfire_upgraded":10,"win_rate":0.0,"timestamp":1608917834,"path_taken":["M","M","$","?","M","M","M","R","T","M","M","R","E","?","R","BOSS","M","?","?","M","M","R","$","R","T","R","?","M","?","M","R","BOSS","M","M","?","M","?","E","R","M","T","E","$","R","?","M","R","BOSS","R","$","E","BOSS"],"items_purchased_type":["Relic","Relic","Relic","Relic","Relic","Potion","Potion","Potion"],"build_version":"2020-12-22","purchased_purges":4,"victory":false,"max_hp_per_floor":[80,80,80,80,80,80,80,80,80,80,80,80,80,80,80,80,80,82,82,82,84,84,84,84,84,84,84,86,88,88,90,90,90,90,90,92,96,98,98,100,100,102,102,104,104,104,99,101,101,101,101,101,101,103,103,103],"card_choices":[{"not_picked":["True Grit","Battle Trance"],"picked":"Flex","floor":1.0},{"not_picked":["Sever Soul","Heavy Blade"],"picked":"Thunderclap","floor":2.0},{"not_picked":["Body Slam","Rupture"],"picked":"Iron Wave","floor":4.0},{"not_picked":["Perfected Strike","Havoc"],"picked":"Shrug It Off","floor":5.0},{"not_picked":["Shrug It Off","Clash","Havoc"],"picked":"SKIP","floor":6.0},{"not_picked":["Flex","Body Slam"],"picked":"Searing Blow","floor":7.0},{"not_picked":["Bludgeon","Clothesline"],"picked":"Pommel Strike","floor":10.0},{"not_picked":["Rupture","Perfected Strike","Bloodletting"],"picked":"SKIP","floor":11.0},{"not_picked":["Rage","Headbutt"],"picked":"Shrug It Off","floor":13.0},{"not_picked":["Corruption","Bludgeon"],"picked":"Reaper","floor":16.0},{"not_picked":["Clash","Pommel Strike+1","Fire Breathing"],"picked":"Singing Bowl","floor":18.0},{"not_picked":["Metallicize","Shrug It Off"],"picked":"Evolve","floor":19.0},{"not_picked":["Battle Trance+1","Spot Weakness","Armaments"],"picked":"Singing Bowl","floor":21},{"not_picked":["Thunderclap+1","Second Wind"],"picked":"Power Through","floor":22},{"not_picked":["Rage","Wild Strike","Havoc"],"picked":"Singing Bowl","floor":28},{"not_picked":["Shrug It Off","Sword Boomerang","Armaments"],"picked":"Singing Bowl","floor":29},{"not_picked":["Iron Wave","Heavy Blade","Anger"],"picked":"Singing Bowl","floor":31},{"not_picked":["Limit Break","Feed"],"picked":"Berserk","floor":33},{"not_picked":[],"picked":"Metallicize+1","floor":35},{"not_picked":["Uppercut"],"picked":"Singing Bowl","floor":36},{"not_picked":["Mind Blast"],"picked":"Singing Bowl","floor":37},{"not_picked":["Mind Blast"],"picked":"Singing Bowl","floor":37},{"not_picked":["Sword Boomerang"],"picked":"Singing Bowl","floor":38},{"not_picked":["Thunderclap+1"],"picked":"Singing Bowl","floor":40},{"not_picked":["Anger+1"],"picked":"Singing Bowl","floor":42},{"not_picked":["Warcry"],"picked":"Singing Bowl","floor":44},{"not_picked":["Cleave+1"],"picked":"Singing Bowl","floor":48},{"not_picked":["Anger+1"],"picked":"Singing Bowl","floor":54}],"player_experience":570115,"relics_obtained":[{"floor":9.0,"key":"Vajra"},{"floor":13.0,"key":"ats:Originium"},{"floor":13.0,"key":"Singing Bowl"},{"floor":26,"key":"Pen Nib"},{"floor":28,"key":"Du-Vu Doll"},{"floor":28,"key":"StrikeDummy"},{"floor":40,"key":"ats:Originium"},{"floor":40,"key":"Red Skull"},{"floor":44,"key":"ats:Originium"},{"floor":44,"key":"Bottled Tornado"},{"floor":54,"key":"ats:Originium"},{"floor":54,"key":"Happy Flower"}],"event_choices":[{"damage_healed":0.0,"max_hp_gain":0.0,"max_hp_loss":0.0,"gold_gain":0.0,"event_name":"WeMeetAgain","player_choice":"Paid Gold","floor":14.0,"gold_loss":50.0,"damage_taken":0.0,"relics_obtained":["Bag of Marbles"]},{"damage_healed":0.0,"max_hp_gain":0.0,"max_hp_loss":0.0,"gold_gain":0.0,"event_name":"Vampires","player_choice":"Ignored","floor":20.0,"gold_loss":0.0,"damage_taken":0.0},{"damage_healed":0,"gold_gain":0,"player_choice":"Fight","damage_taken":0,"max_hp_gain":0,"max_hp_loss":0,"event_name":"Colosseum","floor":28,"gold_loss":0},{"damage_healed":0,"gold_gain":0,"player_choice":"Fought Nobs","damage_taken":0,"max_hp_gain":0,"max_hp_loss":0,"event_name":"Colosseum","floor":28,"gold_loss":0},{"damage_healed":0,"gold_gain":0,"player_choice":"Ignored","damage_taken":0,"max_hp_gain":0,"max_hp_loss":0,"event_name":"Ghosts","floor":30,"gold_loss":0},{"damage_healed":0,"gold_gain":0,"player_choice":"Memory 2","damage_taken":5,"max_hp_gain":0,"max_hp_loss":0,"event_name":"SensoryStone","floor":37,"gold_loss":0},{"cards_removed":["Defend_R"],"damage_healed":0,"gold_gain":0,"player_choice":"Removed Skill","damage_taken":0,"max_hp_gain":0,"max_hp_loss":0,"event_name":"Falling","floor":39,"gold_loss":0},{"damage_healed":0,"gold_gain":0,"player_choice":"Max HP","damage_taken":0,"max_hp_gain":0,"max_hp_loss":5,"event_name":"Winding Halls","floor":47,"gold_loss":0}],"is_beta":false,"boss_relics":[{"not_picked":["Empty Cage","Runic Cube"],"picked":"Astrolabe"},{"not_picked":["Coffee Dripper","Fusion Hammer"],"picked":"Busted Crown"}],"items_purged_floors":[3,24,45,53],"is_endless":false,"potions_floor_spawned":[4,6,11,13,19,28,31,33,40,48],"killed_by":"The Heart","ascension_level":0}}