{"host":"fxrgx7wt2cpkbhka","time":1608868698,"event":{"mods":["AchievementEnabler","BaseMod","Colored Powertips","Minty Spire (QoL Compilation)","Permanent Neow","Slay-I","StSLib","Waifu the Spire"],"gold_per_floor":[117,117,192,204,220,14,14,44,44,44,74,74,90,100,100,205,205,220,239,249,104,104,104,134,167,191,106,117,117,117],"floor_reached":29,"playtime":968,"items_purged":[],"score":405,"play_id":"3748f0bb-c53f-432f-a493-a9aebaf901cb","local_time":"20201224195818","is_ascension_mode":true,"campfire_choices":[{"data":"Perfected Strike","floor":7,"key":"SMITH"},{"floor":10,"key":"DIG"},{"floor":15,"key":"REST"},{"data":"Limit Break","floor":23,"key":"SMITH"}],"circlet_count":0,"master_deck":["AscendersBane","Strike_R","Strike_R","Strike_R","Strike_R","Strike_R","Defend_R","Defend_R","Defend_R","Defend_R","Bash+1","Sword Boomerang+1","Cleave","Perfected Strike+1","Flex","Limit Break+1","Perfected Strike","Perfected Strike","Wild Strike","Pummel","Inflame","Clash","Clash","Sword Boomerang"],"relics":["Black Blood","Anchor","CaptainsWheel","Shovel","Torii","PreservedInsect","Bronze Scales","Enchiridion","Ancient Tea Set","Red Mask","Boot"],"acts_visited":["Exordium","TheCity"],"potions_floor_usage":[5,16,16,24,24],"damage_taken":[{"damage":0,"enemies":"2 Louse","floor":1,"turns":3},{"damage":6,"enemies":"Small Slimes","floor":4,"turns":4},{"damage":2,"enemies":"Jaw Worm","floor":5,"turns":3},{"damage":35,"enemies":"3 Sentries","floor":8,"turns":7},{"damage":40,"enemies":"Lagavulin","floor":11,"turns":6},{"damage":2,"enemies":"Exordium Thugs","floor":13,"turns":4},{"damage":0,"enemies":"Blue Slaver","floor":14,"turns":2},{"damage":33,"enemies":"The Guardian","floor":16,"turns":9},{"damage":0,"enemies":"Chosen","floor":18,"turns":4},{"damage":34,"enemies":"2 Thieves","floor":19,"turns":4},{"damage":13,"enemies":"Snecko","floor":20,"turns":3},{"damage":15,"enemies":"Book of Stabbing","floor":24,"turns":2},{"damage":10,"enemies":"Masked Bandits","floor":25,"turns":3},{"damage":1,"enemies":"Cultist and Chosen","floor":28,"turns":5},{"damage":57,"enemies":"Gremlin Leader","floor":29,"turns":4}],"seed_played":"-7750345443470059657","potions_obtained":[{"floor":1,"key":"DuplicationPotion"},{"floor":13,"key":"LiquidBronze"},{"floor":14,"key":"AttackPotion"},{"floor":19,"key":"LiquidBronze"},{"floor":20,"key":"SteroidPotion"},{"floor":25,"key":"Ancient Potion"}],"is_trial":false,"path_per_floor":["M","?","?","M","M","$","R","E","T","R","E","$","M","M","R","B",null,"M","M","M","$","?","R","E","?","T","?","M","E"],"character_chosen":"IRONCLAD","items_purchased":["Anchor","Perfected Strike","Bronze Scales"],"campfire_rested":1,"item_purchase_floors":[6,6,21],"current_hp_per_floor":[78,78,78,78,80,80,80,51,51,51,17,17,21,27,51,24,66,78,56,55,55,39,39,36,38,38,38,49,0,0],"gold":117,"neow_bonus":"UPGRADE_CARD","is_daily":false,"chose_seed":false,"campfire_upgraded":2,"win_rate":0.0,"timestamp":1608868698,"path_taken":["M","?","?","M","M","$","R","E","T","R","E","?","M","?","R","BOSS","M","M","M","$","?","R","E","?","T","?","M","E"],"items_purchased_type":["Relic","Card","Relic"],"build_version":"2020-12-22","purchased_purges":0,"victory":false,"max_hp_per_floor":[80,80,80,80,80,80,80,80,80,80,80,80,80,80,80,80,80,80,80,80,80,80,80,80,80,80,80,80,80,80],"card_choices":[{"not_picked":["Entrench","Burning Pact"],"picked":"Sword Boomerang","floor":1},{"not_picked":["Headbutt","Battle Trance","Whirlwind"],"picked":"SKIP","floor":4},{"not_picked":["Entrench","Shrug It Off"],"picked":"Cleave","floor":5},{"not_picked":["Berserk","Warcry"],"picked":"Flex","floor":8},{"not_picked":["Armaments","Carnage"],"picked":"Limit Break","floor":11},{"not_picked":["Pommel Strike","Sentinel"],"picked":"Perfected Strike","floor":13},{"not_picked":["Pommel Strike","Shockwave"],"picked":"Perfected Strike","floor":14},{"not_picked":["Whirlwind","Hemokinesis"],"picked":"Wild Strike","floor":18},{"not_picked":["Headbutt","Dropkick"],"picked":"Pummel","floor":19},{"not_picked":["Uppercut+1","Battle Trance"],"picked":"Inflame","floor":20},{"not_picked":["Clothesline","Bloodletting"],"picked":"Clash","floor":24},{"not_picked":["Headbutt+1","Sword Boomerang"],"picked":"Clash","floor":25},{"not_picked":["Flex","True Grit"],"picked":"Sword Boomerang","floor":28}],"player_experience":682343,"relics_obtained":[{"floor":8,"key":"CaptainsWheel"},{"floor":9,"key":"Shovel"},{"floor":10,"key":"Torii"},{"floor":11,"key":"PreservedInsect"},{"floor":22,"key":"Enchiridion"},{"floor":24,"key":"Ancient Tea Set"},{"floor":25,"key":"Red Mask"}],"event_choices":[{"damage_healed":0,"gold_gain":0,"player_choice":"Grow","damage_taken":0,"max_hp_gain":0,"max_hp_loss":0,"event_name":"Living Wall","floor":2,"gold_loss":0,"cards_upgraded":["Sword Boomerang"]},{"damage_healed":0,"gold_gain":75,"player_choice":"Gained Gold","damage_taken":0,"max_hp_gain":0,"max_hp_loss":0,"event_name":"Golden Wing","floor":3,"gold_loss":0},{"damage_healed":0,"gold_gain":0,"player_choice":"Obtained Book","damage_taken":16,"max_hp_gain":0,"max_hp_loss":0,"event_name":"Cursed Tome","floor":22,"gold_loss":0},{"damage_healed":0,"gold_gain":0,"player_choice":"Fought Bandits","damage_taken":0,"max_hp_gain":0,"max_hp_loss":0,"event_name":"Masked Bandits","floor":25,"gold_loss":0},{"damage_healed":0,"gold_gain":0,"player_choice":"Obtained Relic","damage_taken":0,"relics_obtained":["Boot"],"max_hp_gain":0,"max_hp_loss":0,"event_name":"Addict","floor":27,"gold_loss":85}],"is_beta":false,"boss_relics":[{"not_picked":["Sozu","Velvet Choker"],"picked":"Black Blood"}],"items_purged_floors":[],"is_endless":false,"potions_floor_spawned":[1,13,14,18,19,20,25],"killed_by":"Gremlin Leader","ascension_level":12}}