{"host":"151yr9p79rpn1su6","time":1608922727,"event":{"mods":["BaseMod","Colored Map","Downfall","Minty Spire (QoL Compilation)","Replay The Spire","StSLib"],"gold_per_floor":[113,113,131,131,131,141,155,155,189,207,233,233,248,277,277,277,577,577,577],"floor_reached":18,"playtime":1091,"items_purged":[],"score":122,"play_id":"dcf242c4-469f-4d19-b382-f272f001ce79","local_time":"20201225135847","is_ascension_mode":false,"campfire_choices":[{"data":"Metallicize","floor":8,"key":"SMITH"},{"data":"Armaments","floor":15,"key":"SMITH"},{"floor":17,"key":"DIG"}],"circlet_count":0,"master_deck":["Strike_R","Strike_R","Strike_R","Strike_R","Defend_R+1","Defend_R","Defend_R","Defend_R","Bash","Sword Boomerang","Sword Boomerang","Self Repair+1","Metallicize+1","Cold Snap","Disarm","Burning Pact","Shrug It Off+1","Armaments+1","ReplayTheSpireMod:Strike From Hell"],"relics":["Iron Core","Garlic","Smiling Mask","Red Skull","War Paint","Old Coin"],"acts_visited":["Exordium"],"potions_floor_usage":[10,18],"damage_taken":[{"damage":0,"enemies":"2 Louse","floor":1,"turns":3},{"damage":5,"enemies":"Small Slimes","floor":3,"turns":4},{"damage":5,"enemies":"Jaw Worm","floor":6,"turns":5},{"damage":6,"enemies":"Blue Slaver","floor":7,"turns":5},{"damage":20,"enemies":"Lagavulin","floor":9,"turns":12},{"damage":8,"enemies":"Exordium Thugs","floor":10,"turns":6},{"damage":2,"enemies":"Red Slaver","floor":13,"turns":4},{"damage":19,"enemies":"3 Sentries","floor":14,"turns":11},{"damage":64,"enemies":"Fading Forest","floor":18,"turns":11}],"seed_played":"7652054600190485850","potions_obtained":[{"floor":6,"key":"ColorlessPotion"},{"floor":9,"key":"BlessingOfTheForge"},{"floor":10,"key":"Swift Potion"}],"is_trial":false,"path_per_floor":["M","?","M","PTL","PTL","M","M","R","E","M","T","?","M","E","R","?","R_BF","B"],"character_chosen":"IRONCLAD","items_purchased":[],"campfire_rested":0,"item_purchase_floors":[],"current_hp_per_floor":[80,80,80,80,80,80,80,80,70,72,72,69,77,68,68,73,73,9,9],"gold":577,"neow_bonus":"TRANSFORM_CARD","is_daily":false,"chose_seed":false,"campfire_upgraded":2,"win_rate":0.0,"timestamp":1608922727,"path_taken":["M","?","M","PTL","PTL","M","M","R","E","M","T","?","M","E","R","?","R_BF","BOSS"],"items_purchased_type":[],"build_version":"2020-12-22","purchased_purges":0,"victory":false,"max_hp_per_floor":[80,80,80,80,80,80,80,80,80,80,80,80,80,80,80,85,85,85,85],"card_choices":[{"not_picked":["Body Slam","Perfected Strike"],"picked":"Sword Boomerang","floor":1},{"not_picked":["Rip and Tear","ReplayTheSpireMod:Muscle Training"],"picked":"Metallicize","floor":3},{"not_picked":["ReplayTheSpireMod:System Scan","Flex"],"picked":"Cold Snap","floor":6},{"not_picked":["Combust","Defy Death"],"picked":"Disarm","floor":7},{"not_picked":["Double Tap","Warcry"],"picked":"Burning Pact","floor":9},{"not_picked":["Replay:Undeath\u0027s Touch","Dark Embrace"],"picked":"Shrug It Off","floor":10},{"not_picked":["ReplayTheSpireMod:System Scan","Cleave"],"picked":"Armaments","floor":13},{"not_picked":["Clash","Turbo"],"picked":"ReplayTheSpireMod:Strike From Hell","floor":14}],"player_experience":1044704,"relics_obtained":[{"floor":9,"key":"Garlic"},{"floor":11,"key":"Smiling Mask"},{"floor":14,"key":"War Paint"},{"floor":17,"key":"Old Coin"}],"event_choices":[{"damage_healed":0,"gold_gain":0,"player_choice":"Success","damage_taken":3,"relics_obtained":["Red Skull"],"max_hp_gain":0,"max_hp_loss":0,"event_name":"Scrap Ooze","floor":12,"gold_loss":0},{"damage_healed":0,"gold_gain":0,"player_choice":"Donut","damage_taken":0,"max_hp_gain":5,"max_hp_loss":0,"event_name":"Big Fish","floor":16,"gold_loss":0}],"is_beta":false,"boss_relics":[],"items_purged_floors":[],"is_endless":false,"potions_floor_spawned":[6,9,10],"killed_by":"Fading Forest","ascension_level":0}}