{"host":"iak1zw6udsaqx1iy","time":1608926557,"event":{"mods":["BaseMod","Hermit","Minty Spire (QoL Compilation)","Replay The Spire","StSLib","The Alterego","The Cursed","The Servant 0.9.4","WarShipGirlsR/’ΩΩ¢…Ÿ≈ÆR mod"],"gold_per_floor":[109,76,89,89,100,133,153,153,153,182,182,196,196,210,210,309,309,320,335,354,368,382,407,407,43,66,66,66,92,100,100],"floor_reached":30,"playtime":1656,"items_purged":[],"score":302,"play_id":"b152a0c1-705e-487e-a1ff-1a009a433cad","local_time":"20201226040237","is_ascension_mode":true,"campfire_choices":[{"data":"hermit:LoneWolf","floor":8.0,"key":"SMITH"},{"floor":11.0,"key":"REST"},{"floor":13.0,"key":"REST"},{"floor":15.0,"key":"REST"},{"floor":24,"key":"REST"}],"circlet_count":0,"master_deck":["hermit:Snapshot","hermit:Covet","hermit:LoneWolf+1","hermit:BigShot","hermit:Coalescence","hermit:ItchyTrigger","hermit:Ricochet","hermit:Roulette","hermit:Vantage","hermit:HighCaliber","hermit:TrackingShot","hermit:OverwhelmingPower+1","hermit:Ricochet","hermit:FromBeyond","hermit:Midnight","hermit:Roughhouse","hermit:Deadeye","hermit:Adapt+1","hermit:Showdown","hermit:RoundhouseKick","hermit:HighCaliber","hermit:GhostlyPresence","hermit:BodyArmor","hermit:Determination+1","hermit:Headshot","hermit:Dive","hermit:Brawl+1","Shame","Bite","Bite","Bite","Bite","Bite","hermit:Headshot+1"],"relics":["Busted Crown","Replay:Rubber Ducky","Frozen Egg 2","Pandora\u0027s Box","Replay:Bandana","Akabeko","Anchor","Toy Ornithopter","Art of War"],"acts_visited":["Exordium","TheCity"],"potions_floor_usage":[18,22,23],"damage_taken":[{"damage":0.0,"enemies":"Jaw Worm","floor":1.0,"turns":3.0},{"damage":1.0,"enemies":"Cultist","floor":3.0,"turns":3.0},{"damage":0.0,"enemies":"Small Slimes","floor":5.0,"turns":4.0},{"damage":44.0,"enemies":"Gremlin Nob","floor":6.0,"turns":6.0},{"damage":0.0,"enemies":"3 Louse","floor":7.0,"turns":3.0},{"damage":19.0,"enemies":"Lagavulin","floor":10.0,"turns":5.0},{"damage":1.0,"enemies":"2 Fungi Beasts","floor":12.0,"turns":4.0},{"damage":8.0,"enemies":"Gremlin Gang","floor":14.0,"turns":4.0},{"damage":26.0,"enemies":"Slime Boss","floor":16.0,"turns":11.0},{"damage":15,"enemies":"2 Thieves","floor":18,"turns":3},{"damage":0,"enemies":"3 Byrds","floor":19,"turns":4},{"damage":16,"enemies":"Shelled Parasite and Fungi","floor":20,"turns":5},{"damage":18,"enemies":"Snake Plant","floor":21,"turns":5},{"damage":6,"enemies":"Centurion and Healer","floor":22,"turns":4},{"damage":18,"enemies":"Book of Stabbing","floor":23,"turns":6},{"damage":28,"enemies":"Sentry and Sphere","floor":29,"turns":5},{"damage":6,"enemies":"Snecko","floor":30,"turns":3}],"seed_played":"-7374914073689006801","potions_obtained":[{"floor":1.0,"key":"Block Potion"},{"floor":6.0,"key":"Cursed Concoction"},{"floor":14.0,"key":"GamblersBrew"},{"floor":20,"key":"DistilledChaos"},{"floor":22,"key":"Venom Potion"}],"is_trial":false,"path_per_floor":["M","$","M","?","M","E","M","R","T","E","R","M","R","M","R","B",null,"M","M","M","M","M","E","R","$","T","?","?","M","M"],"character_chosen":"HERMIT","items_purchased":["hermit:BigShot","hermit:Brawl+1","Akabeko","Anchor"],"campfire_rested":4,"item_purchase_floors":[2,25,25,25],"current_hp_per_floor":[75,75,74,74,74,30,30,30,30,11,33,32,54,46,68,42,75,60,60,44,26,20,2,24,24,24,24,24,2,0,0],"gold":100,"neow_bonus":"BOSS_RELIC","is_daily":false,"chose_seed":false,"campfire_upgraded":1,"win_rate":0.0,"timestamp":1608926557,"path_taken":["M","$","M","?","?","E","M","R","T","E","R","M","R","?","R","BOSS","M","?","M","M","?","E","R","$","T","?","?","M","M"],"items_purchased_type":["Card","Card","Relic","Relic"],"build_version":"2020-12-22","purchased_purges":0,"victory":false,"max_hp_per_floor":[75,75,75,75,75,75,75,75,75,75,75,75,75,75,75,75,75,75,75,75,75,75,75,75,75,75,75,52,52,52,52],"card_choices":[{"not_picked":[],"picked":"hermit:LoneWolf","floor":1.0},{"not_picked":[],"picked":"hermit:Coalescence","floor":3.0},{"not_picked":[],"picked":"hermit:ItchyTrigger","floor":5.0},{"not_picked":[],"picked":"hermit:Ricochet","floor":6.0},{"not_picked":[],"picked":"hermit:Roulette","floor":7.0},{"not_picked":[],"picked":"hermit:Vantage","floor":10.0},{"not_picked":[],"picked":"hermit:HighCaliber","floor":12.0},{"not_picked":[],"picked":"hermit:TrackingShot","floor":14.0},{"not_picked":[],"picked":"hermit:OverwhelmingPower+1","floor":16.0},{"not_picked":[],"picked":"hermit:HighCaliber","floor":18},{"not_picked":[],"picked":"hermit:GhostlyPresence","floor":19},{"not_picked":[],"picked":"hermit:BodyArmor","floor":20},{"not_picked":[],"picked":"hermit:Determination+1","floor":21},{"not_picked":[],"picked":"hermit:Headshot","floor":22},{"not_picked":[],"picked":"hermit:Dive","floor":23},{"not_picked":[],"picked":"hermit:Headshot+1","floor":29}],"player_experience":252582,"relics_obtained":[{"floor":6.0,"key":"Replay:Rubber Ducky"},{"floor":10.0,"key":"Frozen Egg 2"},{"floor":23,"key":"Replay:Bandana"},{"floor":26,"key":"Toy Ornithopter"}],"event_choices":[{"damage_healed":0.0,"max_hp_gain":0.0,"max_hp_loss":0.0,"gold_gain":0.0,"event_name":"Purifier","player_choice":"Ignored","floor":4.0,"gold_loss":0.0,"damage_taken":0.0},{"damage_healed":0,"gold_gain":0,"player_choice":"Stole Relic","damage_taken":0,"relics_obtained":["Art of War"],"max_hp_gain":0,"max_hp_loss":0,"event_name":"Addict","floor":27,"gold_loss":0,"cards_obtained":["Shame"]},{"damage_healed":0,"gold_gain":0,"player_choice":"Became a vampire","damage_taken":0,"max_hp_gain":0,"max_hp_loss":23,"event_name":"Vampires","floor":28,"gold_loss":0,"cards_obtained":["Bite","Bite","Bite","Bite","Bite"]}],"is_beta":false,"boss_relics":[{"not_picked":["Snecko Eye","Runic Dome"],"picked":"Pandora\u0027s Box"}],"items_purged_floors":[],"is_endless":false,"potions_floor_spawned":[1,6,14,20,22],"killed_by":"Snecko","ascension_level":1}}