{"host":"ev90652pwodlruol","time":1608909242,"event":{"mods":["ATMod(°¢èªMod)","AchievementEnabler","Act Like it!","Aspiration","BaseMod","Bestiary","BetterRewards","Conspire","Gensokyo","Hubris","Koishi","Marisa£¨ìFÓê¡¡Ä§ÀíÉ³£©","Minty Spire (QoL Compilation)","Replay The Spire","StSLib","SuperFastMode","vexMod"],"gold_per_floor":[118,83,46,46,60,86,86,116,116,143,143,167,210,210,210,321,321,341,367,384,403,403,407,407],"floor_reached":23,"playtime":1205,"items_purged":["Strike_B","Defend_B"],"score":335,"play_id":"afce25cd-a15b-4f4f-82e8-7e09e9450499","local_time":"20201225231402","is_ascension_mode":true,"campfire_choices":[{"floor":7.0,"key":"REST"},{"floor":11.0,"key":"REST"}],"circlet_count":0,"master_deck":["Strike_B+1","Strike_B+1","Defend_B+1","Defend_B+1","Defend_B+1","Dualcast","Apotheosis","Buffer+1","Cold Snap","Storm","Crystallizer+1","Aggregate","aspiration:Polymerization","ReplaySort","Compile Driver","BasicCrystalCard","AT_ThreeBodyProblem","hubris:DuctTapeCard","Loop","Creative AI","Static Discharge","FIFO Queue","Conserve Battery+1","Core Surge","Leap+1"],"relics":["Cracked Core","AT_ATBox","Nunchaku","hubris:DuctTape","TheAbacus","Bottled Lightning","Prayer Wheel","vexMod:FocusSash","Pet Ghost","Bottled Tornado","Replay:Bandana","hubris:TenFootPole","Philosopher\u0027s Stone"],"acts_visited":["Exordium","TheCity"],"potions_floor_usage":[13,16,20],"damage_taken":[{"damage":11.0,"enemies":"Jaw Worm","floor":1.0,"turns":4.0},{"damage":3.0,"enemies":"Small Slimes","floor":5.0,"turns":3.0},{"damage":4.0,"enemies":"Gremlin Nob","floor":6.0,"turns":4.0},{"damage":16.0,"enemies":"Lagavulin","floor":8.0,"turns":6.0},{"damage":13.0,"enemies":"3 Sentries","floor":10.0,"turns":5.0},{"damage":5.0,"enemies":"2 Louse","floor":12.0,"turns":2.0},{"damage":22,"enemies":"Replay:BlueRogue","floor":13,"turns":4},{"damage":8,"enemies":"Hexaghost","floor":16,"turns":10},{"damage":9,"enemies":"Shell Parasite","floor":18,"turns":6},{"damage":11,"enemies":"Spheric Guardian","floor":19,"turns":4},{"damage":9,"enemies":"Snecko","floor":20,"turns":6},{"damage":32,"enemies":"Snake Plant","floor":21,"turns":6},{"damage":14,"enemies":"Book of Stabbing","floor":23,"turns":3}],"seed_played":"42536653680137296","potions_obtained":[{"floor":6.0,"key":"Venom Potion"},{"floor":8.0,"key":"ColorlessPotion"},{"floor":10.0,"key":"Dexterity Potion"},{"floor":12.0,"key":"GamblersBrew"},{"floor":18,"key":"Block Potion"}],"is_trial":false,"path_per_floor":["M","?","$","?","M","E","R","E","T","E","R","M","E","?","R","B",null,"M","M","M","M","?","E"],"character_chosen":"DEFECT","items_purchased":["Nunchaku","hubris:DuctTape","Apotheosis","TheAbacus","ReplayTheSpireMod:Fabricate Wheel+1","Bottled Lightning","Energy Potion","Crystallizer"],"campfire_rested":2,"item_purchase_floors":[0,0,0,0,0,0,0,3],"current_hp_per_floor":[17,35,35,20,17,13,35,19,19,6,28,23,1,9,31,23,75,66,55,46,14,14,0,0],"gold":407,"neow_bonus":"","is_daily":false,"chose_seed":false,"campfire_upgraded":0,"win_rate":0.0,"timestamp":1608909242,"path_taken":["M","?","?","?","?","E","R","E","T","E","R","M","E","?","R","BOSS","M","M","M","M","?","E"],"items_purchased_type":["Relic","Relic","Card","Relic","Card","Relic","Potion","Card"],"build_version":"2020-12-22","purchased_purges":2,"victory":false,"max_hp_per_floor":[75,75,75,75,75,75,75,75,75,75,75,75,75,75,75,75,75,75,75,75,75,75,75,75],"card_choices":[{"not_picked":["Go for the Eyes","conspire:SharedLibrary"],"picked":"Cold Snap","floor":1.0},{"not_picked":["Stack","Reinforced Body"],"picked":"Storm","floor":1.0},{"not_picked":["ReplayTheSpireMod:Calculation Training","Ball Lightning"],"picked":"Aggregate","floor":5.0},{"not_picked":["Skim","Redo"],"picked":"aspiration:Polymerization","floor":5.0},{"not_picked":["AT_RobotInSpace","Conserve Battery"],"picked":"ReplaySort","floor":6.0},{"not_picked":["Fission","Beam Cell"],"picked":"Compile Driver","floor":8.0},{"not_picked":["AT_HeatAcrobatics","Redo"],"picked":"BasicCrystalCard","floor":10.0},{"not_picked":["Time Bomb","ReplayTheSpireMod:System Scan"],"picked":"AT_ThreeBodyProblem","floor":12.0},{"not_picked":["Rip and Tear","AT_DarkMatter","Double Energy"],"picked":"SKIP","floor":12.0},{"not_picked":["Genetic Algorithm","Leap"],"picked":"Loop","floor":13},{"not_picked":["Rainbow","Hyperbeam"],"picked":"Creative AI","floor":16},{"not_picked":["ReplaySolidLightProjector+1","Redo"],"picked":"Static Discharge","floor":18},{"not_picked":["Beam Cell+1","Panic Button","Sweeping Beam+1"],"picked":"SKIP","floor":18},{"not_picked":["Heatsinks","Redo"],"picked":"FIFO Queue","floor":19},{"not_picked":["Turbo","Rip and Tear","Steam Power"],"picked":"SKIP","floor":19},{"not_picked":["Leap","Compile Driver"],"picked":"Conserve Battery+1","floor":20},{"not_picked":["ReplayTheSpireMod:System Scan","Go for the Eyes+1","Rebound+1"],"picked":"SKIP","floor":20},{"not_picked":["Blizzard","Hologram"],"picked":"Core Surge","floor":21},{"not_picked":["Darkness","Melter"],"picked":"Leap+1","floor":21}],"player_experience":248234,"relics_obtained":[{"floor":6.0,"key":"vexMod:FocusSash"},{"floor":8.0,"key":"Pet Ghost"},{"floor":9.0,"key":"Bottled Tornado"},{"floor":10.0,"key":"Replay:Bandana"},{"floor":13,"key":"hubris:TenFootPole"}],"event_choices":[{"damage_healed":18.0,"max_hp_gain":0.0,"max_hp_loss":0.0,"gold_gain":0.0,"event_name":"The Cleric","player_choice":"Healed","floor":2.0,"gold_loss":35.0,"damage_taken":0.0},{"damage_healed":0.0,"max_hp_gain":0.0,"max_hp_loss":0.0,"gold_gain":0.0,"event_name":"Shining Light","player_choice":"Entered Light","floor":4.0,"gold_loss":0.0,"damage_taken":15.0,"cards_upgraded":["hubris:DuctTapeCard","Crystallizer"]},{"damage_healed":0,"gold_gain":0,"player_choice":"Simplicity","damage_taken":0,"max_hp_gain":0,"max_hp_loss":0,"event_name":"Back to Basics","floor":22,"gold_loss":0,"cards_upgraded":["Strike_B","Strike_B","Defend_B","Defend_B","Defend_B"]}],"is_beta":false,"boss_relics":[{"not_picked":["hubris:Stopwatch","Sozu"],"picked":"Philosopher\u0027s Stone"}],"items_purged_floors":[0,0],"is_endless":false,"potions_floor_spawned":[6,8,10,12,18],"killed_by":"Book of Stabbing","ascension_level":1}}