{"host":"vtat3rddyckbno30","time":1608930291,"event":{"mods":["AchievementEnabler","BaseMod","BetterRewards","Colored Map","Downfall","Highlight Path","Minty Spire (QoL Compilation)","Replay The Spire","StSLib","everything is the same but u backflip on backflip"],"gold_per_floor":[123,473,152,246,264,294,294,331,331,331,370,394,569,569,569,679,679,694,694,715,738,386,417,251,251,251,101,126,126,126,149,149,256,306,329,342,361,384,66,66,66,68,68],"floor_reached":42,"playtime":2668,"items_purged":["Overencumbered","Guardian:Aged","Shame","Doubt","Looming Evil"],"score":459,"play_id":"33949ad0-7614-48a8-a0cc-c13c4ccc1f90","local_time":"20201225220451","is_ascension_mode":false,"campfire_choices":[{"data":"Zap","floor":7,"key":"SMITH"},{"data":"Echo Form","floor":10,"key":"SMITH"},{"floor":15,"key":"REST"},{"data":"Lockon","floor":25,"key":"SMITH"},{"data":"Defragment","floor":32,"key":"SMITH"},{"floor":40,"key":"RECALL"}],"circlet_count":0,"master_deck":["Strike_B","Strike_B+1","Strike_B","Strike_B","Defend_B","Defend_B","Defend_B","Defend_B","Zap+1","Dualcast","Static Discharge","Defragment+1","Slimebound:Icky","Conserve Battery","Conserve Battery","Rebound","Echo Form+1","Creative AI+1","Leap","Amnesia","Injury","Lockon","Lockon+1","Storm","Injury","Madness","Madness"],"relics":["Cracked Core","Boot","ReplayFunnel","HandDrill","Replay:Bandana","ReplayTheSpireMod:CursedCoin","Shuriken","ReplayTheSpireMod:Ring of Collecting","Ring of Greed","MealTicket","Old Coin","Meat on the Bone","Bottled Lightning","StoneCalendar","Ring of Peace","HornCleat","Busted Crown","Blue Doll","Replay:Bottled Eggs","InkBottle","ReplayTheSpireMod:Ring of Exchange","ReplayTheSpireMod:Ninjato","Tiny House","Art of War"],"acts_visited":["Exordium","TheCity","TheBeyond"],"potions_floor_usage":[8,21,28,28,37,42,42],"damage_taken":[{"damage":1,"enemies":"Cultist","floor":1,"turns":3},{"damage":1,"enemies":"Jaw Worm","floor":5,"turns":5},{"damage":24,"enemies":"Lagavulin","floor":6,"turns":6},{"damage":27,"enemies":"3 Sentries","floor":8,"turns":6},{"damage":11,"enemies":"Gremlin Nob","floor":11,"turns":5},{"damage":5,"enemies":"Small Slimes","floor":12,"turns":4},{"damage":16,"enemies":"Hexaghost","floor":16,"turns":7},{"damage":12,"enemies":"Shell Parasite","floor":18,"turns":5},{"damage":37,"enemies":"3 Byrds","floor":20,"turns":5},{"damage":16,"enemies":"Centurion and Healer","floor":21,"turns":7},{"damage":30,"enemies":"Book of Stabbing","floor":23,"turns":7},{"damage":19,"enemies":"3 Cultists","floor":28,"turns":5},{"damage":0,"enemies":"Snecko","floor":31,"turns":5},{"damage":18,"enemies":"Champ","floor":33,"turns":6},{"damage":0,"enemies":"Orb Walker","floor":35,"turns":4},{"damage":17,"enemies":"3 Darklings","floor":36,"turns":5},{"damage":17,"enemies":"Transient","floor":37,"turns":5},{"damage":22,"enemies":"4 Shapes","floor":38,"turns":4},{"damage":58,"enemies":"Reptomancer","floor":42,"turns":4}],"seed_played":"-745785982988260784","potions_obtained":[{"floor":1,"key":"hexamod:EctoCoolerPotion"},{"floor":5,"key":"Venom Potion"},{"floor":11,"key":"Elixir"},{"floor":20,"key":"Fruit Juice"},{"floor":21,"key":"AttackPotion"},{"floor":31,"key":"BlessingOfTheForge"},{"floor":34,"key":"Regen Potion"},{"floor":37,"key":"Energy Potion"}],"is_trial":false,"path_per_floor":["M","?","$","?","M","E","R","E","T","R","E","M","?","?","R","B",null,"M","?","M","M","$","E","$","R","T","$","M","$","?","M","R","B",null,"M","M","M","M","$","R","?","E"],"character_chosen":"DEFECT","items_purchased":["Boot","ReplayFunnel","HandDrill","Static Discharge","Replay:Bandana","Defragment","ReplayTheSpireMod:CursedCoin","Shuriken","Meat on the Bone","Replay:Bottled Eggs","Lockon","Art of War"],"campfire_rested":1,"item_purchase_floors":[0,0,0,0,0,0,0,0,3,22,24,39],"current_hp_per_floor":[39,39,54,54,53,41,41,26,26,26,27,34,34,27,49,45,75,63,63,38,39,54,36,51,51,51,66,47,62,62,62,62,44,85,85,68,51,41,56,56,45,0,0],"gold":68,"neow_bonus":"","is_daily":false,"chose_seed":false,"campfire_upgraded":4,"win_rate":0.0,"timestamp":1608930291,"path_taken":["M","?","$","?","M","E","R","E","T","R","E","?","?","?","R","BOSS","M","?","?","M","?","E","$","R","T","$","M","$","?","M","R","BOSS","M","M","?","M","$","R","?","E"],"items_purchased_type":["Relic","Relic","Relic","Card","Relic","Card","Relic","Relic","Relic","Relic","Card","Relic"],"build_version":"2020-12-22","purchased_purges":5,"victory":false,"max_hp_per_floor":[75,75,75,75,75,75,75,75,75,75,75,75,75,75,75,75,75,75,75,75,80,80,80,80,80,80,80,80,80,80,80,80,80,85,85,85,85,85,85,85,85,85,85],"card_choices":[{"not_picked":["Beam Cell","Go for the Eyes"],"picked":"Conserve Battery","floor":1},{"not_picked":["Go for the Eyes","ReplaySolidLightProjector"],"picked":"Conserve Battery","floor":4},{"not_picked":["Steam","ReplayTheSpireMod:GoodbyeWorld"],"picked":"Rebound","floor":4},{"not_picked":["Conserve Battery","Steam"],"picked":"Echo Form","floor":5},{"not_picked":["Recycle","Genetic Algorithm","Capacitor"],"picked":"SKIP","floor":6},{"not_picked":["ReplayTheSpireMod:System Scan","Rebound","Coolheaded"],"picked":"SKIP","floor":8},{"not_picked":["Aggregate","Rip and Tear"],"picked":"Creative AI","floor":11},{"not_picked":["Streamline","ReplayTheSpireMod:Reroute Power"],"picked":"Leap","floor":12},{"not_picked":["Turbo"],"picked":"SKIP","floor":18},{"not_picked":["Chaos"],"picked":"SKIP","floor":20},{"not_picked":["Beam Cell"],"picked":"SKIP","floor":21},{"not_picked":["Streamline"],"picked":"SKIP","floor":23},{"not_picked":["Panic Button"],"picked":"SKIP","floor":28},{"not_picked":["Streamline"],"picked":"SKIP","floor":31},{"not_picked":["Rebound"],"picked":"SKIP","floor":35},{"not_picked":["Chill+1"],"picked":"SKIP","floor":36},{"not_picked":["Fusion+1"],"picked":"SKIP","floor":37},{"not_picked":["Scrape+1"],"picked":"SKIP","floor":38}],"player_experience":530059,"relics_obtained":[{"floor":2,"key":"ReplayTheSpireMod:Ring of Collecting"},{"floor":2,"key":"Ring of Greed"},{"floor":2,"key":"MealTicket"},{"floor":2,"key":"Old Coin"},{"floor":6,"key":"Bottled Lightning"},{"floor":8,"key":"StoneCalendar"},{"floor":9,"key":"Ring of Peace"},{"floor":11,"key":"HornCleat"},{"floor":19,"key":"Blue Doll"},{"floor":23,"key":"InkBottle"},{"floor":26,"key":"ReplayTheSpireMod:Ring of Exchange"},{"floor":26,"key":"ReplayTheSpireMod:Ninjato"}],"event_choices":[{"damage_healed":0,"gold_gain":175,"player_choice":"AGREE","damage_taken":0,"max_hp_gain":0,"max_hp_loss":0,"event_name":"Liars Game","floor":13,"gold_loss":0,"cards_obtained":["Doubt"]},{"cards_removed":["hexamod:Haunted"],"damage_healed":0,"gold_gain":0,"player_choice":"Card Removal","damage_taken":7,"max_hp_gain":0,"max_hp_loss":0,"event_name":"Golden Wing","floor":14,"gold_loss":0},{"damage_healed":0,"gold_gain":0,"player_choice":"Relic","damage_taken":0,"max_hp_gain":0,"max_hp_loss":0,"event_name":"Wheel of Change","floor":19,"gold_loss":0},{"cards_removed":["Doubt"],"damage_healed":0,"gold_gain":0,"player_choice":"Took Card","damage_taken":0,"max_hp_gain":0,"max_hp_loss":0,"event_name":"NoteForYourself","floor":30,"gold_loss":0,"cards_obtained":["Storm"]},{"damage_healed":0,"gold_gain":0,"player_choice":"Embrace Madness","damage_taken":11,"max_hp_gain":0,"max_hp_loss":0,"event_name":"Winding Halls","floor":41,"gold_loss":0,"cards_obtained":["Madness","Madness"]}],"is_beta":false,"boss_relics":[{"not_picked":["Cursed Key","Kintsugi"],"picked":"Busted Crown"},{"not_picked":["Honey Jar","SlaversCollar"],"picked":"Tiny House"}],"items_purged_floors":[3,22,24,27,39],"is_endless":false,"potions_floor_spawned":[1,5,11,20,21,31,37],"killed_by":"Reptomancer","ascension_level":0}}