{"host":"vc42n08di9czm3e7","time":1608868165,"event":{"mods":["AchievementEnabler","Act Like it!","BaseMod","Colored Powertips","Downfall","Friendly Minions","GifTheSpireLib","Hubris","Minty Spire (QoL Compilation)","Rare Cards Sparkle","StSLib"],"gold_per_floor":[99,99,99,99,199,199,199,247,172,188,29,48,69,82,93,192,192,192,192,202,202,202,202],"floor_reached":21,"playtime":2917,"items_purged":[],"score":167,"play_id":"00399b29-943c-40aa-b56b-5cb30b35d7eb","local_time":"20201224224925","is_ascension_mode":false,"campfire_choices":[{"floor":1,"key":"RECALL"},{"data":"hexamod:FastForward","floor":9,"key":"SMITH"},{"data":"hexamod:VolcanoVisage","floor":18,"key":"SMITH"}],"circlet_count":0,"master_deck":["hexamod:Strike","hexamod:Strike","hexamod:Strike","hexamod:Strike","hexamod:Defend","hexamod:Defend","hexamod:Defend","hexamod:Defend","hexamod:Sear","hexamod:Float","hexamod:SwordOfDarkness","hexamod:AdvancingGuard","hexamod:FastForward+1","hexamod:FirstSeal","hexamod:Hexaguard","hexamod:FastForward","hexamod:SpectersWail","hexamod:ChargedBarrage","hexamod:PowerFromBeyond","hexamod:VolcanoVisage+1","hexamod:WildfireWeapon","hexamod:InspiringFlames"],"relics":["hexamod:SpiritBrand","downfall:HeartsMalice","Pantograph","Pen Nib","downfall:HeartBlessingRed","Lantern","Odd Mushroom","hexamod:IceCube"],"acts_visited":["Exordium","TheCity"],"potions_floor_usage":[16,19],"damage_taken":[{"damage":0,"enemies":"Small Slimes","floor":2,"turns":1},{"damage":0,"enemies":"2 Louse","floor":3,"turns":1},{"damage":0,"enemies":"Jaw Worm","floor":4,"turns":1},{"damage":0,"enemies":"Blue Slaver","floor":10,"turns":4},{"damage":0,"enemies":"downfall:FleeingMerchant","floor":11,"turns":4},{"damage":0,"enemies":"Exordium Thugs","floor":12,"turns":5},{"damage":0,"enemies":"The Mushroom Lair","floor":13,"turns":4},{"damage":1,"enemies":"2 Fungi Beasts","floor":14,"turns":3},{"damage":0,"enemies":"Exordium Wildlife","floor":15,"turns":4},{"damage":85,"enemies":"downfall:Defect","floor":16,"turns":9},{"damage":0,"enemies":"Spheric Guardian","floor":19,"turns":3},{"damage":5,"enemies":"Chosen and Byrds","floor":20,"turns":5},{"damage":0,"enemies":"Snake Plant","floor":21,"turns":1}],"seed_played":"-4931185611017932036","potions_obtained":[{"floor":10,"key":"Fire Potion"},{"floor":12,"key":"SmokeBomb"},{"floor":14,"key":"FairyPotion"},{"floor":16,"key":"sneckomod:MuddlingPotion"}],"is_trial":false,"path_per_floor":["R","M","M","M","?","?","T","T","R","M","$","M","?","M","M","B",null,"R","M","M","M"],"character_chosen":"THE_SPIRIT","items_purchased":["Lantern"],"campfire_rested":0,"item_purchase_floors":[11],"current_hp_per_floor":[70,70,70,70,70,63,63,63,63,70,70,70,70,69,70,9,70,70,70,65,65,65,65],"gold":202,"neow_bonus":"THREE_ENEMY_KILL","is_daily":false,"chose_seed":false,"campfire_upgraded":2,"win_rate":0.0,"timestamp":1608868165,"path_taken":["R","M","M","M","?","?","T","?","R","M","?","M","?","M","M","BOSS","R","M","M","M"],"items_purchased_type":["Relic"],"build_version":"2020-12-22","purchased_purges":0,"victory":false,"max_hp_per_floor":[70,70,70,70,70,70,70,70,70,70,70,70,70,70,70,70,70,70,70,70,70,70,70],"card_choices":[{"not_picked":["hexamod:BacktrackSmack","hexamod:Haunt"],"picked":"hexamod:SwordOfDarkness","floor":2},{"not_picked":["hexamod:GhostShield","hexamod:GhostLash"],"picked":"hexamod:AdvancingGuard","floor":3},{"not_picked":["hexamod:GhostLash","hexamod:SwordOfDarkness"],"picked":"hexamod:FastForward","floor":4},{"not_picked":["hexamod:Firestarter","hexamod:NightmareGuise"],"picked":"hexamod:Hexaguard","floor":10},{"not_picked":["hexamod:ThirdSeal","hexamod:ExtraCrispy"],"picked":"hexamod:FastForward","floor":11},{"not_picked":["hexamod:BacktrackSmack","hexamod:NecessarySacrifice"],"picked":"hexamod:SpectersWail","floor":12},{"not_picked":["hexamod:NightmareStrike","hexamod:BacktrackSmack"],"picked":"hexamod:ChargedBarrage","floor":13},{"not_picked":["hexamod:SpectersWail","hexamod:SuperheatedStrike"],"picked":"hexamod:PowerFromBeyond","floor":14},{"not_picked":["hexamod:GhostLash","hexamod:RadiantFlame"],"picked":"hexamod:VolcanoVisage","floor":15},{"not_picked":["hexamod:EmpoweringStance","hexamod:GiftsFromTheDead"],"picked":"hexamod:WildfireWeapon","floor":16},{"not_picked":["hexamod:RecurringNightmare","hexamod:BacktrackSmack"],"picked":"hexamod:InspiringFlames","floor":20}],"player_experience":205200,"relics_obtained":[{"floor":7,"key":"Pantograph"},{"floor":8,"key":"Pen Nib"},{"floor":13,"key":"Odd Mushroom"}],"event_choices":[{"damage_healed":0,"gold_gain":0,"player_choice":"Fought Mushrooms","damage_taken":0,"max_hp_gain":0,"max_hp_loss":0,"event_name":"Mushrooms","floor":13,"gold_loss":0}],"is_beta":false,"boss_relics":[{"not_picked":["Snecko Eye","Runic Dome"],"picked":"hexamod:IceCube"}],"items_purged_floors":[],"is_endless":false,"potions_floor_spawned":[10,12,14,16,19],"killed_by":"Snake Plant","ascension_level":0}}