{"host":"2n2g1vowfllvjtvi","time":1608910784,"event":{"mods":["AchievementEnabler","BaseMod","Custom Start","GifTheSpireLib","Keyboard Shortcuts","Minty Spire (QoL Compilation)","Quick Restart","Rare Cards Sparkle","StSLib","SuperFastMode"],"gold_per_floor":[116,55,72,147,3,34,34,67,67,93,112,124,153,167,167,246,246,263,155,175,175,192,192,192],"floor_reached":23,"playtime":549,"items_purged":["Dual Wield"],"score":431,"play_id":"576b1b04-556c-403f-a8c0-9b4ee60b8383","local_time":"20201226003944","is_ascension_mode":true,"campfire_choices":[{"data":"Bash","floor":7.0,"key":"SMITH"},{"floor":15,"key":"REST"}],"circlet_count":0,"master_deck":["AscendersBane","Bash+1","Dark Embrace","Wild Strike","Berserk","Body Slam+1","Havoc","Power Through","Uppercut+1","Metallicize","Corruption","Sentinel","Dual Wield","Shrug It Off","Iron Wave+1","Rage","Power Through","Spot Weakness","Dark Embrace","Armaments+1","Fiend Fire+1"],"relics":["Burning Blood","NeowsBlessing","Lizard Tail","Membership Card","Blood Vial","Molten Egg 2","White Beast Statue","Girya","Sundial","Pandora\u0027s Box"],"acts_visited":["Exordium","TheCity"],"potions_floor_usage":[14,16,20,22,22],"damage_taken":[{"damage":0.0,"enemies":"Small Slimes","floor":1.0,"turns":2.0},{"damage":0.0,"enemies":"Cultist","floor":3.0,"turns":1.0},{"damage":0.0,"enemies":"Gremlin Nob","floor":6.0,"turns":1.0},{"damage":20.0,"enemies":"Lagavulin","floor":8.0,"turns":6.0},{"damage":50.0,"enemies":"3 Sentries","floor":10.0,"turns":12.0},{"damage":7.0,"enemies":"Jaw Worm","floor":11.0,"turns":3.0},{"damage":4.0,"enemies":"Blue Slaver","floor":12.0,"turns":2.0},{"damage":20.0,"enemies":"Lagavulin","floor":13.0,"turns":6.0},{"damage":8,"enemies":"3 Louse","floor":14,"turns":5},{"damage":23,"enemies":"Hexaghost","floor":16,"turns":11},{"damage":16,"enemies":"Chosen","floor":18,"turns":7},{"damage":8,"enemies":"Shell Parasite","floor":20,"turns":3},{"damage":24,"enemies":"Centurion and Healer","floor":22,"turns":6},{"damage":0,"enemies":"3 Cultists","floor":23,"turns":1}],"seed_played":"6620082870318948596","potions_obtained":[{"floor":3.0,"key":"AttackPotion"},{"floor":6.0,"key":"GamblersBrew"},{"floor":10.0,"key":"EssenceOfSteel"},{"floor":11.0,"key":"AttackPotion"},{"floor":12.0,"key":"DuplicationPotion"},{"floor":13.0,"key":"CultistPotion"},{"floor":14,"key":"Energy Potion"},{"floor":16,"key":"GamblersBrew"},{"floor":18,"key":"Weak Potion"},{"floor":20,"key":"Strength Potion"},{"floor":22,"key":"Explosive Potion"}],"is_trial":false,"path_per_floor":["M","?","M","?","$","E","R","E","T","E","M","M","E","M","R","B",null,"M","$","M","?","M","M"],"character_chosen":"IRONCLAD","items_purchased":["Membership Card","Fiend Fire+1"],"campfire_rested":1,"item_purchase_floors":[5,19],"current_hp_per_floor":[74,74,75,64,64,70,70,58,58,16,17,21,9,9,31,16,60,52,52,52,52,36,38,38],"gold":192,"neow_bonus":"THREE_ENEMY_KILL","is_daily":false,"chose_seed":false,"campfire_upgraded":1,"win_rate":0.0,"timestamp":1608910784,"path_taken":["M","?","?","?","$","E","R","E","T","E","M","M","E","M","R","BOSS","M","$","M","?","M","M"],"items_purchased_type":["Relic","Card"],"build_version":"2020-12-22","purchased_purges":1,"victory":false,"max_hp_per_floor":[75,75,75,75,75,75,75,75,75,75,75,75,75,75,75,75,75,75,75,75,75,75,75,75],"card_choices":[{"not_picked":["Flex","Heavy Blade"],"picked":"Dark Embrace","floor":1.0},{"not_picked":["Clothesline","True Grit","Clash"],"picked":"SKIP","floor":3.0},{"not_picked":["Dual Wield","Barricade"],"picked":"Wild Strike","floor":6.0},{"not_picked":["Cleave+1","Sword Boomerang+1"],"picked":"Berserk","floor":8.0},{"not_picked":["Thunderclap+1","Iron Wave+1"],"picked":"Body Slam+1","floor":10.0},{"not_picked":["Heavy Blade+1","Wild Strike+1"],"picked":"Havoc","floor":11.0},{"not_picked":["Warcry","Headbutt+1"],"picked":"Power Through","floor":12.0},{"not_picked":["Ghostly Armor","Warcry"],"picked":"Uppercut+1","floor":13.0},{"not_picked":["Cleave+1","Headbutt+1"],"picked":"Metallicize","floor":14},{"not_picked":["Limit Break","Barricade"],"picked":"Corruption","floor":16},{"not_picked":["Flame Barrier","Rage"],"picked":"Armaments+1","floor":18},{"not_picked":["Clothesline+1","Thunderclap+1","Spot Weakness"],"picked":"SKIP","floor":20},{"not_picked":["Reckless Charge+1","Shrug It Off","Anger+1"],"picked":"SKIP","floor":22}],"player_experience":447086,"relics_obtained":[{"floor":6.0,"key":"Blood Vial"},{"floor":8.0,"key":"Molten Egg 2"},{"floor":9.0,"key":"White Beast Statue"},{"floor":10.0,"key":"Girya"},{"floor":13.0,"key":"Sundial"}],"event_choices":[{"damage_healed":0.0,"max_hp_gain":0.0,"max_hp_loss":0.0,"gold_gain":0.0,"event_name":"WeMeetAgain","player_choice":"Paid Gold","floor":2.0,"gold_loss":61.0,"damage_taken":0.0,"relics_obtained":["Lizard Tail"]},{"damage_healed":0.0,"max_hp_gain":0.0,"max_hp_loss":0.0,"gold_gain":75.0,"event_name":"World of Goop","player_choice":"Gather Gold","floor":4.0,"gold_loss":0.0,"damage_taken":11.0},{"damage_healed":0,"gold_gain":0,"player_choice":"Ignored","damage_taken":0,"max_hp_gain":0,"max_hp_loss":0,"event_name":"Ghosts","floor":21,"gold_loss":0}],"is_beta":false,"boss_relics":[{"not_picked":["Runic Cube","Astrolabe"],"picked":"Pandora\u0027s Box"}],"items_purged_floors":[19],"is_endless":false,"potions_floor_spawned":[3,6,10,11,12,13,14,16,18,20,22],"killed_by":"3 Cultists","ascension_level":15}}