{"host":"o54aw4mfims5m8ve","time":1608905287,"event":{"mods":["BaseMod","Downfall","Minty Spire (QoL Compilation)","StSLib","The Cursed","The Saiyan","The Senshi"],"gold_per_floor":[117,128,139,159,169,169,188,202,226,226,246,24,24,38,38,142,142,161,177,177,177,187,187,204,239,312,326,326,326,342,359,359,456,456,469,222,222,97,114,147,147,147,147,165,185,218,218,229,229,229],"floor_reached":51,"playtime":5076,"items_purged":["theSenshi:SailorBlock","theSenshi:SailorKick","theSenshi:SailorKick+1"],"score":877,"play_id":"2f173670-2344-4783-a642-8d084aeba5ad","local_time":"20201225140807","is_ascension_mode":false,"campfire_choices":[{"data":"theSenshi:SailorMercuryAssists","floor":6,"key":"SMITH"},{"data":"theSenshi:MoonCrisisMakeUp","floor":10,"key":"SMITH"},{"data":"theSenshi:SailorKick","floor":15,"key":"SMITH"},{"data":"theSenshi:MoonGorgeousMeditation","floor":23,"key":"SMITH"},{"floor":29,"key":"REST"},{"data":"theSenshi:MercurysCunning","floor":32,"key":"SMITH"},{"data":"theSenshi:CrisisMakeUp","floor":42,"key":"SMITH"},{"floor":49,"key":"REST"}],"circlet_count":0,"master_deck":["theSenshi:SailorKick+1","theSenshi:SailorKick+1","theSenshi:SailorBlock+1","theSenshi:SailorBlock+1","theSenshi:SailorBlock+1","theSenshi:RoseThrow+1","theSenshi:MoonPrismPowerMakeUp+1","theSenshi:MoonsReflection+1","theSenshi:SailorMercuryAssists+1","theSenshi:Sidestep+1","theSenshi:MoonCrisisMakeUp+1","theSenshi:SailorUranusAssists+1","theSenshi:MoonGorgeousMeditation+1","theSenshi:OdangoHead+1","theSenshi:MercurysCunning+1","theSenshi:WarriorOfTheMoon+1","theSenshi:CrisisMakeUp+1","theSenshi:SailorMarsAssists+1"],"relics":["theSenshi:TransformationBroochRelic","theSenshi:SailorFukuRelic","theSenshi:RoseRelic","Busted Crown","theSenshi:CrescentMoonWandRelic","Centennial Puzzle","White Beast Statue","Sozu","theSenshi:ChokerRelic","Mark of the Bloom","theSenshi:HolyGrailRelic","Blood Vial","Bronze Scales"],"acts_visited":["Exordium","TheCity","TheBeyond"],"potions_floor_usage":[5,11,11,16,16,25,30,30,33,33,50],"damage_taken":[{"damage":0,"enemies":"Small Slimes","floor":1,"turns":4},{"damage":0,"enemies":"Cultist","floor":2,"turns":4},{"damage":0,"enemies":"2 Louse","floor":3,"turns":3},{"damage":1,"enemies":"Exordium Wildlife","floor":4,"turns":5},{"damage":1,"enemies":"3 Louse","floor":5,"turns":7},{"damage":4,"enemies":"Blue Slaver","floor":7,"turns":6},{"damage":3,"enemies":"2 Fungi Beasts","floor":8,"turns":6},{"damage":0,"enemies":"Lots of Slimes","floor":11,"turns":4},{"damage":0,"enemies":"Exordium Wildlife","floor":14,"turns":8},{"damage":3,"enemies":"The Guardian","floor":16,"turns":14},{"damage":17,"enemies":"Spheric Guardian","floor":18,"turns":5},{"damage":0,"enemies":"Shell Parasite","floor":19,"turns":6},{"damage":17,"enemies":"Snake Plant","floor":22,"turns":4},{"damage":14,"enemies":"3 Cultists","floor":24,"turns":5},{"damage":11,"enemies":"Gremlin Leader","floor":25,"turns":6},{"damage":8,"enemies":"Centurion and Healer","floor":27,"turns":6},{"damage":16,"enemies":"Chosen and Byrds","floor":30,"turns":5},{"damage":0,"enemies":"3 Cultists","floor":31,"turns":6},{"damage":16,"enemies":"Automaton","floor":33,"turns":14},{"damage":1,"enemies":"Orb Walker","floor":35,"turns":4},{"damage":0,"enemies":"3 Shapes","floor":39,"turns":4},{"damage":0,"enemies":"Giant Head","floor":40,"turns":12},{"damage":0,"enemies":"Transient","floor":44,"turns":5},{"damage":0,"enemies":"3 Darklings","floor":45,"turns":4},{"damage":0,"enemies":"Nemesis","floor":46,"turns":11},{"damage":0,"enemies":"Maw","floor":48,"turns":10},{"damage":9,"enemies":"Awakened One","floor":50,"turns":14}],"seed_played":"5895112968493816809","potions_obtained":[{"floor":2,"key":"Explosive Potion"},{"floor":4,"key":"Dexterity Potion"},{"floor":5,"key":"Fruit Juice"},{"floor":11,"key":"Fruit Juice"},{"floor":14,"key":"Guardian:BlockOnCardUsePotion"},{"floor":22,"key":"LiquidMemories"},{"floor":24,"key":"SmokeBomb"},{"floor":25,"key":"hexamod:EctoCoolerPotion"},{"floor":27,"key":"DistilledChaos"},{"floor":30,"key":"Ancient Potion"},{"floor":31,"key":"hexamod:EctoCoolerPotion"},{"floor":33,"key":"hexamod:EctoCoolerPotion"}],"is_trial":false,"path_per_floor":["M","M","M","M","M","R","M","M","T","R","M","$","?","M","R","B",null,"M","M","?","T","M","R","M","E","T","M","?","R","M","M","R","B",null,"M","$","?","$","M","E","?","R","T","M","M","E","?","M","R","B",null],"character_chosen":"THE_SENSHI","items_purchased":["theSenshi:RoseRelic","theSenshi:ChokerRelic"],"campfire_rested":2,"item_purchase_floors":[12,36],"current_hp_per_floor":[82,82,82,81,85,85,81,78,78,78,83,83,83,83,83,80,92,75,75,75,75,58,58,44,33,33,25,25,52,36,36,36,20,92,91,91,91,91,91,91,91,91,91,91,91,91,91,91,91,82],"gold":229,"neow_bonus":"TEN_PERCENT_HP_BONUS","is_daily":false,"chose_seed":false,"campfire_upgraded":6,"win_rate":0.0,"timestamp":1608905287,"path_taken":["M","M","M","M","M","R","M","M","T","R","M","$","?","M","R","BOSS","M","?","?","?","M","R","M","E","T","M","?","R","M","M","R","BOSS","M","$","?","$","M","E","?","R","T","M","?","E","?","M","R","BOSS"],"items_purchased_type":["Relic","Relic"],"build_version":"2020-12-22","purchased_purges":3,"victory":true,"max_hp_per_floor":[82,82,82,82,87,87,87,87,87,87,92,92,92,92,92,92,92,92,92,92,92,92,92,92,92,92,92,92,92,92,92,92,92,92,92,92,92,92,92,92,92,92,92,92,92,92,92,92,92,92],"card_choices":[{"not_picked":["theSenshi:SupersonicWaves","theSenshi:MoonSpiralHeartAttack"],"picked":"theSenshi:MoonsReflection","floor":1},{"not_picked":["theSenshi:SailorV","theSenshi:MoonTiaraMagic"],"picked":"theSenshi:SailorMercuryAssists","floor":2},{"not_picked":["theSenshi:LateForSchool","theSenshi:TallSilhouette","theSenshi:SailorChibiMoonAssists"],"picked":"SKIP","floor":3},{"not_picked":["theSenshi:SilverMoonCrystalPowerKiss","theSenshi:SailorChibiMoonAssists"],"picked":"theSenshi:Sidestep","floor":4},{"not_picked":["theSenshi:TuxedoSmokingBomber","theSenshi:SailorChibiMoonAssists","theSenshi:MoonPower"],"picked":"SKIP","floor":5},{"not_picked":["theSenshi:LunasBite","theSenshi:MoonPunch"],"picked":"theSenshi:MoonCrisisMakeUp","floor":7},{"not_picked":["theSenshi:SailorVenusAssists","theSenshi:KlutzyLuck","theSenshi:Sidestep"],"picked":"SKIP","floor":8},{"not_picked":["theSenshi:TallSilhouette","theSenshi:SailorMarsAssists"],"picked":"theSenshi:SailorUranusAssists","floor":11},{"not_picked":["theSenshi:MoonPower","theSenshi:EncouragingSpeech","theSenshi:SupersonicWaves"],"picked":"SKIP","floor":14},{"not_picked":["theSenshi:StudyParty","theSenshi:InTheNameOfTheMoon"],"picked":"theSenshi:MoonGorgeousMeditation","floor":16},{"not_picked":["theSenshi:LateForSchool+1"],"picked":"SKIP","floor":18},{"not_picked":["theSenshi:TuxedoSmokingBomber"],"picked":"SKIP","floor":19},{"not_picked":["theSenshi:SailorMercuryAssists+1"],"picked":"SKIP","floor":22},{"not_picked":[],"picked":"theSenshi:OdangoHead","floor":24},{"not_picked":["theSenshi:FatedKiss"],"picked":"SKIP","floor":25},{"not_picked":["theSenshi:MoonCrisisMakeUp"],"picked":"SKIP","floor":27},{"not_picked":["theSenshi:MoonPower"],"picked":"SKIP","floor":30},{"not_picked":[],"picked":"theSenshi:MercurysCunning","floor":31},{"not_picked":[],"picked":"theSenshi:WarriorOfTheMoon","floor":33},{"not_picked":["theSenshi:SchoolBag+1"],"picked":"SKIP","floor":35},{"not_picked":[],"picked":"theSenshi:CrisisMakeUp","floor":39},{"not_picked":["theSenshi:SchoolBag+1"],"picked":"SKIP","floor":40},{"not_picked":["theSenshi:MoonTiaraMagic"],"picked":"SKIP","floor":44},{"not_picked":[],"picked":"theSenshi:SailorMarsAssists+1","floor":45},{"not_picked":["theSenshi:SailorMarsAssists+1"],"picked":"SKIP","floor":46},{"not_picked":["theSenshi:MoonTiaraMagic"],"picked":"SKIP","floor":48}],"player_experience":159760,"relics_obtained":[{"floor":9,"key":"theSenshi:SailorFukuRelic"},{"floor":21,"key":"theSenshi:CrescentMoonWandRelic"},{"floor":25,"key":"Centennial Puzzle"},{"floor":26,"key":"White Beast Statue"},{"floor":40,"key":"theSenshi:HolyGrailRelic"},{"floor":43,"key":"Blood Vial"},{"floor":46,"key":"Bronze Scales"}],"event_choices":[{"damage_healed":0,"gold_gain":0,"player_choice":"Upgraded","damage_taken":0,"max_hp_gain":0,"max_hp_loss":0,"event_name":"Upgrade Shrine","floor":13,"gold_loss":0,"cards_upgraded":["theSenshi:SailorUranusAssists"]},{"damage_healed":0,"gold_gain":0,"player_choice":"Ignored","damage_taken":0,"max_hp_gain":0,"max_hp_loss":0,"event_name":"Vampires","floor":20,"gold_loss":0},{"damage_healed":0,"gold_gain":0,"player_choice":"Upgrade","damage_taken":0,"relics_obtained":["Mark of the Bloom"],"max_hp_gain":0,"max_hp_loss":0,"event_name":"MindBloom","floor":37,"gold_loss":0,"cards_upgraded":["theSenshi:SailorKick","theSenshi:SailorKick","theSenshi:SailorBlock","theSenshi:SailorBlock","theSenshi:SailorBlock","theSenshi:RoseThrow","theSenshi:MoonPrismPowerMakeUp","theSenshi:MoonsReflection","theSenshi:Sidestep","theSenshi:OdangoHead","theSenshi:WarriorOfTheMoon"]},{"damage_healed":0,"gold_gain":0,"player_choice":"Got Potions","damage_taken":0,"max_hp_gain":0,"max_hp_loss":0,"event_name":"Lab","floor":41,"gold_loss":0},{"damage_healed":0,"gold_gain":0,"player_choice":"Ignored","damage_taken":0,"max_hp_gain":0,"max_hp_loss":0,"event_name":"Tomb of Lord Red Mask","floor":47,"gold_loss":0}],"is_beta":false,"boss_relics":[{"not_picked":["Philosopher\u0027s Stone","Cursed Key"],"picked":"Busted Crown"},{"not_picked":["Snecko Eye","Fusion Hammer"],"picked":"Sozu"}],"items_purged_floors":[12,36,38],"is_endless":false,"potions_floor_spawned":[2,4,5,11,14,22,24,25,27,30,31,33,35,39,40,44,45,46,48],"ascension_level":0}}