{"host":"qxeepl7ydvsgmfdb","time":1608912617,"event":{"mods":["AchievementEnabler","BaseMod","Colored Powertips","Minty Spire (QoL Compilation)","Quick Restart","slay the spire mod where everything is the same but ironclad has a cowboy hat"],"gold_per_floor":[119,119,119,119,119,119,133,166,191,218,230,22,22,54,54,158,158,177,211,121,121],"floor_reached":20,"playtime":475,"items_purged":[],"score":264,"play_id":"1a309c4d-1407-4e16-9aca-523dbc272b31","local_time":"20201225111017","is_ascension_mode":true,"campfire_choices":[{"floor":6,"key":"REST"},{"floor":13,"key":"REST"},{"floor":15,"key":"REST"}],"circlet_count":0,"master_deck":["Strike_G","Strike_G","Strike_G","Strike_G","Strike_G+1","Defend_G","Defend_G+1","Defend_G","Defend_G","Defend_G","Survivor","Neutralize","Noxious Fumes+1","Regret","Dagger Spray","Venomology","Deadly Poison","Backflip"],"relics":["Ring of the Snake","NeowsBlessing","Matryoshka","Anchor","Lantern","Blood Vial","Smiling Mask","Odd Mushroom","Centennial Puzzle","Snake Skull","WristBlade","Red Mask"],"acts_visited":["Exordium","TheCity"],"potions_floor_usage":[14,14,16,19,20,20],"damage_taken":[{"damage":0,"enemies":"2 Louse","floor":1,"turns":1},{"damage":0,"enemies":"Jaw Worm","floor":7,"turns":1},{"damage":0,"enemies":"Lagavulin","floor":8,"turns":1},{"damage":34,"enemies":"The Mushroom Lair","floor":10,"turns":5},{"damage":2,"enemies":"Small Slimes","floor":11,"turns":4},{"damage":20,"enemies":"3 Sentries","floor":14,"turns":3},{"damage":36,"enemies":"Slime Boss","floor":16,"turns":10},{"damage":21,"enemies":"Chosen","floor":18,"turns":5},{"damage":26,"enemies":"Masked Bandits","floor":19,"turns":5},{"damage":31,"enemies":"2 Thieves","floor":20,"turns":3}],"seed_played":"-7785265073593109312","potions_obtained":[{"floor":7,"key":"BlessingOfTheForge"},{"floor":8,"key":"BlessingOfTheForge"},{"floor":11,"key":"Dexterity Potion"},{"floor":16,"key":"CunningPotion"}],"is_trial":false,"path_per_floor":["M","?","?","?","?","R","M","E","T","?","M","$","R","E","R","B",null,"M","?","M"],"character_chosen":"THE_SILENT","items_purchased":["Centennial Puzzle","Deadly Poison"],"campfire_rested":3,"item_purchase_floors":[12,12],"current_hp_per_floor":[63,51,37,37,37,58,58,58,58,26,26,26,47,29,50,16,57,38,14,0,0],"gold":121,"neow_bonus":"THREE_ENEMY_KILL","is_daily":false,"chose_seed":false,"campfire_upgraded":0,"win_rate":0.0,"timestamp":1608912617,"path_taken":["M","?","?","?","?","R","M","E","T","?","?","$","R","E","R","BOSS","M","?","M"],"items_purchased_type":["Relic","Card"],"build_version":"2020-12-22","purchased_purges":0,"victory":false,"max_hp_per_floor":[70,70,70,70,70,70,70,70,70,70,70,70,70,70,70,70,70,70,70,70,70],"card_choices":[{"not_picked":["Sucker Punch","Skewer"],"picked":"Noxious Fumes","floor":1},{"not_picked":["Endless Agony","Predator"],"picked":"Dagger Spray","floor":7},{"not_picked":["Leg Sweep","Masterful Stab","Finisher"],"picked":"SKIP","floor":8},{"not_picked":["Prepared","Bane"],"picked":"Venomology","floor":11},{"not_picked":["Catalyst","Prepared","Dodge and Roll"],"picked":"SKIP","floor":14},{"not_picked":["Endless Agony","Caltrops+1"],"picked":"Backflip","floor":18}],"player_experience":384161,"relics_obtained":[{"floor":8,"key":"Lantern"},{"floor":9,"key":"Blood Vial"},{"floor":9,"key":"Smiling Mask"},{"floor":10,"key":"Odd Mushroom"},{"floor":14,"key":"Snake Skull"},{"floor":19,"key":"Red Mask"}],"event_choices":[{"damage_healed":0,"gold_gain":0,"player_choice":"Success","damage_taken":12,"relics_obtained":["Matryoshka"],"max_hp_gain":0,"max_hp_loss":0,"event_name":"Scrap Ooze","floor":2,"gold_loss":0},{"damage_healed":0,"gold_gain":0,"player_choice":"Entered Light","damage_taken":14,"max_hp_gain":0,"max_hp_loss":0,"event_name":"Shining Light","floor":3,"gold_loss":0,"cards_upgraded":["Defend_G","Strike_G"]},{"damage_healed":0,"gold_gain":0,"player_choice":"Box","damage_taken":0,"relics_obtained":["Anchor"],"max_hp_gain":0,"max_hp_loss":0,"event_name":"Big Fish","floor":4,"gold_loss":0,"cards_obtained":["Regret"]},{"damage_healed":0,"gold_gain":0,"player_choice":"Grow","damage_taken":0,"max_hp_gain":0,"max_hp_loss":0,"event_name":"Living Wall","floor":5,"gold_loss":0,"cards_upgraded":["Noxious Fumes"]},{"damage_healed":0,"gold_gain":0,"player_choice":"Fought Mushrooms","damage_taken":0,"max_hp_gain":0,"max_hp_loss":0,"event_name":"Mushrooms","floor":10,"gold_loss":0},{"damage_healed":0,"gold_gain":0,"player_choice":"Fought Bandits","damage_taken":0,"max_hp_gain":0,"max_hp_loss":0,"event_name":"Masked Bandits","floor":19,"gold_loss":0}],"is_beta":false,"boss_relics":[{"not_picked":["Philosopher\u0027s Stone","Tiny House"],"picked":"WristBlade"}],"items_purged_floors":[],"is_endless":false,"potions_floor_spawned":[7,8,11,16,18],"killed_by":"2 Thieves","ascension_level":6}}