{"host":"ÇïÍ¥»¨¿ªÃÎÀïÏã","time":1608872845,"event":{"mods":["ATMod(°¢èªMod)","BaseMod","Custom Start","Minty Spire (QoL Compilation)","Replay The Spire","StSLib","Waifu the Spire","¡¾ÒÅÎï¿¨ÅÆ¡¿REMEMod"],"gold_per_floor":[112,112,112,112,125,163,163,163,163,238,163,163,163,184,184,313,313,338,338,93,93,192,192,192,213,213,213,62,62,62,62,62,188,188,208,232,232,232,232,263,263,263,263,138,179,243,243,287,287,287],"floor_reached":51,"playtime":511,"items_purged":["Strike_R","Strike_R","Eclipse"],"score":974,"play_id":"286abf8a-704c-4ace-8074-007ff7e4efe2","local_time":"20201225130725","daily_mods":["Heirloom","Flight"],"is_ascension_mode":false,"campfire_choices":[{"data":"Shockwave","floor":15,"key":"SMITH"},{"data":"Pommel Strike","floor":23,"key":"SMITH"},{"data":"Sword Boomerang","floor":27,"key":"SMITH"},{"data":"Bash","floor":32,"key":"SMITH"},{"floor":49,"key":"REST"}],"circlet_count":0,"master_deck":["Bash+1","Sword Boomerang+1","Shockwave+1","Pommel Strike+1","Perfected Strike+1","Flame Barrier+1","Fire Breathing+1","Dropkick+1","Rampage+1","LessonLearned+1","Sunder+1","REME_SelfUpgrade+1"],"relics":["Burning Blood","AT_ATBox","REME_ComplimentaryCards","Ring of Chaos","Incense Burner","Golden Idol","NeowsBlessing","NeowsBlessing","Frozen Egg 2","NeowsBlessing","NeowsBlessing","Replay:Bottled Steam","NeowsBlessing","Black Star","NeowsBlessing","Medical Kit","NeowsBlessing","Molten Egg 2","PrismaticShard","NeowsBlessing","NeowsBlessing","NeowsBlessing","Pandora\u0027s Box","NeowsBlessing","NeowsBlessing","NeowsBlessing","Sundial","Replay:Ringing Soul","NeowsBlessing","NeowsBlessing","Replay:WaspNest","Ornamental Fan","AT_GuinsooRageblade","Toxic Egg 2","Mercury Hourglass","NeowsBlessing","Strawberry","Self Forming Clay"],"acts_visited":["Exordium","TheCity","TheBeyond"],"potions_floor_usage":[],"damage_taken":[{"damage":7,"enemies":"Small Slimes","floor":1,"turns":3},{"damage":0,"enemies":"2 Louse","floor":5,"turns":1},{"damage":0,"enemies":"Gremlin Nob","floor":6,"turns":1},{"damage":0,"enemies":"Cultist","floor":14,"turns":1},{"damage":0,"enemies":"The Guardian","floor":16,"turns":1},{"damage":0,"enemies":"2 Thieves","floor":18,"turns":1},{"damage":0,"enemies":"Spheric Guardian","floor":25,"turns":2},{"damage":0,"enemies":"Pondfish","floor":33,"turns":1},{"damage":6,"enemies":"3 Shapes","floor":35,"turns":4},{"damage":0,"enemies":"3 Darklings","floor":36,"turns":1},{"damage":0,"enemies":"R_Hoarder","floor":40,"turns":1},{"damage":0,"enemies":"Reptomancer","floor":45,"turns":1},{"damage":0,"enemies":"R_Hoarder","floor":46,"turns":2},{"damage":0,"enemies":"Giant Head","floor":48,"turns":1},{"damage":0,"enemies":"Time Eater","floor":50,"turns":1}],"seed_played":"-3115621869748717201","potions_obtained":[{"floor":5,"key":"Languid Potion"},{"floor":16,"key":"FearPotion"},{"floor":18,"key":"Regen Potion"}],"is_trial":true,"path_per_floor":["M","?","WH","WH","M","E","WH","WH","T","?","$","?","WH","M","R","B",null,"M","WH","$","WH","?","R","?","M","T","R","$","WH","WH","WH","R","B",null,"M","M","WH","WH","WH","E","WH","WH","T","$","E","E","WH","E","R","B",null],"character_chosen":"IRONCLAD","items_purchased":["Medical Kit","PrismaticShard"],"campfire_rested":1,"item_purchase_floors":[20,28],"current_hp_per_floor":[79,74,74,74,74,74,74,74,74,63,63,63,63,69,69,74,74,74,74,74,74,74,74,74,74,74,74,74,74,74,74,74,74,74,74,74,74,74,74,77,77,77,77,77,77,80,80,90,90,90],"gold":287,"neow_bonus":"THREE_ENEMY_KILL","is_daily":false,"chose_seed":false,"campfire_upgraded":4,"win_rate":0.0,"timestamp":1608872845,"path_taken":["M","?","WH","WH","M","E","WH","WH","T","?","$","?","WH","?","R","BOSS","M","WH","$","WH","?","R","?","?","T","R","$","WH","WH","WH","R","BOSS","M","M","WH","WH","WH","E","WH","WH","T","$","E","E","WH","E","R","BOSS"],"items_purchased_type":["Relic","Relic"],"build_version":"2020-12-18","purchased_purges":3,"victory":true,"max_hp_per_floor":[80,74,74,74,74,74,74,74,74,74,74,74,74,74,74,74,74,74,74,74,74,74,74,74,74,74,74,74,74,74,74,74,74,74,74,74,74,74,74,77,77,77,77,77,77,80,80,90,90,90],"card_choices":[{"not_picked":["True Grit","Warcry"],"picked":"Sword Boomerang","floor":1},{"not_picked":["Havoc","Shrug It Off","AT_BodySlamDance"],"picked":"SKIP","floor":5},{"not_picked":["AT_ManFootWork","ReplayTheSpireMod:Muscle Training"],"picked":"Shockwave","floor":6},{"not_picked":["Sever Soul","ReplayReversal"],"picked":"Pommel Strike","floor":14},{"not_picked":["Perfected Strike+1","Run Through","Sentinel"],"picked":"SKIP","floor":18},{"not_picked":["Warcry+1","Infernal Blade+1","Shockwave"],"picked":"SKIP","floor":25},{"not_picked":["Replay:Sssssssssstrike+1","Go for the Eyes+1","PiercingWail"],"picked":"SKIP","floor":35},{"not_picked":["Warcry+1","Prostrate","Endless Agony+1"],"picked":"SKIP","floor":36},{"not_picked":["Hemokinesis+1","Gash+1"],"picked":"LessonLearned+1","floor":40},{"not_picked":["Redo+1","Prepared","Protect+1"],"picked":"SKIP","floor":45},{"not_picked":["Dagger Throw+1","Poisoned Strike+1"],"picked":"Sunder+1","floor":46},{"not_picked":["ReplayTheSpireMod:Strike From Hell+1","Havoc+1"],"picked":"REME_SelfUpgrade+1","floor":48}],"player_experience":459975,"relics_obtained":[{"floor":6,"key":"Frozen Egg 2"},{"floor":9,"key":"Replay:Bottled Steam"},{"floor":26,"key":"Molten Egg 2"},{"floor":40,"key":"Sundial"},{"floor":40,"key":"Replay:Ringing Soul"},{"floor":43,"key":"Replay:WaspNest"},{"floor":45,"key":"Ornamental Fan"},{"floor":45,"key":"AT_GuinsooRageblade"},{"floor":46,"key":"Toxic Egg 2"},{"floor":46,"key":"Mercury Hourglass"},{"floor":48,"key":"Strawberry"},{"floor":48,"key":"Self Forming Clay"}],"event_choices":[{"damage_healed":0,"gold_gain":0,"player_choice":"Lose Max HP","damage_taken":0,"relics_obtained":["Golden Idol"],"max_hp_gain":0,"max_hp_loss":6,"event_name":"Golden Idol","floor":2,"gold_loss":0},{"damage_healed":0,"gold_gain":75,"player_choice":"Gather Gold","damage_taken":11,"max_hp_gain":0,"max_hp_loss":0,"event_name":"World of Goop","floor":10,"gold_loss":0},{"damage_healed":0,"gold_gain":0,"player_choice":"0 cards matched","damage_taken":0,"max_hp_gain":0,"max_hp_loss":0,"event_name":"Match and Keep!","floor":12,"gold_loss":0,"cards_obtained":[]},{"damage_healed":0,"gold_gain":99,"player_choice":"Stole From Cult","damage_taken":0,"max_hp_gain":0,"max_hp_loss":0,"event_name":"Nest","floor":22,"gold_loss":0},{"cards_removed":["Strike_R"],"damage_healed":0,"gold_gain":0,"player_choice":"Purged","damage_taken":0,"max_hp_gain":0,"max_hp_loss":0,"event_name":"Purifier","floor":24,"gold_loss":0}],"is_beta":true,"boss_relics":[{"not_picked":["Electric Blood","REME_DuelDisc"],"picked":"Black Star"},{"not_picked":["ReplayTheSpireMod:DimensionalGlitch","Philosopher\u0027s Stone"],"picked":"Pandora\u0027s Box"}],"items_purged_floors":[11,20,44],"is_endless":false,"potions_floor_spawned":[5,16,18,45,48],"ascension_level":0}}