{"host":"9mnb7pbo3pfmmmyl","time":1608935827,"event":{"mods":["ATMod(阿瑾Mod)","Ascension Reborn","BaseMod","Conspire","Highlight Path","Minty Spire (QoL Compilation)","MostiFishMod","Quick Restart","Shop Mod","Spicy Shops","StSLib","TestMod","【功能Mod】聪明的最终Boss","【遗物卡牌】REMEMod","篝火指南"],"gold_per_floor":[113,128,28,37,66,91,91,106,106,130,140,151,172,181,181,242,242,252,265,265,281,289,315,329,329,329,350,363,377,398,408,408,468,468,483,483,123,134,134,134,161,171,171,433,445,445,454,480,480,480,480],"floor_reached":50,"playtime":2942,"items_purged":["Defend_G","Strike_G","Strike_G"],"score":1279,"play_id":"4580be79-7154-4251-97d7-8c8c12af3ad7","local_time":"20201226063707","is_ascension_mode":true,"campfire_choices":[{"data":"AT_Dispersion","floor":7,"key":"SMITH"},{"data":"AT_ArcaneSupremacy","floor":15,"key":"SMITH"},{"data":"AT_ThistleTea","floor":32,"key":"SMITH"},{"data":"AT_EmpoweredMortalDraw","floor":40,"key":"SMITH"},{"data":"MostiFishMod:HiddenBlade","floor":46,"key":"SMITH"},{"floor":49,"key":"RECALL"}],"circlet_count":0,"master_deck":["Strike_G","Strike_G","Defend_G","Defend_G","Defend_G","Defend_G","Survivor","Neutralize","AscMod:ascendersbane","AT_Dispersion+1","Bandage Up","Escape Plan","AT_WindFlip","AT_ArcaneSupremacy+1","AT_ThistleTea+1","AT_EmpoweredMortalDraw+1","MostiFishMod:HiddenBlade+1"],"relics":["testmod-TestBox","DaveBox","REME_ComplimentaryCards","AT_ATBox","ShadowXiaoBlade","testmod-InfectionSource","conspire:SpecialSausage","SynthV:TestCard","Paper Crane","Mercury Hourglass","testmod-OneHitWonder","Anchor","Snake Skull","Bottled Lightning","Pear","Bronze Scales","AT_MortalBlade","Mummified Hand","Toy Ornithopter","Potion Belt","Meat on the Bone","Old Coin","conspire:Flyswatter"],"acts_visited":["Exordium","TheCity","TheBeyond"],"potions_floor_usage":[6,10,13,14,14,21,28,35,41,50],"damage_taken":[{"damage":0,"enemies":"Jaw Worm","floor":1,"turns":3},{"damage":0,"enemies":"Small Slimes","floor":2,"turns":4},{"damage":0,"enemies":"conspire:RoseBush","floor":4,"turns":4},{"damage":6,"enemies":"conspire:MimicChest","floor":5,"turns":4},{"damage":25,"enemies":"Gremlin Nob","floor":6,"turns":4},{"damage":0,"enemies":"Blue Slaver","floor":8,"turns":3},{"damage":10,"enemies":"3 Sentries","floor":10,"turns":5},{"damage":0,"enemies":"Lots of Slimes","floor":11,"turns":1},{"damage":1,"enemies":"Large Slime","floor":12,"turns":4},{"damage":1,"enemies":"Gremlin Nob","floor":13,"turns":3},{"damage":11,"enemies":"Exordium Thugs","floor":14,"turns":3},{"damage":0,"enemies":"The Guardian","floor":16,"turns":7},{"damage":6,"enemies":"Chosen","floor":18,"turns":4},{"damage":0,"enemies":"3 Byrds","floor":19,"turns":3},{"damage":0,"enemies":"Snake Plant","floor":21,"turns":5},{"damage":5,"enemies":"3 Cultists","floor":22,"turns":4},{"damage":12,"enemies":"Book of Stabbing","floor":23,"turns":6},{"damage":0,"enemies":"Centurion and Healer","floor":24,"turns":7},{"damage":22,"enemies":"REME_1_Revenger","floor":27,"turns":5},{"damage":20,"enemies":"Shelled Parasite and Fungi","floor":28,"turns":4},{"damage":1,"enemies":"Sentry and Sphere","floor":29,"turns":3},{"damage":15,"enemies":"Book of Stabbing","floor":30,"turns":5},{"damage":1,"enemies":"Snake Plant","floor":31,"turns":4},{"damage":9,"enemies":"Automaton","floor":33,"turns":11},{"damage":8,"enemies":"3 Shapes","floor":35,"turns":5},{"damage":6,"enemies":"3 Darklings","floor":38,"turns":3},{"damage":5,"enemies":"Nemesis","floor":41,"turns":5},{"damage":21,"enemies":"Transient","floor":42,"turns":6},{"damage":0,"enemies":"Giant Head","floor":44,"turns":5},{"damage":2,"enemies":"4 Shapes","floor":45,"turns":4},{"damage":26,"enemies":"Spire Growth","floor":47,"turns":4},{"damage":12,"enemies":"Nemesis","floor":48,"turns":6},{"damage":130,"enemies":"conspire:OrnateMirror","floor":50,"turns":6}],"seed_played":"2793316605975344593","potions_obtained":[{"floor":1,"key":"SkillPotion"},{"floor":4,"key":"Explosive Potion"},{"floor":10,"key":"Fruit Juice"},{"floor":11,"key":"LiquidMemories"},{"floor":13,"key":"Swift Potion"},{"floor":16,"key":"SteroidPotion"},{"floor":19,"key":"Block Potion"},{"floor":27,"key":"Block Potion"},{"floor":28,"key":"CultistPotion"},{"floor":29,"key":"SteroidPotion"},{"floor":31,"key":"SneckoOil"},{"floor":38,"key":"AttackPotion"},{"floor":41,"key":"Dexterity Potion"},{"floor":42,"key":"Explosive Potion"}],"is_trial":false,"path_per_floor":["M","M","$","M","?","E","R","M","T","E","M","M","E","M","R","B",null,"M","M","?","M","M","E","M","?","T","E","M","M","E","M","R","B",null,"M","?","$","M","$","R","E","M","T","E","M","R","M","E","R","B"],"character_chosen":"THE_SILENT","items_purchased":["Toy Ornithopter"],"campfire_rested":0,"item_purchase_floors":[37],"current_hp_per_floor":[66,69,69,70,64,45,45,48,48,45,45,47,49,41,41,44,62,59,62,74,75,75,65,68,68,68,57,40,48,36,38,38,32,65,63,63,63,60,60,60,62,44,44,47,48,48,35,36,36,0,0],"gold":480,"neow_bonus":"BOSS_RELIC","is_daily":false,"chose_seed":false,"campfire_upgraded":5,"win_rate":0.0,"timestamp":1608935827,"path_taken":["M","M","$","M","?","E","R","M","T","E","M","M","E","M","R","BOSS","M","M","?","M","M","E","M","?","T","E","M","M","E","M","R","BOSS","M","?","$","M","$","R","E","M","T","E","?","R","M","E","R","BOSS"],"items_purchased_type":["Relic"],"build_version":"2020-12-22","purchased_purges":3,"victory":false,"max_hp_per_floor":[70,70,70,70,70,70,70,70,70,75,75,75,75,75,75,75,75,75,75,75,75,77,77,77,77,77,87,87,87,87,87,87,87,87,87,87,87,87,87,87,87,87,87,87,87,87,87,87,87,87,87],"card_choices":[{"not_picked":["Choke","Backflip"],"picked":"Escape Plan","floor":1},{"not_picked":["Sucker Punch","Dagger Throw","Bouncing Flask","Heel Hook","Prepared"],"picked":"SKIP","floor":2},{"not_picked":["Dagger Throw","Backflip","Deflect","Poisoned Stab","MostiFishMod:FrostNova"],"picked":"SKIP","floor":4},{"not_picked":["Dagger Spray","Prepared","Underhanded Strike","Bane"],"picked":"AT_WindFlip","floor":5},{"not_picked":["Sucker Punch","MostiFishMod:PerfectParry","AT_TwilightShroud","MostiFishMod:Confrontation","Grand Finale"],"picked":"SKIP","floor":6},{"not_picked":["MostiFishMod:FrostNova","Prepared","Dagger Spray","Underhanded Strike","PiercingWail"],"picked":"SKIP","floor":8},{"not_picked":["Poisoned Stab","Acrobatics","Reflex","Blur"],"picked":"AT_ArcaneSupremacy","floor":10},{"not_picked":["MostiFishMod:PoisonShield","PiercingWail","AT_Desolate","Underhanded Strike","Bullet Time"],"picked":"SKIP","floor":11},{"not_picked":["PiercingWail","Backflip","Underhanded Strike","Deadly Poison","Setup"],"picked":"SKIP","floor":12},{"not_picked":["Crippling Poison","Dodge and Roll","PiercingWail","Outmaneuver"],"picked":"AT_ThistleTea","floor":13},{"not_picked":["Leg Sweep","Blade Dance","Calculated Gamble","Dodge and Roll"],"picked":"MostiFishMod:FullyArmed","floor":14},{"not_picked":["conspire:PoisonWeapons","AT_WindFlip","MostiFishMod:PreservedThorns","Heel Hook","PiercingWail"],"picked":"SKIP","floor":18},{"not_picked":["MostiFishMod:InvigoratingSolution","Blur","Dodge and Roll","Cloak And Dagger","MostiFishMod:ThornCasing"],"picked":"SKIP","floor":19},{"not_picked":["Blade Dance+1","Sucker Punch","Backflip+1","REME_CopyPotion","Prepared"],"picked":"SKIP","floor":21},{"not_picked":["AT_FocusSwordFire","Flying Knee","conspire:DoublingDagger","REME_GreenPollution","AT_KneejerkReflex"],"picked":"SKIP","floor":22},{"not_picked":["Dagger Spray+1","Tactician+1","AT_WindFlip","Tools of the Trade","Sucker Punch"],"picked":"SKIP","floor":23},{"not_picked":["Underhanded Strike","MostiFishMod:PerfectParry","Dagger Spray","Outmaneuver","conspire:DoublingDagger"],"picked":"SKIP","floor":24},{"not_picked":["Acrobatics","Setup","Dash+1","MostiFishMod:PerfectParry+1","Prepared"],"picked":"SKIP","floor":27},{"not_picked":["Bouncing Flask","Infinite Blades","Underhanded Strike+1","Backflip","Setup"],"picked":"SKIP","floor":28},{"not_picked":["Outmaneuver","conspire:DoublingDagger","AT_KneejerkReflex","AT_WindRun","AT_WindFlip"],"picked":"SKIP","floor":29},{"not_picked":["Bane","MostiFishMod:Wind","Slice+1","Escape Plan","Setup"],"picked":"SKIP","floor":30},{"not_picked":["REME_GreenPollution","Sucker Punch","Underhanded Strike","Deflect","Flying Knee+1"],"picked":"SKIP","floor":31},{"not_picked":["MostiFishMod:InvigoratingSolution","Slice","Caltrops","Underhanded Strike","Prepared"],"picked":"SKIP","floor":35},{"not_picked":["PiercingWail+1","AT_KneejerkReflex","Prepared","Heel Hook+1","Infinite Blades"],"picked":"SKIP","floor":38},{"not_picked":["PiercingWail+1","Noxious Fumes+1","Backstab","conspire:PoisonWeapons"],"picked":"MostiFishMod:HiddenBlade","floor":41},{"not_picked":["Slice","Backflip","Poisoned Stab+1","Flying Knee","Deadly Poison+1"],"picked":"SKIP","floor":42},{"not_picked":["AT_WindFlip+1","Malaise","Concentrate","Deadly Poison","AT_TwilightShroud+1"],"picked":"SKIP","floor":44},{"not_picked":["Underhanded Strike+1","Endless Agony","AT_WomanClash+1","Dagger Spray","Distraction"],"picked":"SKIP","floor":45},{"not_picked":["AT_TinkerSharpsword","REME_ShadowStrike","AT_FocusSwordFire","Dagger Spray+1","Underhanded Strike"],"picked":"SKIP","floor":47},{"not_picked":["Bouncing Flask","Infinite Blades","Reflex","Cloak And Dagger","MostiFishMod:PerfectParry"],"picked":"SKIP","floor":48}],"player_experience":474817,"relics_obtained":[{"floor":1,"key":"SynthV:TestCard"},{"floor":5,"key":"Paper Crane"},{"floor":6,"key":"Mercury Hourglass"},{"floor":10,"key":"testmod-OneHitWonder"},{"floor":13,"key":"Anchor"},{"floor":23,"key":"Snake Skull"},{"floor":26,"key":"Bottled Lightning"},{"floor":27,"key":"Pear"},{"floor":30,"key":"Bronze Scales"},{"floor":41,"key":"Potion Belt"},{"floor":43,"key":"Meat on the Bone"},{"floor":44,"key":"Old Coin"},{"floor":48,"key":"conspire:Flyswatter"}],"event_choices":[{"damage_healed":15,"gold_gain":0,"player_choice":"Heal","damage_taken":0,"max_hp_gain":0,"max_hp_loss":0,"event_name":"The Library","floor":20,"gold_loss":0},{"damage_healed":0,"gold_gain":0,"player_choice":"Ignored","damage_taken":0,"max_hp_gain":0,"max_hp_loss":0,"event_name":"Vampires","floor":25,"gold_loss":0},{"damage_healed":0,"gold_gain":0,"player_choice":"Gave Potion","damage_taken":0,"relics_obtained":["Mummified Hand"],"max_hp_gain":0,"max_hp_loss":0,"event_name":"WeMeetAgain","floor":36,"gold_loss":0}],"is_beta":false,"boss_relics":[{"not_picked":["MetallicRebirth"],"picked":"GraspOfShadows"},{"not_picked":["MetallicRebirth"],"picked":"GraspOfShadows"},{"not_picked":["BlightedDurian"],"picked":"MetallicRebirth"},{"not_picked":["BlightedDurian"],"picked":"MetallicRebirth"},{"not_picked":["REME_LowDesire","Black Star"],"picked":"AT_MortalBlade"}],"items_purged_floors":[3,37,37],"is_endless":false,"potions_floor_spawned":[1,4,10,11,13,16,19,27,28,29,31,38,41,42],"killed_by":"conspire:OrnateMirror","ascension_level":13}}