{"host":"18wi9kpcl4eah7pe","time":1608860854,"event":{"mods":["BaseMod","Colored Powertips","Downfall","Minty Spire (QoL Compilation)","StSLib"],"gold_per_floor":[99,99,6,6,0,0,50,66,92,17,29,479,505,505,525,621,621,546,560,560,560,560],"floor_reached":20,"playtime":1238,"items_purged":[],"score":178,"play_id":"3e8e514a-6083-4696-8902-713cc4323da8","local_time":"20201224194734","is_ascension_mode":false,"campfire_choices":[{"floor":1.0,"key":"RECALL"},{"data":"expansioncontent:Collect","floor":6.0,"key":"SMITH"},{"floor":10.0,"key":"REST"},{"data":"champ:SteelEdge","floor":18,"key":"SMITH"}],"circlet_count":0,"master_deck":["champ:Strike","champ:Strike","champ:Strike","champ:Strike","champ:Defend","champ:Defend","champ:Defend","champ:Defend","champ:Execute","champ:Taunt","champ:BerserkerStyle","champ:EnragedBash","expansioncontent:Collect+1","champ:PreciseThrust","champ:SkillfulDodge","champ:Backstep","champ:AdrenalArmor","champ:GladiatorsShout","Slimebound:Icky","Slimebound:Icky","Slimebound:Icky","champ:CrookedStrike","champ:RisingSlash","champ:SteelEdge+1","champ:Aggression"],"relics":["champ:ChampionCrown","downfall:HeartsMalice","Juzu Bracelet","Bottled Flame","downfall:HeartBlessingRed","WingedGreaves","downfall:BrokenWingStatue","downfall:HeartBlessingGreen"],"acts_visited":["Exordium","TheCity"],"potions_floor_usage":[20],"damage_taken":[{"damage":0.0,"enemies":"Jaw Worm","floor":2.0,"turns":1.0},{"damage":0.0,"enemies":"downfall:FleeingMerchant","floor":3.0,"turns":1.0},{"damage":0.0,"enemies":"2 Louse","floor":4.0,"turns":1.0},{"damage":10.0,"enemies":"downfall:FleeingMerchant","floor":5.0,"turns":4.0},{"damage":21.0,"enemies":"Small Slimes","floor":8.0,"turns":6.0},{"damage":41.0,"enemies":"Lagavulin","floor":9.0,"turns":9.0},{"damage":28.0,"enemies":"2 Fungi Beasts","floor":11.0,"turns":5.0},{"damage":54.0,"enemies":"3 Sentries","floor":13.0,"turns":10.0},{"damage":10.0,"enemies":"3 Louse","floor":15.0,"turns":5.0},{"damage":47.0,"enemies":"downfall:Silent","floor":16.0,"turns":14.0},{"damage":59,"enemies":"Spheric Guardian","floor":19,"turns":8},{"damage":84,"enemies":"Centurion and Healer","floor":20,"turns":14}],"seed_played":"1887474046651971947","potions_obtained":[{"floor":8.0,"key":"Dexterity Potion"},{"floor":9.0,"key":"CultistPotion"},{"floor":11.0,"key":"LiquidBronze"},{"floor":16.0,"key":"Regen Potion"}],"is_trial":false,"path_per_floor":["R","M","$","M","$","R","T","M","E","R","M","?","E","?","M","B",null,"R","M","M"],"character_chosen":"THE_CHAMP","items_purchased":["expansioncontent:Collect"],"campfire_rested":1,"item_purchase_floors":[3],"current_hp_per_floor":[90,90,90,90,90,90,90,83,62,89,70,70,35,35,30,1,90,90,44,0,0,0],"gold":560,"neow_bonus":"THREE_ENEMY_KILL","is_daily":false,"chose_seed":false,"campfire_upgraded":2,"win_rate":0.0,"timestamp":1608860854,"path_taken":["R","M","$","M","$","R","T","M","E","R","M","?","E","?","M","BOSS","R","M","M"],"items_purchased_type":["Card"],"build_version":"2020-12-22","purchased_purges":0,"victory":false,"max_hp_per_floor":[90,90,90,90,90,90,90,90,90,90,90,90,90,90,90,90,90,90,90,90,90,90],"card_choices":[{"not_picked":["champ:GutPunch","champ:FocusedGladiator"],"picked":"champ:BerserkerStyle","floor":2.0},{"not_picked":["champ:FlashCut","champ:BringItOn"],"picked":"champ:EnragedBash","floor":3.0},{"not_picked":["champ:Control","champ:CrookedStrike"],"picked":"champ:PreciseThrust","floor":4.0},{"not_picked":["champ:PerfectForm","champ:CrookedStrike"],"picked":"champ:SkillfulDodge","floor":5.0},{"not_picked":["champ:DefensiveShout","champ:Aggression"],"picked":"champ:Backstep","floor":8.0},{"not_picked":["champ:FightOn","champ:DefensiveShout"],"picked":"champ:AdrenalArmor","floor":9.0},{"not_picked":["champ:Circumvent","champ:EnragedBash"],"picked":"champ:GladiatorsShout","floor":11.0},{"not_picked":["champ:HeavySlash","champ:BringItOn"],"picked":"champ:CrookedStrike","floor":13.0},{"not_picked":["champ:Riposte","champ:PerfectedStrike"],"picked":"champ:RisingSlash","floor":15.0},{"not_picked":["champ:HoldFirm","champ:IgnorePain"],"picked":"champ:SteelEdge","floor":16.0},{"not_picked":["champ:BringItOn","champ:AdrenalArmor+1"],"picked":"champ:Aggression","floor":19}],"player_experience":849168,"relics_obtained":[{"floor":7.0,"key":"Juzu Bracelet"},{"floor":9.0,"key":"Bottled Flame"},{"floor":13.0,"key":"WingedGreaves"}],"event_choices":[],"is_beta":false,"boss_relics":[{"not_picked":["Runic Dome","Cursed Key","Busted Crown"]}],"items_purged_floors":[],"is_endless":false,"potions_floor_spawned":[8,9,11,16],"killed_by":"Centurion and Healer","ascension_level":0}}