{"host":"vc42n08di9czm3e7","time":1608942307,"event":{"mods":["AchievementEnabler","Act Like it!","BaseMod","Colored Powertips","Downfall","Friendly Minions","GifTheSpireLib","Minty Spire (QoL Compilation)","Rare Cards Sparkle","StSLib"],"gold_per_floor":[112,66,85,85,6,33,33,51,103,103,133,144,144,144,144,239,239,257,167,117,134,146,146,159,174,174,174,174,186,186,186,186,281,281,293,293,293,311,154,154],"floor_reached":39,"playtime":4215,"items_purged":[],"score":416,"play_id":"4f791ab8-b608-4b8b-a6a1-c1f5a208afc3","local_time":"20201225192507","is_ascension_mode":false,"campfire_choices":[{"data":"FollowUp","floor":7,"key":"SMITH"},{"floor":10,"key":"REST"},{"data":"Perseverance","floor":13,"key":"SMITH"},{"floor":15,"key":"REST"},{"data":"Crescendo","floor":23,"key":"SMITH"},{"data":"Omniscience","floor":27,"key":"SMITH"},{"data":"LikeWater","floor":30,"key":"SMITH"},{"floor":32,"key":"REST"}],"circlet_count":0,"master_deck":["Finesse","Prostrate","PathToVictory","FollowUp+1","PathToVictory","EmptyFist","FollowUp+1","Perseverance+1","Ragnarok","Omniscience+1","Swivel","SignatureMove","Devotion","ThirdEye+1","ClearTheMind+1","Crescendo+1","Evaluate+1","LikeWater+1","Consecrate","Tantrum","Conclude","DevaForm","Establishment+1","Brilliance+1","Swivel+1","PathToVictory+1","PathToVictory+1"],"relics":["PureWater","Strawberry","Smiling Mask","Pocketwatch","Pandora\u0027s Box","Gremlin Horn","Astrolabe","Oddly Smooth Stone"],"acts_visited":["Exordium","TheCity","TheBeyond"],"potions_floor_usage":[6,24,24,29,33,36,38],"damage_taken":[{"damage":0,"enemies":"Small Slimes","floor":1,"turns":2},{"damage":1,"enemies":"Jaw Worm","floor":3,"turns":2},{"damage":54,"enemies":"Gremlin Nob","floor":6,"turns":6},{"damage":0,"enemies":"Cultist","floor":8,"turns":2},{"damage":8,"enemies":"3 Sentries","floor":11,"turns":10},{"damage":0,"enemies":"Large Slime","floor":12,"turns":4},{"damage":32,"enemies":"Hexaghost","floor":16,"turns":8},{"damage":0,"enemies":"Shell Parasite","floor":18,"turns":2},{"damage":8,"enemies":"3 Byrds","floor":21,"turns":4},{"damage":3,"enemies":"Cultist and Chosen","floor":22,"turns":5},{"damage":20,"enemies":"Snake Plant","floor":24,"turns":3},{"damage":10,"enemies":"Shelled Parasite and Fungi","floor":25,"turns":5},{"damage":14,"enemies":"Centurion and Healer","floor":29,"turns":6},{"damage":51,"enemies":"Champ","floor":33,"turns":8},{"damage":8,"enemies":"Orb Walker","floor":35,"turns":2},{"damage":0,"enemies":"3 Darklings","floor":36,"turns":2},{"damage":55,"enemies":"Transient","floor":38,"turns":5}],"seed_played":"-8476418855810165547","potions_obtained":[{"floor":3,"key":"Weak Potion"},{"floor":6,"key":"hexamod:EctoCoolerPotion"},{"floor":16,"key":"ColorlessPotion"},{"floor":18,"key":"champ:CounterPotion"},{"floor":24,"key":"ColorlessPotion"},{"floor":33,"key":"StancePotion"},{"floor":35,"key":"SmokeBomb"}],"is_trial":false,"path_per_floor":["M","$","M","?","$","E","R","M","T","R","E","M","R","?","R","B",null,"M","?","$","M","M","R","M","M","T","R","?","M","R","?","R","B",null,"M","M","?","M","$"],"character_chosen":"WATCHER","items_purchased":["PathToVictory","Swivel","Crescendo","Oddly Smooth Stone"],"campfire_rested":3,"item_purchase_floors":[2,5,20,39],"current_hp_per_floor":[72,72,71,76,76,29,29,29,29,54,46,46,46,29,54,22,84,84,84,84,76,73,73,53,43,43,43,43,29,29,29,54,3,84,76,76,76,21,21,21],"gold":154,"neow_bonus":"RANDOM_COLORLESS","is_daily":false,"chose_seed":false,"campfire_upgraded":5,"win_rate":0.0,"timestamp":1608942307,"path_taken":["M","$","M","?","$","E","R","M","T","R","E","M","R","?","R","BOSS","M","?","$","?","M","R","M","M","T","R","?","M","R","?","R","BOSS","M","M","?","M","$"],"items_purchased_type":["Card","Card","Card","Relic"],"build_version":"2020-12-22","purchased_purges":0,"victory":false,"max_hp_per_floor":[72,72,72,77,77,84,84,84,84,84,84,84,84,84,84,84,84,84,84,84,84,84,84,84,84,84,84,84,84,84,84,84,84,84,84,84,84,84,84,84],"card_choices":[{"not_picked":["expansioncontent:Chronoboost","Swift Strike"],"picked":"Finesse","floor":0},{"not_picked":["CutThroughFate","Indignation"],"picked":"Prostrate","floor":1},{"not_picked":["FlyingSleeves","Protect"],"picked":"FollowUp","floor":3},{"not_picked":["InnerPeace","FlyingSleeves"],"picked":"PathToVictory","floor":6},{"not_picked":["ReachHeaven","WaveOfTheHand"],"picked":"EmptyFist","floor":8},{"not_picked":["BowlingBash","Meditate"],"picked":"FollowUp","floor":11},{"not_picked":["EmptyMind","Nirvana"],"picked":"Perseverance","floor":12},{"not_picked":["MasterReality","Vault"],"picked":"Ragnarok","floor":16},{"not_picked":["Consecrate+1","WheelKick"],"picked":"ClearTheMind+1","floor":18},{"not_picked":["EmptyFist+1","WreathOfFlame"],"picked":"Evaluate+1","floor":21},{"not_picked":["EmptyFist+1","Protect+1"],"picked":"Sanctity","floor":22},{"not_picked":["ClearTheMind","Indignation"],"picked":"LikeWater","floor":24},{"not_picked":["SashWhip","ThirdEye","Swivel"],"picked":"SKIP","floor":25},{"not_picked":["DeceiveReality","Meditate"],"picked":"Conclude","floor":29},{"not_picked":["Devotion","Omniscience"],"picked":"DevaForm","floor":33},{"not_picked":["Consecrate","Halt+1"],"picked":"PathToVictory+1","floor":35},{"not_picked":["ClearTheMind","Consecrate"],"picked":"PathToVictory+1","floor":38}],"player_experience":241337,"relics_obtained":[{"floor":6,"key":"Strawberry"},{"floor":9,"key":"Smiling Mask"},{"floor":11,"key":"Pocketwatch"},{"floor":26,"key":"Gremlin Horn"}],"event_choices":[{"damage_healed":0,"gold_gain":0,"player_choice":"Donut","damage_taken":0,"max_hp_gain":5,"max_hp_loss":0,"event_name":"Big Fish","floor":4,"gold_loss":0},{"damage_healed":0,"gold_gain":0,"player_choice":"Entered Light","damage_taken":17,"max_hp_gain":0,"max_hp_loss":0,"event_name":"Shining Light","floor":14,"gold_loss":0,"cards_upgraded":["Strike_P","FollowUp"]},{"cards_removed":["Vigilance"],"damage_healed":0,"gold_gain":0,"player_choice":"Upgrade and Remove","damage_taken":0,"max_hp_gain":0,"max_hp_loss":0,"event_name":"Designer","floor":19,"gold_loss":90,"cards_upgraded":["ThirdEye"]},{"damage_healed":0,"gold_gain":0,"cards_transformed":["Swivel","Vault"],"player_choice":"Became Test Subject","damage_taken":0,"max_hp_gain":0,"max_hp_loss":0,"event_name":"Drug Dealer","floor":28,"gold_loss":0,"cards_obtained":["Consecrate","Tantrum"]},{"cards_removed":["Meditate"],"damage_healed":0,"gold_gain":0,"player_choice":"Elegance","damage_taken":0,"max_hp_gain":0,"max_hp_loss":0,"event_name":"Back to Basics","floor":31,"gold_loss":0},{"damage_healed":0,"gold_gain":0,"player_choice":"Ignored","damage_taken":0,"max_hp_gain":0,"max_hp_loss":0,"event_name":"Tomb of Lord Red Mask","floor":37,"gold_loss":0}],"is_beta":false,"boss_relics":[{"not_picked":["Philosopher\u0027s Stone","Runic Dome"],"picked":"Pandora\u0027s Box"},{"not_picked":["Coffee Dripper","Runic Pyramid"],"picked":"Astrolabe"}],"items_purged_floors":[],"is_endless":false,"potions_floor_spawned":[3,6,16,18,24,33,35],"ascension_level":0}}