{"host":"8e68pzgs4bln6t6e","time":1608892625,"event":{"mods":["AchievementEnabler","Act Like it!","BaseMod","Better Note","BetterRewards","Colored Powertips","Googly Eyes","Hallownest","Hubris","Infinite Spire","Jorbs\u0027s Wanderer Trilogy","Marisa????????","Minty Spire (QoL Compilation)","Quick Restart","Rare Cards Sparkle","Replay The Spire","Shop Mod","StSLib","The Animator","The Bug Knight","The Cursed","The Disciple","The Hierophant","The Servant 0.9.4"],"gold_per_floor":[365,365,383,399,399,399,424,437,437,468,231,231,60,89,89,196,208,233,245,267,109,109,109,109,109,136,136,165,165,200,210,210,308,308,328,340,81,96,116,145,145,165,192,207,207,274,304,319,319,423,423,428,430,427,427],"floor_reached":54,"playtime":5694,"items_purged":["Strike_R","Defend_R"],"score":934,"play_id":"76779f3f-6602-4799-b9bf-ae9efb3c609c","local_time":"20201225113705","is_ascension_mode":false,"campfire_choices":[{"data":"Rage","floor":6.0,"key":"SMITH"},{"floor":15.0,"key":"DIG"},{"data":"ReplayUltimateDefense","floor":24.0,"key":"SMITH"},{"data":"Barricade","floor":29.0,"key":"SMITH"},{"data":"Mayhem","floor":32.0,"key":"SMITH"},{"data":"Metamorphosis","floor":41.0,"key":"SMITH"},{"data":"Turbo","floor":49.0,"key":"SMITH"}],"circlet_count":0,"master_deck":["Strike_R","Strike_R","Strike_R","Strike_R+1","Defend_R+1","Defend_R","Bash","Self Repair+1","Shockwave","Rage+1","Glacier","Cold Snap","Turbo+1","Glacier","Mayhem+1","Spot Weakness","Barricade+1","Mayhem","Cleave+1","ReplayUltimateDefense+1","hubris:Fate","Anger+1","Iron Wave+1","Metamorphosis+1","Armaments+1","Flame Barrier+1","Parasite","Pommel Strike+1","Barricade","CurseOfTheBell"],"relics":["Iron Core","Simple Rune","Vajra","Replay:Accelerometer","Bag of Preparation","hubris:Icosahedron","Toy Ornithopter","MawBank","Painkiller Herb","Meat on the Bone","Gremlin Food","Smiling Mask","infinitespire:ShieldingShard","Busted Crown","infinitespire:Joker Card","Happy Flower","Unceasing Top","Pear","Calling Bell","ReplayFunnel","Garlic","Ginger"],"acts_visited":["Exordium","TheCity","TheBeyond","Exordium"],"potions_floor_usage":[],"damage_taken":[{"damage":0.0,"enemies":"2 Louse","floor":1.0,"turns":4.0},{"damage":6.0,"enemies":"Jaw Worm","floor":3.0,"turns":7.0},{"damage":4.0,"enemies":"Small Slimes","floor":4.0,"turns":6.0},{"damage":29.0,"enemies":"Lagavulin","floor":7.0,"turns":12.0},{"damage":11.0,"enemies":"Exordium Wildlife","floor":8.0,"turns":10.0},{"damage":25.0,"enemies":"Replay:BlueRogue","floor":10.0,"turns":9.0},{"damage":0.0,"enemies":"HollowMod:MossKnight","floor":14.0,"turns":15.0},{"damage":47.0,"enemies":"The Guardian","floor":16.0,"turns":15.0},{"damage":3.0,"enemies":"Chosen","floor":18.0,"turns":6.0},{"damage":0.0,"enemies":"Spheric Guardian","floor":20.0,"turns":6.0},{"damage":3.0,"enemies":"Gremlin Leader","floor":28.0,"turns":6.0},{"damage":50.0,"enemies":"Slavers","floor":30.0,"turns":7.0},{"damage":0.0,"enemies":"3 Cultists","floor":31.0,"turns":3.0},{"damage":30.0,"enemies":"hubris:MusketHawk","floor":33.0,"turns":8.0},{"damage":14.0,"enemies":"3 Shapes","floor":35.0,"turns":4.0},{"damage":0.0,"enemies":"Orb Walker","floor":36.0,"turns":4.0},{"damage":0.0,"enemies":"Writhing Mass","floor":38.0,"turns":5.0},{"damage":6.0,"enemies":"Sphere and 2 Shapes","floor":39.0,"turns":6.0},{"damage":0.0,"enemies":"Nemesis","floor":40.0,"turns":7.0},{"damage":0.0,"enemies":"4 Shapes","floor":42.0,"turns":6.0},{"damage":0.0,"enemies":"Writhing Mass","floor":44.0,"turns":5.0},{"damage":19.0,"enemies":"Nightmare","floor":47.0,"turns":7.0},{"damage":0.0,"enemies":"Maw","floor":48.0,"turns":5.0},{"damage":0.0,"enemies":"hubris:GrandSnecko","floor":50.0,"turns":11.0},{"damage":0.0,"enemies":"Jaw Worm","floor":52.0,"turns":2.0},{"damage":0.0,"enemies":"Cultist","floor":53.0,"turns":2.0},{"damage":0.0,"enemies":"2 Louse","floor":54.0,"turns":4.0}],"seed_played":"7397537461961196721","potions_obtained":[{"floor":3.0,"key":"Block Potion"},{"floor":4.0,"key":"EssenceOfSteel"},{"floor":8.0,"key":"Energy Potion"},{"floor":16.0,"key":"Toxic Potion"},{"floor":30.0,"key":"Regen Potion"},{"floor":33.0,"key":"SkillPotion"},{"floor":35.0,"key":"Block Potion"},{"floor":40.0,"key":"LifebloodPotion"},{"floor":44.0,"key":"Swift Potion"},{"floor":46.0,"key":"Fruit Juice"},{"floor":46.0,"key":"EssenceOfSteel"},{"floor":52.0,"key":"BlessingOfTheForge"}],"is_trial":false,"path_per_floor":["M","?","M","M","?","R","E","M","T","E","$","?","$","E","R","B",null,"?","?","?","T","?","?","T","AVR","T","?","E","T","E","?","T","B",null,"?","?","T","?","?","E","T","?","T","?","AVR","?","NM","?","T","B",null,"?","?","?"],"character_chosen":"IRONCLAD","items_purchased":["Bag of Preparation","Glacier","Mayhem","ReplayUltimateDefense","Metamorphosis","Armaments+1"],"campfire_rested":0,"item_purchase_floors":[11,11,13,21,37,37],"current_hp_per_floor":[62,62,66,72,77,77,58,57,57,42,42,42,42,52,52,25,85,85,85,85,85,85,85,85,85,85,85,85,85,57,57,57,57,85,81,85,85,85,85,85,85,85,85,85,85,74,75,85,85,100,100,100,100,100,100],"gold":427,"neow_bonus":"TWO_FIFTY_GOLD","is_daily":false,"chose_seed":false,"campfire_upgraded":6,"win_rate":0.0,"timestamp":1608892625,"path_taken":["M","?","M","M","?","R","E","M","T","E","$","?","?","E","R","BOSS","?","?","?","T","?","?","T","AVR","T","?","E","T","E","?","T","BOSS","?","?","T","?","?","E","T","?","T","?","AVR","?","NM","?","T","BOSS","?","?","?"],"items_purchased_type":["Relic","Card","Card","Card","Card","Card"],"build_version":"2020-12-22","purchased_purges":2,"victory":false,"max_hp_per_floor":[80,80,80,80,85,85,85,85,85,85,85,85,85,85,85,85,85,85,85,85,85,85,85,85,85,85,85,85,85,85,85,85,85,85,85,85,85,85,85,85,85,85,85,85,85,90,100,100,100,100,100,100,100,100,100],"card_choices":[{"not_picked":["Pommel Strike","Heavy Blade","ReplayTheSpireMod:LeadingStrike"],"picked":"SKIP","floor":1.0},{"not_picked":["Heavy Blade","Sever Soul"],"picked":"Shockwave","floor":3.0},{"not_picked":["Wild Strike","Cleave"],"picked":"Rage","floor":4.0},{"not_picked":["hubris:StunningStrike","Fire Breathing"],"picked":"Glacier","floor":7.0},{"not_picked":["Heavy Blade","Warcry"],"picked":"Cold Snap","floor":8.0},{"not_picked":["Recycle","Dark Embrace"],"picked":"Turbo","floor":10.0},{"not_picked":["Feel No Pain","Wild Strike"],"picked":"Spot Weakness","floor":14.0},{"not_picked":["Firewall","Berserk"],"picked":"Barricade","floor":16.0},{"not_picked":["Cleave","Twin Strike","ReplayTheSpireMod:Strike From Hell+1"],"picked":"SKIP","floor":18.0},{"not_picked":["Perfected Strike","Replay:Many Hands"],"picked":"Cleave+1","floor":20.0},{"not_picked":["Sword Boomerang","Wild Strike+1"],"picked":"Anger+1","floor":28.0},{"not_picked":["Flex","ReplayTheSpireMod:Strike From Hell","Second Wind+1"],"picked":"SKIP","floor":30.0},{"not_picked":["Sword Boomerang","Shrug It Off","Flex"],"picked":"SKIP","floor":31.0},{"not_picked":[],"picked":"Iron Wave+1","floor":35.0},{"not_picked":["Twin Strike+1"],"picked":"SKIP","floor":36.0},{"not_picked":[],"picked":"Flame Barrier+1","floor":38.0},{"not_picked":["Sever Soul+1"],"picked":"SKIP","floor":39.0},{"not_picked":["Power Through"],"picked":"SKIP","floor":40.0},{"not_picked":["Sword Boomerang"],"picked":"SKIP","floor":42.0},{"not_picked":["Heavy Blade+1"],"picked":"SKIP","floor":44.0},{"not_picked":[],"picked":"Pommel Strike+1","floor":47.0},{"not_picked":["Feel No Pain"],"picked":"SKIP","floor":48.0},{"not_picked":[],"picked":"Barricade","floor":50.0},{"not_picked":["Sword Boomerang"],"picked":"SKIP","floor":52.0},{"not_picked":["ReplayTheSpireMod:Stacked"],"picked":"SKIP","floor":53.0},{"not_picked":["Rupture"],"picked":"SKIP","floor":54}],"player_experience":233343,"relics_obtained":[{"floor":7.0,"key":"Simple Rune"},{"floor":9.0,"key":"Vajra"},{"floor":10.0,"key":"Replay:Accelerometer"},{"floor":14.0,"key":"Toy Ornithopter"},{"floor":15.0,"key":"MawBank"},{"floor":26.0,"key":"Gremlin Food"},{"floor":28.0,"key":"Smiling Mask"},{"floor":30.0,"key":"infinitespire:ShieldingShard"},{"floor":40.0,"key":"infinitespire:Joker Card"},{"floor":43.0,"key":"Happy Flower"},{"floor":47.0,"key":"Pear"},{"floor":51.0,"key":"ReplayFunnel"},{"floor":51.0,"key":"Garlic"},{"floor":51.0,"key":"Ginger"}],"event_choices":[{"damage_healed":0.0,"max_hp_gain":5.0,"max_hp_loss":0.0,"gold_gain":0.0,"event_name":"Big Fish","player_choice":"Donut","floor":5.0,"gold_loss":0.0,"damage_taken":0.0},{"damage_healed":0.0,"max_hp_gain":0.0,"max_hp_loss":0.0,"gold_gain":0.0,"event_name":"Duplicator","player_choice":"Copied","floor":19.0,"gold_loss":0.0,"damage_taken":0.0,"cards_obtained":["Mayhem"]},{"damage_healed":0.0,"max_hp_gain":0.0,"max_hp_loss":0.0,"gold_gain":0.0,"cards_transformed":["Defend_R"],"event_name":"Transmorgrifier","player_choice":"Transformed","floor":22.0,"gold_loss":0.0,"damage_taken":0.0,"cards_obtained":["Clothesline"]},{"cards_removed":["Defend_R"],"damage_healed":0.0,"max_hp_gain":0.0,"max_hp_loss":0.0,"gold_gain":0.0,"event_name":"betterNote:BetterNote","player_choice":"Give","floor":23.0,"gold_loss":0.0,"damage_taken":0.0,"cards_obtained":["stsjorbsmod:Amnesia"]},{"cards_removed":["Clothesline"],"damage_healed":5.0,"max_hp_gain":0.0,"max_hp_loss":0.0,"gold_gain":0.0,"event_name":"Bonfire Elementals","player_choice":"Offered Common","floor":27.0,"gold_loss":0.0,"damage_taken":0.0},{"cards_removed":["Clothesline"],"damage_healed":5.0,"max_hp_gain":0.0,"max_hp_loss":0.0,"gold_gain":0.0,"event_name":"Bonfire Elementals","player_choice":"Offered Special","floor":27.0,"gold_loss":0.0,"damage_taken":0.0}],"is_beta":false,"boss_relics":[{"not_picked":["Empty Cage","Sozu"],"picked":"Painkiller Herb"},{"not_picked":["Runic Dome","infinitespire:Cupcake"],"picked":"Busted Crown"},{"not_picked":["Replay:Bronze Core","Replay:Wanted Poster"],"picked":"Calling Bell"}],"items_purged_floors":[37,45],"is_endless":true,"potions_floor_spawned":[3,4,8,16,30,33,35,40,44,47,52],"killed_by":"2 Louse","ascension_level":0}}