{"host":"nmjik3bzoelmmajy","time":1608870199,"event":{"mods":["BaseMod","Better Third Choice","Colored Map","DeckTracker","Minty Spire (QoL Compilation)","Quick Restart","Say the Spire","StSLib","SuperFastMode"],"gold_per_floor":[119,139,139,159,171,171,204,204,283,283,283,310,310,310,310,383,433,447,461,3,3,3,3,3],"floor_reached":23,"playtime":668,"items_purged":[],"score":355,"play_id":"b7fad804-139f-4017-92b2-cd7e9a022dd1","local_time":"20201225132319","is_ascension_mode":true,"campfire_choices":[{"data":"Bouncing Flask","floor":6.0,"key":"SMITH"},{"floor":11.0,"key":"REST"},{"data":"Burst","floor":13.0,"key":"SMITH"},{"data":"Calculated Gamble","floor":15.0,"key":"SMITH"}],"circlet_count":0,"master_deck":["AscendersBane","Strike_G","Strike_G","Strike_G","Defend_G","Defend_G","Defend_G","Defend_G+1","Defend_G","Survivor","Neutralize","Burst+1","Bouncing Flask+1","Poisoned Stab","Calculated Gamble+1","A Thousand Cuts","Acrobatics","Reflex","Blur","Noxious Fumes"],"relics":["Ring of the Snake","Lizard Tail","Oddly Smooth Stone","HornCleat","Art of War","Omamori","Shuriken","Tiny House","Ginger","Lantern"],"acts_visited":["Exordium","TheCity"],"potions_floor_usage":[],"damage_taken":[{"damage":2.0,"enemies":"Cultist","floor":1.0,"turns":6.0},{"damage":0.0,"enemies":"2 Louse","floor":2.0,"turns":2.0},{"damage":3.0,"enemies":"Small Slimes","floor":4.0,"turns":4.0},{"damage":11.0,"enemies":"Looter","floor":5.0,"turns":4.0},{"damage":5.0,"enemies":"3 Sentries","floor":7.0,"turns":3.0},{"damage":11.0,"enemies":"Lagavulin","floor":12.0,"turns":7.0},{"damage":2.0,"enemies":"Hexaghost","floor":16.0,"turns":8.0},{"damage":7.0,"enemies":"Spheric Guardian","floor":18.0,"turns":5.0},{"damage":43.0,"enemies":"Chosen","floor":19.0,"turns":5.0},{"damage":66,"enemies":"Gremlin Leader","floor":23,"turns":3}],"seed_played":"7394103453730388519","potions_obtained":[{"floor":2.0,"key":"ColorlessPotion"},{"floor":5.0,"key":"Strength Potion"},{"floor":7.0,"key":"Block Potion"},{"floor":17.0,"key":"Fire Potion"}],"is_trial":false,"path_per_floor":["M","M","?","M","M","R","E","?","T","?","R","E","R","T","R","B",null,"M","M","$","?","?","E"],"character_chosen":"THE_SILENT","items_purchased":["Blur","Ginger","Noxious Fumes"],"campfire_rested":1,"item_purchase_floors":[20,20,20],"current_hp_per_floor":[57,57,57,54,43,43,38,31,31,13,32,21,21,21,21,19,59,52,9,9,9,9,0,0],"gold":3,"neow_bonus":"TRANSFORM_CARD","is_daily":false,"chose_seed":false,"campfire_upgraded":3,"win_rate":0.0,"timestamp":1608870199,"path_taken":["M","M","?","M","M","R","E","?","T","?","R","E","R","?","R","BOSS","M","M","$","?","?","E"],"items_purchased_type":["Card","Relic","Card"],"build_version":"2020-12-22","purchased_purges":0,"victory":false,"max_hp_per_floor":[66,66,66,66,66,66,66,66,66,66,66,66,66,66,66,66,71,71,71,71,71,71,71,71],"card_choices":[{"not_picked":["Dagger Spray","Well Laid Plans"],"picked":"Bouncing Flask","floor":1.0},{"not_picked":["Setup","Flechettes"],"picked":"Poisoned Stab","floor":2.0},{"not_picked":["Flying Knee","Setup","Deadly Poison"],"picked":"SKIP","floor":4.0},{"not_picked":["Quick Slash","Dodge and Roll","Underhanded Strike"],"picked":"SKIP","floor":5.0},{"not_picked":["Finisher","Flying Knee"],"picked":"Calculated Gamble","floor":7.0},{"not_picked":["Glass Knife","Deflect"],"picked":"A Thousand Cuts","floor":12.0},{"not_picked":["Deadly Poison","Outmaneuver"],"picked":"Acrobatics","floor":17.0},{"not_picked":["Slice","Flechettes","Expertise"],"picked":"SKIP","floor":18.0},{"not_picked":["Dagger Throw","Slice"],"picked":"Reflex","floor":19.0}],"player_experience":821718,"relics_obtained":[{"floor":7.0,"key":"Oddly Smooth Stone"},{"floor":9.0,"key":"HornCleat"},{"floor":12.0,"key":"Omamori"},{"floor":14.0,"key":"Shuriken"}],"event_choices":[{"damage_healed":0.0,"max_hp_gain":0.0,"max_hp_loss":0.0,"gold_gain":0.0,"event_name":"Big Fish","player_choice":"Box","floor":3.0,"gold_loss":0.0,"damage_taken":0.0,"relics_obtained":["Lizard Tail"],"cards_obtained":["Regret"]},{"cards_removed":["Regret"],"damage_healed":0.0,"max_hp_gain":0.0,"max_hp_loss":0.0,"gold_gain":0.0,"event_name":"Golden Wing","player_choice":"Card Removal","floor":8.0,"gold_loss":0.0,"damage_taken":7.0},{"damage_healed":0.0,"max_hp_gain":0.0,"max_hp_loss":0.0,"gold_gain":0.0,"event_name":"betterThird:BetterScrap","player_choice":"Relic ","floor":10.0,"gold_loss":0.0,"damage_taken":18.0,"cards_obtained":["Rupture"]},{"damage_healed":0.0,"max_hp_gain":0.0,"max_hp_loss":0.0,"gold_gain":0.0,"event_name":"Addict","player_choice":"Stole Relic","floor":21.0,"gold_loss":0.0,"damage_taken":0.0,"relics_obtained":["Lantern"],"cards_obtained":["Shame"]},{"cards_removed":["Strike_G"],"damage_healed":0.0,"max_hp_gain":0.0,"max_hp_loss":0.0,"gold_gain":0.0,"event_name":"Bonfire Elementals","player_choice":"Offered Basic","floor":22.0,"gold_loss":0.0,"damage_taken":0.0}],"is_beta":false,"boss_relics":[{"not_picked":["Fusion Hammer","Runic Pyramid"],"picked":"Tiny House"}],"items_purged_floors":[],"is_endless":false,"potions_floor_spawned":[2,5,7],"killed_by":"Gremlin Leader","ascension_level":16}}