{"host":"12piqfhmdln9x2la","time":1608899392,"event":{"mods":["2.2 Compatiblity","AchievementEnabler","BaseMod","BetterRewards","Colored Powertips","Minty Spire (QoL Compilation)","Quick Restart","SuperFastMode"],"gold_per_floor":[112,112,112,127,77,77,107,107,107,107,182,35,54,88,88,187,187,202,220,220,230,243,276,288,300,300],"floor_reached":25,"playtime":533,"items_purged":[],"score":304,"play_id":"0dd1fae9-9c94-44f6-8480-b49097ee38a9","local_time":"20201225212952","is_ascension_mode":true,"campfire_choices":[{"floor":6,"key":"RECALL"},{"data":"Armaments","floor":8,"key":"SMITH"},{"data":"Heavy Blade","floor":10,"key":"SMITH"},{"data":"Feed","floor":15,"key":"SMITH"}],"circlet_count":0,"master_deck":["Strike_R","Strike_R","Strike_R","Defend_R","Defend_R","Defend_R","Bash","Heavy Blade+1","Sword Boomerang","Armaments+1","Inflame","Rampage","Feed+1","Double Tap","Cleave","Flex","Demon Form","Thunderclap","Twin Strike","Pommel Strike","Pummel","Armaments"],"relics":["Burning Blood","NeowsBlessing","Ice Cream","HornCleat","Orrery","Potion Belt","Sozu","Enchiridion","MawBank"],"acts_visited":["Exordium","TheCity"],"potions_floor_usage":[14,23],"damage_taken":[{"damage":0,"enemies":"Cultist","floor":1,"turns":1},{"damage":0,"enemies":"Small Slimes","floor":4,"turns":1},{"damage":0,"enemies":"Gremlin Nob","floor":7,"turns":1},{"damage":6,"enemies":"2 Louse","floor":13,"turns":2},{"damage":26,"enemies":"3 Sentries","floor":14,"turns":5},{"damage":13,"enemies":"Slime Boss","floor":16,"turns":8},{"damage":17,"enemies":"2 Thieves","floor":18,"turns":3},{"damage":0,"enemies":"Spheric Guardian","floor":19,"turns":3},{"damage":8,"enemies":"3 Cultists","floor":21,"turns":4},{"damage":31,"enemies":"Centurion and Healer","floor":22,"turns":5},{"damage":10,"enemies":"Gremlin Leader","floor":23,"turns":4},{"damage":53,"enemies":"Slavers","floor":25,"turns":4}],"seed_played":"-5543743062656759493","potions_obtained":[{"floor":4,"key":"ColorlessPotion"},{"floor":14,"key":"SpeedPotion"},{"floor":16,"key":"Energy Potion"}],"is_trial":false,"path_per_floor":["M","?","?","M","?","R","E","R","T","R","T","$","M","E","R","B",null,"M","M","?","M","M","E","$","E"],"character_chosen":"IRONCLAD","items_purchased":["Orrery"],"campfire_rested":0,"item_purchase_floors":[12],"current_hp_per_floor":[80,73,73,79,79,79,80,80,80,80,80,80,84,64,64,57,84,73,83,67,69,48,48,48,0,0],"gold":300,"neow_bonus":"THREE_ENEMY_KILL","is_daily":false,"chose_seed":false,"campfire_upgraded":3,"win_rate":0.0,"timestamp":1608899392,"path_taken":["M","?","?","M","?","R","E","R","T","R","?","$","M","E","R","BOSS","M","M","?","M","M","E","$","E"],"items_purchased_type":["Relic"],"build_version":"2020-12-22","purchased_purges":0,"victory":false,"max_hp_per_floor":[80,80,80,80,80,80,80,80,80,80,80,80,84,84,84,84,84,84,88,88,92,96,100,100,100,100],"card_choices":[{"not_picked":["Armaments","Sword Boomerang"],"picked":"Heavy Blade","floor":1},{"not_picked":["Perfected Strike","Metallicize"],"picked":"Sword Boomerang","floor":4},{"not_picked":["Perfected Strike","Second Wind"],"picked":"Armaments","floor":7},{"not_picked":["Spot Weakness","Wild Strike"],"picked":"Inflame","floor":12},{"not_picked":["Searing Blow","Disarm"],"picked":"Rampage","floor":12},{"not_picked":["Headbutt","Bloodletting"],"picked":"Feed","floor":12},{"not_picked":["Clash","Wild Strike"],"picked":"Double Tap","floor":12},{"not_picked":["Combust","Warcry"],"picked":"Cleave","floor":13},{"not_picked":["Whirlwind","Armaments"],"picked":"Flex","floor":14},{"not_picked":["Offering","Corruption"],"picked":"Demon Form","floor":16},{"not_picked":["Pummel","Rupture"],"picked":"Thunderclap","floor":18},{"not_picked":["Carnage","Rage"],"picked":"Twin Strike","floor":19},{"not_picked":["Iron Wave","Shrug It Off"],"picked":"Pommel Strike","floor":21},{"not_picked":["Warcry","Clothesline"],"picked":"Pummel","floor":22},{"not_picked":["Reckless Charge","Entrench"],"picked":"Armaments","floor":23}],"player_experience":119425,"relics_obtained":[{"floor":7,"key":"Ice Cream"},{"floor":11,"key":"HornCleat"},{"floor":14,"key":"Potion Belt"},{"floor":20,"key":"Enchiridion"},{"floor":23,"key":"MawBank"}],"event_choices":[{"cards_removed":["Strike_R"],"damage_healed":0,"gold_gain":0,"player_choice":"Card Removal","damage_taken":7,"max_hp_gain":0,"max_hp_loss":0,"event_name":"Golden Wing","floor":2,"gold_loss":0},{"cards_removed":["Defend_R"],"damage_healed":0,"gold_gain":0,"player_choice":"Forget","damage_taken":0,"max_hp_gain":0,"max_hp_loss":0,"event_name":"Living Wall","floor":3,"gold_loss":0},{"cards_removed":["Strike_R"],"damage_healed":0,"gold_gain":0,"player_choice":"Card Removal","damage_taken":0,"max_hp_gain":0,"max_hp_loss":0,"event_name":"The Cleric","floor":5,"gold_loss":50},{"damage_healed":0,"gold_gain":0,"player_choice":"Obtained Book","damage_taken":16,"max_hp_gain":0,"max_hp_loss":0,"event_name":"Cursed Tome","floor":20,"gold_loss":0}],"is_beta":false,"boss_relics":[{"not_picked":["Ectoplasm","Philosopher\u0027s Stone"],"picked":"Sozu"}],"items_purged_floors":[],"is_endless":false,"potions_floor_spawned":[4,14,16,22,23],"killed_by":"Slavers","ascension_level":2}}