{"host":"74dd5wft8qrvuqwb","time":1608934744,"event":{"mods":["2.2 Compatiblity","Act Like it!","Ascension Reborn","Aspiration","BaseMod","Better Altar","Better Skull","Better Third Choice","Block Reminder","CapriCore","Colored Powertips","DeckTracker","Elementarium","Gensokyo","Hallownest","Hermit","Hubris","Infinite Spire","Marisa????????","Minty Spire (QoL Compilation)","Quick Restart","READ ME - Guardian Mod","Rare Cards Sparkle","Relic Stats","StSLib","The Bug Knight","The Cursed","The Disciple","The Elementalist","The Exalted","The Immortal","The Mystic","The Necromancer","The Runesmith","The Servant 0.9.4"],"gold_per_floor":[112,132,146,163,177,207,207,0,0,0,19,29,44,62,62,167,167,178,178,63,79,89,89,89,89,89,89,100,112,112,112],"floor_reached":30,"playtime":1939,"items_purged":[],"score":238,"play_id":"18a48193-e40a-4a2c-93b9-3bb0907bdd8e","local_time":"20201225231904","is_ascension_mode":true,"campfire_choices":[{"floor":10,"key":"REST"},{"floor":15,"key":"REST"},{"data":"infinitespire:DeathsTouch","floor":15,"key":"SMITH"},{"data":"TheCursedMod:Hemoplague","floor":23,"key":"SMITH"},{"data":"TheCursedMod:CircleOfAbyss","floor":27,"key":"SMITH"}],"circlet_count":0,"master_deck":["TheCursedMod:Strike_TheCursed","TheCursedMod:Strike_TheCursed","TheCursedMod:Strike_TheCursed","TheCursedMod:Strike_TheCursed","TheCursedMod:Defend_TheCursed","TheCursedMod:Defend_TheCursed","TheCursedMod:Defend_TheCursed","TheCursedMod:Defend_TheCursed","TheCursedMod:CursedWand","TheCursedMod:CleanUpWorkshop","TheCursedMod:LuckyCharm","TheCursedMod:FuryStrike","TheCursedMod:LuckyCharm","TheCursedMod:Stigma","TheCursedMod:SpitefulPray","TheCursedMod:CursedBoomerang","hubris:Sloth","infinitespire:DeathsTouch+1","Enlightenment","TheCursedMod:TacticalStrike","TheCursedMod:CircleOfCorruption","TheCursedMod:DoubleShield","TheCursedMod:Torture","TheCursedMod:CircleOfAbyss+1","CurseOfTheBell","TheCursedMod:CursedMace+1","TheCursedMod:Hemoplague+1","TheCursedMod:Torture","TheCursedMod:ReleasedStrength","TheCursedMod:WearCloak","TheCursedMod:EmpowerCircles+1","TheCursedMod:CollectTribute"],"relics":["TheCursedMod:BlackMagic101","aspiration:Nostalgia","Cracked Core","Mummified Hand","infinitespire:Magic Flask","Calling Bell","aspiration:ChemicalBlood","infinitespire:WardingShard","infinitespire:Lychee Nut","Ancient Tea Set"],"acts_visited":["Exordium","TheCity"],"potions_floor_usage":[21,28,29,30,30],"damage_taken":[{"damage":0,"enemies":"Small Slimes","floor":1,"turns":3},{"damage":0,"enemies":"2 Louse","floor":2,"turns":4},{"damage":1,"enemies":"Cultist","floor":3,"turns":3},{"damage":3,"enemies":"Exordium Thugs","floor":4,"turns":4},{"damage":11,"enemies":"2 Fungi Beasts","floor":5,"turns":3},{"damage":19,"enemies":"HollowMod:MossKnight","floor":6,"turns":9},{"damage":23,"enemies":"Lots of Slimes","floor":11,"turns":6},{"damage":17,"enemies":"Blue Slaver","floor":12,"turns":3},{"damage":0,"enemies":"3 Louse","floor":13,"turns":2},{"damage":6,"enemies":"Looter","floor":14,"turns":4},{"damage":7,"enemies":"Slime Boss","floor":16,"turns":8},{"damage":1,"enemies":"Chosen","floor":18,"turns":4},{"damage":12,"enemies":"2 Thieves","floor":21,"turns":5},{"damage":3,"enemies":"Chosen and Byrds","floor":22,"turns":3},{"damage":21,"enemies":"Cultist and Chosen","floor":28,"turns":5},{"damage":33,"enemies":"Centurion and Healer","floor":29,"turns":6},{"damage":22,"enemies":"Slavers","floor":30,"turns":1}],"seed_played":"-6272451972810846189","potions_obtained":[{"floor":2,"key":"LiquidBronze"},{"floor":4,"key":"EssenceOfSteel"},{"floor":11,"key":"Block Potion"},{"floor":21,"key":"Explosive Potion"},{"floor":25,"key":"Energy Potion"},{"floor":28,"key":"SkillPotion"}],"is_trial":false,"path_per_floor":["M","M","M","M","M","E","?","?","T","R","M","M","M","M","R","B",null,"M","?","$","M","M","R","?","?","T","R","M","M","E"],"character_chosen":"THE_CURSED","items_purchased":["TheCursedMod:Hemoplague","TheCursedMod:Torture"],"campfire_rested":2,"item_purchase_floors":[20,20],"current_hp_per_floor":[75,75,74,71,60,41,41,47,47,71,48,31,31,25,49,42,60,59,59,59,48,50,50,50,50,50,50,35,8,0,0],"gold":112,"neow_bonus":"NOSTALGIA","is_daily":false,"chose_seed":false,"campfire_upgraded":3,"win_rate":0.0,"timestamp":1608934744,"path_taken":["M","M","M","M","M","E","?","?","T","R","M","M","M","M","R","BOSS","M","?","?","M","M","R","?","?","T","R","M","M","E"],"items_purchased_type":["Card","Card"],"build_version":"2020-12-22","purchased_purges":0,"victory":false,"max_hp_per_floor":[75,75,75,75,75,75,75,81,81,81,81,81,81,81,81,81,60,60,60,60,60,60,60,60,60,60,60,60,60,60,60],"relic_stats":{"counters":[17,73],"Mummified Hand":[34],"obtain_stats":[{"Calling Bell":17,"TheCursedMod:BlackMagic101":0,"infinitespire:WardingShard":17,"aspiration:Nostalgia":0,"Mummified Hand":6,"infinitespire:Lychee Nut":17,"infinitespire:Magic Flask":9,"Cracked Core":0,"Ancient Tea Set":26,"aspiration:ChemicalBlood":17},{"Calling Bell":11,"TheCursedMod:BlackMagic101":0,"infinitespire:WardingShard":11,"aspiration:Nostalgia":0,"Mummified Hand":6,"infinitespire:Lychee Nut":11,"infinitespire:Magic Flask":6,"Cracked Core":0,"Ancient Tea Set":14,"aspiration:ChemicalBlood":11},{"Calling Bell":49,"TheCursedMod:BlackMagic101":0,"infinitespire:WardingShard":49,"aspiration:Nostalgia":0,"Mummified Hand":26,"infinitespire:Lychee Nut":49,"infinitespire:Magic Flask":26,"Cracked Core":0,"Ancient Tea Set":61,"aspiration:ChemicalBlood":49}]},"card_choices":[{"not_picked":["TheCursedMod:TacticalStrike","TheCursedMod:SurpriseAttack"],"picked":"TheCursedMod:LuckyCharm","floor":1},{"not_picked":["TheCursedMod:SmokeScreen","TheCursedMod:CursedBlade"],"picked":"TheCursedMod:FuryStrike","floor":2},{"not_picked":["TheCursedMod:VitalStrike","TheCursedMod:CircleOfCorruption"],"picked":"TheCursedMod:LuckyCharm","floor":3},{"not_picked":["TheCursedMod:SpitefulPlan","TheCursedMod:SurpriseAttack"],"picked":"TheCursedMod:Stigma","floor":4},{"not_picked":["TheCursedMod:CircleOfFocus","TheCursedMod:CursedShiv"],"picked":"TheCursedMod:SpitefulPray","floor":5},{"not_picked":["TheCursedMod:ParallelWorld","TheCursedMod:SpitefulPlan"],"picked":"TheCursedMod:CursedBoomerang","floor":6},{"not_picked":["infinitespire:SevenWalls","infinitespire:Oblivion"],"picked":"infinitespire:DeathsTouch","floor":7},{"not_picked":["TheCursedMod:CursedAmulet","TheCursedMod:CircleOfAmplification"],"picked":"TheCursedMod:TacticalStrike","floor":11},{"not_picked":["TheCursedMod:StingEye","TheCursedMod:SpitefulStrike"],"picked":"TheCursedMod:CircleOfCorruption","floor":12},{"not_picked":["TheCursedMod:RavingStaff","TheCursedMod:SpitefulStrike"],"picked":"TheCursedMod:DoubleShield","floor":13},{"not_picked":["TheCursedMod:ShockAndAwe","TheCursedMod:Obscuration"],"picked":"TheCursedMod:Torture","floor":14},{"not_picked":["TheCursedMod:ParallelWorld","TheCursedMod:ShockAndAwe"],"picked":"TheCursedMod:CircleOfAbyss","floor":16},{"not_picked":["TheCursedMod:Stigma","TheCursedMod:CircleOfAmplification"],"picked":"TheCursedMod:CursedMace+1","floor":18},{"not_picked":["TheCursedMod:ManaBullet","TheCursedMod:FuryStrike"],"picked":"TheCursedMod:ReleasedStrength","floor":21},{"not_picked":["TheCursedMod:Stretching+1","TheCursedMod:VitalStrike+1"],"picked":"TheCursedMod:WearCloak","floor":22},{"not_picked":["TheCursedMod:CursedBoomerang","TheCursedMod:SpitefulStrike"],"picked":"TheCursedMod:EmpowerCircles+1","floor":28},{"not_picked":["TheCursedMod:CursedShiv+1","TheCursedMod:TacticalStrike"],"picked":"TheCursedMod:CollectTribute","floor":29}],"player_experience":430035,"relics_obtained":[{"floor":6,"key":"Mummified Hand"},{"floor":9,"key":"infinitespire:Magic Flask"},{"floor":17,"key":"aspiration:ChemicalBlood"},{"floor":17,"key":"infinitespire:WardingShard"},{"floor":17,"key":"infinitespire:Lychee Nut"},{"floor":26,"key":"Ancient Tea Set"}],"event_choices":[{"damage_healed":0,"gold_gain":0,"player_choice":"RENOUNCE","damage_taken":207,"max_hp_gain":0,"max_hp_loss":0,"event_name":"betterThird:BetterSerpent","floor":8,"gold_loss":207,"cards_obtained":["Enlightenment"]},{"cards_removed":["Hallownest:curseDreamersLament","TheCursedMod:Dregs"],"damage_healed":0,"gold_gain":0,"player_choice":"Removed Curses","damage_taken":0,"max_hp_gain":0,"max_hp_loss":0,"event_name":"Fountain of Cleansing","floor":19,"gold_loss":0},{"damage_healed":0,"gold_gain":0,"player_choice":"Got Potions","damage_taken":0,"max_hp_gain":0,"max_hp_loss":0,"event_name":"Lab","floor":25,"gold_loss":0}],"is_beta":false,"boss_relics":[{"not_picked":["Bromod:ArcaneEnergize","hubris:BlackHole"],"picked":"Calling Bell"}],"items_purged_floors":[],"is_endless":false,"potions_floor_spawned":[2,4,11,12,21],"killed_by":"Slavers","ascension_level":0}}