{"host":"xko5sdb82mf02c09","time":1608916228,"event":{"mods":["AchievementEnabler","BaseMod","Colored Map","Minty Spire (QoL Compilation)","StSLib","everything is the same but u backflip on backflip"],"gold_per_floor":[119,119,138,148,168,168,196,196,196,196,209,46,60,88,88,186,186,201,201,201,54,54,54,87,87,111,111,111],"floor_reached":27,"playtime":957,"items_purged":["Strike_B","Strike_B"],"score":332,"play_id":"aa62133f-1645-4821-a8b0-044d6e63d88c","local_time":"20201226021028","is_ascension_mode":true,"campfire_choices":[{"data":"Zap","floor":6.0,"key":"SMITH"},{"data":"Hologram","floor":10.0,"key":"SMITH"},{"data":"Consume","floor":15.0,"key":"SMITH"},{"data":"Creative AI","floor":23.0,"key":"SMITH"},{"data":"Heatsinks","floor":25,"key":"SMITH"}],"circlet_count":0,"master_deck":["Strike_B","Strike_B","Defend_B","Defend_B","Defend_B","Zap+1","Dualcast","Hologram+1","Conserve Battery","Capacitor","Storm","Heatsinks+1","Force Field","Flash of Steel","Barrage","Consume+1","Creative AI+1","Glacier","Compile Driver","Turbo"],"relics":["Cracked Core","Akabeko","Darkstone Periapt","Bottled Lightning","Cables","Inserter","Enchiridion","Bottled Tornado","Centennial Puzzle"],"acts_visited":["Exordium","TheCity"],"potions_floor_usage":[24],"damage_taken":[{"damage":1.0,"enemies":"Cultist","floor":1.0,"turns":3.0},{"damage":0.0,"enemies":"Small Slimes","floor":3.0,"turns":2.0},{"damage":1.0,"enemies":"2 Louse","floor":4.0,"turns":2.0},{"damage":7.0,"enemies":"Blue Slaver","floor":5.0,"turns":4.0},{"damage":13.0,"enemies":"Lagavulin","floor":7.0,"turns":7.0},{"damage":8.0,"enemies":"3 Louse","floor":11.0,"turns":2.0},{"damage":0.0,"enemies":"Gremlin Gang","floor":13.0,"turns":4.0},{"damage":17.0,"enemies":"Gremlin Nob","floor":14.0,"turns":4.0},{"damage":0.0,"enemies":"Hexaghost","floor":16.0,"turns":7.0},{"damage":22.0,"enemies":"Shell Parasite","floor":18.0,"turns":5.0},{"damage":28,"enemies":"Slavers","floor":24,"turns":6},{"damage":31,"enemies":"Gremlin Leader","floor":27,"turns":2}],"seed_played":"937207692978981269","potions_obtained":[{"floor":4.0,"key":"Block Potion"},{"floor":5.0,"key":"LiquidMemories"},{"floor":11.0,"key":"Fire Potion"},{"floor":14.0,"key":"EntropicBrew"},{"floor":18.0,"key":"Ancient Potion"}],"is_trial":false,"path_per_floor":["M","?","M","M","M","R","E","T","T","R","M","$","M","E","R","B",null,"M","?","?","$","?","R","E","R","T","E"],"character_chosen":"DEFECT","items_purchased":["Flash of Steel","Compile Driver"],"campfire_rested":0,"item_purchase_floors":[12,21],"current_hp_per_floor":[67,67,67,66,59,59,46,46,46,46,38,38,38,21,21,21,89,67,67,51,51,51,51,23,23,23,0,0],"gold":111,"neow_bonus":"TWENTY_PERCENT_HP_BONUS","is_daily":false,"chose_seed":false,"campfire_upgraded":5,"win_rate":0.0,"timestamp":1608916228,"path_taken":["M","?","M","?","M","R","E","?","T","R","M","$","M","E","R","BOSS","M","?","?","$","?","R","E","R","T","E"],"items_purchased_type":["Card","Card"],"build_version":"2020-12-22","purchased_purges":2,"victory":false,"max_hp_per_floor":[89,89,89,89,89,89,89,89,89,89,89,89,89,89,89,89,89,89,89,89,89,89,89,89,89,89,89,89],"card_choices":[{"not_picked":["Turbo","Blizzard"],"picked":"Hologram","floor":1.0},{"not_picked":["Barrage","Chaos"],"picked":"Conserve Battery","floor":3.0},{"not_picked":["Beam Cell","Darkness"],"picked":"Capacitor","floor":4.0},{"not_picked":["Aggregate","Hologram"],"picked":"Storm","floor":5.0},{"not_picked":["Beam Cell","Barrage"],"picked":"Heatsinks","floor":7.0},{"not_picked":["Ball Lightning","Steam"],"picked":"Force Field","floor":11.0},{"not_picked":["Hyperbeam","Aggregate"],"picked":"Barrage","floor":13.0},{"not_picked":["Ball Lightning","Rebound"],"picked":"Consume","floor":14.0},{"not_picked":["Machine Learning","Thunder Strike"],"picked":"Creative AI","floor":16.0},{"not_picked":["Hologram","Barrage","Go for the Eyes"],"picked":"SKIP","floor":18.0},{"not_picked":["Storm","Creative AI"],"picked":"Turbo","floor":24}],"player_experience":471074,"relics_obtained":[{"floor":7.0,"key":"Akabeko"},{"floor":8.0,"key":"Darkstone Periapt"},{"floor":9.0,"key":"Bottled Lightning"},{"floor":14.0,"key":"Cables"},{"floor":20.0,"key":"Enchiridion"},{"floor":24,"key":"Bottled Tornado"},{"floor":26,"key":"Centennial Puzzle"}],"event_choices":[{"cards_removed":["Defend_B"],"damage_healed":0.0,"max_hp_gain":0.0,"max_hp_loss":0.0,"gold_gain":0.0,"event_name":"Purifier","player_choice":"Purged","floor":2.0,"gold_loss":0.0,"damage_taken":0.0},{"damage_healed":0.0,"max_hp_gain":0.0,"max_hp_loss":0.0,"gold_gain":0.0,"event_name":"The Library","player_choice":"Read","floor":19.0,"gold_loss":0.0,"damage_taken":0.0,"cards_obtained":["Glacier"]},{"damage_healed":0.0,"max_hp_gain":0.0,"max_hp_loss":0.0,"gold_gain":0.0,"event_name":"Cursed Tome","player_choice":"Obtained Book","floor":20.0,"gold_loss":0.0,"damage_taken":16.0},{"damage_healed":0.0,"max_hp_gain":0.0,"max_hp_loss":0.0,"gold_gain":0.0,"event_name":"Vampires","player_choice":"Ignored","floor":22.0,"gold_loss":0.0,"damage_taken":0.0}],"is_beta":false,"boss_relics":[{"not_picked":["Tiny House","Runic Dome"],"picked":"Inserter"}],"items_purged_floors":[12,21],"is_endless":false,"potions_floor_spawned":[4,5,11,14,18],"killed_by":"Gremlin Leader","ascension_level":3}}