{"host":"qxeepl7ydvsgmfdb","time":1608875929,"event":{"mods":["AchievementEnabler","BaseMod","Colored Powertips","Minty Spire (QoL Compilation)","Quick Restart","slay the spire mod where everything is the same but ironclad has a cowboy hat"],"gold_per_floor":[115,128,128,128,303,303,333,258,258,333,389,407,407,24,24,128,128,146,160,160,160,85,85,85,113,136,136,136,151,151,6,6,106,106,119,119,133,82,132,132,132,132],"floor_reached":41,"playtime":1184,"items_purged":["Doubt"],"score":560,"play_id":"0187d287-7649-43f8-88d5-22b82ae8b273","local_time":"20201225005849","is_ascension_mode":true,"campfire_choices":[{"data":"Redo","floor":6,"key":"SMITH"},{"floor":13,"key":"REST"},{"data":"Zap","floor":15,"key":"SMITH"},{"data":"Genetic Algorithm","floor":23,"key":"SMITH"},{"floor":30,"key":"REST"},{"data":"Dualcast","floor":32,"key":"SMITH"},{"data":"Defragment","floor":40,"key":"SMITH"}],"circlet_count":0,"master_deck":["Strike_B","Strike_B","Strike_B","Defend_B","Defend_B","Defend_B","Zap+1","Dualcast+1","Redo+1","Cold Snap","Genetic Algorithm+1","Beam Cell","Doom and Gloom","CurseOfTheBell","Steam+1","Sweeping Beam+1","Melter","Loop","Defragment+1"],"relics":["Cracked Core","NeowsBlessing","Juzu Bracelet","Pantograph","Strawberry","Thread and Needle","Calling Bell","MealTicket","Darkstone Periapt","Gambling Chip","Enchiridion","FossilizedHelix","Vajra","Nunchaku","PreservedInsect","Black Star","WingedGreaves"],"acts_visited":["Exordium","TheCity","TheBeyond"],"potions_floor_usage":[11,25,28,33,33,41,41],"damage_taken":[{"damage":0,"enemies":"Cultist","floor":1,"turns":1},{"damage":0,"enemies":"Jaw Worm","floor":2,"turns":1},{"damage":0,"enemies":"Gremlin Nob","floor":7,"turns":1},{"damage":38,"enemies":"Lagavulin Event","floor":11,"turns":6},{"damage":0,"enemies":"2 Louse","floor":12,"turns":2},{"damage":45,"enemies":"The Guardian","floor":16,"turns":13},{"damage":11,"enemies":"Spheric Guardian","floor":18,"turns":4},{"damage":22,"enemies":"Shell Parasite","floor":19,"turns":5},{"damage":22,"enemies":"Slavers","floor":25,"turns":4},{"damage":13,"enemies":"Book of Stabbing","floor":28,"turns":4},{"damage":0,"enemies":"Centurion and Healer","floor":29,"turns":6},{"damage":46,"enemies":"Automaton","floor":33,"turns":10},{"damage":0,"enemies":"Orb Walker","floor":35,"turns":3},{"damage":41,"enemies":"3 Darklings","floor":37,"turns":4},{"damage":18,"enemies":"Mind Bloom Boss Battle","floor":39,"turns":10},{"damage":64,"enemies":"2 Orb Walkers","floor":41,"turns":4}],"seed_played":"-155623266480871215","potions_obtained":[{"floor":2,"key":"LiquidMemories"},{"floor":18,"key":"SmokeBomb"},{"floor":19,"key":"ColorlessPotion"},{"floor":25,"key":"Strength Potion"},{"floor":29,"key":"Dexterity Potion"},{"floor":37,"key":"LiquidBronze"}],"is_trial":false,"path_per_floor":["M","M","?","?","?","R","E","$","T","?","?","M","R","$","R","B",null,"M","M","?","?","$","R","?","E","T","?","E","M","R","$","R","B",null,"M","?","M","$","?","R","?"],"character_chosen":"DEFECT","items_purchased":["Thread and Needle","Doom and Gloom","Melter","PreservedInsect","Fire Potion"],"campfire_rested":2,"item_purchase_floors":[14,14,22,31,38],"current_hp_per_floor":[75,75,68,68,68,68,68,68,68,57,26,26,50,50,50,30,82,71,49,33,33,48,48,48,26,26,26,13,13,37,52,52,31,82,82,82,41,56,63,63,0,0],"gold":132,"neow_bonus":"THREE_ENEMY_KILL","is_daily":false,"chose_seed":false,"campfire_upgraded":5,"win_rate":0.0,"timestamp":1608875929,"path_taken":["M","?","?","?","?","R","E","?","T","?","?","M","R","$","R","BOSS","M","M","?","?","?","R","?","E","T","?","E","M","R","?","R","BOSS","M","?","M","$","?","R","?"],"items_purchased_type":["Relic","Card","Card","Relic","Potion"],"build_version":"2020-12-22","purchased_purges":1,"victory":false,"max_hp_per_floor":[75,75,75,75,75,75,75,75,75,75,82,82,82,82,82,82,82,82,82,82,82,82,82,82,82,82,82,82,82,82,82,82,82,82,82,82,82,82,82,82,82,82],"card_choices":[{"not_picked":["Cold Snap","Coolheaded"],"picked":"Redo","floor":1},{"not_picked":["Beam Cell","Conserve Battery"],"picked":"Cold Snap","floor":2},{"not_picked":["Seek","Turbo"],"picked":"Genetic Algorithm","floor":7},{"not_picked":["Heatsinks","Turbo"],"picked":"Beam Cell","floor":12},{"not_picked":["Barrage+1","Compile Driver"],"picked":"Steam+1","floor":18},{"not_picked":["Coolheaded+1","Stack"],"picked":"Sweeping Beam+1","floor":19},{"not_picked":["Rebound","Amplify","Coolheaded+1"],"picked":"SKIP","floor":25},{"not_picked":["Glacier","Steam","Scrape"],"picked":"SKIP","floor":29},{"not_picked":["FTL+1","Rip and Tear+1","Sweeping Beam+1"],"picked":"SKIP","floor":35},{"not_picked":["Force Field","Turbo"],"picked":"Defragment","floor":37}],"player_experience":365691,"relics_obtained":[{"floor":7,"key":"Juzu Bracelet"},{"floor":9,"key":"Pantograph"},{"floor":11,"key":"Strawberry"},{"floor":17,"key":"MealTicket"},{"floor":17,"key":"Darkstone Periapt"},{"floor":17,"key":"Gambling Chip"},{"floor":20,"key":"Enchiridion"},{"floor":25,"key":"FossilizedHelix"},{"floor":26,"key":"Vajra"},{"floor":27,"key":"Nunchaku"},{"floor":39,"key":"WingedGreaves"}],"event_choices":[{"cards_removed":["Strike_B"],"damage_healed":0,"gold_gain":0,"player_choice":"Card Removal","damage_taken":7,"max_hp_gain":0,"max_hp_loss":0,"event_name":"Golden Wing","floor":3,"gold_loss":0},{"damage_healed":0,"gold_gain":0,"player_choice":"Leave","damage_taken":0,"max_hp_gain":0,"max_hp_loss":0,"event_name":"The Cleric","floor":4,"gold_loss":0},{"damage_healed":0,"gold_gain":175,"player_choice":"AGREE","damage_taken":0,"max_hp_gain":0,"max_hp_loss":0,"event_name":"Liars Game","floor":5,"gold_loss":0,"cards_obtained":["Doubt"]},{"damage_healed":0,"gold_gain":75,"player_choice":"Gather Gold","damage_taken":11,"max_hp_gain":0,"max_hp_loss":0,"event_name":"World of Goop","floor":10,"gold_loss":0},{"damage_healed":0,"gold_gain":0,"player_choice":"Searched \u00271\u0027 times","damage_taken":0,"max_hp_gain":0,"max_hp_loss":0,"event_name":"Dead Adventurer","floor":11,"gold_loss":0},{"damage_healed":0,"gold_gain":0,"player_choice":"Obtained Book","damage_taken":16,"max_hp_gain":0,"max_hp_loss":0,"event_name":"Cursed Tome","floor":20,"gold_loss":0},{"damage_healed":0,"gold_gain":0,"player_choice":"Ignored","damage_taken":0,"max_hp_gain":0,"max_hp_loss":0,"event_name":"Vampires","floor":21,"gold_loss":0},{"damage_healed":0,"gold_gain":0,"cards_transformed":["Defend_B"],"player_choice":"Transformed","damage_taken":0,"max_hp_gain":0,"max_hp_loss":0,"event_name":"Transmorgrifier","floor":24,"gold_loss":0,"cards_obtained":["Loop"]},{"damage_healed":0,"gold_gain":0,"player_choice":"Relic","damage_taken":0,"max_hp_gain":0,"max_hp_loss":0,"event_name":"Wheel of Change","floor":27,"gold_loss":0},{"damage_healed":0,"gold_gain":0,"player_choice":"Memory 1","damage_taken":0,"max_hp_gain":0,"max_hp_loss":0,"event_name":"SensoryStone","floor":36,"gold_loss":0},{"damage_healed":0,"gold_gain":0,"player_choice":"Fight","damage_taken":0,"max_hp_gain":0,"max_hp_loss":0,"event_name":"MindBloom","floor":39,"gold_loss":0},{"damage_healed":0,"gold_gain":0,"player_choice":"Fight","damage_taken":0,"max_hp_gain":0,"max_hp_loss":0,"event_name":"Mysterious Sphere","floor":41,"gold_loss":0}],"is_beta":false,"boss_relics":[{"not_picked":["Pandora\u0027s Box","Cursed Key"],"picked":"Calling Bell"},{"not_picked":["Sozu","Fusion Hammer"],"picked":"Black Star"}],"items_purged_floors":[8],"is_endless":false,"potions_floor_spawned":[2,18,19,25,29,37],"killed_by":"2 Orb Walkers","ascension_level":4}}