{"host":"y89x8uui45kcjy42","time":1608890683,"event":{"mods":["2.2 Compatiblity","BaseMod","CapriCore","Colored Map","Colored Powertips","Custom Start","Friendly Minions","Highlight Path","Keyboard Shortcuts","Minty Spire (QoL Compilation)","Relic Stats","Slay the Relics Exporter","StSLib","SuperFastMode","The Bug Knight","Waifu the Spire"],"gold_per_floor":[119,219,232,245,245,245,245,245,245,245,263,95,95,128,128,230,230,245,209,226,241,241,241,267,267,291,291,307,307,229,247,247,349,349,363,363,363,382,400,400,425,425,425,425,425,440,452,481,481,481],"floor_reached":51,"playtime":1548,"items_purged":[],"score":948,"play_id":"c8f25768-22c5-4a3a-bca5-7c44cdc62e54","local_time":"20201225190443","is_ascension_mode":false,"campfire_choices":[{"data":"HollowMod:NewLastStag","floor":6.0,"key":"SMITH"},{"data":"HollowMod:HuntersJournal","floor":7.0,"key":"SMITH"},{"data":"HollowMod:HuntersJournal","floor":8.0,"key":"SMITH"},{"data":"HollowMod:Weaversong","floor":10.0,"key":"SMITH"},{"data":"HollowMod:VengefulSpirit","floor":13.0,"key":"SMITH"},{"data":"HollowMod:SoulStrike","floor":15.0,"key":"SMITH"},{"data":"HollowMod:AwokenDreamNail","floor":23.0,"key":"SMITH"},{"data":"HollowMod:SoulVessel","floor":25.0,"key":"SMITH"},{"data":"HollowMod:SoulVessel","floor":29.0,"key":"SMITH"},{"data":"HollowMod:CloakDash","floor":32.0,"key":"SMITH"},{"data":"HollowMod:LifebloodCocoon","floor":40,"key":"SMITH"},{"data":"HollowMod:Grubsong","floor":42,"key":"SMITH"},{"data":"HollowMod:GoodIntentions","floor":49,"key":"SMITH"}],"circlet_count":0,"master_deck":["HollowMod:SoulStrike+1","HollowMod:DesolateDive+1","HollowMod:VengefulSpirit+1","HollowMod:HowlingWraiths+1","HollowMod:Weaversong+1","HollowMod:SoulVessel+1","HollowMod:Grubsong+1","HollowMod:MonomonsArchive+1","HollowMod:HuntersJournal+1","HollowMod:GoodIntentions+1","HollowMod:LifebloodCocoon+1","HollowMod:SoulSplash+1","HollowMod:ChannelNail","HollowMod:HuntersJournal+1","HollowMod:NewLastStag+1","HollowMod:CloakDash+1","HollowMod:BaldurShell+1","HollowMod:AwokenDreamNail+1","HollowMod:SoulVessel+1","HollowMod:HuntersJournal+1","HollowMod:SoulEater+1"],"relics":["HollowMod:VesselMask","HollowMod:KingsSoulRelic","HollowMod:MillibellesNoteRelic","HollowMod:StagPassRelic","HollowMod:MantisClawRelic","Magic Flower","Membership Card","TungstenRod","Torii","HandDrill","Potion Belt","Coffee Dripper","War Paint","Whetstone","Kunai","Oddly Smooth Stone","Anchor","Lizard Tail","Shuriken","Omamori","Coffee Dripper","WingedGreaves","PreservedInsect","Bag of Marbles","Happy Flower","Calling Bell","Smiling Mask","White Beast Statue","Pocketwatch","HollowMod:IsmasTear","Molten Egg 2","Pear","Strawberry"],"acts_visited":["Exordium","TheCity","TheBeyond"],"potions_floor_usage":[50,50,50,50,50,50,50,50],"damage_taken":[{"damage":0.0,"enemies":"2 Louse","floor":1.0,"turns":1.0},{"damage":0.0,"enemies":"Cultist","floor":3.0,"turns":2.0},{"damage":0.0,"enemies":"Small Slimes","floor":4.0,"turns":2.0},{"damage":0.0,"enemies":"2 Fungi Beasts","floor":11.0,"turns":1.0},{"damage":0.0,"enemies":"Gremlin Nob","floor":14.0,"turns":2.0},{"damage":0.0,"enemies":"HollowMod:FalseKnight","floor":16.0,"turns":4.0},{"damage":0.0,"enemies":"2 Thieves","floor":18.0,"turns":2.0},{"damage":0.0,"enemies":"Spheric Guardian","floor":20.0,"turns":2.0},{"damage":0.0,"enemies":"Centurion and Healer","floor":21.0,"turns":2.0},{"damage":0.0,"enemies":"HollowMod:Nosk","floor":24.0,"turns":3.0},{"damage":0.0,"enemies":"Snake Plant","floor":28.0,"turns":2.0},{"damage":0.0,"enemies":"Chosen and Byrds","floor":31.0,"turns":3.0},{"damage":0.0,"enemies":"HollowMod:NKGrimm","floor":33.0,"turns":4.0},{"damage":0,"enemies":"Orb Walker","floor":35,"turns":2},{"damage":0,"enemies":"3 Shapes","floor":38,"turns":1},{"damage":0,"enemies":"Jaw Worm Horde","floor":39,"turns":1},{"damage":16,"enemies":"Reptomancer","floor":41,"turns":3},{"damage":0,"enemies":"3 Darklings","floor":46,"turns":2},{"damage":23,"enemies":"4 Shapes","floor":47,"turns":2},{"damage":0,"enemies":"Nemesis","floor":48,"turns":3},{"damage":11,"enemies":"HollowMod:Radiance","floor":50,"turns":8}],"seed_played":"5256665504601970551","potions_obtained":[{"floor":1.0,"key":"AttackPotion"},{"floor":11.0,"key":"Swift Potion"},{"floor":18.0,"key":"FearPotion"},{"floor":24.0,"key":"GamblersBrew"},{"floor":31.0,"key":"DuplicationPotion"},{"floor":33.0,"key":"Weak Potion"},{"floor":35,"key":"EntropicBrew"},{"floor":38,"key":"LiquidMemories"},{"floor":39,"key":"DistilledChaos"}],"is_trial":true,"path_per_floor":["M","?","M","M","?","R","R","R","T","R","M","$","R","E","R","B",null,"M","$","M","M","?","R","E","R","T","?","M","R","$","M","R","B",null,"M","$","?","M","M","R","E","R","T","T","?","M","M","E","R","B",null],"character_chosen":"THE_BUGKNIGHT","items_purchased":["HollowMod:BaldurShell","Shuriken","Regen Potion","Happy Flower"],"campfire_rested":0,"item_purchase_floors":[12,12,19,30],"current_hp_per_floor":[75,75,75,75,75,75,75,75,75,75,75,75,75,75,75,75,75,75,75,75,75,75,75,75,75,75,75,75,75,75,75,75,75,75,75,75,75,75,75,75,59,59,59,69,69,69,46,53,53,42],"gold":481,"neow_bonus":"","is_daily":false,"chose_seed":false,"campfire_upgraded":13,"win_rate":0.0,"timestamp":1608890683,"path_taken":["M","?","M","?","?","R","R","R","T","R","M","$","R","E","R","BOSS","M","$","M","M","?","R","E","R","T","?","?","R","$","M","R","BOSS","M","$","?","?","M","R","E","R","T","?","?","M","M","E","R","BOSS"],"items_purchased_type":["Card","Relic","Potion","Relic"],"build_version":"2020-12-22","purchased_purges":0,"victory":true,"max_hp_per_floor":[75,75,75,75,75,75,75,75,75,75,75,75,75,75,75,75,75,75,75,75,75,75,75,75,75,75,75,75,75,75,75,75,75,75,75,75,75,75,75,75,75,75,75,85,81,81,81,88,88,88],"relic_stats":{"Torii":7,"Happy Flower":[9],"counters":[21,52],"Magic Flower":[0],"PreservedInsect":107,"Whetstone":["HollowMod:DesolateDive","HollowMod:HowlingWraiths"],"War Paint":["HollowMod:SoulSplash","HollowMod:MonomonsArchive"],"Smiling Mask":0,"Lizard Tail":0,"Shuriken":[19],"HandDrill":[22],"Kunai":[19],"obtain_stats":[{"Torii":0,"Magic Flower":0,"HollowMod:VesselMask":0,"Whetstone":0,"HollowMod:MillibellesNoteRelic":0,"HollowMod:StagPassRelic":0,"Smiling Mask":34,"Lizard Tail":9,"Strawberry":48,"WingedGreaves":5,"HandDrill":0,"Kunai":0,"HollowMod:MantisClawRelic":0,"Potion Belt":0,"Pear":44,"Happy Flower":30,"Oddly Smooth Stone":0,"PreservedInsect":24,"HollowMod:IsmasTear":41,"Omamori":14,"War Paint":0,"White Beast Statue":34,"Calling Bell":34,"Anchor":0,"Shuriken":12,"Molten Egg 2":43,"Coffee Dripper":0,"Bag of Marbles":26,"Membership Card":0,"TungstenRod":0,"HollowMod:KingsSoulRelic":0,"Pocketwatch":34},{"Torii":0,"Magic Flower":0,"HollowMod:VesselMask":0,"Whetstone":0,"HollowMod:MillibellesNoteRelic":0,"HollowMod:StagPassRelic":0,"Smiling Mask":13,"Lizard Tail":3,"Strawberry":20,"WingedGreaves":3,"HandDrill":0,"Kunai":0,"HollowMod:MantisClawRelic":0,"Potion Belt":0,"Pear":17,"Happy Flower":11,"Oddly Smooth Stone":0,"PreservedInsect":10,"HollowMod:IsmasTear":17,"Omamori":5,"War Paint":0,"White Beast Statue":13,"Calling Bell":13,"Anchor":0,"Shuriken":4,"Molten Egg 2":17,"Coffee Dripper":0,"Bag of Marbles":10,"Membership Card":0,"TungstenRod":0,"HollowMod:KingsSoulRelic":0,"Pocketwatch":13},{"Torii":0,"Magic Flower":0,"HollowMod:VesselMask":0,"Whetstone":0,"HollowMod:MillibellesNoteRelic":0,"HollowMod:StagPassRelic":0,"Smiling Mask":30,"Lizard Tail":5,"Strawberry":44,"WingedGreaves":5,"HandDrill":0,"Kunai":0,"HollowMod:MantisClawRelic":0,"Potion Belt":0,"Pear":37,"Happy Flower":23,"Oddly Smooth Stone":0,"PreservedInsect":21,"HollowMod:IsmasTear":37,"Omamori":8,"War Paint":0,"White Beast Statue":30,"Calling Bell":30,"Anchor":0,"Shuriken":6,"Molten Egg 2":37,"Coffee Dripper":0,"Bag of Marbles":21,"Membership Card":0,"TungstenRod":0,"HollowMod:KingsSoulRelic":0,"Pocketwatch":30}],"TungstenRod":8,"Pocketwatch":[0]},"card_choices":[{"not_picked":["HollowMod:InfectionAssault","HollowMod:NewLittleFool"],"picked":"HollowMod:ChannelNail","floor":1.0},{"not_picked":["HollowMod:CoiledNail","HollowMod:ChannelNail"],"picked":"HollowMod:HuntersJournal","floor":3.0},{"not_picked":["HollowMod:GreatSlash","HollowMod:MawleksShell","HollowMod:HeavyBlow"],"picked":"SKIP","floor":4.0},{"not_picked":["HollowMod:SharpenedNail","HollowMod:InfectedAttack"],"picked":"HollowMod:CloakDash","floor":11.0},{"not_picked":["HollowMod:PaleKingsBlessing","HollowMod:ChannelNail","HollowMod:MawleksShell"],"picked":"SKIP","floor":14.0},{"not_picked":["HollowMod:HornetsHelp","HollowMod:MidwifesHunger"],"picked":"HollowMod:AwokenDreamNail","floor":16.0},{"not_picked":["HollowMod:ShadowDash","HollowMod:MantisMark","HollowMod:SharpenedNail"],"picked":"SKIP","floor":18.0},{"not_picked":["HollowMod:TaintedHusks","HollowMod:HeavyBlow","HollowMod:InfectedAttack"],"picked":"SKIP","floor":20.0},{"not_picked":["HollowMod:VengefulSpirit","HollowMod:SharpenedNail","HollowMod:InfectionAssault"],"picked":"SKIP","floor":21.0},{"not_picked":["HollowMod:DashSlash+1","HollowMod:RadiancesLament","HollowMod:GoodIntentions"],"picked":"SKIP","floor":24.0},{"not_picked":["HollowMod:TaintedHusks","HollowMod:GoodIntentions","HollowMod:SharpenedShadows"],"picked":"SKIP","floor":28.0},{"not_picked":["HollowMod:SiblingsSouls+1","HollowMod:NewJinnsSoul"],"picked":"HollowMod:HuntersJournal+1","floor":31.0},{"not_picked":["HollowMod:SiblingsSouls+1","HollowMod:InfectedAttack+1","HollowMod:BrokenVessel+1"],"picked":"SKIP","floor":35},{"not_picked":["HollowMod:InfectionAssault+1","HollowMod:HeavyBlow+1","HollowMod:VengefulVoid+1"],"picked":"SKIP","floor":38},{"not_picked":["HollowMod:DoubleDash","HollowMod:InfectedCysts+1"],"picked":"HollowMod:SoulEater+1","floor":39},{"not_picked":["HollowMod:FallenFury+1","HollowMod:DescendingDark","HollowMod:SoulShaman+1"],"picked":"SKIP","floor":41},{"not_picked":["HollowMod:MothsMistake","HollowMod:ChannelNail+1","HollowMod:GreatSlash+1"],"picked":"SKIP","floor":46},{"not_picked":["HollowMod:SoulStrike+1","HollowMod:CrystalDash","HollowMod:QuirrelsAssistance+1"],"picked":"SKIP","floor":47},{"not_picked":["HollowMod:BlackTendrils+1","HollowMod:MonarchWings","HollowMod:SoulSplash"],"picked":"SKIP","floor":48}],"player_experience":553453,"relics_obtained":[{"floor":9.0,"key":"Lizard Tail"},{"floor":14.0,"key":"Omamori"},{"floor":24.0,"key":"PreservedInsect"},{"floor":26.0,"key":"Bag of Marbles"},{"floor":34,"key":"Smiling Mask"},{"floor":34,"key":"White Beast Statue"},{"floor":34,"key":"Pocketwatch"},{"floor":41,"key":"HollowMod:IsmasTear"},{"floor":43,"key":"Molten Egg 2"},{"floor":44,"key":"Pear"},{"floor":48,"key":"Strawberry"}],"event_choices":[{"damage_healed":0.0,"max_hp_gain":0.0,"max_hp_loss":0.0,"gold_gain":100.0,"event_name":"Golden Shrine","player_choice":"Pray","floor":2.0,"gold_loss":0.0,"damage_taken":0.0},{"damage_healed":0.0,"max_hp_gain":0.0,"max_hp_loss":0.0,"gold_gain":0.0,"event_name":"Ghosts","player_choice":"Ignored","floor":22.0,"gold_loss":0.0,"damage_taken":0.0},{"damage_healed":0.0,"max_hp_gain":0.0,"max_hp_loss":0.0,"gold_gain":0.0,"event_name":"The Library","player_choice":"Read","floor":27.0,"gold_loss":0.0,"damage_taken":0.0,"cards_obtained":["HollowMod:SoulVessel"]},{"damage_healed":0,"gold_gain":0,"player_choice":"Ignored","damage_taken":0,"max_hp_gain":0,"max_hp_loss":0,"event_name":"NoteForYourself","floor":37,"gold_loss":0},{"damage_healed":0,"gold_gain":0,"player_choice":"Max HP","damage_taken":0,"max_hp_gain":0,"max_hp_loss":4,"event_name":"Winding Halls","floor":45,"gold_loss":0}],"is_beta":false,"boss_relics":[{"not_picked":["Velvet Choker","Pandora\u0027s Box"],"picked":"Coffee Dripper"},{"not_picked":["Astrolabe","Fusion Hammer"],"picked":"Calling Bell"}],"items_purged_floors":[],"is_endless":false,"potions_floor_spawned":[1,11,18,24,31,33,35,38,39,41,46,47,48],"ascension_level":0}}