{"host":"y7b1p9nkx4idorr2","time":1608917322,"event":{"mods":["AchievementEnabler","Act Like it!","Aspiration","Bard","BaseMod","Beaked The Cultist","Better Altar","Better Match","Better Note","Better Sensory Stone","Better Skull","Better Third Choice","BetterRewards","CCEM","Clawfect","Colored Map","Conspire","Downfall","GifTheSpireLib","Googly Eyes","Halation","Hallownest","Hermit","Highlight Path","Hubris","Hunter ??","Infinite Spire","Jedi Mod","Jorbs\u0027s Wanderer Trilogy","Mad Scientist","Marisa????????","Mimic Mod","Minty Spire (QoL Compilation)","Permanent Neow","Replay The Spire","Shade Mod","Shop Mod","Spicy Shops","StSLib","Stuff the Spire","The Administrix","The Blackbeard","The Bug Knight","The Construct","The Cursed","The Disciple","The Gatherer","The Hierophant","The Jungle","The Mystic","The Necromancer","The Problem Sleuth","The Runesmith","The Servant 0.9.4","The Spell Scribe","The Witch","Unceasing Turn Reminder","[IsaacMod]????"],"gold_per_floor":[99,109,119,119,119,44,79,19,19,50,50,66,66,81,97,196,196,46,66,3,3,13,13,36,55,55,55,89,107,127,141,160,263,263,263,263,263,277,277,296,315,315,315,332,347,358,377,377,377,391,402,402],"floor_reached":53,"playtime":4664,"items_purged":[],"score":787,"play_id":"a5cb5bcb-b695-428a-bf99-87bc0d88a277","local_time":"20201225112842","is_ascension_mode":false,"campfire_choices":[{"floor":1,"key":"RECALL"},{"data":"Guardian:TwinSlam","floor":6,"key":"SMITH"},{"data":"Guardian:DonusPower","floor":18,"key":"SMITH"},{"floor":23,"key":"DIG"},{"data":"Guardian:PrismaticBarrier","floor":26,"key":"SMITH"},{"floor":35,"key":"DIG"},{"data":"Guardian:ChargeUp","floor":49,"key":"SMITH"}],"circlet_count":0,"master_deck":["Guardian:Strike_Guardian","Guardian:Strike_Guardian","Guardian:Strike_Guardian","Guardian:Defend_Guardian","Guardian:Defend_Guardian","Guardian:Defend_Guardian","Guardian:Defend_Guardian","Guardian:CurlUp","Guardian:TwinSlam+1","EpicFetus+1","Guardian:MultiBeam","Guardian:WalkerClaw","expansioncontent:Flail","Guardian:SentryBeam","Guardian:DonusPower+1","Guardian:Suspension","Guardian:PrismaticBarrier+1","Guardian:Reroute","Guardian:CrystalBeam","Writhe","Guardian:ChargeUp+1","Guardian:Recover","ReplayTheSpireMod:Echoes of Time","infinitespire:Starlight","infinitespire:FinalStrike","Guardian:PiercingHide","Guardian:PrismaticBeam","Guardian:BronzeOrb+1","Hallownest:curseDreamersLament","Guardian:Harden+1","Guardian:Clone+1","Guardian:PrimingBeam+1"],"relics":["HushsDoor","halation:SimulatedSpire","jedi:cryingmask","HowToJump","downfall:HeartBlessingRed","jedi:angrymask","halation:PinkSoulGem","Busted Crown","downfall:HeartBlessingGreen","downfall:HeartBlessingBlue","Shovel","AnarchistCookbook","PreservedInsect","StuffTheSpire:HistoryBook","StuffTheSpire:NeowsTribute","StuffTheSpire:Kangaroo","Happy Flower","Hallownest:BeastSealRelic","halation:PromiseList","BookofShadows"],"acts_visited":["Hallownest:Greenpath","Hallownest:Greenpath","Hallownest:KingdomsEdge"],"potions_floor_usage":[16,16,16,20,25,32],"damage_taken":[{"damage":8,"enemies":"Hallownest:monsterHuskGuard","floor":2,"turns":5},{"damage":2,"enemies":"Hallownest:2_Tiktiks_and_1_Crawlid","floor":3,"turns":4},{"damage":0,"enemies":"Hallownest:2_MossCreeps","floor":7,"turns":3},{"damage":5,"enemies":"downfall:FleeingMerchant","floor":8,"turns":4},{"damage":3,"enemies":"Hallownest:eliteMossKnight","floor":10,"turns":4},{"damage":0,"enemies":"Hallownest:2_MossCreeps","floor":12,"turns":2},{"damage":5,"enemies":"Hallownest:2_Tiktiks_1_Baldur_1_Crawlid","floor":14,"turns":3},{"damage":1,"enemies":"Hallownest:MossCreep_and_Mosskin","floor":15,"turns":4},{"damage":22,"enemies":"downfall:Silent","floor":16,"turns":8},{"damage":11,"enemies":"theJungle:MUSHROOMGANG","floor":19,"turns":2},{"damage":3,"enemies":"downfall:FleeingMerchant","floor":20,"turns":4},{"damage":5,"enemies":"theJungle:5_Spyders","floor":22,"turns":3},{"damage":6,"enemies":"theJungle:Lyon","floor":25,"turns":4},{"damage":13,"enemies":"theJungle:Cassacara","floor":28,"turns":4},{"damage":0,"enemies":"theJungle:JungleHuntersEncounter","floor":29,"turns":4},{"damage":10,"enemies":"theJungle:2_Snecko_Cultists","floor":30,"turns":4},{"damage":9,"enemies":"Snake Plant","floor":31,"turns":3},{"damage":0,"enemies":"theJungle:Lyon","floor":32,"turns":3},{"damage":14,"enemies":"downfall:Watcher","floor":33,"turns":8},{"damage":3,"enemies":"Hallownest:Shield_Heavy","floor":38,"turns":3},{"damage":1,"enemies":"Hallownest:3_Siblings","floor":40,"turns":3},{"damage":0,"enemies":"Hallownest:2_Wing_and_1_Kings","floor":41,"turns":4},{"damage":6,"enemies":"Hallownest:Shield_Sturdy","floor":44,"turns":3},{"damage":0,"enemies":"Hallownest:monsterPrimalAspid","floor":45,"turns":3},{"damage":1,"enemies":"Hallownest:2_Great","floor":46,"turns":4},{"damage":0,"enemies":"Hallownest:2_Soldiers_and_1_Guardian","floor":47,"turns":4},{"damage":1,"enemies":"Hallownest:Xero_Hu_Marmu","floor":50,"turns":3},{"damage":0,"enemies":"Hallownest:2_Wing_and_1_Kings","floor":51,"turns":4},{"damage":1,"enemies":"downfall:Defect","floor":52,"turns":3}],"seed_played":"-6426966865031552934","potions_obtained":[{"floor":2,"key":"Strength Potion"},{"floor":12,"key":"Dexterity Potion"},{"floor":14,"key":"FearPotion"},{"floor":19,"key":"sneckomod:MuddlingPotion"},{"floor":22,"key":"Guardian:AcceleratePotion"},{"floor":25,"key":"champ:CounterPotion"},{"floor":28,"key":"AttackPotion"},{"floor":32,"key":"Guardian:AcceleratePotion"},{"floor":33,"key":"ColorlessPotion"},{"floor":47,"key":"infinitespire:BlackPotion"}],"is_trial":false,"path_per_floor":["R","M","M","?","?","R","MIM","$","?","E","?","M","?","M","M","B",null,"R","M","$","?","M","R","T","M","R","AVR","E","M","M","M","M","B",null,"R_BF","PTL","PTL","M","?","M","M","?","T","M","M","M","M","AVR","R","M","M","B",null],"character_chosen":"GUARDIAN","items_purchased":["Guardian:WalkerClaw","Guardian:Gem_Red"],"campfire_rested":0,"item_purchase_floors":[8,20],"current_hp_per_floor":[80,72,70,70,60,60,60,55,55,52,52,52,52,47,46,24,80,90,79,76,76,71,71,71,65,65,65,62,72,72,73,83,76,90,90,90,90,87,87,86,86,86,86,80,90,89,90,90,90,89,90,89],"gold":402,"neow_bonus":"SIMULATED_SPIRE","is_daily":false,"chose_seed":false,"campfire_upgraded":4,"win_rate":0.0,"timestamp":1608917322,"path_taken":["R","M","M","?","?","R","MIM","$","?","E","?","?","?","M","M","BOSS","R","M","$","?","M","R","T","M","R","AVR","E","M","?","M","M","BOSS","R_BF","PTL","PTL","M","?","M","M","?","T","M","M","M","M","AVR","R","?","M","BOSS"],"items_purchased_type":["Card","Card"],"build_version":"2020-12-22","purchased_purges":0,"victory":true,"max_hp_per_floor":[80,80,80,80,80,80,80,80,80,80,80,80,80,80,80,80,80,90,90,90,90,90,90,90,90,90,90,90,90,90,90,90,90,90,90,90,90,90,90,90,90,90,90,90,90,90,90,90,90,90,90,90],"card_choices":[{"not_picked":[],"picked":"EpicFetus","floor":0},{"not_picked":["Guardian:Harden","Guardian:GuardianWhirl"],"picked":"Guardian:Gem_Fragmented","floor":2},{"not_picked":["Guardian:Incinerate","Guardian:Recover"],"picked":"Guardian:Gem_Green","floor":3},{"not_picked":["Guardian:Suspension","Guardian:Recover"],"picked":"Guardian:MultiBeam","floor":7},{"not_picked":["Guardian:RollAttack","Guardian:VentSteam"],"picked":"Guardian:Gem_Red","floor":8},{"not_picked":["Thinking Ahead","Madness"],"picked":"expansioncontent:Flail","floor":9},{"not_picked":["Guardian:Planning","Guardian:TimeCapacitor"],"picked":"Guardian:SentryBeam","floor":9},{"not_picked":["Guardian:VentSteam","Guardian:GuardianWhirl"],"picked":"Guardian:DonusPower","floor":10},{"not_picked":["Purity","hubris:Ssssneak"],"picked":"Bomb","floor":11},{"not_picked":["Guardian:Incinerate","Guardian:ArmoredProtocol"],"picked":"Guardian:Suspension","floor":12},{"not_picked":["Guardian:Planning","Guardian:PiercingHide"],"picked":"Guardian:PrismaticBarrier","floor":14},{"not_picked":["Guardian:SpikerProtocol","Guardian:Planning"],"picked":"Guardian:Reroute","floor":15},{"not_picked":["Guardian:HyperBeam_Guardian","Guardian:FastForward"],"picked":"Guardian:Gem_Synthetic","floor":16},{"not_picked":[],"picked":"Guardian:CrystalBeam","floor":19},{"not_picked":["Guardian:SentryBeam"],"picked":"SKIP","floor":20},{"not_picked":[],"picked":"Guardian:ChargeUp","floor":22},{"not_picked":[],"picked":"Guardian:Recover","floor":25},{"not_picked":["Guardian:ShieldSpikes"],"picked":"SKIP","floor":28},{"not_picked":["Guardian:ChargeUp"],"picked":"SKIP","floor":28},{"not_picked":["Guardian:SentryBeam"],"picked":"SKIP","floor":29},{"not_picked":[],"picked":"Guardian:PiercingHide","floor":30},{"not_picked":["Guardian:Suspension"],"picked":"SKIP","floor":31},{"not_picked":[],"picked":"Guardian:PrismaticBeam","floor":32},{"not_picked":[],"picked":"Guardian:Gem_Orange","floor":33},{"not_picked":["Guardian:Recover"],"picked":"SKIP","floor":38},{"not_picked":["Guardian:CrystalBeam+1"],"picked":"SKIP","floor":38},{"not_picked":[],"picked":"Guardian:Gem_Cyan","floor":40},{"not_picked":[],"picked":"Guardian:BronzeOrb+1","floor":41},{"not_picked":[],"picked":"Guardian:Harden+1","floor":44},{"not_picked":["Guardian:Recover"],"picked":"SKIP","floor":44},{"not_picked":[],"picked":"Guardian:Clone+1","floor":45},{"not_picked":["Guardian:HyperBeam_Guardian"],"picked":"SKIP","floor":46},{"not_picked":[],"picked":"Guardian:Gem_White","floor":47},{"not_picked":["Guardian:Reroute"],"picked":"SKIP","floor":47},{"not_picked":["Guardian:RefractedBeam"],"picked":"SKIP","floor":50},{"not_picked":[],"picked":"Guardian:PrimingBeam+1","floor":51},{"not_picked":["Guardian:SpikerProtocol+1"],"picked":"SKIP","floor":51}],"player_experience":2182746,"relics_obtained":[{"floor":10,"key":"jedi:angrymask"},{"floor":23,"key":"AnarchistCookbook"},{"floor":24,"key":"PreservedInsect"},{"floor":28,"key":"StuffTheSpire:NeowsTribute"},{"floor":35,"key":"Happy Flower"},{"floor":43,"key":"halation:PromiseList"}],"event_choices":[{"damage_healed":0,"gold_gain":1,"player_choice":"1","damage_taken":0,"max_hp_gain":0,"max_hp_loss":0,"event_name":"betterStone:BetterStone","floor":11,"gold_loss":0}],"is_beta":false,"boss_relics":[{"not_picked":["Replay:Wanted Poster","halation:PinkAlligatorPlush"],"picked":"Busted Crown"},{"not_picked":[]},{"not_picked":["Replay:Drink Me","aspiration:MarisaSkillbook"],"picked":"StuffTheSpire:Kangaroo"},{"not_picked":[]}],"items_purged_floors":[],"is_endless":false,"potions_floor_spawned":[2,12,14,15,19,22,25,28,32,33,38,44,45,46,47],"ascension_level":0}}