{"host":"ji1fk25fd1ga4ji1","time":1608884117,"event":{"mods":["2.2 Compatiblity","BaseMod","Colored Map","DeckTracker","Minty Spire (QoL Compilation)","Permanent Neow","Quick Restart","StSLib","SuperFastMode"],"gold_per_floor":[10,10,10,23,39,75,75,116,116,152,173,173,207,282,282,406,406,429,429,354,367,385,385,401,417,417,417,43,43,77,96,96,216,216,237,258,273,606,566,597,597,627,627,642,660,685,700,728,728,728],"floor_reached":51,"playtime":1689,"items_purged":["Strike_G","Strike_G"],"score":974,"play_id":"dfa03b70-ca6f-4233-b749-f5764c77f848","local_time":"20201225171517","is_ascension_mode":true,"campfire_choices":[{"data":"Deadly Poison","floor":7.0,"key":"SMITH"},{"floor":15.0,"key":"REST"},{"data":"Footwork","floor":23.0,"key":"SMITH"},{"data":"Noxious Fumes","floor":27.0,"key":"SMITH"},{"data":"Backflip","floor":29.0,"key":"SMITH"},{"data":"Acrobatics","floor":32.0,"key":"SMITH"},{"data":"Reflex","floor":41.0,"key":"SMITH"},{"floor":49,"key":"REST"}],"circlet_count":0,"master_deck":["Strike_G","Defend_G","Defend_G","Defend_G","Defend_G","Survivor","Neutralize","Corpse Explosion","Noxious Fumes+1","Deflect","Blade Dance","Deadly Poison+1","Acrobatics+1","Reflex+1","Footwork+1","Backflip+1","Acrobatics+1","Footwork","Expertise+1","Deadly Poison+1","Outmaneuver+1","Calculated Gamble","Calculated Gamble+1"],"relics":["Ring of the Snake","Toy Ornithopter","Bottled Tornado","PreservedInsect","StrikeDummy","Odd Mushroom","Philosopher\u0027s Stone","Mummified Hand","HornCleat","Pear","Cursed Key","Mango","Omamori","Smiling Mask","Bronze Scales"],"acts_visited":[],"potions_floor_usage":[42,46,46,50,50,50,50,50,50],"damage_taken":[{"damage":5.0,"enemies":"Small Slimes","floor":1.0,"turns":6.0},{"damage":0.0,"enemies":"2 Louse","floor":4.0,"turns":3.0},{"damage":0.0,"enemies":"Cultist","floor":5.0,"turns":4.0},{"damage":14.0,"enemies":"3 Sentries","floor":6.0,"turns":4.0},{"damage":13.0,"enemies":"Lagavulin","floor":8.0,"turns":5.0},{"damage":15.0,"enemies":"Gremlin Nob","floor":10.0,"turns":4.0},{"damage":15.0,"enemies":"Gremlin Gang","floor":11.0,"turns":3.0},{"damage":0.0,"enemies":"The Mushroom Lair","floor":13.0,"turns":3.0},{"damage":6.0,"enemies":"Hexaghost","floor":16.0,"turns":8.0},{"damage":2.0,"enemies":"Shell Parasite","floor":18.0,"turns":5.0},{"damage":9.0,"enemies":"Spheric Guardian","floor":21.0,"turns":5.0},{"damage":13.0,"enemies":"Snecko","floor":22.0,"turns":7.0},{"damage":6.0,"enemies":"Snake Plant","floor":24.0,"turns":5.0},{"damage":2.0,"enemies":"Chosen and Byrds","floor":25.0,"turns":4.0},{"damage":0.0,"enemies":"Slavers","floor":30.0,"turns":3.0},{"damage":2.0,"enemies":"Centurion and Healer","floor":31.0,"turns":3.0},{"damage":23.0,"enemies":"Champ","floor":33.0,"turns":12.0},{"damage":2.0,"enemies":"3 Darklings","floor":35.0,"turns":4.0},{"damage":0.0,"enemies":"3 Shapes","floor":36.0,"turns":2.0},{"damage":2.0,"enemies":"3 Darklings","floor":37.0,"turns":3.0},{"damage":31.0,"enemies":"Nemesis","floor":40.0,"turns":7.0},{"damage":4,"enemies":"Giant Head","floor":42,"turns":7},{"damage":12,"enemies":"Maw","floor":44,"turns":7},{"damage":16,"enemies":"Jaw Worm Horde","floor":45,"turns":3},{"damage":0,"enemies":"Nemesis","floor":46,"turns":7},{"damage":0,"enemies":"Spire Growth","floor":47,"turns":4},{"damage":25,"enemies":"Reptomancer","floor":48,"turns":6},{"damage":9,"enemies":"Awakened One","floor":50,"turns":10}],"seed_played":"-5228430237191648847","potions_obtained":[{"floor":6.0,"key":"Block Potion"},{"floor":8.0,"key":"SpeedPotion"},{"floor":11.0,"key":"SpeedPotion"},{"floor":13.0,"key":"GamblersBrew"},{"floor":16.0,"key":"DuplicationPotion"},{"floor":19.0,"key":"SpeedPotion"},{"floor":22.0,"key":"Regen Potion"},{"floor":25.0,"key":"LiquidMemories"},{"floor":33.0,"key":"SkillPotion"},{"floor":35.0,"key":"SkillPotion"},{"floor":39.0,"key":"Regen Potion"},{"floor":39.0,"key":"Regen Potion"},{"floor":39.0,"key":"EntropicBrew"},{"floor":45,"key":"FearPotion"},{"floor":46,"key":"Dexterity Potion"},{"floor":48,"key":"GamblersBrew"}],"is_trial":false,"path_per_floor":["M","$","?","M","M","E","R","E","T","E","M","?","?","?","R","B",null,"M","?","$","M","M","R","M","M","T","R","$","R","E","M","R","B",null,"M","M","M","?","?","E","R","E","T","M","M","E","M","E","R","B",null],"character_chosen":"THE_SILENT","items_purchased":["Backflip","HornCleat"],"campfire_rested":2,"item_purchase_floors":[28,28],"current_hp_per_floor":[65,65,65,65,65,51,51,38,38,28,18,18,23,12,31,25,65,63,63,63,54,41,41,35,52,52,52,52,52,62,60,60,37,75,73,73,71,71,71,54,54,70,70,58,42,67,67,42,68,89],"gold":728,"neow_bonus":"TRANSFORM_TWO_CARDS","is_daily":false,"chose_seed":false,"campfire_upgraded":6,"win_rate":0.0,"timestamp":1608884117,"path_taken":["M","$","?","M","M","E","R","E","T","E","M","?","?","?","R","BOSS","M","?","$","M","M","R","?","M","T","R","$","R","E","M","R","BOSS","M","M","?","?","?","E","R","E","T","M","M","E","M","E","R","BOSS"],"items_purchased_type":["Card","Relic"],"build_version":"2020-12-22","purchased_purges":2,"victory":true,"max_hp_per_floor":[70,70,65,65,65,65,65,65,65,65,65,65,65,65,65,65,65,65,65,65,65,65,65,65,65,65,65,65,65,75,75,75,75,75,75,75,75,75,75,89,89,89,89,89,89,89,89,89,89,89],"card_choices":[{"not_picked":["Acrobatics","Choke"],"picked":"Deflect","floor":1.0},{"not_picked":["Slice","Distraction"],"picked":"Blade Dance","floor":4.0},{"not_picked":["Poisoned Stab","Blade Dance"],"picked":"Deadly Poison","floor":5.0},{"not_picked":["Cloak And Dagger","Storm of Steel","Distraction"],"picked":"SKIP","floor":6.0},{"not_picked":["Accuracy","Backstab"],"picked":"Acrobatics","floor":8.0},{"not_picked":["Heel Hook","Leg Sweep"],"picked":"Reflex","floor":10.0},{"not_picked":["Escape Plan","Dash","Blade Dance"],"picked":"SKIP","floor":11.0},{"not_picked":["Prepared","Sucker Punch","Bane"],"picked":"SKIP","floor":18.0},{"not_picked":["Dagger Throw","Envenom"],"picked":"Footwork","floor":21.0},{"not_picked":["Blade Dance","Infinite Blades+1","Escape Plan+1"],"picked":"SKIP","floor":22.0},{"not_picked":["Cloak And Dagger+1","Infinite Blades+1","Quick Slash+1"],"picked":"SKIP","floor":24.0},{"not_picked":["Sucker Punch","Quick Slash","Blade Dance"],"picked":"SKIP","floor":25.0},{"not_picked":["Endless Agony","Distraction","Sucker Punch"],"picked":"SKIP","floor":30.0},{"not_picked":["Finisher+1","Outmaneuver","Blade Dance"],"picked":"SKIP","floor":31.0},{"not_picked":["Expertise+1","Concentrate+1"],"picked":"Acrobatics+1","floor":35.0},{"not_picked":["All Out Attack+1","Dodge and Roll"],"picked":"Footwork","floor":36.0},{"not_picked":["Heel Hook+1","Bane+1"],"picked":"Expertise+1","floor":37.0},{"not_picked":["Backstab","Setup"],"picked":"Deadly Poison+1","floor":40.0},{"not_picked":["Poisoned Stab+1","Deflect+1","Bane"],"picked":"SKIP","floor":42},{"not_picked":["Acrobatics","Prepared+1"],"picked":"Outmaneuver+1","floor":44},{"not_picked":["Quick Slash+1","Escape Plan"],"picked":"Calculated Gamble","floor":45},{"not_picked":["Prepared","Cloak And Dagger+1"],"picked":"Calculated Gamble+1","floor":46},{"not_picked":["Distraction+1","Prepared","Dagger Spray+1"],"picked":"SKIP","floor":47},{"not_picked":["Flying Knee","Masterful Stab","Slice+1"],"picked":"SKIP","floor":48}],"player_experience":1220344,"relics_obtained":[{"floor":6.0,"key":"Toy Ornithopter"},{"floor":8.0,"key":"Bottled Tornado"},{"floor":9.0,"key":"PreservedInsect"},{"floor":10.0,"key":"StrikeDummy"},{"floor":13.0,"key":"Odd Mushroom"},{"floor":26.0,"key":"Mummified Hand"},{"floor":30.0,"key":"Pear"},{"floor":40.0,"key":"Mango"},{"floor":42,"key":"Omamori"},{"floor":46,"key":"Smiling Mask"},{"floor":48,"key":"Bronze Scales"}],"event_choices":[{"damage_healed":0.0,"max_hp_gain":0.0,"max_hp_loss":5.0,"gold_gain":0.0,"event_name":"Golden Idol","player_choice":"Lose Max HP","floor":3.0,"gold_loss":0.0,"damage_taken":0.0,"relics_obtained":["Golden Idol"]},{"cards_removed":["Strike_G"],"damage_healed":0.0,"max_hp_gain":0.0,"max_hp_loss":0.0,"gold_gain":0.0,"event_name":"Living Wall","player_choice":"Forget","floor":12.0,"gold_loss":0.0,"damage_taken":0.0},{"damage_healed":0.0,"max_hp_gain":0.0,"max_hp_loss":0.0,"gold_gain":0.0,"event_name":"Mushrooms","player_choice":"Fought Mushrooms","floor":13.0,"gold_loss":0.0,"damage_taken":0.0},{"damage_healed":0.0,"max_hp_gain":0.0,"max_hp_loss":0.0,"gold_gain":75.0,"event_name":"World of Goop","player_choice":"Gather Gold","floor":14.0,"gold_loss":0.0,"damage_taken":11.0},{"damage_healed":0.0,"max_hp_gain":0.0,"max_hp_loss":0.0,"gold_gain":0.0,"event_name":"Lab","player_choice":"Got Potions","floor":19.0,"gold_loss":0.0,"damage_taken":0.0},{"damage_healed":0.0,"max_hp_gain":0.0,"max_hp_loss":0.0,"gold_gain":333.0,"event_name":"The Moai Head","player_choice":"Gave Idol","floor":38.0,"relics_lost":["Golden Idol"],"gold_loss":0.0,"damage_taken":0.0},{"damage_healed":0.0,"max_hp_gain":0.0,"max_hp_loss":0.0,"gold_gain":0.0,"event_name":"The Woman in Blue","player_choice":"Bought 3 Potions","floor":39.0,"gold_loss":0.0,"damage_taken":0.0}],"is_beta":false,"boss_relics":[{"not_picked":["HoveringKite","Runic Pyramid"],"picked":"Philosopher\u0027s Stone"},{"not_picked":["Fusion Hammer","Black Star"],"picked":"Cursed Key"}],"items_purged_floors":[20,28],"is_endless":false,"potions_floor_spawned":[6,8,11,13,16,22,25,30,33,35,40,45,46,48],"ascension_level":1}}