{"host":"szp1d6dso4pv7ddl","time":1608925520,"event":{"mods":["AchievementEnabler","Alarm Clock","BaseMod","Bestiary","Block Reminder","Colored Map","Colored Powertips","Curses Come First","Displayed Cursed Tome","Highlight Path","Minty Spire (QoL Compilation)","Permanent Neow","Quick Restart","Relic Sorter","Relic Stats","StSLib","Synergy Search"],"gold_per_floor":[113,388,34,46,46,46,46,67,67,85,85,118,142,176,176,301,301,317,332,104,0,0,0],"floor_reached":22,"playtime":1185,"items_purged":["Regret","Strike_G"],"score":310,"play_id":"8b7f4d5b-65be-4406-9622-b25d8c40561a","local_time":"20201225114520","is_ascension_mode":true,"campfire_choices":[{"data":"Blade Dance","floor":6,"key":"SMITH"},{"floor":11,"key":"REST"},{"floor":15,"key":"REST"}],"circlet_count":0,"master_deck":["AscendersBane","Strike_G","Strike_G","Strike_G","Defend_G","Defend_G","Defend_G","Survivor","Neutralize","Dodge and Roll+1","Finisher+1","Heel Hook+1","Cloak And Dagger","Swift Strike","Sadistic Nature","Blade Dance+1","Terror","After Image","Die Die Die","Noxious Fumes","Bouncing Flask","Poisoned Stab"],"relics":["Astrolabe","Golden Idol","Tough Bandages","Juzu Bracelet","Bag of Preparation","Philosopher\u0027s Stone"],"acts_visited":["Exordium","TheCity"],"potions_floor_usage":[14,14],"damage_taken":[{"damage":4,"enemies":"2 Louse","floor":1,"turns":3},{"damage":0,"enemies":"Cultist","floor":4,"turns":3},{"damage":0,"enemies":"Jaw Worm","floor":8,"turns":2},{"damage":9,"enemies":"Blue Slaver","floor":10,"turns":4},{"damage":17,"enemies":"Lagavulin","floor":12,"turns":8},{"damage":4,"enemies":"Exordium Wildlife","floor":13,"turns":3},{"damage":2,"enemies":"3 Sentries","floor":14,"turns":5},{"damage":9,"enemies":"Hexaghost","floor":16,"turns":10},{"damage":20,"enemies":"2 Thieves","floor":18,"turns":4},{"damage":24,"enemies":"Spheric Guardian","floor":19,"turns":4},{"damage":27,"enemies":"Snake Plant","floor":22,"turns":2}],"seed_played":"-5736560707462786506","potions_obtained":[{"floor":8,"key":"PowerPotion"},{"floor":10,"key":"Dexterity Potion"},{"floor":16,"key":"EssenceOfSteel"}],"is_trial":false,"path_per_floor":["M","?","$","M","$","R","?","M","T","M","R","E","M","E","R","B",null,"M","M","$","?","M"],"character_chosen":"THE_SILENT","items_purchased":["Swift Strike","Sadistic Nature","Bouncing Flask","Poisoned Stab"],"campfire_rested":2,"item_purchase_floors":[3,3,20,20],"current_hp_per_floor":[59,59,59,59,59,59,42,42,42,33,54,37,33,31,52,43,63,43,19,19,19,0,0],"gold":0,"neow_bonus":"BOSS_RELIC","is_daily":false,"chose_seed":false,"campfire_upgraded":1,"win_rate":0.0,"timestamp":1608925520,"path_taken":["M","?","$","M","?","R","?","M","T","M","R","E","M","E","R","BOSS","M","M","$","?","M"],"items_purchased_type":["Card","Card","Card","Card"],"build_version":"2020-12-22","purchased_purges":2,"victory":false,"max_hp_per_floor":[70,70,70,70,70,70,70,70,70,70,70,70,70,70,70,70,70,70,70,70,70,70,70],"relic_stats":{"Tough Bandages":[21],"counters":[11,48],"Golden Idol":58,"Astrolabe":["Dodge and Roll","Finisher","Heel Hook"],"Juzu Bracelet":0,"Bag of Preparation":[8],"obtain_stats":[{"Tough Bandages":9,"Golden Idol":7,"Astrolabe":0,"Philosopher\u0027s Stone":17,"Juzu Bracelet":12,"Bag of Preparation":14,"Ring of the Snake":0},{"Tough Bandages":3,"Golden Idol":2,"Astrolabe":0,"Philosopher\u0027s Stone":8,"Juzu Bracelet":5,"Bag of Preparation":7,"Ring of the Snake":0},{"Tough Bandages":8,"Golden Idol":6,"Astrolabe":0,"Philosopher\u0027s Stone":38,"Juzu Bracelet":20,"Bag of Preparation":28,"Ring of the Snake":0}]},"card_choices":[{"not_picked":["Poisoned Stab","Quick Slash"],"picked":"Cloak And Dagger","floor":1},{"not_picked":["PiercingWail","Bane"],"picked":"Blade Dance","floor":4},{"not_picked":["Bane","Poisoned Stab","Prepared"],"picked":"SKIP","floor":8},{"not_picked":["Footwork","Cloak And Dagger","Setup"],"picked":"SKIP","floor":10},{"not_picked":["Deflect","Dagger Throw"],"picked":"Terror","floor":12},{"not_picked":["Poisoned Stab","Heel Hook","Acrobatics"],"picked":"SKIP","floor":13},{"not_picked":["Grand Finale","Cloak And Dagger"],"picked":"After Image","floor":14},{"not_picked":["Storm of Steel","Unload"],"picked":"Die Die Die","floor":16},{"not_picked":["Well Laid Plans","Dagger Throw"],"picked":"Noxious Fumes","floor":18},{"not_picked":["Dodge and Roll","Flying Knee","Underhanded Strike"],"picked":"SKIP","floor":19}],"player_experience":1011654,"relics_obtained":[{"floor":9,"key":"Tough Bandages"},{"floor":12,"key":"Juzu Bracelet"},{"floor":14,"key":"Bag of Preparation"}],"event_choices":[{"damage_healed":0,"gold_gain":275,"player_choice":"Desecrate","damage_taken":0,"max_hp_gain":0,"max_hp_loss":0,"event_name":"Golden Shrine","floor":2,"gold_loss":0,"cards_obtained":["Regret"]},{"damage_healed":0,"gold_gain":0,"player_choice":"Take Damage","damage_taken":17,"relics_obtained":["Golden Idol"],"max_hp_gain":0,"max_hp_loss":0,"event_name":"Golden Idol","floor":7,"gold_loss":0},{"damage_healed":0,"gold_gain":0,"player_choice":"Paid Fearfully","damage_taken":0,"max_hp_gain":0,"max_hp_loss":0,"event_name":"Masked Bandits","floor":21,"gold_loss":104}],"is_beta":false,"boss_relics":[{"not_picked":["SlaversCollar","Velvet Choker"],"picked":"Philosopher\u0027s Stone"}],"items_purged_floors":[3,20],"is_endless":false,"potions_floor_spawned":[8,10,16],"killed_by":"Snake Plant","ascension_level":12}}