{"host":"r2b8ojg4o4pyvjvq","time":1608929323,"event":{"mods":["BaseMod","Colored Map","Downfall","Highlight Path","Hubris","Marisa????????","Minty Spire (QoL Compilation)","Quick Restart","Replay The Spire","StSLib","SuperFastMode"],"gold_per_floor":[111,111,111,61,75,119,119,157,157,173,186,237,250,274,274,373,373,397,322,338,338,338,350,350,350,350],"floor_reached":25,"playtime":521,"items_purged":[],"score":393,"play_id":"c2129a70-0810-41af-bfb8-fff87fcf1751","local_time":"20201225214843","is_ascension_mode":true,"campfire_choices":[{"data":"Bash","floor":7,"key":"SMITH"},{"data":"Body Slam","floor":15,"key":"SMITH"}],"circlet_count":0,"master_deck":["AscendersBane","Strike_R","Strike_R","Strike_R","Strike_R","Defend_R","Defend_R","Defend_R","Defend_R","Bash+1","Rampage","True Grit","Barricade","True Grit","Run Through","Body Slam+1","Impervious","Sentinel","Double Tap","Armaments"],"relics":["Burning Blood","NeowsBlessing","Charon\u0027s Ashes","Blue Candle","StoneCalendar","hubris:SphereOfDissonance","hubris:ScarierMask","Nloth\u0027s Gift"],"acts_visited":["Exordium","TheCity"],"potions_floor_usage":[16,16,25],"damage_taken":[{"damage":0,"enemies":"Small Slimes","floor":1,"turns":1},{"damage":0,"enemies":"Jaw Worm","floor":5,"turns":1},{"damage":0,"enemies":"Replay:BlueRogue","floor":6,"turns":1},{"damage":32,"enemies":"Gremlin Nob","floor":8,"turns":4},{"damage":0,"enemies":"2 Louse","floor":10,"turns":3},{"damage":22,"enemies":"2 Fungi Beasts","floor":11,"turns":5},{"damage":5,"enemies":"Exordium Wildlife","floor":13,"turns":3},{"damage":2,"enemies":"3 Louse","floor":14,"turns":4},{"damage":23,"enemies":"Hexaghost","floor":16,"turns":8},{"damage":18,"enemies":"Chosen","floor":18,"turns":5},{"damage":5,"enemies":"2 Thieves","floor":20,"turns":3},{"damage":10,"enemies":"Cultist and Chosen","floor":23,"turns":6},{"damage":60,"enemies":"Gremlin Leader","floor":25,"turns":6}],"seed_played":"-8010996312850125379","potions_obtained":[{"floor":1,"key":"Block Potion"},{"floor":11,"key":"Dexterity Potion"},{"floor":13,"key":"Strength Potion"},{"floor":18,"key":"hexamod:EctoCoolerPotion"},{"floor":23,"key":"Elixir"}],"is_trial":false,"path_per_floor":["M","?","?","?","M","E","R","E","T","M","M","?","M","M","R","B",null,"M","?","M","?","?","M","?","E"],"character_chosen":"IRONCLAD","items_purchased":[],"campfire_rested":0,"item_purchase_floors":[],"current_hp_per_floor":[78,78,83,83,85,85,85,59,59,65,49,49,50,54,54,37,73,61,61,62,62,62,58,58,0,0],"gold":350,"neow_bonus":"THREE_ENEMY_KILL","is_daily":false,"chose_seed":false,"campfire_upgraded":2,"win_rate":0.0,"timestamp":1608929323,"path_taken":["M","?","?","?","M","E","R","E","T","M","M","?","?","M","R","BOSS","M","?","M","?","?","?","?","E"],"items_purchased_type":[],"build_version":"2020-12-22","purchased_purges":0,"victory":false,"max_hp_per_floor":[80,80,85,85,85,85,85,85,85,85,85,85,85,85,85,85,85,85,85,85,85,85,85,85,85,85],"card_choices":[{"not_picked":["Havoc","hubris:ReadiedAction"],"picked":"Rampage","floor":1},{"not_picked":["Heavy Blade","Warcry","Wild Strike"],"picked":"SKIP","floor":5},{"not_picked":["Cleave","Life Link"],"picked":"True Grit","floor":6},{"not_picked":["Armaments","Run Through"],"picked":"Barricade","floor":8},{"not_picked":["Life Link","ReplayTheSpireMod:Muscle Training","Heavy Blade"],"picked":"SKIP","floor":10},{"not_picked":["Dropkick","hubris:ReadiedAction"],"picked":"True Grit","floor":11},{"not_picked":["Rupture","Bloodletting"],"picked":"Run Through","floor":12},{"not_picked":["Armaments","hubris:ReadiedAction"],"picked":"Body Slam","floor":13},{"not_picked":["ReplayTheSpireMod:LeadingStrike","Demonic Infusion","Warcry"],"picked":"SKIP","floor":14},{"not_picked":["Double Tap","Offering"],"picked":"Impervious","floor":16},{"not_picked":["ReplayTheSpireMod:Strike From Hell","Pommel Strike"],"picked":"Sentinel","floor":18},{"not_picked":["Pommel Strike","Run Through+1","True Grit"],"picked":"SKIP","floor":20},{"not_picked":["Pommel Strike","Fire Breathing"],"picked":"Armaments","floor":23}],"player_experience":479253,"relics_obtained":[{"floor":6,"key":"Charon\u0027s Ashes"},{"floor":8,"key":"Blue Candle"},{"floor":9,"key":"StoneCalendar"},{"floor":12,"key":"hubris:SphereOfDissonance"}],"event_choices":[{"damage_healed":0,"gold_gain":0,"player_choice":"Take Wound","damage_taken":0,"relics_obtained":["Golden Idol"],"max_hp_gain":0,"max_hp_loss":0,"event_name":"Golden Idol","floor":2,"gold_loss":0,"cards_obtained":["Injury"]},{"damage_healed":0,"gold_gain":0,"player_choice":"Donut","damage_taken":0,"max_hp_gain":5,"max_hp_loss":0,"event_name":"Big Fish","floor":3,"gold_loss":0},{"cards_removed":["Injury"],"damage_healed":0,"gold_gain":0,"player_choice":"Card Removal","damage_taken":0,"max_hp_gain":0,"max_hp_loss":0,"event_name":"The Cleric","floor":4,"gold_loss":50},{"cards_removed":["Strike_R"],"damage_healed":0,"gold_gain":0,"player_choice":"Gave Gold","damage_taken":0,"max_hp_gain":0,"max_hp_loss":0,"event_name":"Beggar","floor":19,"gold_loss":75},{"damage_healed":0,"gold_gain":0,"player_choice":"Read","damage_taken":0,"max_hp_gain":0,"max_hp_loss":0,"event_name":"The Library","floor":21,"gold_loss":0,"cards_obtained":["Double Tap"]},{"damage_healed":0,"gold_gain":0,"player_choice":"Traded Relic","damage_taken":0,"relics_obtained":["Nloth\u0027s Gift"],"max_hp_gain":0,"max_hp_loss":0,"event_name":"N\u0027loth","floor":22,"relics_lost":["Golden Idol"],"gold_loss":0}],"is_beta":false,"boss_relics":[{"not_picked":["Snecko Eye","Ectoplasm"],"picked":"hubris:ScarierMask"}],"items_purged_floors":[],"is_endless":false,"potions_floor_spawned":[1,11,13,14,18,23],"killed_by":"Gremlin Leader","ascension_level":13}}