{"host":"pyelotildgrd5mks","time":1608921075,"event":{"mods":["BaseMod","KomeijiMod","Minty Spire (QoL Compilation)","Quick Restart","StSLib"],"gold_per_floor":[177,177,177,177,189,189,221,221,271,284,304,319,27,61,61,156,156,176,192,49,63,76,76,91,91,114,114,114,130,130,159,159,263,263,279,279,179,199,212,242,242,270,293,293,321,340,215,265,265,265],"floor_reached":51,"playtime":2610,"items_purged":["Strike_Remiria","Strike_Remiria","Strike_Remiria"],"score":840,"play_id":"906f5d7a-747b-4438-8eed-b9b41e079c82","local_time":"20201226023115","is_ascension_mode":false,"campfire_choices":[{"data":"Scratch","floor":6.0,"key":"SMITH"},{"data":"Absorbed","floor":8.0,"key":"SMITH"},{"data":"BadLadyScramble","floor":15.0,"key":"SMITH"},{"data":"QueenOfMidnight","floor":23,"key":"SMITH"},{"data":"1","floor":25,"key":"LIFT"},{"data":"DemonsDinnerFork_Remiria","floor":30,"key":"SMITH"},{"data":"RemiliaStalker","floor":32,"key":"SMITH"},{"data":"MillenniumVampire","floor":41,"key":"SMITH"},{"data":"2","floor":44,"key":"LIFT"},{"data":"ScarletDestiny","floor":49,"key":"SMITH"}],"circlet_count":0,"master_deck":["Strike_Remiria","Defend_Remirira","Defend_Remirira","Absorbed+1","Scratch+1","Impregnable","Feint","StigmaNizer+1","RemiliaStalker+1","BadLadyScramble+1","QueenOfMidnight+1","FateSonata+1","DemonsDinnerFork_Remiria+1","ScarletDestiny+1","DemonsDinnerFork_Remiria+1","ServantFlier+1","MillenniumVampire+1","DemonsDinnerFork_Remiria+1","CurseofVladTepes+1","ThePrice+1"],"relics":["ThirstyCrossSpe","NeowsBlessing","Strawberry","Calipers","Chemical X","Prayer Wheel","Calling Bell","Omamori","Mummified Hand","Girya","Whetstone","Dream Catcher","MealTicket","Incense Burner","Runic Dome","Toy Ornithopter","Oddly Smooth Stone","Vajra","Kunai","Du-Vu Doll"],"acts_visited":["Exordium","TheCity","TheBeyond"],"potions_floor_usage":[40],"damage_taken":[{"damage":0.0,"enemies":"2 Louse","floor":1.0,"turns":1.0},{"damage":0.0,"enemies":"Jaw Worm","floor":5.0,"turns":1.0},{"damage":0.0,"enemies":"3 Sentries","floor":7.0,"turns":1.0},{"damage":2.0,"enemies":"Small Slimes","floor":10.0,"turns":2.0},{"damage":0.0,"enemies":"Looter","floor":11.0,"turns":2.0},{"damage":0.0,"enemies":"2 Fungi Beasts","floor":12.0,"turns":2.0},{"damage":38.0,"enemies":"Gremlin Nob","floor":14.0,"turns":6.0},{"damage":55.0,"enemies":"Slime Boss","floor":16.0,"turns":10.0},{"damage":0,"enemies":"Chosen","floor":18,"turns":4},{"damage":10,"enemies":"Shell Parasite","floor":19,"turns":5},{"damage":0,"enemies":"3 Cultists","floor":21,"turns":3},{"damage":9,"enemies":"Snake Plant","floor":22,"turns":4},{"damage":0,"enemies":"Cultist and Chosen","floor":24,"turns":5},{"damage":29,"enemies":"Shelled Parasite and Fungi","floor":29,"turns":4},{"damage":18,"enemies":"Slavers","floor":31,"turns":3},{"damage":20,"enemies":"Automaton","floor":33,"turns":5},{"damage":0,"enemies":"3 Shapes","floor":35,"turns":2},{"damage":6,"enemies":"3 Darklings","floor":38,"turns":2},{"damage":0,"enemies":"Jaw Worm Horde","floor":39,"turns":1},{"damage":0,"enemies":"Nemesis","floor":40,"turns":3},{"damage":0,"enemies":"Reptomancer","floor":42,"turns":2},{"damage":18,"enemies":"Nemesis","floor":45,"turns":4},{"damage":16,"enemies":"Spire Growth","floor":46,"turns":3},{"damage":0,"enemies":"Mind Bloom Boss Battle","floor":48,"turns":2},{"damage":13,"enemies":"Donu and Deca","floor":50,"turns":4}],"seed_played":"7166279424810435138","potions_obtained":[{"floor":1.0,"key":"DistilledChaos"},{"floor":5.0,"key":"DuplicationPotion"},{"floor":7.0,"key":"BlessingOfTheForge"},{"floor":33,"key":"Strength Potion"},{"floor":40,"key":"EntropicBrew"}],"is_trial":false,"path_per_floor":["M","?","?","?","M","R","E","R","T","M","M","M","$","E","R","B",null,"M","M","$","M","M","R","M","R","T","?","?","M","R","E","R","B",null,"M","?","$","M","M","E","R","E","T","R","E","M","$","?","R","B",null],"character_chosen":"RemiriaScarlet","items_purchased":["Chemical X","BadLadyScramble","Whetstone"],"campfire_rested":0,"item_purchase_floors":[13,13,20],"current_hp_per_floor":[100,104,109,102,102,102,102,102,102,100,100,100,100,62,62,7,112,112,102,102,102,97,97,97,97,97,97,97,68,68,50,50,31,112,112,112,112,106,106,110,110,112,112,112,98,82,97,105,105,92],"gold":265,"neow_bonus":"THREE_ENEMY_KILL","is_daily":false,"chose_seed":false,"campfire_upgraded":8,"win_rate":0.0,"timestamp":1608921075,"path_taken":["M","?","?","?","?","R","E","R","T","M","M","M","$","E","R","BOSS","M","M","$","M","M","R","M","R","T","?","?","M","R","E","R","BOSS","M","?","$","M","M","E","R","E","T","R","E","M","$","?","R","BOSS"],"items_purchased_type":["Relic","Card","Relic"],"build_version":"2020-12-22","purchased_purges":3,"victory":true,"max_hp_per_floor":[100,107,112,112,112,112,112,112,112,112,112,112,112,112,112,112,112,112,112,112,112,112,112,112,112,112,112,112,112,112,112,112,112,112,112,112,112,112,112,112,112,112,112,112,112,112,112,112,112,112],"card_choices":[{"not_picked":["Rewrite","FierceSweep"],"picked":"Impregnable","floor":1.0},{"not_picked":["BloodCleaner","Offensive"],"picked":"Feint","floor":5.0},{"not_picked":["Reaper_Remiria","RocketKickup","Rewrite"],"picked":"SKIP","floor":7.0},{"not_picked":["Reaper_Remiria","RocketKickup","Rewrite"],"picked":"SKIP","floor":7.0},{"not_picked":["FastHealing","Warpath"],"picked":"StigmaNizer","floor":10.0},{"not_picked":["PartStrengthen","DamonLordCradle_Remiria"],"picked":"RemiliaStalker","floor":11.0},{"not_picked":["ServantFlier","StigmaNizer","BloodPact"],"picked":"SKIP","floor":12.0},{"not_picked":["DoubleEdge","FastHealing","FierceSweep"],"picked":"SKIP","floor":14.0},{"not_picked":["BloodCoagulation","MiserableFate_Remiria"],"picked":"QueenOfMidnight","floor":16.0},{"not_picked":["RocketKickup","DoubleEdge","LifeBreak"],"picked":"SKIP","floor":18},{"not_picked":["Warpath","BodyStrengthen","FastHealing"],"picked":"SKIP","floor":18},{"not_picked":["DemonsDinnerFork_Remiria","DoubleEdge"],"picked":"FateSonata","floor":19},{"not_picked":["FierceSweep","SeparateFleshBlood","TricksterDevil"],"picked":"SKIP","floor":19},{"not_picked":["ThirstForBlood","Tepes"],"picked":"DemonsDinnerFork_Remiria","floor":21},{"not_picked":["YoungDemonLord","Cripple","BloodySuit"],"picked":"SKIP","floor":21},{"not_picked":["Cripple","DoubleEdge+1"],"picked":"ScarletDestiny","floor":22},{"not_picked":["Warpath","BloodCollect","Feint"],"picked":"SKIP","floor":22},{"not_picked":["RocketKickup","NightDance+1"],"picked":"DemonsDinnerFork_Remiria+1","floor":24},{"not_picked":["BloodySuit","FastHealing","Septette"],"picked":"SKIP","floor":24},{"not_picked":["TrickFate","Offensive"],"picked":"ServantFlier+1","floor":29},{"not_picked":["BloodySuit","BloodCollect+1","BodyStrengthen"],"picked":"SKIP","floor":29},{"not_picked":["RocketKickup","YoungDemonLord","BloodySuit"],"picked":"SKIP","floor":31},{"not_picked":["RemiliaStretch_Remiria","QueenOfMidnight"],"picked":"MillenniumVampire","floor":33},{"not_picked":["Warpath","ScarletNetherworld+1","FastHealing"],"picked":"SKIP","floor":35},{"not_picked":["RocketKickup+1","VampireClaw+1","SeparateFleshBlood"],"picked":"SKIP","floor":35},{"not_picked":["DoubleEdge+1","BathedInBlood+1","BloodCollect"],"picked":"SKIP","floor":38},{"not_picked":["RocketKickup+1","Cripple","BloodySuit+1"],"picked":"SKIP","floor":38},{"not_picked":["StigmaNizer+1","Paradox+1"],"picked":"DemonsDinnerFork_Remiria+1","floor":39},{"not_picked":["Cripple+1","RocketKickup","DamonLordCradle_Remiria"],"picked":"SKIP","floor":39},{"not_picked":["BloodPact","BloodCollect"],"picked":"CurseofVladTepes+1","floor":40},{"not_picked":["FateSonata","Warpath","BloodCoagulation"],"picked":"SKIP","floor":42},{"not_picked":["Warpath","TricksterDevil"],"picked":"ThePrice+1","floor":45},{"not_picked":["Feint+1","ScarletNetherworld","ThirstForBlood+1"],"picked":"SKIP","floor":46},{"not_picked":["FastHealing+1","ThePrice","LifeBreak+1"],"picked":"SKIP","floor":46}],"player_experience":560850,"relics_obtained":[{"floor":7.0,"key":"Calipers"},{"floor":14.0,"key":"Prayer Wheel"},{"floor":17,"key":"Omamori"},{"floor":17,"key":"Mummified Hand"},{"floor":17,"key":"Girya"},{"floor":26,"key":"Dream Catcher"},{"floor":31,"key":"Incense Burner"},{"floor":40,"key":"Toy Ornithopter"},{"floor":42,"key":"Oddly Smooth Stone"},{"floor":43,"key":"Vajra"},{"floor":45,"key":"Kunai"},{"floor":48,"key":"Du-Vu Doll"}],"event_choices":[{"damage_healed":0.0,"max_hp_gain":0.0,"max_hp_loss":0.0,"gold_gain":0.0,"event_name":"Scrap Ooze","player_choice":"Success","floor":2.0,"gold_loss":0.0,"damage_taken":3.0,"relics_obtained":["Strawberry"]},{"damage_healed":0.0,"max_hp_gain":5.0,"max_hp_loss":0.0,"gold_gain":0.0,"event_name":"Big Fish","player_choice":"Donut","floor":3.0,"gold_loss":0.0,"damage_taken":0.0},{"cards_removed":["Defend_Remirira"],"damage_healed":0.0,"max_hp_gain":0.0,"max_hp_loss":0.0,"gold_gain":0.0,"event_name":"Golden Wing","player_choice":"Card Removal","floor":4.0,"gold_loss":0.0,"damage_taken":7.0},{"damage_healed":0,"gold_gain":0,"player_choice":"Opened","damage_taken":0,"relics_obtained":["MealTicket"],"max_hp_gain":0,"max_hp_loss":0,"event_name":"The Mausoleum","floor":27,"gold_loss":0},{"cards_removed":["Defend_Remirira"],"damage_healed":0,"gold_gain":0,"player_choice":"Removed Skill","damage_taken":0,"max_hp_gain":0,"max_hp_loss":0,"event_name":"Falling","floor":36,"gold_loss":0},{"damage_healed":0,"gold_gain":0,"player_choice":"Fight","damage_taken":0,"max_hp_gain":0,"max_hp_loss":0,"event_name":"MindBloom","floor":48,"gold_loss":0}],"is_beta":false,"boss_relics":[{"not_picked":["UnsealingCross","Fusion Hammer"],"picked":"Calling Bell"},{"not_picked":["Empty Cage","Coffee Dripper"],"picked":"Runic Dome"}],"items_purged_floors":[13,37,47],"is_endless":false,"potions_floor_spawned":[1,5,7,14,18,21,22,33,35,40,42,46],"ascension_level":0}}