{"host":"tm3ghj8mno6gwywm","time":1608896940,"event":{"mods":["2.2 Compatiblity","AchievementEnabler","Bard","BaseMod","Beaked The Cultist","Better Third Choice","Colored Map","Colored Powertips","Conspire","Downfall","Glutton Mod","GungeonMod","Halation","Hermit","Hubris","Infinite Spire","Jorbs\u0027s Wanderer Trilogy","Lobotomy","Mad Scientist","Marisa????????","Marked Mod","Mimic Mod","Minty Spire (QoL Compilation)","Potionbrewer","Quick Restart","READ ME - Guardian Mod","Replay The Spire","Shade Mod","Shop Mod","Somnambulant","Spicy Shops","StSLib","SuperFastMode","The Bug Knight","The Construct","The Cursed","The Disciple","The Factory","The Hierophant","The IronCluck","The Judge","The Jungle","The Necromancer","The Runesmith","The Servant 0.9.4","egg"],"gold_per_floor":[116,116,46,57,69,95,95,120,188,207,207,207,207,217,217,321,321,333,348,377,440,440,465,480,480,505,520,327,343,343,356,356,456,456,467,483,483,483,499,499,518,518,518,518,528,542,542,557,557,657,657,657,657,46,81,81,81],"floor_reached":56,"playtime":1914,"items_purged":["ReplayTheSpireMod:Restless Dread"],"score":781,"play_id":"1e4c99f1-6719-4201-8bdb-825e24557cb7","local_time":"20201225064900","is_ascension_mode":false,"campfire_choices":[{"floor":11.0,"key":"REST"},{"floor":12.0,"key":"RECALL"},{"floor":15.0,"key":"REST"},{"floor":25.0,"key":"REST"},{"data":"hermit:Snapshot","floor":30.0,"key":"SMITH"},{"data":"hermit:Covet","floor":32.0,"key":"SMITH"},{"floor":40,"key":"REST"},{"floor":42,"key":"REST"},{"floor":44,"key":"REST"},{"floor":47,"key":"REST"},{"floor":49,"key":"REST"},{"data":"hermit:Defend_Hermit","floor":53,"key":"SMITH"}],"circlet_count":0,"master_deck":["hermit:Strike_Hermit","hermit:Strike_Hermit","hermit:Strike_Hermit","hermit:Strike_Hermit","hermit:Defend_Hermit+1","hermit:Defend_Hermit+1","hermit:Defend_Hermit+1","hermit:Defend_Hermit","hermit:Snapshot+1","hermit:Covet+1","hermit:SprayPray+1","hermit:ShadowCloak+1","hermit:SprayPray+1","hermit:SprayPray+1","hermit:Midnight+1","hermit:Feint+1","hermit:Roulette+1","hermit:Misfire+1","ReplayTheSpireMod:Compounding Headache","hubris:Fate+1","hermit:FromBeyond+1","hermit:Showdown+1","hermit:Manifest+1","hermit:HoleUp+1","hermit:FatalDesire+1","hermit:Reprieve+1","hermit:SprayPray+1","hermit:SprayPray+1","hermit:Maintenance+1","hermit:Virtue+1","hermit:Dissolve+1","hermit:ShadowCloak+1","hermit:LuckOfTheDraw+1","hermit:Quickdraw+1","hermit:Desperado+1","hermit:Desperado+1","expansioncontent:Corrupt+1","hermit:FinalCanter+1"],"relics":["hermit:Momento","WingedGreaves","Membership Card","Quantum Egg","Frozen Egg 2","Toxic Egg 2","Molten Egg 2","Black Star","Mummified Hand","Lizard Tail","Art of War","MealTicket","DemoMod:OrangeGuonStone","hubris:TenFootPole","TungstenRod","Thread and Needle","War Paint","halation:PinkSoulGem","Replay:Ringing Soul","DemoMod:PoisonVial","Oddly Smooth Stone","HollowMod:QueensCombRelic","Orrery","hubris:Icosahedron","Replay:Bottled Steam","Bronze Scales","potionbrewer:Keyblade","Sundial","Blood Vial","Dead Branch","Du-Vu Doll","StrikeDummy"],"acts_visited":["Exordium","TheCity","TheBeyond","TheEnding"],"potions_floor_usage":[50,56,56,56],"damage_taken":[{"damage":2.0,"enemies":"Small Slimes","floor":1.0,"turns":4.0},{"damage":11.0,"enemies":"Jaw Worm","floor":4.0,"turns":2.0},{"damage":11.0,"enemies":"conspire:RoseBush","floor":5.0,"turns":1.0},{"damage":9.0,"enemies":"Replay:BlueRogue","floor":6.0,"turns":6.0},{"damage":2.0,"enemies":"3 Sentries","floor":8.0,"turns":9.0},{"damage":0.0,"enemies":"Large Slime","floor":10.0,"turns":3.0},{"damage":9.0,"enemies":"Blue Slaver","floor":14.0,"turns":2.0},{"damage":23.0,"enemies":"Slime Boss","floor":16.0,"turns":12.0},{"damage":10.0,"enemies":"Shell Parasite","floor":18.0,"turns":4.0},{"damage":2.0,"enemies":"conspire:FuzzyDice","floor":19.0,"turns":6.0},{"damage":13.0,"enemies":"conspire:MimicChest","floor":20.0,"turns":7.0},{"damage":19.0,"enemies":"conspire:Head Lice","floor":23.0,"turns":4.0},{"damage":0.0,"enemies":"Cultist and Chosen","floor":24.0,"turns":3.0},{"damage":6.0,"enemies":"Snake Plant","floor":27.0,"turns":3.0},{"damage":3.0,"enemies":"Chosen and Byrds","floor":29.0,"turns":6.0},{"damage":0.0,"enemies":"conspire:HollyBat","floor":31.0,"turns":8.0},{"damage":6.0,"enemies":"Automaton","floor":33.0,"turns":4.0},{"damage":31.0,"enemies":"3 Shapes","floor":35.0,"turns":5.0},{"damage":8,"enemies":"3 Darklings","floor":36,"turns":2},{"damage":20,"enemies":"Spire Growth","floor":39,"turns":6},{"damage":77,"enemies":"Maw","floor":41,"turns":16},{"damage":4,"enemies":"4 Shapes","floor":45,"turns":8},{"damage":30,"enemies":"3 Darklings","floor":46,"turns":13},{"damage":11,"enemies":"Spire Growth","floor":48,"turns":4},{"damage":20,"enemies":"Time Eater","floor":50,"turns":7},{"damage":85,"enemies":"Shield and Spear","floor":55,"turns":8},{"damage":60,"enemies":"The Heart","floor":56,"turns":8}],"seed_played":"1411695822106837313","potions_obtained":[{"floor":4.0,"key":"Swift Potion"},{"floor":6.0,"key":"Swift Potion"},{"floor":10.0,"key":"EssenceOfSteel"},{"floor":21.0,"key":"SkillPotion"},{"floor":21.0,"key":"Ancient Potion"},{"floor":38,"key":"FairyPotion"},{"floor":45,"key":"potionbrewer:CleansingPotion"},{"floor":55,"key":"FearPotion"}],"is_trial":false,"path_per_floor":["M","?","$","M","M","E","?","E","T","M","R","R","?","M","R","B",null,"M","M","?","?","?","E","M","R","T","M","$","M","R","M","R","B",null,"M","M","?","?","M","R","M","R","T","R","M","M","R","M","R","B",null,null,"R","$","E","B"],"character_chosen":"HERMIT","items_purchased":["hermit:ShadowCloak+1","hermit:SprayPray+1","HollowMod:QueensCombRelic","Orrery","Bronze Scales","potionbrewer:Keyblade","hermit:Desperado+1","expansioncontent:Corrupt+1","Sundial","Blood Vial","Dead Branch"],"campfire_rested":8,"item_purchase_floors":[3,3,28,28,54,54,54,54,54,54,54],"current_hp_per_floor":[73,73,73,62,51,42,42,40,40,40,62,62,62,53,75,52,75,65,63,50,50,50,34,34,57,57,54,57,59,59,60,60,57,63,32,31,31,31,34,54,23,44,44,65,68,49,71,64,75,69,69,75,75,78,42,0,0],"gold":81,"neow_bonus":"RANDOM_COMMON_RELIC","is_daily":false,"chose_seed":false,"campfire_upgraded":3,"win_rate":0.0,"timestamp":1608896940,"path_taken":["M","?","$","M","M","E","?","E","T","?","R","R","?","M","R","BOSS","M","M","?","?","?","E","M","R","T","M","$","M","R","M","R","BOSS","M","M","?","?","?","R","M","R","T","R","M","M","R","?","R","BOSS","R","$","E","BOSS"],"items_purchased_type":["Card","Card","Relic","Relic","Relic","Relic","Card","Card","Relic","Relic","Relic"],"build_version":"2020-12-22","purchased_purges":1,"victory":false,"max_hp_per_floor":[75,75,75,75,75,75,75,75,75,75,75,75,75,75,75,75,75,75,75,75,75,75,78,78,78,78,81,57,60,60,60,60,63,63,63,66,66,66,69,69,72,72,72,72,72,75,75,75,75,75,75,75,75,78,81,81,81],"card_choices":[{"not_picked":["hermit:Malice+1","hermit:FullyLoaded+1"],"picked":"hermit:SprayPray+1","floor":1.0},{"not_picked":["hermit:Horror+1","hermit:Combo+1"],"picked":"hermit:Midnight+1","floor":4.0},{"not_picked":["hermit:CursedWeapon+1","hermit:Deadeye+1"],"picked":"hermit:Feint+1","floor":5.0},{"not_picked":["hermit:Enervate+1","hermit:CalledShot+1","hermit:Horror+1"],"picked":"SKIP","floor":6.0},{"not_picked":["hermit:Shortfuse+1","hermit:Headshot+1"],"picked":"hermit:Roulette+1","floor":8.0},{"not_picked":["hermit:Roulette+1","hermit:HoleUp+1"],"picked":"hermit:Misfire+1","floor":10.0},{"not_picked":["hubris:Rewind","ReplayTheSpireMod:Haul"],"picked":"hubris:Fate","floor":13.0},{"not_picked":["hermit:Vantage+1","hermit:OverwhelmingPower+1","hermit:BodyArmor+1"],"picked":"SKIP","floor":14.0},{"not_picked":["hermit:BlackWind+1","hermit:Reprieve+1"],"picked":"hermit:FromBeyond+1","floor":16.0},{"not_picked":["hermit:DeadMansHand+1","hermit:CursedWeapon+1","hermit:LoneWolf+1"],"picked":"SKIP","floor":18.0},{"not_picked":["hermit:GhostlyPresence+1","hermit:Combo+1","hermit:ItchyTrigger+1"],"picked":"SKIP","floor":19.0},{"not_picked":["hermit:Maintenance+1","hermit:Headshot+1"],"picked":"hermit:Showdown+1","floor":20.0},{"not_picked":["hermit:GoldenBullet+1","hermit:EyeOfTheStorm+1"],"picked":"hermit:Manifest+1","floor":23.0},{"not_picked":["hermit:Quickdraw+1","hermit:Vantage+1","hermit:WideOpen+1"],"picked":"SKIP","floor":24.0},{"not_picked":["hermit:LowProfile+1","hermit:TrackingShot+1"],"picked":"hermit:HoleUp+1","floor":27.0},{"not_picked":["hermit:Glare+1","hermit:ItchyTrigger+1"],"picked":"hermit:FatalDesire+1","floor":28.0},{"not_picked":["hermit:Malice+1","hermit:SprayPray+1"],"picked":"hermit:Reprieve+1","floor":28.0},{"not_picked":["hermit:DeadMansHand+1","hermit:Manifest+1"],"picked":"hermit:SprayPray+1","floor":28.0},{"not_picked":["hermit:Quickdraw+1","hermit:Gestalt+1"],"picked":"hermit:SprayPray+1","floor":28.0},{"not_picked":["hermit:Enervate+1","hermit:BodyArmor+1"],"picked":"hermit:Maintenance+1","floor":28.0},{"not_picked":["hermit:Glare+1","hermit:Quickdraw+1"],"picked":"hermit:Virtue+1","floor":29.0},{"not_picked":["hermit:TakeAim+1","hermit:HighCaliber+1","hermit:Dive+1"],"picked":"SKIP","floor":31.0},{"not_picked":["hermit:Gambit+1","hermit:Reprieve+1"],"picked":"hermit:Dissolve+1","floor":33.0},{"not_picked":["hermit:ItchyTrigger+1","hermit:Horror+1","hermit:Deadeye+1"],"picked":"SKIP","floor":35.0},{"not_picked":["hermit:GhostlyPresence+1","hermit:HoleUp+1"],"picked":"hermit:ShadowCloak+1","floor":36},{"not_picked":["hermit:Shortfuse+1","hermit:Headshot+1"],"picked":"hermit:LuckOfTheDraw+1","floor":39},{"not_picked":["hermit:CalledShot+1","hermit:RoundhouseKick+1"],"picked":"hermit:Quickdraw+1","floor":41},{"not_picked":["hermit:Glare+1","hermit:TrackingShot+1","hermit:Vantage+1"],"picked":"SKIP","floor":45},{"not_picked":["hermit:Quickdraw+1","hermit:Brawl+1"],"picked":"hermit:Desperado+1","floor":46},{"not_picked":["hermit:Dive+1","hermit:TakeAim+1","hermit:HoleUp+1"],"picked":"SKIP","floor":48},{"not_picked":["hermit:TakeCover+1","hermit:Showdown+1"],"picked":"hermit:FinalCanter+1","floor":55}],"player_experience":789502,"relics_obtained":[{"floor":6.0,"key":"MealTicket"},{"floor":6.0,"key":"DemoMod:OrangeGuonStone"},{"floor":8.0,"key":"hubris:TenFootPole"},{"floor":8.0,"key":"TungstenRod"},{"floor":20.0,"key":"Thread and Needle"},{"floor":21.0,"key":"War Paint"},{"floor":23.0,"key":"Replay:Ringing Soul"},{"floor":23.0,"key":"DemoMod:PoisonVial"},{"floor":26.0,"key":"Oddly Smooth Stone"},{"floor":43,"key":"Replay:Bottled Steam"},{"floor":55,"key":"Du-Vu Doll"},{"floor":55,"key":"StrikeDummy"}],"event_choices":[{"damage_healed":0.0,"max_hp_gain":0.0,"max_hp_loss":0.0,"gold_gain":0.0,"event_name":"conspire:Investor","player_choice":"Leave","floor":2.0,"gold_loss":0.0,"damage_taken":0.0},{"damage_healed":0,"gold_gain":0,"player_choice":"Got Potions","damage_taken":0,"max_hp_gain":0,"max_hp_loss":0,"event_name":"Lab","floor":38,"gold_loss":0}],"is_beta":false,"boss_relics":[{"not_picked":["halation:MonkeysPaw","hubris:BlackHole","ChewingGum"]},{"not_picked":["hubris:TerracottaHorce","Snecko Eye","ReplayTheSpireMod:DimensionalGlitch"]}],"items_purged_floors":[28],"is_endless":false,"potions_floor_spawned":[4,6,10,16,18,19,27,36,45,46,55],"killed_by":"The Heart","ascension_level":0}}