{"host":"lhth1efayex2023z","time":1608863730,"event":{"mods":["BaseMod","Colored Map","Googly Eyes","Minty Spire (QoL Compilation)","StSLib"],"gold_per_floor":[112,62,62,237,237,280,10,10,10],"floor_reached":8,"playtime":262,"items_purged":[],"score":81,"play_id":"23712927-9a5a-40fa-b9b7-a6e408b6c9f9","local_time":"20201224193530","is_ascension_mode":true,"campfire_choices":[],"circlet_count":0,"master_deck":["AscendersBane","Strike_R","Strike_R","Strike_R","Strike_R","Defend_R","Defend_R","Defend_R","Defend_R","Bash","Corruption","Rampage","Doubt","Cleave","Metallicize","Armaments"],"relics":["Burning Blood","Golden Idol","Potion Belt","Sling"],"acts_visited":["Exordium"],"potions_floor_usage":[8],"damage_taken":[{"damage":9,"enemies":"2 Louse","floor":1,"turns":3},{"damage":39,"enemies":"Gremlin Nob","floor":6,"turns":5},{"damage":20,"enemies":"Lagavulin","floor":8,"turns":5}],"seed_played":"-1878391866839782611","potions_obtained":[{"floor":1,"key":"Dexterity Potion"}],"is_trial":false,"path_per_floor":["M","?","$","?","?","E","$","E"],"character_chosen":"IRONCLAD","items_purchased":["Metallicize","Sling","Armaments"],"campfire_rested":0,"item_purchase_floors":[7,7,7],"current_hp_per_floor":[69,69,69,69,49,16,16,0,0],"gold":10,"neow_bonus":"ONE_RANDOM_RARE_CARD","is_daily":false,"chose_seed":false,"campfire_upgraded":0,"win_rate":0.0,"timestamp":1608863730,"path_taken":["M","?","$","?","?","E","?","E"],"items_purchased_type":["Card","Relic","Card"],"build_version":"2020-12-22","purchased_purges":0,"victory":false,"max_hp_per_floor":[80,80,80,80,80,80,80,80,80],"card_choices":[{"not_picked":["Bloodletting","Iron Wave"],"picked":"Rampage","floor":1},{"not_picked":["True Grit","Anger"],"picked":"Cleave","floor":6}],"player_experience":396434,"relics_obtained":[{"floor":6,"key":"Potion Belt"}],"event_choices":[{"cards_removed":["Strike_R"],"damage_healed":0,"gold_gain":0,"player_choice":"Card Removal","damage_taken":0,"max_hp_gain":0,"max_hp_loss":0,"event_name":"The Cleric","floor":2,"gold_loss":50},{"damage_healed":0,"gold_gain":175,"player_choice":"AGREE","damage_taken":0,"max_hp_gain":0,"max_hp_loss":0,"event_name":"Liars Game","floor":4,"gold_loss":0,"cards_obtained":["Doubt"]},{"damage_healed":0,"gold_gain":0,"player_choice":"Take Damage","damage_taken":20,"relics_obtained":["Golden Idol"],"max_hp_gain":0,"max_hp_loss":0,"event_name":"Golden Idol","floor":5,"gold_loss":0}],"is_beta":false,"boss_relics":[],"items_purged_floors":[],"is_endless":false,"potions_floor_spawned":[1],"killed_by":"Lagavulin","ascension_level":11}}