{"host":"utqe55yv0jihe4d6","time":1608866304,"event":{"mods":["2.2 Compatiblity","AchievementEnabler","BaseMod","Block Reminder","Colored Map","Colored Powertips","Minty Spire (QoL Compilation)","Quick Restart","Rare Cards Sparkle","Relic Stats","SuperFastMode"],"gold_per_floor":[114,128,128,17,17,17,60,78,78,78,113,129,129,162,162,255,255,269,85,109,109,130,164,164,183,209,209,209,229,244,244,244],"floor_reached":31,"playtime":907,"items_purged":["Strike_G","Strike_G"],"score":600,"play_id":"62c5a52a-fdc4-4541-b11b-72a20e571f5f","local_time":"20201224221824","is_ascension_mode":true,"campfire_choices":[{"data":"Predator","floor":6.0,"key":"SMITH"},{"data":"Neutralize","floor":10.0,"key":"SMITH"},{"data":"Noxious Fumes","floor":15,"key":"SMITH"},{"data":"Adrenaline","floor":24,"key":"SMITH"},{"data":"Caltrops","floor":27,"key":"SMITH"}],"circlet_count":0,"master_deck":["AscendersBane","Strike_G+1","Strike_G+1","Strike_G+1","Defend_G+1","Defend_G+1","Defend_G+1","Defend_G+1","Defend_G+1","Survivor","Neutralize+1","Dagger Throw","Sucker Punch","Predator+1","Blur","Caltrops+1","Noxious Fumes+1","Backstab","Adrenaline+1","Acrobatics+1","Leg Sweep","Skewer+1","Catalyst"],"relics":["Ring of the Snake","NeowsBlessing","Meat on the Bone","Golden Idol","Omamori","HornCleat","Bag of Preparation","Sundial","Tiny Chest","Velvet Choker","Bottled Lightning","Potion Belt"],"acts_visited":["Exordium","TheCity"],"potions_floor_usage":[11,16,16,31,31],"damage_taken":[{"damage":0.0,"enemies":"Cultist","floor":1.0,"turns":1.0},{"damage":0.0,"enemies":"Small Slimes","floor":2.0,"turns":1.0},{"damage":0.0,"enemies":"3 Sentries","floor":7.0,"turns":1.0},{"damage":0.0,"enemies":"Jaw Worm","floor":8.0,"turns":4.0},{"damage":16,"enemies":"Lagavulin","floor":11,"turns":6},{"damage":0,"enemies":"Looter","floor":12,"turns":3},{"damage":18,"enemies":"Gremlin Nob","floor":14,"turns":4},{"damage":7,"enemies":"The Guardian","floor":16,"turns":9},{"damage":3,"enemies":"Spheric Guardian","floor":18,"turns":4},{"damage":2,"enemies":"3 Byrds","floor":20,"turns":4},{"damage":0,"enemies":"Snake Plant","floor":22,"turns":4},{"damage":22,"enemies":"Book of Stabbing","floor":23,"turns":7},{"damage":0,"enemies":"Centurion and Healer","floor":25,"turns":8},{"damage":12,"enemies":"Snecko","floor":29,"turns":5},{"damage":0,"enemies":"Snake Plant","floor":30,"turns":4},{"damage":40,"enemies":"Slavers","floor":31,"turns":8}],"seed_played":"-3101622648651548939","potions_obtained":[{"floor":1.0,"key":"Dexterity Potion"},{"floor":8.0,"key":"BlessingOfTheForge"},{"floor":12,"key":"ColorlessPotion"},{"floor":14,"key":"CultistPotion"},{"floor":23,"key":"SneckoOil"},{"floor":25,"key":"Ancient Potion"},{"floor":30,"key":"EssenceOfSteel"}],"is_trial":false,"path_per_floor":["M","M","?","$","?","R","E","M","T","R","E","M","T","E","R","B",null,"M","$","M","?","M","E","R","M","T","R","?","M","M","E"],"character_chosen":"THE_SILENT","items_purchased":["Predator","LiquidMemories"],"campfire_rested":0,"item_purchase_floors":[4,19],"current_hp_per_floor":[59,59,48,48,48,48,48,48,48,48,32,32,32,26,26,31,53,50,50,48,48,48,38,38,38,38,38,38,38,38,0,0],"gold":244,"neow_bonus":"THREE_ENEMY_KILL","is_daily":false,"chose_seed":false,"campfire_upgraded":5,"win_rate":0.0,"timestamp":1608866304,"path_taken":["M","?","?","?","?","R","E","M","T","R","E","M","?","E","R","BOSS","M","$","M","?","M","E","R","M","T","R","?","M","M","E"],"items_purchased_type":["Card","Potion"],"build_version":"2020-12-22","purchased_purges":2,"victory":false,"max_hp_per_floor":[66,66,66,66,60,60,60,60,60,60,60,60,60,60,60,60,60,60,60,60,60,60,60,60,60,60,60,60,60,60,60,60],"relic_stats":{"counters":[16,73],"Golden Idol":79,"Sundial":[10],"Tiny Chest":0,"Bag of Preparation":[22],"obtain_stats":[{"Potion Belt":26,"HornCleat":9,"NeowsBlessing":0,"Golden Idol":5,"Sundial":13,"Velvet Choker":17,"Tiny Chest":14,"Omamori":7,"Bag of Preparation":11,"Bottled Lightning":23,"Ring of the Snake":0,"Meat on the Bone":3},{"Potion Belt":13,"HornCleat":4,"NeowsBlessing":0,"Golden Idol":2,"Sundial":6,"Velvet Choker":8,"Tiny Chest":7,"Omamori":3,"Bag of Preparation":5,"Bottled Lightning":12,"Ring of the Snake":0,"Meat on the Bone":2},{"Potion Belt":56,"HornCleat":7,"NeowsBlessing":0,"Golden Idol":2,"Sundial":16,"Velvet Choker":29,"Tiny Chest":20,"Omamori":3,"Bag of Preparation":13,"Bottled Lightning":48,"Ring of the Snake":0,"Meat on the Bone":2}],"Ring of the Snake":[32],"Meat on the Bone":48},"card_choices":[{"not_picked":["Cloak And Dagger","PiercingWail"],"picked":"Dagger Throw","floor":1.0},{"not_picked":["Dagger Throw","Outmaneuver"],"picked":"Sucker Punch","floor":2.0},{"not_picked":["Dodge and Roll","Backflip"],"picked":"Blur","floor":7.0},{"not_picked":["Dodge and Roll","Quick Slash","Endless Agony"],"picked":"SKIP","floor":8.0},{"not_picked":["Flying Knee","Catalyst"],"picked":"Caltrops","floor":11},{"not_picked":["Well Laid Plans","Blur"],"picked":"Noxious Fumes","floor":12},{"not_picked":["Reflex","Endless Agony"],"picked":"Backstab","floor":14},{"not_picked":["Unload","Venomology"],"picked":"Adrenaline","floor":16},{"not_picked":["Quick Slash+1","Endless Agony"],"picked":"Acrobatics+1","floor":18},{"not_picked":["Underhanded Strike","Dash"],"picked":"Leg Sweep","floor":20},{"not_picked":["Cloak And Dagger","Dagger Throw"],"picked":"Skewer+1","floor":22},{"not_picked":["Terror","Dodge and Roll","Dash"],"picked":"SKIP","floor":23},{"not_picked":["Leg Sweep","Poisoned Stab","Eviscerate+1"],"picked":"SKIP","floor":25},{"not_picked":["Flying Knee+1","Sucker Punch","Backstab"],"picked":"SKIP","floor":29},{"not_picked":["Infinite Blades","Prepared","Sucker Punch+1"],"picked":"SKIP","floor":30}],"player_experience":2851106,"relics_obtained":[{"floor":7.0,"key":"Omamori"},{"floor":9.0,"key":"HornCleat"},{"floor":11,"key":"Bag of Preparation"},{"floor":13,"key":"Sundial"},{"floor":14,"key":"Tiny Chest"},{"floor":23,"key":"Bottled Lightning"},{"floor":26,"key":"Potion Belt"}],"event_choices":[{"damage_healed":0.0,"max_hp_gain":0.0,"max_hp_loss":0.0,"gold_gain":0.0,"event_name":"Scrap Ooze","player_choice":"Success","floor":3.0,"gold_loss":0.0,"damage_taken":11.0,"relics_obtained":["Meat on the Bone"]},{"damage_healed":0.0,"max_hp_gain":0.0,"max_hp_loss":6.0,"gold_gain":0.0,"event_name":"Golden Idol","player_choice":"Lose Max HP","floor":5.0,"gold_loss":0.0,"damage_taken":0.0,"relics_obtained":["Golden Idol"]},{"damage_healed":0,"gold_gain":0,"player_choice":"Simplicity","damage_taken":0,"max_hp_gain":0,"max_hp_loss":0,"event_name":"Back to Basics","floor":21,"gold_loss":0,"cards_upgraded":["Strike_G","Strike_G","Strike_G","Defend_G","Defend_G","Defend_G","Defend_G","Defend_G"]},{"damage_healed":0,"gold_gain":0,"player_choice":"Read","damage_taken":0,"max_hp_gain":0,"max_hp_loss":0,"event_name":"The Library","floor":28,"gold_loss":0,"cards_obtained":["Catalyst"]}],"is_beta":false,"boss_relics":[{"not_picked":["SacredBark","Runic Pyramid"],"picked":"Velvet Choker"}],"items_purged_floors":[4,19],"is_endless":false,"potions_floor_spawned":[1,8,12,14,23,25,30],"killed_by":"Slavers","ascension_level":20}}