{"host":"ktoxvvst1mwxww91","time":1608916972,"event":{"mods":["BaseMod","Hermit","Minty Spire (QoL Compilation)","StSLib","The Hierophant","The Mystic","The Necromancer"],"gold_per_floor":[18,35,55,55,68,68,82,100,100,100,112,112,112],"floor_reached":12,"playtime":293,"items_purged":[],"score":137,"play_id":"2cdaac11-bd0f-4906-8bd7-006451766eb8","local_time":"20201225182252","is_ascension_mode":true,"campfire_choices":[{"data":"Zap","floor":6.0,"key":"SMITH"},{"data":"Creative AI","floor":10.0,"key":"SMITH"}],"circlet_count":0,"master_deck":["AscendersBane","Strike_B","Strike_B","Strike_B","Strike_B","Defend_B","Defend_B","Defend_B","Defend_B","Zap+1","Dualcast","Reboot","Ball Lightning","Reinforced Body","Ball Lightning","Leap","Creative AI+1","Storm"],"relics":["Cracked Core","White Beast Statue"],"acts_visited":["Exordium"],"potions_floor_usage":[12],"damage_taken":[{"damage":1.0,"enemies":"Cultist","floor":1.0,"turns":3.0},{"damage":0.0,"enemies":"2 Louse","floor":2.0,"turns":3.0},{"damage":0.0,"enemies":"Small Slimes","floor":3.0,"turns":3.0},{"damage":12.0,"enemies":"Exordium Wildlife","floor":5.0,"turns":3.0},{"damage":3.0,"enemies":"Exordium Thugs","floor":7.0,"turns":3.0},{"damage":26.0,"enemies":"Large Slime","floor":8.0,"turns":6.0},{"damage":9.0,"enemies":"Red Slaver","floor":11.0,"turns":3.0},{"damage":15,"enemies":"Lagavulin","floor":12,"turns":4}],"seed_played":"-7081228227655470752","potions_obtained":[{"floor":5.0,"key":"Strength Potion"},{"floor":8.0,"key":"Ancient Potion"},{"floor":11.0,"key":"Energy Potion"}],"is_trial":false,"path_per_floor":["M","M","M","$","M","R","M","M","T","R","M","E"],"character_chosen":"DEFECT","items_purchased":[],"campfire_rested":0,"item_purchase_floors":[],"current_hp_per_floor":[63,63,63,63,51,51,48,22,22,22,13,0,0],"gold":112,"neow_bonus":"THREE_RARE_CARDS","is_daily":false,"chose_seed":false,"campfire_upgraded":2,"win_rate":0.0,"timestamp":1608916972,"path_taken":["M","?","M","$","M","R","M","M","T","R","M","E"],"items_purchased_type":[],"build_version":"2020-12-22","purchased_purges":0,"victory":false,"max_hp_per_floor":[71,71,71,71,71,71,71,71,71,71,71,71,71],"card_choices":[{"not_picked":["Multi-Cast","Fission"],"picked":"Reboot","floor":0.0},{"not_picked":["Sweeping Beam","Hologram"],"picked":"Ball Lightning","floor":1.0},{"not_picked":["Sweeping Beam","Coolheaded"],"picked":"Reinforced Body","floor":2.0},{"not_picked":["Gash","Leap"],"picked":"Ball Lightning","floor":3.0},{"not_picked":["Chill","Beam Cell"],"picked":"Leap","floor":5.0},{"not_picked":["Fusion","Darkness"],"picked":"Creative AI","floor":7.0},{"not_picked":["Cold Snap","Sunder","Chill"],"picked":"SKIP","floor":8.0},{"not_picked":["Beam Cell","Redo"],"picked":"Storm","floor":11.0}],"player_experience":926684,"relics_obtained":[{"floor":9.0,"key":"White Beast Statue"}],"event_choices":[],"is_beta":false,"boss_relics":[],"items_purged_floors":[],"is_endless":false,"potions_floor_spawned":[5,8,11],"killed_by":"Lagavulin","ascension_level":17}}