{"host":"ttx8tv95o5vka1nm","time":1608874772,"event":{"mods":["BaseMod","Downfall","Minty Spire (QoL Compilation)","Replay The Spire","StSLib"],"gold_per_floor":[112,126,144,159,11,38,38,64,64,64,89,100,100,100,42,74,74,169,169,181,170,185,18,18,49,49,59,59,107,67,106,143,7,7,129,129,162,162,188,2,41,41,41,80,103,170,260,36,86,127,193,207,207],"floor_reached":52,"playtime":6138,"items_purged":["Strike_P","Writhe","Strike_P"],"score":802,"play_id":"539c0502-53aa-497b-b30f-c1be308929b0","local_time":"20201225153932","is_ascension_mode":true,"campfire_choices":[{"floor":7,"key":"REST"},{"floor":17,"key":"REST"},{"floor":26,"key":"REST"},{"floor":34,"key":"REST"},{"data":"BattleHymn","floor":42,"key":"SMITH"}],"circlet_count":0,"master_deck":["Strike_P","Defend_P","Defend_P","Eruption","Vigilance","Replay:DivineShield","FollowUp","MentalFortress","CutThroughFate+1","Consecrate","InnerPeace","Evaluate","SandsOfTime+1","Vengeance+1","EmptyBody","DevaForm+1","WaveOfTheHand+1","Nirvana+1","FearNoEvil+1","Bandage Up","WheelKick+1","expansioncontent:Flail+1","Halt+1","SandsOfTime+1","FlurryOfBlows+1","FlurryOfBlows+1","BowlingBash+1","LessonLearned+1","Establishment+1","Voices","EmptyBody+1","Replay:DivineShield","BattleHymn+1","Consecrate+1","InnerPeace","expansioncontent:HyperBeam+1","CrushJoints+1","EmptyFist+1","BowlingBash+1","LikeWater+1","DeceiveReality","CutThroughFate+1","Crescendo+1","CrushJoints+1","Protect+1"],"relics":["PureWater","Boot","Molten Egg 2","White Beast Statue","Replay:Ringing Soul","Replay:Wax Seal","Busted Crown","Bottled Lightning","Replay:Bandana","Dead Branch","Kintsugi","Singing Bowl","Dream Catcher","Whetstone","Blood Vial","Simple Rune","Pocketwatch"],"acts_visited":["Exordium","TheCity","TheBeyond"],"potions_floor_usage":[6,11,11,12,18,18,18,22,22,27,29,35,35,37,39,44,44,49],"damage_taken":[{"damage":0,"enemies":"Cultist","floor":1,"turns":3},{"damage":0,"enemies":"2 Louse","floor":2,"turns":4},{"damage":2,"enemies":"Small Slimes","floor":3,"turns":2},{"damage":2,"enemies":"Red Slaver","floor":4,"turns":6},{"damage":39,"enemies":"Gremlin Nob","floor":6,"turns":5},{"damage":15,"enemies":"3 Sentries","floor":8,"turns":6},{"damage":10,"enemies":"Lagavulin","floor":11,"turns":9},{"damage":11,"enemies":"Gremlin Gang","floor":12,"turns":4},{"damage":13,"enemies":"Gremlin Nob","floor":16,"turns":4},{"damage":43,"enemies":"Hexaghost","floor":18,"turns":9},{"damage":18,"enemies":"Chosen","floor":20,"turns":5},{"damage":18,"enemies":"2 Thieves","floor":21,"turns":4},{"damage":0,"enemies":"Snake Plant","floor":22,"turns":4},{"damage":45,"enemies":"Book of Stabbing","floor":25,"turns":6},{"damage":20,"enemies":"Centurion and Healer","floor":27,"turns":9},{"damage":46,"enemies":"Slavers","floor":29,"turns":5},{"damage":0,"enemies":"3 Cultists","floor":31,"turns":2},{"damage":0,"enemies":"Chosen and Byrds","floor":32,"turns":3},{"damage":52,"enemies":"Automaton","floor":35,"turns":7},{"damage":35,"enemies":"3 Shapes","floor":37,"turns":4},{"damage":8,"enemies":"Orb Walker","floor":39,"turns":2},{"damage":13,"enemies":"Spire Growth","floor":41,"turns":3},{"damage":57,"enemies":"Nemesis","floor":44,"turns":5},{"damage":56,"enemies":"Reptomancer","floor":46,"turns":4},{"damage":8,"enemies":"Giant Head","floor":49,"turns":6},{"damage":55,"enemies":"Sphere and 2 Shapes","floor":50,"turns":4},{"damage":0,"enemies":"Mind Bloom Boss Battle","floor":51,"turns":3},{"damage":28,"enemies":"Donu and Deca","floor":52,"turns":2}],"seed_played":"7543111452219664636","potions_obtained":[{"floor":3,"key":"PowerPotion"},{"floor":6,"key":"sneckomod:MuddlingPotion"},{"floor":8,"key":"Block Potion"},{"floor":11,"key":"sneckomod:MuddlingPotion"},{"floor":12,"key":"SpeedPotion"},{"floor":16,"key":"LiquidBronze"},{"floor":18,"key":"hexamod:EctoCoolerPotion"},{"floor":20,"key":"FairyPotion"},{"floor":21,"key":"PowerPotion"},{"floor":22,"key":"Elixir"},{"floor":25,"key":"Energy Potion"},{"floor":27,"key":"LiquidMemories"},{"floor":29,"key":"AttackPotion"},{"floor":31,"key":"Weak Potion"},{"floor":32,"key":"hexamod:EctoCoolerPotion"},{"floor":35,"key":"Reflective Coating"},{"floor":37,"key":"Swift Potion"},{"floor":39,"key":"Guardian:BlockOnCardUsePotion"},{"floor":41,"key":"SpeedPotion"},{"floor":44,"key":"SpeedPotion"},{"floor":46,"key":"Venom Potion"},{"floor":49,"key":"Venom Potion"},{"floor":50,"key":"champ:CounterPotion"},{"floor":51,"key":"Weak Potion"}],"is_trial":false,"path_per_floor":["M","M","M","M","$","E","R","E","T","?","E","M","PTL","PTL","$","E","R","B",null,"M","M","M","$","?","E","R","M","T","E","$","M","M","$","R","B",null,"M","?","M","$","M","R","?","E","T","E","?","$","E","M","R","B"],"character_chosen":"WATCHER","items_purchased":["Consecrate","Energy Potion","Vengeance+1","Bandage Up","WheelKick+1","FlurryOfBlows+1","LessonLearned+1","BattleHymn","Consecrate+1","DeceiveReality","CutThroughFate+1"],"campfire_rested":4,"item_purchase_floors":[5,5,15,23,23,30,33,40,40,48,48],"current_hp_per_floor":[79,79,77,75,75,36,59,44,44,44,37,29,29,29,32,22,49,9,94,79,64,67,70,61,23,56,43,43,4,7,14,21,24,63,18,136,104,104,103,106,100,100,103,53,53,4,50,53,54,8,17,0,0],"gold":207,"neow_bonus":"TEN_PERCENT_HP_BONUS","is_daily":false,"chose_seed":false,"campfire_upgraded":1,"win_rate":0.0,"timestamp":1608874772,"path_taken":["M","M","?","M","$","E","R","E","T","?","E","M","PTL","PTL","$","E","R","BOSS","M","M","M","$","?","E","R","?","T","E","$","?","M","?","R","BOSS","M","?","M","$","?","R","?","E","T","E","?","$","E","M","R","BOSS"],"items_purchased_type":["Card","Potion","Card","Card","Card","Card","Card","Card","Card","Card","Card"],"build_version":"2020-12-22","purchased_purges":3,"victory":false,"max_hp_per_floor":[79,79,79,79,79,79,79,79,79,79,82,85,85,85,88,91,91,94,94,97,100,103,106,109,112,112,115,115,118,121,124,127,130,130,133,136,139,139,142,145,148,148,151,154,154,157,160,163,166,169,172,172,172],"card_choices":[{"not_picked":["Replay:ManipulateFuture","Halt"],"picked":"Replay:DivineShield","floor":1},{"not_picked":["ClearTheMind","Protect"],"picked":"FollowUp","floor":2},{"not_picked":["Alpha","ClearTheMind"],"picked":"MentalFortress","floor":3},{"not_picked":["Evaluate","CrushJoints"],"picked":"CutThroughFate","floor":4},{"not_picked":["Replay:BluntJabs","BowlingBash"],"picked":"InnerPeace","floor":6},{"not_picked":["Replay:Vibes","Study"],"picked":"Evaluate","floor":8},{"not_picked":["Consecrate+1","PathToVictory"],"picked":"SandsOfTime+1","floor":11},{"not_picked":["Study","InnerPeace"],"picked":"Halt","floor":12},{"not_picked":["LikeWater","Perseverance"],"picked":"EmptyBody","floor":16},{"not_picked":["Establishment","Scrawl"],"picked":"DevaForm","floor":18},{"not_picked":[],"picked":"WaveOfTheHand+1","floor":20},{"not_picked":[],"picked":"Nirvana+1","floor":21},{"not_picked":[],"picked":"FearNoEvil+1","floor":22},{"not_picked":[],"picked":"Halt+1","floor":25},{"not_picked":[],"picked":"SandsOfTime+1","floor":27},{"not_picked":[],"picked":"Brilliance+1","floor":29},{"not_picked":[],"picked":"BowlingBash+1","floor":31},{"not_picked":[],"picked":"BowlingBash+1","floor":32},{"not_picked":[],"picked":"Establishment","floor":35},{"not_picked":[],"picked":"EmptyBody","floor":37},{"not_picked":[],"picked":"Replay:DivineShield","floor":39},{"not_picked":[],"picked":"InnerPeace","floor":41},{"not_picked":[],"picked":"expansioncontent:HyperBeam+1","floor":43},{"not_picked":[],"picked":"CrushJoints+1","floor":44},{"not_picked":[],"picked":"EmptyFist+1","floor":46},{"not_picked":[],"picked":"BowlingBash+1","floor":47},{"not_picked":[],"picked":"LikeWater+1","floor":47},{"not_picked":[],"picked":"Crescendo+1","floor":49},{"not_picked":[],"picked":"CrushJoints+1","floor":50},{"not_picked":[],"picked":"Protect+1","floor":51}],"player_experience":403743,"relics_obtained":[{"floor":6,"key":"Boot"},{"floor":8,"key":"Molten Egg 2"},{"floor":9,"key":"White Beast Statue"},{"floor":11,"key":"Replay:Ringing Soul"},{"floor":16,"key":"Replay:Wax Seal"},{"floor":25,"key":"Bottled Lightning"},{"floor":28,"key":"Replay:Bandana"},{"floor":29,"key":"Dead Branch"},{"floor":44,"key":"Singing Bowl"},{"floor":45,"key":"Dream Catcher"},{"floor":46,"key":"Whetstone"},{"floor":47,"key":"Blood Vial"},{"floor":49,"key":"Simple Rune"},{"floor":51,"key":"Pocketwatch"}],"event_choices":[{"damage_healed":0,"gold_gain":0,"player_choice":"CARD ","damage_taken":12,"max_hp_gain":0,"max_hp_loss":0,"event_name":"Knowing Skull","floor":24,"potions_obtained":[],"gold_loss":0,"cards_obtained":["expansioncontent:Flail"]},{"damage_healed":0,"gold_gain":0,"player_choice":"Upgraded","damage_taken":0,"max_hp_gain":0,"max_hp_loss":0,"event_name":"Upgrade Shrine","floor":38,"gold_loss":0,"cards_upgraded":["DevaForm"]},{"damage_healed":0,"gold_gain":0,"player_choice":"Memory 1","damage_taken":0,"max_hp_gain":0,"max_hp_loss":0,"event_name":"SensoryStone","floor":43,"gold_loss":0},{"damage_healed":0,"gold_gain":0,"player_choice":"Fight","damage_taken":0,"max_hp_gain":0,"max_hp_loss":0,"event_name":"MindBloom","floor":51,"gold_loss":0}],"is_beta":false,"boss_relics":[{"not_picked":["Coffee Dripper","Snecko Eye"],"picked":"Busted Crown"},{"not_picked":["Ring of Chaos","VioletLotus"],"picked":"Kintsugi"}],"items_purged_floors":[5,40,48],"is_endless":false,"potions_floor_spawned":[3,6,8,11,12,16,18,20,21,22,25,27,29,31,32,35,37,39,41,44,46,49,50,51],"killed_by":"Donu and Deca","ascension_level":3}}