{"host":"qc1sjgtdjonvdsd8","time":1608904260,"event":{"mods":["BaseMod","Colored Map","Colored Powertips","Curses Come First","Minty Spire (QoL Compilation)","Replay The Spire","StSLib","The Cursed","The Servant 0.9.4"],"gold_per_floor":[112,126,144,144,164,164,176,176,176,187,187,187,202,202,202,297,297,316,71,11,31,61,61,76,91,117,42,136,149,166,185,185,281,281,292,302,314,328,345,370,388,388,467,482,500,500,133,133,133,133,133,133,8,34,34,34],"floor_reached":55,"playtime":7918,"items_purged":["Pain","Parasite","Strike_S"],"score":774,"play_id":"9bf6df8c-dffe-462e-a961-c845bfd16605","local_time":"20201225055100","is_ascension_mode":false,"campfire_choices":[{"data":"KidneyShot","floor":6,"key":"SMITH"},{"floor":8,"key":"REST"},{"data":"SurpressingFire","floor":12,"key":"SMITH"},{"data":"TimeWarp","floor":15,"key":"SMITH"},{"floor":23,"key":"RECALL"},{"data":"TheWorld","floor":32,"key":"SMITH"},{"data":"Deny","floor":46,"key":"SMITH"},{"floor":49,"key":"DIG"},{"data":"Collapse","floor":52,"key":"SMITH"}],"circlet_count":0,"master_deck":["Strike_S","Strike_S","Strike_S","Defend_S","Defend_S","Defend_S","Defend_S","KidneyShot+1","BottledTime","TimeWarp+1","BottledTime","Comet","Potential","SurpressingFire+1","TimeWarp","ShatteredReality","GearUp+1","FlawlessForm","Alleviate","TimeWarp","InstantArmor","ShatteredReality","DualDimension+1","Starlight","Ricochet","Starlight+1","DualDimension","TheWorld+1","Potential","BottledTime","Replace","Reset+1","Deny+1","Rearm","InstantArmor+1","Collapse+1","Sabotage+1","TimeWarp+1","BottledTime","BottledTime","TimeWarp+1"],"relics":["SplendidAttire","WarpedTongs","FossilizedHelix","Ring of Peace","Ring of Misfortune","Orrery","Red Mask","Sozu","Pondfish Scales","Mirror","ReplayTheSpireMod:Ninjato","Replay:Wax Seal","Letter Opener"],"acts_visited":["Exordium","TheCity","TheBeyond","TheEnding"],"potions_floor_usage":[16,16,18,22,33,33,50,50],"damage_taken":[{"damage":0,"enemies":"Cultist","floor":1,"turns":5},{"damage":0,"enemies":"Jaw Worm","floor":2,"turns":5},{"damage":5,"enemies":"2 Louse","floor":3,"turns":3},{"damage":6,"enemies":"Looter","floor":5,"turns":3},{"damage":5,"enemies":"Exordium Wildlife","floor":7,"turns":3},{"damage":3,"enemies":"Large Slime","floor":10,"turns":5},{"damage":0,"enemies":"Looter","floor":13,"turns":3},{"damage":12,"enemies":"Slime Boss","floor":16,"turns":7},{"damage":0,"enemies":"2 Thieves","floor":18,"turns":4},{"damage":0,"enemies":"Shell Parasite","floor":21,"turns":6},{"damage":2,"enemies":"Masked Bandits","floor":22,"turns":4},{"damage":0,"enemies":"Sentry and Sphere","floor":24,"turns":3},{"damage":0,"enemies":"Cultist and Chosen","floor":25,"turns":8},{"damage":0,"enemies":"Snake Plant","floor":29,"turns":4},{"damage":0,"enemies":"3 Cultists","floor":30,"turns":4},{"damage":0,"enemies":"Cultist and Chosen","floor":31,"turns":5},{"damage":15,"enemies":"Pondfish","floor":33,"turns":14},{"damage":0,"enemies":"3 Shapes","floor":35,"turns":3},{"damage":0,"enemies":"Orb Walker","floor":36,"turns":4},{"damage":0,"enemies":"4 Shapes","floor":37,"turns":3},{"damage":0,"enemies":"Maw","floor":38,"turns":8},{"damage":0,"enemies":"Sphere and 2 Shapes","floor":39,"turns":5},{"damage":0,"enemies":"Nemesis","floor":40,"turns":11},{"damage":0,"enemies":"4 Shapes","floor":41,"turns":4},{"damage":0,"enemies":"Writhing Mass","floor":44,"turns":5},{"damage":0,"enemies":"3 Darklings","floor":45,"turns":2},{"damage":0,"enemies":"Replay:Hell Engine","floor":50,"turns":6},{"damage":1,"enemies":"Shield and Spear","floor":54,"turns":15},{"damage":70,"enemies":"The Heart","floor":55,"turns":9}],"seed_played":"5973525723621637008","potions_obtained":[{"floor":3,"key":"SteroidPotion"},{"floor":10,"key":"PowerPotion"},{"floor":16,"key":"PowerPotion"},{"floor":21,"key":"Elixir"},{"floor":22,"key":"Fruit Juice"},{"floor":30,"key":"Explosive Potion"},{"floor":31,"key":"EntropicBrew"},{"floor":33,"key":"Flashbang"}],"is_trial":false,"path_per_floor":["M","M","M","?","M","R","M","R","T","M","?","R","M","?","R","B",null,"M","$","?","M","?","R","M","M","T","$","?","M","M","M","R","B",null,"M","M","M","M","M","E","M","?","T","M","M","R","$","?","R_BF","B",null,"R","$","E","B"],"character_chosen":"THE_SERVANT","items_purchased":["Alleviate","TimeWarp","Orrery","BottledTime","ReplayTheSpireMod:Ninjato"],"campfire_rested":1,"item_purchase_floors":[19,19,19,47,47],"current_hp_per_floor":[65,65,60,60,54,54,49,65,65,62,62,62,62,62,62,50,65,65,65,65,65,68,68,68,68,68,68,68,68,68,68,68,53,70,70,70,70,70,70,70,70,70,70,70,70,70,67,67,67,67,67,67,67,66,0,0],"gold":34,"neow_bonus":"THREE_CARDS","is_daily":false,"chose_seed":false,"campfire_upgraded":6,"win_rate":0.0,"timestamp":1608904260,"path_taken":["M","?","M","?","M","R","?","R","T","M","?","R","M","?","R","BOSS","M","$","?","M","?","R","M","M","T","?","?","?","M","M","R","BOSS","M","M","M","M","M","E","?","?","T","M","?","R","$","?","R_BF","BOSS","R","$","E","BOSS"],"items_purchased_type":["Card","Card","Relic","Card","Relic"],"build_version":"2020-12-22","purchased_purges":3,"victory":false,"max_hp_per_floor":[65,65,65,65,65,65,65,65,65,65,65,65,65,65,65,65,65,65,65,65,65,70,70,70,70,70,70,70,70,70,70,70,70,70,70,70,70,70,70,70,70,70,70,70,70,70,67,67,67,67,67,67,67,67,67,67],"card_choices":[{"not_picked":["Replace","Sabotage"],"picked":"BottledTime","floor":0},{"not_picked":["Spin","GearUp"],"picked":"TimeWarp","floor":1},{"not_picked":["Rearm","Unruled"],"picked":"BottledTime","floor":2},{"not_picked":["FastForward","Rewind"],"picked":"Comet","floor":3},{"not_picked":["WasteNot","Spin"],"picked":"Potential","floor":5},{"not_picked":["DoubleEdge","Rearm"],"picked":"SurpressingFire","floor":7},{"not_picked":["Unruled","Gouge"],"picked":"TimeWarp","floor":10},{"not_picked":["Rewind","DoubleEdge"],"picked":"ShatteredReality","floor":13},{"not_picked":["SoulSculpture","Duplication"],"picked":"FlawlessForm","floor":16},{"not_picked":["Hightail","Desolation","Moondial+1"],"picked":"SKIP","floor":18},{"not_picked":["Shuttle","BestPractice"],"picked":"InstantArmor","floor":19},{"not_picked":["Foresight","Defy"],"picked":"ShatteredReality","floor":19},{"not_picked":["Reset+1","Comet"],"picked":"DualDimension+1","floor":19},{"not_picked":["Spin","TimeWarp"],"picked":"Starlight","floor":19},{"not_picked":["Spin+1","Shuttle+1"],"picked":"Ricochet","floor":19},{"not_picked":["WasteNot","ShiftingGears"],"picked":"Starlight+1","floor":21},{"not_picked":["Alleviate","Manipulate"],"picked":"DualDimension","floor":22},{"not_picked":["Rewind","Alleviate","Ricochet"],"picked":"SKIP","floor":24},{"not_picked":["Reset","Contraction","Ricochet"],"picked":"SKIP","floor":25},{"not_picked":["Foresight+1","SurpressingFire+1"],"picked":"TheWorld","floor":28},{"not_picked":["DoubleEdge","Shuttle"],"picked":"Potential","floor":28},{"not_picked":["Misdirection","Defy+1"],"picked":"BottledTime","floor":29},{"not_picked":["Shuttle","Desolation"],"picked":"Replace","floor":30},{"not_picked":["Revamp+1","Defy"],"picked":"Reset+1","floor":31},{"not_picked":["Sunlight","TheWorld"],"picked":"Deny","floor":33},{"not_picked":["Defy","Revamp","ReturningBlade+1"],"picked":"SKIP","floor":35},{"not_picked":["Rewind","ReturningBlade+1"],"picked":"Rearm","floor":36},{"not_picked":["Luminosity","Starlight+1"],"picked":"Replace+1","floor":37},{"not_picked":["ShatteredReality+1","Rewind+1"],"picked":"InstantArmor+1","floor":38},{"not_picked":["Ricochet+1","Defy"],"picked":"Collapse","floor":39},{"not_picked":["Contraction","TimeWarp"],"picked":"Sabotage+1","floor":40},{"not_picked":["SurpressingFire","Unruled+1","ReturningBlade"],"picked":"SKIP","floor":41},{"not_picked":["Misdirection+1","WasteNot"],"picked":"TimeWarp+1","floor":44},{"not_picked":["Unruled","ShatteredReality"],"picked":"BottledTime","floor":45},{"not_picked":["Read+1","DoubleEdge+1"],"picked":"TimeWarp+1","floor":54}],"player_experience":159307,"relics_obtained":[{"floor":9,"key":"FossilizedHelix"},{"floor":11,"key":"Ring of Peace"},{"floor":11,"key":"Ring of Misfortune"},{"floor":22,"key":"Red Mask"},{"floor":40,"key":"Pondfish Scales"},{"floor":43,"key":"Mirror"},{"floor":49,"key":"Replay:Wax Seal"},{"floor":54,"key":"Letter Opener"}],"event_choices":[{"damage_healed":0,"gold_gain":0,"player_choice":"Rummage","damage_taken":0,"relics_obtained":["WarpedTongs"],"max_hp_gain":0,"max_hp_loss":0,"event_name":"Accursed Blacksmith","floor":4,"gold_loss":0,"cards_obtained":["Pain"]},{"damage_healed":0,"gold_gain":0,"player_choice":"Fought Bandits","damage_taken":0,"max_hp_gain":0,"max_hp_loss":0,"event_name":"Masked Bandits","floor":22,"gold_loss":0},{"damage_healed":0,"gold_gain":0,"player_choice":"Ignored","damage_taken":0,"max_hp_gain":0,"max_hp_loss":0,"event_name":"SecretPortal","floor":42,"gold_loss":0},{"cards_removed":["Replace"],"damage_healed":0,"gold_gain":0,"player_choice":"Removed Skill","damage_taken":0,"max_hp_gain":0,"max_hp_loss":0,"event_name":"Falling","floor":48,"gold_loss":0}],"is_beta":false,"boss_relics":[{"not_picked":["Black Star","Replay:Ancient Bell"],"picked":"SplendidAttire"},{"not_picked":["Replay:Grab Bag","Snecko Eye"],"picked":"Sozu"}],"items_purged_floors":[27,47,53],"is_endless":false,"potions_floor_spawned":[3,10,16,21,22,30,31,33,35,40,41,44,54],"killed_by":"The Heart","ascension_level":0}}