{"host":"vjkx177ju3wjmzef","time":1608897988,"event":{"mods":["BaseMod","Block Reminder","Colored Map","Colored Powertips","DeckTracker","Googly Eyes","Highlight Path","Minty Spire (QoL Compilation)","Quick Restart","Random Character Button","Relic Stats","Replay The Spire","StSLib"],"gold_per_floor":[211,27,27,27,27,56,14,27,52,127,127,4,4,39,39,141,191,206,223,16,27,27,27,27,77,140,264,276,52,104,8,8,22,22],"floor_reached":33,"playtime":2045,"items_purged":["Defend_G","Defend_G"],"score":247,"play_id":"10fe47a1-3d12-4a38-8515-6ecc6aa19fe2","local_time":"20201225060628","is_ascension_mode":false,"campfire_choices":[{"floor":15,"key":"REST"},{"data":"Envenom","floor":23,"key":"SMITH"},{"data":"Blur","floor":28,"key":"SMITH"}],"circlet_count":0,"master_deck":["Strike_G","Strike_G","Strike_G","Defend_G","Defend_G","Defend_G","Survivor","Neutralize","Infinite Blades+1","Deadly Poison+1","Envenom+1","Blade Dance","Catalyst","Glass Knife+1","Dodge and Roll","Corpse Explosion","Poisoned Stab","Outmaneuver+1","ReplayTheSpireMod:Shiv Toss","Footwork","Blur+1","ReplayTheSpireMod:Speed Training","Dodge and Roll","Accuracy","Crippling Poison","Injury","Dagger Spray+1","Deadly Poison+1"],"relics":["Ring of the Snake","Juzu Bracelet","WarpedTongs","The Courier","Bag of Marbles","TwistedFunnel","Potion Belt","Tiny House","Toolbox","Ring of Peace","Ring of Greed","Replay:Bandana","MawBank","Anchor","Du-Vu Doll","Replay:Bottled Snecko","PreservedInsect","Replay:Ringing Soul"],"acts_visited":["Exordium","TheCity"],"potions_floor_usage":[27,27],"damage_taken":[{"damage":0,"enemies":"Jaw Worm","floor":1,"turns":5},{"damage":18,"enemies":"Lagavulin","floor":6,"turns":6},{"damage":1,"enemies":"Cultist","floor":8,"turns":3},{"damage":8,"enemies":"Gremlin Nob","floor":14,"turns":3},{"damage":1,"enemies":"The Guardian","floor":16,"turns":8},{"damage":7,"enemies":"3 Byrds","floor":18,"turns":3},{"damage":5,"enemies":"Chosen","floor":19,"turns":4},{"damage":8,"enemies":"Centurion and Healer","floor":21,"turns":6},{"damage":0,"enemies":"Colosseum Slavers","floor":27,"turns":3},{"damage":20,"enemies":"Colosseum Nobs","floor":27,"turns":5},{"damage":15,"enemies":"Snecko","floor":31,"turns":6},{"damage":51,"enemies":"Pondfish","floor":33,"turns":9}],"seed_played":"8908198401411737094","potions_obtained":[{"floor":16,"key":"Dexterity Potion"},{"floor":17,"key":"Swift Potion"},{"floor":18,"key":"Swift Potion"},{"floor":19,"key":"Regen Potion"}],"is_trial":false,"path_per_floor":["M","$","?","$","?","E","$","M","T","?","?","$","?","E","R","B",null,"M","M","$","M","?","R","$","?","T","?","R","$","?","M","R_BF","B"],"character_chosen":"THE_SILENT","items_purchased":["Juzu Bracelet","Deadly Poison+1","Blade Dance","TwistedFunnel","Toolbox","Footwork","Accuracy","PreservedInsect"],"campfire_rested":1,"item_purchase_floors":[2,2,7,12,20,20,29,29],"current_hp_per_floor":[70,70,70,70,70,52,52,51,51,40,40,40,40,32,53,52,75,68,63,63,55,55,55,55,55,55,49,49,49,34,22,46,0,0],"gold":22,"neow_bonus":"HUNDRED_GOLD","is_daily":false,"chose_seed":false,"campfire_upgraded":2,"win_rate":0.0,"timestamp":1608897988,"path_taken":["M","$","?","?","?","E","$","M","T","?","?","$","?","E","R","BOSS","M","M","$","M","?","R","$","?","T","?","R","$","?","M","R_BF","BOSS"],"items_purchased_type":["Relic","Card","Card","Relic","Relic","Card","Card","Relic"],"build_version":"2020-12-22","purchased_purges":2,"victory":false,"max_hp_per_floor":[70,70,70,70,70,70,70,70,70,70,70,70,70,70,70,70,75,75,75,75,75,75,75,75,75,75,75,75,75,78,81,81,81,81],"relic_stats":{"counters":[12,61],"PreservedInsect":0,"Juzu Bracelet":2,"MawBank":48,"obtain_stats":[{"TwistedFunnel":12,"Potion Belt":14,"Tiny House":17,"The Courier":6,"PreservedInsect":29,"Juzu Bracelet":2,"Ring of Greed":25,"MawBank":25,"WarpedTongs":3,"Du-Vu Doll":27,"Replay:Ringing Soul":30,"Replay:Bandana":25,"Anchor":26,"Ring of Peace":25,"Toolbox":20,"Bag of Marbles":9,"Replay:Bottled Snecko":27,"Ring of the Snake":0},{"TwistedFunnel":3,"Potion Belt":4,"Tiny House":5,"The Courier":2,"PreservedInsect":10,"Juzu Bracelet":1,"Ring of Greed":8,"MawBank":8,"WarpedTongs":1,"Du-Vu Doll":10,"Replay:Ringing Soul":10,"Replay:Bandana":8,"Anchor":8,"Ring of Peace":8,"Toolbox":7,"Bag of Marbles":3,"Replay:Bottled Snecko":10,"Ring of the Snake":0},{"TwistedFunnel":14,"Potion Belt":17,"Tiny House":25,"The Courier":11,"PreservedInsect":46,"Juzu Bracelet":5,"Ring of Greed":38,"MawBank":38,"WarpedTongs":5,"Du-Vu Doll":46,"Replay:Ringing Soul":46,"Replay:Bandana":38,"Anchor":38,"Ring of Peace":38,"Toolbox":32,"Bag of Marbles":14,"Replay:Bottled Snecko":46,"Ring of the Snake":0}],"Ring of the Snake":[24],"WarpedTongs":[56]},"card_choices":[{"not_picked":["Dagger Throw","Eviscerate"],"picked":"Infinite Blades","floor":1},{"not_picked":["Backflip","PiercingWail"],"picked":"Envenom","floor":6},{"not_picked":["Dagger Throw","Sucker Punch"],"picked":"Catalyst","floor":8},{"not_picked":["Well Laid Plans","Blade Dance"],"picked":"Dodge and Roll","floor":14},{"not_picked":["Grand Finale","Adrenaline"],"picked":"Corpse Explosion","floor":16},{"not_picked":["Deflect","Deadly Poison"],"picked":"Poisoned Stab","floor":17},{"not_picked":["PiercingWail","Deadly Poison"],"picked":"Outmaneuver","floor":18},{"not_picked":["Sucker Punch","Slice"],"picked":"ReplayTheSpireMod:Shiv Toss","floor":19},{"not_picked":["Deadly Poison","Heel Hook"],"picked":"Blur","floor":21},{"not_picked":["Deadly Poison","Replay:Poison Smokescreen+1"],"picked":"Dodge and Roll","floor":27},{"not_picked":["Bane+1","PiercingWail"],"picked":"Crippling Poison","floor":30},{"not_picked":["Poisoned Stab+1","Bane"],"picked":"Dagger Spray+1","floor":30},{"not_picked":["Dagger Spray","Distraction"],"picked":"Deadly Poison+1","floor":31}],"player_experience":136834,"relics_obtained":[{"floor":6,"key":"The Courier"},{"floor":9,"key":"Bag of Marbles"},{"floor":14,"key":"Potion Belt"},{"floor":25,"key":"Ring of Peace"},{"floor":25,"key":"Ring of Greed"},{"floor":25,"key":"Replay:Bandana"},{"floor":25,"key":"MawBank"},{"floor":26,"key":"Anchor"},{"floor":27,"key":"Du-Vu Doll"},{"floor":27,"key":"Replay:Bottled Snecko"},{"floor":30,"key":"Replay:Ringing Soul"}],"event_choices":[{"damage_healed":0,"gold_gain":0,"player_choice":"Rummage","damage_taken":0,"relics_obtained":["WarpedTongs"],"max_hp_gain":0,"max_hp_loss":0,"event_name":"Accursed Blacksmith","floor":3,"gold_loss":0,"cards_obtained":["Pain"]},{"cards_removed":["Pain"],"damage_healed":0,"gold_gain":0,"player_choice":"Purged","damage_taken":0,"max_hp_gain":0,"max_hp_loss":0,"event_name":"Purifier","floor":5,"gold_loss":0},{"damage_healed":0,"gold_gain":75,"player_choice":"Gather Gold","damage_taken":11,"max_hp_gain":0,"max_hp_loss":0,"event_name":"World of Goop","floor":10,"gold_loss":0},{"cards_removed":["Strike_G"],"damage_healed":0,"gold_gain":0,"player_choice":"Forget","damage_taken":0,"max_hp_gain":0,"max_hp_loss":0,"event_name":"Living Wall","floor":13,"gold_loss":0},{"damage_healed":0,"gold_gain":0,"player_choice":"Read","damage_taken":0,"max_hp_gain":0,"max_hp_loss":0,"event_name":"The Library","floor":22,"gold_loss":0,"cards_obtained":["ReplayTheSpireMod:Speed Training"]},{"damage_healed":0,"gold_gain":0,"player_choice":"Fight","damage_taken":0,"max_hp_gain":0,"max_hp_loss":0,"event_name":"Colosseum","floor":27,"gold_loss":0},{"damage_healed":0,"gold_gain":0,"player_choice":"Fought Nobs","damage_taken":0,"max_hp_gain":0,"max_hp_loss":0,"event_name":"Colosseum","floor":27,"gold_loss":0}],"is_beta":false,"boss_relics":[{"not_picked":["HoveringKite","ChewingGum"],"picked":"Tiny House"}],"items_purged_floors":[20,29],"is_endless":false,"potions_floor_spawned":[8,16,18,19],"killed_by":"Pondfish","ascension_level":0}}