{"host":"6pgtslebjnyv5xmi","time":1608877726,"event":{"mods":["AchievementEnabler","BaseMod","Colored Map","Minty Spire (QoL Compilation)","Rare Cards Sparkle","StSLib","SuperFastMode","The Dragon Tamer","everything is the same but u backflip on backflip"],"gold_per_floor":[112,31,31,31,31,31,50,79,105,134,134,59,69,94,103,213,213,235,235,235],"floor_reached":19,"playtime":927,"items_purged":["Strike_G"],"score":281,"play_id":"6884f28d-2272-4d36-a703-69b68606baa3","local_time":"20201225152846","is_ascension_mode":true,"campfire_choices":[{"data":"Footwork","floor":6,"key":"SMITH"},{"floor":11,"key":"REST"},{"floor":15,"key":"REST"}],"circlet_count":0,"master_deck":["Strike_G","Strike_G","Strike_G","Strike_G","Defend_G","Defend_G","Defend_G","Defend_G","Defend_G","Survivor","Neutralize","Deadly Poison","Footwork+1","Regret","Pain","Blur","Deadly Poison","Catalyst","After Image","Distraction+1"],"relics":["Ring of the Snake","NeowsBlessing","Du-Vu Doll","Bird Faced Urn","WarpedTongs","Orichalcum","Dream Catcher","Pocketwatch","CeramicFish","WristBlade"],"acts_visited":["Exordium","TheCity"],"potions_floor_usage":[16,16,16],"damage_taken":[{"damage":0,"enemies":"Small Slimes","floor":1,"turns":1},{"damage":1,"enemies":"Jaw Worm","floor":7,"turns":1},{"damage":0,"enemies":"Gremlin Nob","floor":8,"turns":1},{"damage":16,"enemies":"Lagavulin","floor":10,"turns":7},{"damage":9,"enemies":"Cultist","floor":13,"turns":4},{"damage":32,"enemies":"3 Sentries","floor":14,"turns":11},{"damage":37,"enemies":"Slime Boss","floor":16,"turns":11},{"damage":7,"enemies":"Spheric Guardian","floor":18,"turns":5},{"damage":58,"enemies":"3 Byrds","floor":19,"turns":6}],"seed_played":"-426867522830357644","potions_obtained":[{"floor":1,"key":"DuplicationPotion"},{"floor":10,"key":"EssenceOfSteel"},{"floor":14,"key":"Block Potion"}],"is_trial":false,"path_per_floor":["M","$","?","?","?","R","M","E","T","E","R","$","M","E","R","B",null,"M","M"],"character_chosen":"THE_SILENT","items_purchased":["Footwork"],"campfire_rested":2,"item_purchase_floors":[2],"current_hp_per_floor":[63,63,56,56,56,56,55,55,55,41,62,62,55,25,46,11,55,52,0,0],"gold":235,"neow_bonus":"THREE_ENEMY_KILL","is_daily":false,"chose_seed":false,"campfire_upgraded":1,"win_rate":0.0,"timestamp":1608877726,"path_taken":["M","$","?","?","?","R","M","E","T","E","R","$","M","E","R","BOSS","M","M"],"items_purchased_type":["Card"],"build_version":"2020-12-22","purchased_purges":1,"victory":false,"max_hp_per_floor":[70,70,70,70,70,70,70,70,70,70,70,70,70,70,70,70,70,70,70,70],"card_choices":[{"not_picked":["Setup","Predator"],"picked":"Deadly Poison","floor":1},{"not_picked":["Flechettes","Footwork"],"picked":"Blur","floor":7},{"not_picked":["Sucker Punch","Flying Knee","Acrobatics"],"picked":"SKIP","floor":8},{"not_picked":["Blade Dance","Glass Knife","Terror"],"picked":"SKIP","floor":10},{"not_picked":["Terror","Expertise"],"picked":"Deadly Poison","floor":11},{"not_picked":["All Out Attack","Sucker Punch","Deadly Poison"],"picked":"SKIP","floor":13},{"not_picked":["Deadly Poison","Calculated Gamble","Dagger Throw"],"picked":"SKIP","floor":14},{"not_picked":["Crippling Poison","Skewer"],"picked":"Catalyst","floor":15},{"not_picked":["Tools of the Trade","Burst"],"picked":"After Image","floor":16},{"not_picked":["Well Laid Plans","Blade Dance"],"picked":"Distraction+1","floor":18}],"player_experience":486858,"relics_obtained":[{"floor":8,"key":"Orichalcum"},{"floor":9,"key":"Dream Catcher"},{"floor":10,"key":"Pocketwatch"},{"floor":14,"key":"CeramicFish"}],"event_choices":[{"damage_healed":0,"gold_gain":0,"player_choice":"Success","damage_taken":7,"relics_obtained":["Du-Vu Doll"],"max_hp_gain":0,"max_hp_loss":0,"event_name":"Scrap Ooze","floor":3,"gold_loss":0},{"damage_healed":0,"gold_gain":0,"player_choice":"Box","damage_taken":0,"relics_obtained":["Bird Faced Urn"],"max_hp_gain":0,"max_hp_loss":0,"event_name":"Big Fish","floor":4,"gold_loss":0,"cards_obtained":["Regret"]},{"damage_healed":0,"gold_gain":0,"player_choice":"Rummage","damage_taken":0,"relics_obtained":["WarpedTongs"],"max_hp_gain":0,"max_hp_loss":0,"event_name":"Accursed Blacksmith","floor":5,"gold_loss":0,"cards_obtained":["Pain"]}],"is_beta":false,"boss_relics":[{"not_picked":["Philosopher\u0027s Stone","Snecko Eye"],"picked":"WristBlade"}],"items_purged_floors":[12],"is_endless":false,"potions_floor_spawned":[1,10,14],"killed_by":"3 Byrds","ascension_level":7}}