{"host":"d50bw6kybq14xu1u","time":1608887394,"event":{"mods":["BaseMod","Colored Map","Colored Powertips","Minty Spire (QoL Compilation)","Quick Restart"],"gold_per_floor":[113,61,73,73,86,111,111,144,144,144,144],"floor_reached":10,"playtime":244,"items_purged":[],"score":80,"play_id":"97bdd641-1f4f-44cc-bfff-2bc3194e709c","local_time":"20201225170954","is_ascension_mode":true,"campfire_choices":[{"data":"Infernal Blade","floor":7,"key":"SMITH"}],"circlet_count":0,"master_deck":["Strike_R+1","Strike_R","Strike_R","Strike_R+1","Strike_R","Defend_R+1","Defend_R+1","Bash","Cleave","Twin Strike","Infernal Blade+1","Pommel Strike","Searing Blow"],"relics":["Empty Cage","War Paint","Incense Burner","Whetstone","Mummified Hand"],"acts_visited":["Exordium"],"potions_floor_usage":[10],"damage_taken":[{"damage":11,"enemies":"Jaw Worm","floor":1,"turns":3},{"damage":2,"enemies":"2 Louse","floor":3,"turns":2},{"damage":0,"enemies":"Small Slimes","floor":5,"turns":3},{"damage":6,"enemies":"Gremlin Nob","floor":6,"turns":3},{"damage":29,"enemies":"3 Sentries","floor":8,"turns":6},{"damage":46,"enemies":"Lagavulin","floor":10,"turns":5}],"seed_played":"8482637635809953468","potions_obtained":[{"floor":6,"key":"SneckoOil"},{"floor":8,"key":"Fruit Juice"}],"is_trial":false,"path_per_floor":["M","$","M","?","M","E","R","E","T","E"],"character_chosen":"IRONCLAD","items_purchased":["Strength Potion"],"campfire_rested":0,"item_purchase_floors":[2],"current_hp_per_floor":[69,69,67,64,64,58,58,29,29,0,0],"gold":144,"neow_bonus":"BOSS_RELIC","is_daily":false,"chose_seed":false,"campfire_upgraded":1,"win_rate":0.0,"timestamp":1608887394,"path_taken":["M","$","M","?","M","E","R","E","T","E"],"items_purchased_type":["Potion"],"build_version":"2020-12-22","purchased_purges":0,"victory":false,"max_hp_per_floor":[80,80,80,80,80,80,80,80,80,85,85],"card_choices":[{"not_picked":["Iron Wave","Flex"],"picked":"Cleave","floor":1},{"not_picked":["Headbutt","Exhume"],"picked":"Twin Strike","floor":3},{"not_picked":["Blood for Blood","Clothesline"],"picked":"Infernal Blade","floor":5},{"not_picked":["Hemokinesis","Corruption"],"picked":"Pommel Strike","floor":6},{"not_picked":["Headbutt","Heavy Blade"],"picked":"Searing Blow","floor":8}],"player_experience":11541,"relics_obtained":[{"floor":6,"key":"Incense Burner"},{"floor":8,"key":"Whetstone"},{"floor":9,"key":"Mummified Hand"}],"event_choices":[{"damage_healed":0,"gold_gain":0,"player_choice":"Success","damage_taken":3,"relics_obtained":["War Paint"],"max_hp_gain":0,"max_hp_loss":0,"event_name":"Scrap Ooze","floor":4,"gold_loss":0}],"is_beta":false,"boss_relics":[],"items_purged_floors":[],"is_endless":false,"potions_floor_spawned":[6,8],"killed_by":"Lagavulin","ascension_level":1}}