{"host":"w7tt687j332gugiq","time":1608903832,"event":{"mods":["BaseMod","Minty Spire (QoL Compilation)","StSLib"],"gold_per_floor":[111,128,128,148,161,190,190,41,41,51,51,76,91,105,105,201,201,219,229,240,250,93,93,93],"floor_reached":23,"playtime":815,"items_purged":[],"score":290,"play_id":"ec503d2a-7aec-4b88-b14c-991f7423bb34","local_time":"20201225214352","is_ascension_mode":true,"campfire_choices":[{"data":"Inflame","floor":7.0,"key":"SMITH"},{"data":"Heavy Blade","floor":11.0,"key":"SMITH"},{"data":"Demon Form","floor":15.0,"key":"SMITH"}],"circlet_count":0,"master_deck":["Strike_R","Strike_R","Strike_R+1","Strike_R","Defend_R","Defend_R","Defend_R","Defend_R","Bash","Battle Trance","Battle Trance","Clash","Reaper+1","Inflame+1","Heavy Blade+1","Demon Form+1","Berserk","CurseOfTheBell","Flex","Whirlwind","Pommel Strike+1","Heavy Blade"],"relics":["Burning Blood","Pear","Medical Kit","Meat on the Bone","Matryoshka","Calling Bell","Oddly Smooth Stone","The Courier","Incense Burner","Whetstone"],"acts_visited":["TheCity"],"potions_floor_usage":[23],"damage_taken":[{"damage":2.0,"enemies":"Jaw Worm","floor":1.0,"turns":3.0},{"damage":6.0,"enemies":"Cultist","floor":2.0,"turns":3.0},{"damage":6.0,"enemies":"2 Louse","floor":4.0,"turns":4.0},{"damage":6.0,"enemies":"Exordium Wildlife","floor":5.0,"turns":3.0},{"damage":80.0,"enemies":"3 Sentries","floor":6.0,"turns":16.0},{"damage":9.0,"enemies":"Blue Slaver","floor":10.0,"turns":5.0},{"damage":20.0,"enemies":"Lagavulin","floor":12.0,"turns":5.0},{"damage":6.0,"enemies":"Looter","floor":13.0,"turns":4.0},{"damage":14.0,"enemies":"Exordium Thugs","floor":14.0,"turns":3.0},{"damage":40.0,"enemies":"Hexaghost","floor":16.0,"turns":6.0},{"damage":22.0,"enemies":"Spheric Guardian","floor":18.0,"turns":4.0},{"damage":18.0,"enemies":"Chosen","floor":19.0,"turns":3.0},{"damage":16.0,"enemies":"Snecko","floor":20.0,"turns":4.0},{"damage":18.0,"enemies":"Snake Plant","floor":21.0,"turns":4.0},{"damage":54,"enemies":"Slavers","floor":23,"turns":2}],"seed_played":"1568449979909975025","potions_obtained":[{"floor":1.0,"key":"Weak Potion"},{"floor":4.0,"key":"BloodPotion"},{"floor":5.0,"key":"GamblersBrew"},{"floor":10.0,"key":"Explosive Potion"},{"floor":12.0,"key":"Explosive Potion"},{"floor":18.0,"key":"SteroidPotion"},{"floor":19.0,"key":"Weak Potion"}],"is_trial":false,"path_per_floor":["M","M","?","M","M","E","R","$","T","M","R","E","M","M","R","B",null,"M","M","M","M","$","E"],"character_chosen":"IRONCLAD","items_purchased":["Medical Kit","Heavy Blade","Whetstone"],"campfire_rested":0,"item_purchase_floors":[8,22,22],"current_hp_per_floor":[80,80,80,80,80,44,44,44,44,58,58,56,56,65,65,43,78,62,62,52,52,52,0,0],"gold":93,"neow_bonus":"THREE_CARDS","is_daily":false,"chose_seed":false,"campfire_upgraded":3,"win_rate":0.0,"timestamp":1608903832,"path_taken":["M","M","?","M","M","E","R","$","T","?","R","E","M","M","R","BOSS","M","M","M","M","$","E"],"items_purchased_type":["Relic","Card","Relic"],"build_version":"2020-12-22","purchased_purges":0,"victory":false,"max_hp_per_floor":[80,80,80,80,80,90,90,90,90,90,90,90,90,90,90,90,90,90,90,90,90,90,90,90],"card_choices":[{"not_picked":["Perfected Strike","True Grit"],"picked":"Battle Trance","floor":0.0},{"not_picked":["Rupture","Flex","Blood for Blood"],"picked":"SKIP","floor":1.0},{"not_picked":["Warcry","Pummel"],"picked":"Battle Trance","floor":2.0},{"not_picked":["True Grit","Ghostly Armor"],"picked":"Clash","floor":4.0},{"not_picked":["Dark Embrace","Metallicize"],"picked":"Reaper","floor":5.0},{"not_picked":["Metallicize","Spot Weakness"],"picked":"Inflame","floor":6.0},{"not_picked":["Clothesline","Iron Wave"],"picked":"Heavy Blade","floor":10.0},{"not_picked":["Flame Barrier","Twin Strike","Heavy Blade"],"picked":"SKIP","floor":12.0},{"not_picked":["True Grit","Cleave","Warcry"],"picked":"SKIP","floor":13.0},{"not_picked":["Flame Barrier","Ghostly Armor"],"picked":"Demon Form","floor":14.0},{"not_picked":["Impervious","Exhume"],"picked":"Berserk","floor":16.0},{"not_picked":["Twin Strike+1","Shrug It Off"],"picked":"Flex","floor":18.0},{"not_picked":["Sword Boomerang","Dropkick"],"picked":"Whirlwind","floor":19.0},{"not_picked":["Clothesline+1","Armaments","Juggernaut"],"picked":"SKIP","floor":20.0},{"not_picked":["Heavy Blade","Thunderclap"],"picked":"Pommel Strike+1","floor":21.0}],"player_experience":135058,"relics_obtained":[{"floor":6.0,"key":"Pear"},{"floor":9.0,"key":"Meat on the Bone"},{"floor":12.0,"key":"Matryoshka"},{"floor":17.0,"key":"Oddly Smooth Stone"},{"floor":17.0,"key":"The Courier"},{"floor":17.0,"key":"Incense Burner"}],"event_choices":[{"cards_removed":["Strike_R"],"damage_healed":0.0,"max_hp_gain":0.0,"max_hp_loss":0.0,"gold_gain":0.0,"event_name":"Bonfire Elementals","player_choice":"Offered Basic","floor":3.0,"gold_loss":0.0,"damage_taken":0.0}],"is_beta":false,"boss_relics":[{"not_picked":["Runic Cube","Runic Dome"],"picked":"Calling Bell"}],"items_purged_floors":[],"is_endless":false,"potions_floor_spawned":[1,4,5,10,12,13,18,19],"killed_by":"Slavers","ascension_level":5}}