{"host":"6to0pdz5g3mubtyg","time":1608893723,"event":{"mods":["Act Like it!","Aspiration","BaseMod","BetterRewards","Colored Map","Energized Spire","Hallownest","Highlight Path","Infinite Spire","Jorbs\u0027s Wanderer Trilogy","Minty Spire (QoL Compilation)","Shade Mod","StSLib","The Animator","The Blue Laboratory","The Bug Knight"],"gold_per_floor":[112,112,130,205,253,287,304,304,352,387,33,62,78,110,110,205,205,221,221,221,221,221,247,298,312,339,339,372,372,470,470,480,530,3,3,3,32,78,78,78,89,103,114,114,114,114],"floor_reached":55,"playtime":3390,"items_purged":[],"score":832,"play_id":"94805b7c-ad5f-4ccf-b886-82ab6b8f460a","local_time":"20201225035523","is_ascension_mode":true,"campfire_choices":[{"floor":8.0,"key":"REST"},{"floor":16.0,"key":"REST"},{"data":"Adrenaline","floor":25.0,"key":"SMITH"},{"floor":35.0,"key":"REST"},{"data":"1","floor":44,"key":"LIFT"},{"data":"2","floor":54,"key":"LIFT"}],"circlet_count":0,"master_deck":["Strike_B","Strike_B","Strike_B","Defend_B","Defend_B","Defend_B","Defend_B","Zap","Dualcast","Sweeping Beam","Injury","Doom and Gloom+1","Scrape+1","Scrape+1","Offering","stsjorbsmod:DrainLife+1","stsjorbsmod:Damnation","Steam","Capacitor","stsjorbsmod:RayOfFrost+1","Injury","Sadistic Nature","CurseOfTheBell","Static Discharge","animator:SakuraMatou+1","Thunder Strike+1","stsjorbsmod:Withering","Shade:GreyBargain+1","Magnetism","Conserve Battery","Aggregate","Parasite","stsjorbsmod:BlackTentacles_Cull+1","Writhe","Double Energy","Quick Slash+1","infinitespire:NeuralNetwork","HollowMod:LifebloodCocoon+1","Shame","Shade:Bite_Shade+1"],"relics":["Cracked Core","Molten Egg 2","Akabeko","Bag of Preparation","Vajra","Ice Cream","PrismaticShard","Anchor","Torii","PreservedInsect","energizedSpire:CursedPentagram","Lantern","Symbiotic Virus","infinitespire:Beetle Shell","aspiration:Lifesprig","Red Mask","infinitespire:CheckeredPen","Calling Bell","Boot","Pear","Girya","Incense Burner","Du-Vu Doll","Blood Vial","Art of War"],"acts_visited":["Exordium","Hallownest:CityofTears","TheBeyond"],"potions_floor_usage":[36,36],"damage_taken":[{"damage":4.0,"enemies":"Small Slimes","floor":1.0,"turns":3.0},{"damage":0.0,"enemies":"Jaw Worm","floor":3.0,"turns":3.0},{"damage":26.0,"enemies":"3 Sentries","floor":6.0,"turns":6.0},{"damage":1.0,"enemies":"Cultist","floor":7.0,"turns":3.0},{"damage":16.0,"enemies":"Gremlin Nob","floor":10.0,"turns":3.0},{"damage":20.0,"enemies":"Lagavulin","floor":12.0,"turns":4.0},{"damage":0.0,"enemies":"2 Fungi Beasts","floor":13.0,"turns":1.0},{"damage":6.0,"enemies":"HollowMod:MossKnight","floor":14.0,"turns":4.0},{"damage":12.0,"enemies":"Hexaghost","floor":17.0,"turns":7.0},{"damage":6.0,"enemies":"Hallownest:Guard_and_Sentry","floor":20.0,"turns":3.0},{"damage":22.0,"enemies":"Hallownest:Nosk","floor":26.0,"turns":5.0},{"damage":6.0,"enemies":"Hallownest:Flukemon_and_Top","floor":29.0,"turns":3.0},{"damage":36.0,"enemies":"Hallownest:eliteWatcherKnight","floor":33.0,"turns":11.0},{"damage":10,"enemies":"Hallownest:BossSoulMaster","floor":36,"turns":6},{"damage":0,"enemies":"Orb Walker","floor":39,"turns":2},{"damage":36,"enemies":"Mind Bloom Boss Battle","floor":41,"turns":4},{"damage":10,"enemies":"Giant Head","floor":46,"turns":5},{"damage":1,"enemies":"3 Darklings","floor":51,"turns":3},{"damage":6,"enemies":"Spire Growth","floor":52,"turns":3},{"damage":8,"enemies":"4 Shapes","floor":53,"turns":2},{"damage":53,"enemies":"Awakened One","floor":55,"turns":3}],"seed_played":"1491377025087153981","potions_obtained":[{"floor":3.0,"key":"blueLaboratory:NullPotion"},{"floor":7.0,"key":"AttackPotion"},{"floor":13.0,"key":"blueLaboratory:TeslaPotion"},{"floor":14.0,"key":"blueLaboratory:BiasPotion"},{"floor":29.0,"key":"blueLaboratory:PhilterOfMotion"},{"floor":39,"key":"SmokeBomb"},{"floor":41,"key":"FocusPotion"}],"is_trial":false,"path_per_floor":["M","?","M","?","T","E","M","R","T","E","$","E","M","E","R","B",null,"M","?","?","?","R","E","T","M","T","?","E","R","B",null,"M","?","$","R","?","E","T","R","?","M","M","M","R","B"],"character_chosen":"DEFECT","items_purchased":["Gash+1","PrismaticShard","Anchor","Du-Vu Doll","Magnetism","Conserve Battery"],"campfire_rested":3,"item_purchase_floors":[11,11,11,43,43,43],"current_hp_per_floor":[71,71,71,60,60,34,33,55,55,39,39,19,19,13,35,23,75,69,69,65,73,73,58,58,52,52,52,16,40,30,92,92,56,56,56,33,23,23,23,46,47,43,51,51,0,0],"gold":114,"neow_bonus":"RANDOM_COLORLESS","is_daily":false,"chose_seed":false,"campfire_upgraded":1,"win_rate":0.0,"timestamp":1608893723,"path_taken":["M","?","M","?","?","E","M","R","T","E","?","E","?","E","R","BOSS","M","?","?","?","R","E","T","?","?","?","E","R","BOSS","M","?","$","R","?","E","T","R","?","M","M","M","R","BOSS"],"items_purchased_type":["Card","Relic","Relic","Relic","Card","Card"],"build_version":"2020-12-22","purchased_purges":0,"victory":false,"max_hp_per_floor":[75,75,75,75,75,75,75,75,75,75,75,75,75,75,75,75,75,75,75,75,75,75,82,82,82,82,82,82,82,82,92,92,92,92,92,92,92,92,92,92,92,92,106,106,106,106],"card_choices":[{"not_picked":["PanicButton","Trip"],"picked":"Good Instincts","floor":0.0},{"not_picked":["Ball Lightning","Conserve Battery"],"picked":"Sweeping Beam","floor":1.0},{"not_picked":["aspiration:Polymerization","Glacier"],"picked":"Doom and Gloom+1","floor":3.0},{"not_picked":["Compile Driver+1","Hyperbeam+1"],"picked":"Scrape+1","floor":6.0},{"not_picked":["Rip and Tear+1","Compile Driver+1"],"picked":"Melter+1","floor":7.0},{"not_picked":["Force Field","Stack"],"picked":"Scrape+1","floor":10.0},{"not_picked":["stsjorbsmod:Hibernate","animator:Tatsumaki"],"picked":"Offering","floor":12.0},{"not_picked":["stsjorbsmod:Inferno","Shade:FreshBones"],"picked":"stsjorbsmod:Miracle_Cull","floor":13.0},{"not_picked":["Shade:CoffinDance+1","stsjorbsmod:Haunt"],"picked":"Adrenaline","floor":14.0},{"not_picked":["HollowMod:NewInfectedGuardian","animator:Hibiki+1"],"picked":"stsjorbsmod:DrainLife+1","floor":17.0},{"not_picked":["Protect","stsjorbsmod:MistyStep"],"picked":"stsjorbsmod:Damnation","floor":20.0},{"not_picked":["animator:HiiragiShinya","stsjorbsmod:ForcedPresence+1"],"picked":"Steam","floor":26.0},{"not_picked":["Evaluate+1","Mind Blast+1","Heavy Blade+1"],"picked":"SKIP","floor":29.0},{"not_picked":["Evaluate+1","Mind Blast+1","Heavy Blade+1"],"picked":"SKIP","floor":29.0},{"not_picked":["Rebound+1","Shade:PoundOfFlesh+1"],"picked":"stsjorbsmod:RayOfFrost+1","floor":33.0},{"not_picked":["Shade:LichForm","Establishment"],"picked":"Double Tap","floor":36},{"not_picked":["Dagger Throw+1","animator:Illya"],"picked":"animator:SakuraMatou+1","floor":39},{"not_picked":["stsjorbsmod:Brooding","Conserve Battery+1"],"picked":"Shade:GreyBargain+1","floor":41},{"not_picked":["infinitespire:NeuralNetwork","infinitespire:TheBestDefense"],"picked":"infinitespire:Oblivion","floor":45},{"not_picked":["Hello World","ReachHeaven+1"],"picked":"stsjorbsmod:BlackTentacles_Cull+1","floor":46},{"not_picked":["animator:Kuribayashi+1","Rebound+1"],"picked":"Quick Slash+1","floor":51},{"not_picked":["Underhanded Strike+1","Shade:GreaterAnimation"],"picked":"HollowMod:LifebloodCocoon+1","floor":52},{"not_picked":["animator:GuildGirl+1","Shade:BoneShards+1"],"picked":"Shade:Bite_Shade+1","floor":53}],"player_experience":227468,"relics_obtained":[{"floor":5.0,"key":"Akabeko"},{"floor":6.0,"key":"Bag of Preparation"},{"floor":9.0,"key":"Vajra"},{"floor":10.0,"key":"Ice Cream"},{"floor":12.0,"key":"Torii"},{"floor":14.0,"key":"PreservedInsect"},{"floor":26.0,"key":"Symbiotic Virus"},{"floor":28.0,"key":"infinitespire:Beetle Shell"},{"floor":31.0,"key":"aspiration:Lifesprig"},{"floor":33.0,"key":"infinitespire:CheckeredPen"},{"floor":38,"key":"Boot"},{"floor":38,"key":"Pear"},{"floor":38,"key":"Girya"},{"floor":41,"key":"Incense Burner"},{"floor":46,"key":"Blood Vial"},{"floor":48,"key":"Art of War"}],"event_choices":[{"damage_healed":0.0,"max_hp_gain":0.0,"max_hp_loss":0.0,"gold_gain":75.0,"event_name":"World of Goop","player_choice":"Gather Gold","floor":4.0,"gold_loss":0.0,"damage_taken":11.0},{"damage_healed":0,"gold_gain":0,"player_choice":"Fight","damage_taken":0,"max_hp_gain":0,"max_hp_loss":0,"event_name":"MindBloom","floor":41,"gold_loss":0},{"damage_healed":23,"gold_gain":0,"player_choice":"Writhe","damage_taken":0,"max_hp_gain":0,"max_hp_loss":0,"event_name":"Winding Halls","floor":50,"gold_loss":0,"cards_obtained":["Writhe"]}],"is_beta":false,"boss_relics":[{"not_picked":["aspiration:BursterCore","SacredBark"],"picked":"energizedSpire:CursedPentagram"},{"not_picked":["aspiration:FutureDiary","energizedSpire:MagnifyingGlass"],"picked":"Calling Bell"}],"items_purged_floors":[],"is_endless":false,"potions_floor_spawned":[3,7,13,14,29,33,39,41,46,51,53],"killed_by":"Awakened One","ascension_level":1}}