{"host":"7yxt37kap0q16lk4","time":1608918709,"event":{"mods":["2.2 Compatiblity","Act Like it!","BaseMod","Better Third Choice","Better-Laid Plans","Colored Map","Custom Start","Highlight Path","Keyboard Shortcuts","Minty Spire (QoL Compilation)","Quick Restart","Rare Cards Sparkle","Relic Stats","Shop Mod","Slay the Relics Exporter","StSLib","SuperFastMode"],"gold_per_floor":[210,135,154,154,229,229,263,277,329,329,329,329,329,360,360,449,449,470,44,65,65,65,65],"floor_reached":22,"playtime":418,"items_purged":["Strike_R"],"score":380,"play_id":"b70b980e-2973-4449-9619-37710a8d03b6","local_time":"20201226025149","is_ascension_mode":true,"campfire_choices":[{"data":"Bash","floor":6.0,"key":"SMITH"},{"data":"Pommel Strike","floor":10.0,"key":"SMITH"},{"data":"Spot Weakness","floor":13.0,"key":"SMITH"},{"floor":15,"key":"REST"}],"circlet_count":0,"master_deck":["AscendersBane","Strike_R","Strike_R","Strike_R","Defend_R","Defend_R","Defend_R","Defend_R","Bash+1","Pommel Strike+1","Dropkick","Spot Weakness+1","Shrug It Off","Warcry","Barricade","Shrug It Off","Master of Strategy"],"relics":["Burning Blood","Blood Vial","Smiling Mask","InkBottle","Golden Idol","HornCleat","Sozu","Red Skull"],"acts_visited":["Exordium","TheCity"],"potions_floor_usage":[14],"damage_taken":[{"damage":12.0,"enemies":"Jaw Worm","floor":1.0,"turns":3.0},{"damage":10.0,"enemies":"Small Slimes","floor":3.0,"turns":3.0},{"damage":31.0,"enemies":"Gremlin Nob","floor":7.0,"turns":4.0},{"damage":7.0,"enemies":"2 Louse","floor":8.0,"turns":4.0},{"damage":35,"enemies":"Lagavulin","floor":14,"turns":5},{"damage":36,"enemies":"The Guardian","floor":16,"turns":10},{"damage":56,"enemies":"3 Byrds","floor":18,"turns":7},{"damage":9,"enemies":"2 Thieves","floor":20,"turns":3},{"damage":12,"enemies":"Snake Plant","floor":22,"turns":4}],"seed_played":"6005850041046910884","potions_obtained":[{"floor":1.0,"key":"LiquidMemories"},{"floor":7.0,"key":"Regen Potion"}],"is_trial":false,"path_per_floor":["M","?","M","?","?","R","E","M","T","R","T","?","R","E","R","B",null,"M","$","M","?","M"],"character_chosen":"IRONCLAD","items_purchased":["Red Skull","Master of Strategy"],"campfire_rested":1,"item_purchase_floors":[19,19],"current_hp_per_floor":[62,62,58,63,52,52,27,28,28,28,28,28,28,13,34,11,57,9,9,8,8,0,0],"gold":65,"neow_bonus":"HUNDRED_GOLD","is_daily":false,"chose_seed":false,"campfire_upgraded":3,"win_rate":0.0,"timestamp":1608918709,"path_taken":["M","?","M","?","?","R","E","M","T","R","?","?","R","E","R","BOSS","M","$","M","?","M"],"items_purchased_type":["Relic","Card"],"build_version":"2020-12-22","purchased_purges":1,"victory":false,"max_hp_per_floor":[75,75,75,80,80,80,80,80,80,80,80,72,72,72,72,72,72,72,72,72,72,72,72],"relic_stats":{"Blood Vial":12,"Sozu":2,"counters":[9,43],"Golden Idol":32,"Smiling Mask":25,"obtain_stats":[{"Blood Vial":7,"Sozu":17,"HornCleat":14,"Golden Idol":12,"Smiling Mask":9,"Burning Blood":0,"InkBottle":11,"Red Skull":19},{"Blood Vial":3,"Sozu":6,"HornCleat":5,"Golden Idol":4,"Smiling Mask":4,"Burning Blood":0,"InkBottle":4,"Red Skull":7},{"Blood Vial":10,"Sozu":29,"HornCleat":19,"Golden Idol":14,"Smiling Mask":14,"Burning Blood":0,"InkBottle":14,"Red Skull":36}],"Burning Blood":48,"InkBottle":[9]},"card_choices":[{"not_picked":["Searing Blow","Iron Wave"],"picked":"Pommel Strike","floor":1.0},{"not_picked":["Pommel Strike","Perfected Strike"],"picked":"Dropkick","floor":3.0},{"not_picked":["Second Wind","Thunderclap"],"picked":"Spot Weakness","floor":7.0},{"not_picked":["Infernal Blade","Warcry"],"picked":"Shrug It Off","floor":8.0},{"not_picked":["Wild Strike","Heavy Blade"],"picked":"Warcry","floor":14},{"not_picked":["Reaper","Corruption"],"picked":"Barricade","floor":16},{"not_picked":["Anger","Perfected Strike+1"],"picked":"Shrug It Off","floor":18},{"not_picked":["Iron Wave","Searing Blow+1","Bloodletting"],"picked":"SKIP","floor":20}],"player_experience":1015737,"relics_obtained":[{"floor":7.0,"key":"Blood Vial"},{"floor":9.0,"key":"Smiling Mask"},{"floor":11.0,"key":"InkBottle"},{"floor":14,"key":"HornCleat"}],"event_choices":[{"cards_removed":["Strike_R"],"damage_healed":0.0,"max_hp_gain":0.0,"max_hp_loss":0.0,"gold_gain":0.0,"event_name":"The Cleric","player_choice":"Card Removal","floor":2.0,"gold_loss":75.0,"damage_taken":0.0},{"damage_healed":0.0,"max_hp_gain":5.0,"max_hp_loss":0.0,"gold_gain":0.0,"event_name":"Big Fish","player_choice":"Donut","floor":4.0,"gold_loss":0.0,"damage_taken":0.0},{"damage_healed":0.0,"max_hp_gain":0.0,"max_hp_loss":0.0,"gold_gain":75.0,"event_name":"betterThird:BetterGoop","player_choice":"Gold","floor":5.0,"gold_loss":0.0,"damage_taken":11.0},{"damage_healed":0.0,"max_hp_gain":0.0,"max_hp_loss":8.0,"gold_gain":0.0,"event_name":"Golden Idol","player_choice":"Lose Max HP","floor":12.0,"gold_loss":0.0,"damage_taken":0.0,"relics_obtained":["Golden Idol"]},{"damage_healed":0,"gold_gain":0,"player_choice":"Ignored","damage_taken":0,"max_hp_gain":0,"max_hp_loss":0,"event_name":"Ghosts","floor":21,"gold_loss":0}],"is_beta":false,"boss_relics":[{"not_picked":["Runic Dome","Tiny House"],"picked":"Sozu"}],"items_purged_floors":[19],"is_endless":false,"potions_floor_spawned":[1,7,18,20],"killed_by":"Snake Plant","ascension_level":20}}