{"host":"cjhtzh7tp54jdfyv","time":1608938462,"event":{"mods":["AchievementEnabler","BaseMod","Colored Map","Colored Powertips","Curses Come First","DeckTracker","Filter the Spire","Minty Spire (QoL Compilation)","RNG Fix","Relic Sorter","Relic Stats","StSLib","The Cursed","The Marked","UnlockEverythingMod","Waifu the Spire","ojb\u0027s Better Paths Mod","ojb\u0027s Info Mod"],"gold_per_floor":[99,99,99,99,99,99,99,99,99,99,99,99,99,59,59,59,59,59,59,59,59,59,59,59,59,59],"floor_reached":25,"playtime":1556,"items_purged":[],"score":430,"play_id":"52b1fec1-7452-4445-9d51-d2c0b013c13c","local_time":"20201225182102","is_ascension_mode":true,"campfire_choices":[{"floor":6,"key":"REST"},{"floor":10,"key":"REST"},{"data":"theMarked:StartUp","floor":13,"key":"SMITH"},{"data":"theMarked:StartUp","floor":15,"key":"SMITH"},{"floor":23,"key":"REST"}],"circlet_count":0,"master_deck":["AscendersBane","theMarked:Strike","theMarked:Strike","theMarked:Strike","theMarked:Strike","theMarked:Strike+1","theMarked:Defend+1","theMarked:Defend","theMarked:Defend","theMarked:Defend","theMarked:SoldierOfQuellstein","theMarked:RogueSparks","theMarked:TunnelVision","theMarked:BanishingStrike","theMarked:StartUp+1","theMarked:StartUp+1","theMarked:Parkour","theMarked:BindingBlade","theMarked:Indomitable","theMarked:WastefulDefense","Decay","theMarked:TwofoldDefense"],"relics":["Ectoplasm","MealTicket","Singing Bowl","Potion Belt","Runic Pyramid","Enchiridion"],"acts_visited":["Exordium","TheCity"],"potions_floor_usage":[5,16,20,25],"damage_taken":[{"damage":7,"enemies":"Jaw Worm","floor":1,"turns":3},{"damage":4,"enemies":"Small Slimes","floor":2,"turns":3},{"damage":3,"enemies":"2 Louse","floor":4,"turns":2},{"damage":7,"enemies":"Exordium Wildlife","floor":5,"turns":4},{"damage":6,"enemies":"Gremlin Nob","floor":7,"turns":3},{"damage":6,"enemies":"Blue Slaver","floor":8,"turns":3},{"damage":17,"enemies":"3 Sentries","floor":11,"turns":6},{"damage":0,"enemies":"Large Slime","floor":12,"turns":4},{"damage":0,"enemies":"Looter","floor":14,"turns":3},{"damage":14,"enemies":"The Guardian","floor":16,"turns":10},{"damage":28,"enemies":"Shell Parasite","floor":18,"turns":4},{"damage":15,"enemies":"3 Byrds","floor":20,"turns":6},{"damage":9,"enemies":"Centurion and Healer","floor":24,"turns":6},{"damage":21,"enemies":"Book of Stabbing","floor":25,"turns":5}],"seed_played":"1408099110509240586","potions_obtained":[{"floor":1,"key":"AttackPotion"},{"floor":4,"key":"SpeedPotion"},{"floor":12,"key":"Regen Potion"},{"floor":14,"key":"Swift Potion"}],"is_trial":false,"path_per_floor":["M","M","?","M","M","R","E","M","T","R","E","M","R","M","R","B",null,"M","?","M","?","?","R","M","E"],"character_chosen":"THE_DEFAULT","items_purchased":[],"campfire_rested":3,"item_purchase_floors":[],"current_hp_per_floor":[52,48,28,25,18,37,31,25,25,44,29,31,31,31,31,17,57,29,8,8,8,8,29,20,0,0],"gold":59,"neow_bonus":"BOSS_RELIC","is_daily":false,"chose_seed":false,"campfire_upgraded":2,"win_rate":0.0,"timestamp":1608938462,"path_taken":["M","M","?","M","M","R","E","M","T","R","E","M","R","?","R","BOSS","M","?","M","?","?","R","M","E"],"items_purchased_type":[],"build_version":"2020-12-22","purchased_purges":0,"victory":false,"max_hp_per_floor":[66,66,66,66,66,66,66,66,66,66,68,70,70,70,70,70,70,70,70,70,70,70,70,70,70,70],"relic_stats":{"Singing Bowl":4,"counters":[14,61],"MealTicket":0,"Ectoplasm":374,"obtain_stats":[{"Potion Belt":11,"theMarked:ArtifactOfAir":0,"Singing Bowl":9,"Enchiridion":19,"MealTicket":7,"Ectoplasm":0,"Runic Pyramid":17},{"Potion Belt":7,"theMarked:ArtifactOfAir":0,"Singing Bowl":6,"Enchiridion":11,"MealTicket":5,"Ectoplasm":0,"Runic Pyramid":10},{"Potion Belt":23,"theMarked:ArtifactOfAir":0,"Singing Bowl":18,"Enchiridion":44,"MealTicket":15,"Ectoplasm":0,"Runic Pyramid":40}]},"card_choices":[{"not_picked":["theMarked:MysticalArsenal","theMarked:Aftermath"],"picked":"theMarked:RogueSparks","floor":1},{"not_picked":["theMarked:Static","theMarked:WardOff"],"picked":"theMarked:TunnelVision","floor":2},{"not_picked":["theMarked:Aftermath","theMarked:EmpowerWeapon"],"picked":"theMarked:BanishingStrike","floor":4},{"not_picked":["theMarked:Frustration","theMarked:Aftermath","theMarked:RepellingDischarge"],"picked":"SKIP","floor":5},{"not_picked":["theMarked:PowerFlow","theMarked:SuspiciousRaven"],"picked":"theMarked:StartUp","floor":7},{"not_picked":["theMarked:Improvise","theMarked:Parkour"],"picked":"theMarked:StartUp","floor":8},{"not_picked":["theMarked:WastefulAttack","theMarked:RepellingDischarge","theMarked:EnhanceMovement"],"picked":"Singing Bowl","floor":11},{"not_picked":["theMarked:Electrocute","theMarked:MagicAdept","theMarked:WastefulAttack"],"picked":"Singing Bowl","floor":12},{"not_picked":["theMarked:Static","theMarked:ElectricStrings"],"picked":"theMarked:Parkour","floor":14},{"not_picked":["theMarked:SuspiciousRaven","theMarked:ThrowWeapon"],"picked":"theMarked:BindingBlade","floor":16},{"not_picked":["theMarked:Improvise","theMarked:ElectricStrings"],"picked":"theMarked:Indomitable","floor":18},{"not_picked":["theMarked:Aftermath+1","theMarked:WardOff"],"picked":"theMarked:WastefulDefense","floor":20},{"not_picked":["theMarked:EmpowerWeapon","theMarked:ElectricStrings"],"picked":"theMarked:TwofoldDefense","floor":24}],"player_experience":4422087,"relics_obtained":[{"floor":7,"key":"MealTicket"},{"floor":9,"key":"Singing Bowl"},{"floor":11,"key":"Potion Belt"},{"floor":19,"key":"Enchiridion"}],"event_choices":[{"damage_healed":0,"gold_gain":0,"player_choice":"Entered Light","damage_taken":20,"max_hp_gain":0,"max_hp_loss":0,"event_name":"Shining Light","floor":3,"gold_loss":0,"cards_upgraded":["theMarked:Defend","theMarked:Strike"]},{"damage_healed":0,"gold_gain":0,"player_choice":"Obtained Book","damage_taken":21,"max_hp_gain":0,"max_hp_loss":0,"event_name":"Cursed Tome","floor":19,"gold_loss":0},{"damage_healed":0,"gold_gain":50,"player_choice":"Stole From Cult","damage_taken":0,"max_hp_gain":0,"max_hp_loss":0,"event_name":"Nest","floor":21,"gold_loss":0},{"damage_healed":0,"gold_gain":0,"player_choice":"Smashed Altar","damage_taken":0,"max_hp_gain":0,"max_hp_loss":0,"event_name":"Forgotten Altar","floor":22,"gold_loss":0,"cards_obtained":["Decay"]}],"is_beta":false,"boss_relics":[{"not_picked":["Runic Dome","SlaversCollar"],"picked":"Runic Pyramid"}],"items_purged_floors":[],"is_endless":false,"potions_floor_spawned":[1,4,12,14],"killed_by":"Book of Stabbing","ascension_level":20}}