{"host":"vc42n08di9czm3e7","time":1608864556,"event":{"mods":["AchievementEnabler","Act Like it!","BaseMod","Colored Powertips","Downfall","Friendly Minions","GifTheSpireLib","Hubris","Minty Spire (QoL Compilation)","Rare Cards Sparkle","StSLib"],"gold_per_floor":[99,112,45,55,74,107,107,138,138,63,76,76,91,108,119,223,223,223,233,246,261,261,261,261,274,10,26,26,26,26],"floor_reached":28,"playtime":2929,"items_purged":[],"score":234,"play_id":"aaa0154f-2e9d-4ccc-9d74-e849dff1b612","local_time":"20201224214916","is_ascension_mode":false,"campfire_choices":[{"floor":1,"key":"RECALL"},{"data":"champ:Taunt","floor":10,"key":"SMITH"},{"data":"champ:Devastate","floor":18,"key":"SMITH"}],"circlet_count":0,"master_deck":["champ:Strike","champ:Strike","champ:Strike","champ:Defend","champ:Defend","champ:Defend","champ:Execute","champ:Taunt+1","champ:PerfectedStrike","champ:RisingSlash","champ:Haymaker","champ:FlashCut","champ:Circumvent","champ:ShieldThrow","champ:BringItOn+1","champ:StanceDance+1","champ:FanOfKnives","champ:GladiatorsShout+1","champ:StanceDance+1","champ:Devastate+1","champ:SkillfulDodge+1","champ:FanOfKnives","champ:RapidStrikes","champ:StrikeOfGenius","champ:FanOfKnives","champ:ViciousMockery+1","champ:GutPunch+1","hubris:EnhanceAbility","champ:Control+1","champ:PreciseThrust+1"],"relics":["champ:ChampionCrownUpgraded","Pen Nib","Thread and Needle","Toxic Egg 2","downfall:HeartBlessingRed","Eternal Feather"],"acts_visited":["Exordium","TheCity"],"potions_floor_usage":[16,21,25,27],"damage_taken":[{"damage":8,"enemies":"Cultist","floor":2,"turns":5},{"damage":0,"enemies":"downfall:FleeingMerchant","floor":3,"turns":4},{"damage":3,"enemies":"2 Louse","floor":4,"turns":2},{"damage":2,"enemies":"Small Slimes","floor":5,"turns":4},{"damage":25,"enemies":"Gremlin Nob","floor":6,"turns":4},{"damage":14,"enemies":"3 Sentries","floor":8,"turns":8},{"damage":0,"enemies":"Blue Slaver","floor":11,"turns":2},{"damage":1,"enemies":"Exordium Wildlife","floor":13,"turns":4},{"damage":0,"enemies":"3 Louse","floor":14,"turns":4},{"damage":0,"enemies":"Blue Slaver","floor":15,"turns":2},{"damage":7,"enemies":"downfall:Watcher","floor":16,"turns":5},{"damage":6,"enemies":"Chosen","floor":19,"turns":4},{"damage":12,"enemies":"3 Byrds","floor":20,"turns":4},{"damage":6,"enemies":"Snake Plant","floor":21,"turns":3},{"damage":23,"enemies":"Centurion and Healer","floor":25,"turns":6},{"damage":8,"enemies":"downfall:FleeingMerchant","floor":26,"turns":4},{"damage":22,"enemies":"Shelled Parasite and Fungi","floor":27,"turns":6},{"damage":16,"enemies":"Snake Plant","floor":28,"turns":2}],"seed_played":"1982097399981088814","potions_obtained":[{"floor":2,"key":"FearPotion"},{"floor":6,"key":"Fire Potion"},{"floor":13,"key":"AttackPotion"},{"floor":19,"key":"Swift Potion"},{"floor":25,"key":"Explosive Potion"}],"is_trial":false,"path_per_floor":["R","M","$","M","M","E","T","E","?","R","M","?","M","M","M","B",null,"R","M","M","M","?","?","T","M","$","M","M"],"character_chosen":"THE_CHAMP","items_purchased":["champ:Haymaker","hubris:EnhanceAbility","champ:Control+1"],"campfire_rested":0,"item_purchase_floors":[3,26,26],"current_hp_per_floor":[99,94,94,91,89,64,64,50,83,83,83,83,82,82,82,78,99,99,99,96,96,96,96,96,85,85,69,53,53,53],"gold":26,"neow_bonus":"TEN_PERCENT_HP_BONUS","is_daily":false,"chose_seed":false,"campfire_upgraded":2,"win_rate":0.0,"timestamp":1608864556,"path_taken":["R","M","?","M","M","E","T","E","?","R","M","?","M","M","M","BOSS","R","M","?","M","?","?","T","M","$","M","M"],"items_purchased_type":["Card","Card","Card"],"build_version":"2020-12-22","purchased_purges":0,"victory":false,"max_hp_per_floor":[99,99,99,99,99,99,99,99,99,99,99,99,99,99,99,99,99,99,99,99,99,99,99,99,99,99,99,99,99,99],"card_choices":[{"not_picked":["champ:EndlessRage","champ:Circumvent"],"picked":"champ:PerfectedStrike","floor":2},{"not_picked":["champ:ShieldWall","champ:TornadoPunch"],"picked":"champ:RisingSlash","floor":3},{"not_picked":["champ:Duel","champ:Lariat"],"picked":"champ:FlashCut","floor":4},{"not_picked":["champ:Haymaker","champ:GutPunch"],"picked":"champ:Circumvent","floor":5},{"not_picked":["champ:Lariat","champ:HeartStrike"],"picked":"champ:ShieldThrow","floor":6},{"not_picked":["champ:FanOfKnives","champ:CrookedStrike"],"picked":"champ:BringItOn+1","floor":8},{"not_picked":["champ:CrookedStrike","champ:DefensiveShout+1"],"picked":"champ:StanceDance+1","floor":11},{"not_picked":["champ:TornadoPunch","champ:BladeFlurry"],"picked":"champ:FanOfKnives","floor":13},{"not_picked":["champ:Circumvent+1","champ:HeartStrike"],"picked":"champ:GladiatorsShout+1","floor":14},{"not_picked":["champ:CrookedStrike","champ:CheapShot"],"picked":"champ:StanceDance+1","floor":15},{"not_picked":["champ:PerfectForm","champ:VampiricStrike"],"picked":"champ:Devastate","floor":16},{"not_picked":["champ:BringItOn+1","champ:FalseCounter+1"],"picked":"champ:SkillfulDodge+1","floor":19},{"not_picked":["champ:GutPunch","champ:CrookedStrike+1"],"picked":"champ:FanOfKnives","floor":20},{"not_picked":["champ:BladeFlurry","champ:CrookedStrike"],"picked":"champ:RapidStrikes","floor":21},{"not_picked":["champ:FanOfKnives","champ:CrookedStrike"],"picked":"champ:ViciousMockery+1","floor":25},{"not_picked":["champ:EnragedBash+1","champ:HeartStrike"],"picked":"champ:GutPunch+1","floor":26},{"not_picked":["champ:TornadoPunch+1","champ:FanOfKnives+1"],"picked":"champ:PreciseThrust+1","floor":27}],"player_experience":201791,"relics_obtained":[{"floor":6,"key":"Pen Nib"},{"floor":7,"key":"Thread and Needle"},{"floor":8,"key":"Toxic Egg 2"},{"floor":12,"key":"Eternal Feather"}],"event_choices":[{"damage_healed":33,"gold_gain":0,"player_choice":"Banana","damage_taken":0,"max_hp_gain":0,"max_hp_loss":0,"event_name":"Big Fish","floor":9,"gold_loss":0},{"damage_healed":0,"gold_gain":0,"player_choice":"Relic","damage_taken":0,"max_hp_gain":0,"max_hp_loss":0,"event_name":"Wheel of Change","floor":12,"gold_loss":0},{"damage_healed":0,"gold_gain":0,"cards_transformed":["champ:Strike","champ:Defend"],"player_choice":"Became Test Subject","damage_taken":0,"max_hp_gain":0,"max_hp_loss":0,"event_name":"Drug Dealer","floor":22,"gold_loss":0,"cards_obtained":["champ:StrikeOfGenius","champ:FanOfKnives"]},{"damage_healed":0,"gold_gain":0,"player_choice":"Ignored","damage_taken":0,"max_hp_gain":0,"max_hp_loss":0,"event_name":"Vampires","floor":23,"gold_loss":0}],"is_beta":false,"boss_relics":[{"not_picked":["hubris:VirtuousBlindfold","Pandora\u0027s Box"],"picked":"champ:ChampionCrownUpgraded"}],"items_purged_floors":[],"is_endless":false,"potions_floor_spawned":[2,6,13,14,19,25],"killed_by":"Snake Plant","ascension_level":0}}