{"host":"lytueob6x0yvfkof","time":1608902897,"event":{"mods":["Act Like it!","Aspiration","Bard","BaseMod","Beaked The Cultist","Colored Map","Conspire","Downfall","Glutton Mod","Halation","Hallownest","HololiveMod","Hubris","Infinite Spire","Jedi Mod","Mad Scientist","Marisa????????","Mimic Mod","Minty Spire (QoL Compilation)","Potionbrewer","Reimu??????","Remilia??????","Replay The Spire","Somnambulant","StSLib","The Bug Knight","The Clintock","The Construct","The Cursed","The Disciple","The Elementalist","The Exalted","The Forsaken","The Hierophant","The Jungle","The Mystic","The Runesmith","The Servant 0.9.4","TheArtist","TheBandit","Yuyuko","vexMod"],"gold_per_floor":[117,134,134,150,165,165,193,206,243,276,276,18,18,33,33,130,130,149,187,31,46,85,85,97,97,150,176,176,22,22,22,22],"floor_reached":31,"playtime":3301,"items_purged":["MadScienceMod:Strike_MadScience","MadScienceMod:Strike_MadScience"],"score":292,"play_id":"f8cfb052-55da-4d4e-8ca1-1226820821a0","local_time":"20201225132817","is_ascension_mode":false,"campfire_choices":[{"data":"MadScienceMod:HideBehindJunk","floor":6.0,"key":"SMITH"},{"floor":11.0,"key":"REST"},{"data":"MadScienceMod:FumeBlast","floor":13.0,"key":"SMITH"},{"data":"MadScienceMod:Strafe","floor":15.0,"key":"SMITH"},{"floor":23,"key":"REST"},{"data":"MadScienceMod:ShrinkRay","floor":25,"key":"SMITH"}],"circlet_count":0,"master_deck":["Hololive_FlyingPonyTail+1","MadScienceMod:Strike_MadScience","MadScienceMod:Strike_MadScience","MadScienceMod:Defend_MadScience","MadScienceMod:Defend_MadScience","MadScienceMod:Defend_MadScience","MadScienceMod:PoweredStrike","MadScienceMod:HideBehindJunk+1","MadScienceMod:FlameCannon","MadScienceMod:BandageBot","MadScienceMod:RadioactiveSword","MadScienceMod:ShrinkRay+1","MadScienceMod:OilDrum","MadScienceMod:MindControlBeam","MadScienceMod:FumeBlast+1","MadScienceMod:AntimatterBomb","MadScienceMod:ArtilleryShot+1","MadScienceMod:Strafe+1","MadScienceMod:CondenseVapors","MadScienceMod:FumeBlast+1","MadScienceMod:BoxOfScraps","MadScienceMod:Lightbulb","MadScienceMod:Refuel","MadScienceMod:ExtractOil+1","MadScienceMod:JunkLaser","MadScienceMod:AutoStrike","MadScienceMod:EnergyBarrier"],"relics":["MadScienceMod:FuelTank","aspiration:StickyExplosives_weak","aspiration:EmptySkull","Iron Hammer","Lee\u0027s Waffle","Replay:Bottled Snecko","Calipers","CultistMask"],"acts_visited":["Exordium","TheCity"],"potions_floor_usage":[19],"damage_taken":[{"damage":12.0,"enemies":"Cultist","floor":1.0,"turns":5.0},{"damage":11.0,"enemies":"infinitespire:Voidling","floor":2.0,"turns":4.0},{"damage":17.0,"enemies":"Jaw Worm","floor":4.0,"turns":6.0},{"damage":7.0,"enemies":"3 Louse","floor":5.0,"turns":4.0},{"damage":45.0,"enemies":"3 Sentries","floor":7.0,"turns":9.0},{"damage":0.0,"enemies":"Looter","floor":8.0,"turns":4.0},{"damage":9.0,"enemies":"Exordium Thugs","floor":9.0,"turns":12.0},{"damage":12.0,"enemies":"Replay:BlueRogue","floor":10.0,"turns":7.0},{"damage":5.0,"enemies":"Exordium Thugs","floor":14.0,"turns":3.0},{"damage":32.0,"enemies":"The Guardian","floor":16.0,"turns":10.0},{"damage":9,"enemies":"Shell Parasite","floor":18,"turns":6},{"damage":37,"enemies":"conspire:FuzzyDice","floor":19,"turns":8},{"damage":34,"enemies":"Snake Plant","floor":21,"turns":8},{"damage":27,"enemies":"conspire:HollyBat","floor":22,"turns":9},{"damage":9,"enemies":"Snecko","floor":24,"turns":4},{"damage":17,"enemies":"Chosen and Byrds","floor":26,"turns":7},{"damage":0,"enemies":"Gremlin Leader","floor":27,"turns":5},{"damage":28,"enemies":"Chosen and Byrds","floor":31,"turns":5}],"seed_played":"-6724651000625919366","potions_obtained":[{"floor":5.0,"key":"Ancient Potion"},{"floor":7.0,"key":"potionbrewer:AcidPotion"},{"floor":14.0,"key":"GamblersBrew"},{"floor":19,"key":"potionbrewer:CleansingPotion"},{"floor":21,"key":"Toxic Potion"}],"is_trial":false,"path_per_floor":["M","M","?","M","M","R","E","M","MIM","E","R","$","R","M","R","B",null,"M","M","$","M","M","R","M","R","MIM","E","?","$","?","M"],"character_chosen":"MAD_SCIENTIST","items_purchased":["Lee\u0027s Waffle","MadScienceMod:ArtilleryShot+1","MadScienceMod:Lightbulb","MadScienceMod:EnergyBarrier"],"campfire_rested":2,"item_purchase_floors":[12,12,20,29],"current_hp_per_floor":[70,66,66,58,51,51,27,27,21,9,33,89,89,84,84,64,89,83,55,55,39,21,47,41,41,27,27,27,27,27,0,0],"gold":22,"neow_bonus":"TEN_PERCENT_HP_BONUS","is_daily":false,"chose_seed":false,"campfire_upgraded":4,"win_rate":0.0,"timestamp":1608902897,"path_taken":["M","M","?","M","M","R","E","M","MIM","E","R","$","R","M","R","BOSS","M","M","?","M","?","R","M","R","MIM","E","?","$","?","M"],"items_purchased_type":["Relic","Card","Card","Card"],"build_version":"2020-12-22","purchased_purges":2,"victory":false,"max_hp_per_floor":[82,82,82,82,82,82,82,82,82,82,82,89,89,89,89,89,89,89,89,89,89,89,89,89,89,89,89,89,89,89,89,89],"card_choices":[{"not_picked":["MadScienceMod:GattlingGun","MadScienceMod:FlexibleSpear"],"picked":"MadScienceMod:FlameCannon","floor":1.0},{"not_picked":["MadScienceMod:Detonate","MadScienceMod:FlexibleSpear"],"picked":"MadScienceMod:BandageBot","floor":2.0},{"not_picked":["MadScienceMod:AutoStrike","MadScienceMod:SoftenUp"],"picked":"MadScienceMod:RadioactiveSword","floor":4.0},{"not_picked":["MadScienceMod:BandageBot","MadScienceMod:FlammableWall"],"picked":"MadScienceMod:ShrinkRay","floor":5.0},{"not_picked":["MadScienceMod:Inflate","MadScienceMod:BoxOfScraps"],"picked":"MadScienceMod:OilDrum","floor":7.0},{"not_picked":["MadScienceMod:BoxOfScraps","MadScienceMod:Refuel"],"picked":"MadScienceMod:MindControlBeam","floor":8.0},{"not_picked":["MadScienceMod:Virus","MadScienceMod:Sprocket"],"picked":"MadScienceMod:FumeBlast","floor":9.0},{"not_picked":["MadScienceMod:TimeDilationField","MadScienceMod:Virus"],"picked":"MadScienceMod:AntimatterBomb","floor":10.0},{"not_picked":["MadScienceMod:AntimatterBomb","MadScienceMod:ArtilleryShot"],"picked":"MadScienceMod:Strafe","floor":14.0},{"not_picked":["MadScienceMod:ClockworkAssistant","MadScienceMod:Postpone"],"picked":"MadScienceMod:CondenseVapors","floor":16.0},{"not_picked":["MadScienceMod:AntimatterBomb","MadScienceMod:Sprocket"],"picked":"MadScienceMod:FumeBlast+1","floor":18},{"not_picked":["MadScienceMod:SelfDestruct","MadScienceMod:AntimatterBomb"],"picked":"MadScienceMod:BoxOfScraps","floor":19},{"not_picked":["MadScienceMod:Retarget","MadScienceMod:FlameCannon"],"picked":"MadScienceMod:Refuel","floor":21},{"not_picked":["MadScienceMod:Browse","MadScienceMod:AcidSpray"],"picked":"MadScienceMod:ExtractOil+1","floor":22},{"not_picked":["MadScienceMod:AutoStrike","MadScienceMod:LightOnFire","MadScienceMod:Poke"],"picked":"SKIP","floor":24},{"not_picked":["MadScienceMod:ParticleBeam","MadScienceMod:Detonate"],"picked":"MadScienceMod:JunkLaser","floor":26},{"not_picked":["MadScienceMod:Retarget","MadScienceMod:Strafe"],"picked":"MadScienceMod:AutoStrike","floor":27}],"player_experience":205810,"relics_obtained":[{"floor":7.0,"key":"aspiration:StickyExplosives_weak"},{"floor":9.0,"key":"aspiration:EmptySkull"},{"floor":10.0,"key":"Iron Hammer"},{"floor":26,"key":"Replay:Bottled Snecko"},{"floor":27,"key":"Calipers"}],"event_choices":[{"cards_removed":["MadScienceMod:Defend_MadScience"],"damage_healed":0.0,"max_hp_gain":0.0,"max_hp_loss":0.0,"gold_gain":0.0,"event_name":"Purifier","player_choice":"Purged","floor":3.0,"gold_loss":0.0,"damage_taken":0.0},{"damage_healed":0,"gold_gain":0,"player_choice":"Leave","damage_taken":0,"max_hp_gain":0,"max_hp_loss":0,"event_name":"conspire:Investor","floor":28,"gold_loss":0},{"damage_healed":0,"gold_gain":0,"player_choice":"Trade","damage_taken":0,"relics_obtained":["CultistMask"],"max_hp_gain":0,"max_hp_loss":0,"event_name":"FaceTrader","floor":30,"gold_loss":0}],"is_beta":false,"boss_relics":[{"not_picked":["Kintsugi","halation:HeavySnake","Runesmith:UraniumAnvil"]}],"items_purged_floors":[20,29],"is_endless":false,"potions_floor_spawned":[5,7,14,19,21,24],"killed_by":"Chosen and Byrds","ascension_level":0}}