{"host":"7yxt37kap0q16lk4","time":1608928330,"event":{"mods":["2.2 Compatiblity","Act Like it!","BaseMod","Better Third Choice","Better-Laid Plans","Colored Map","Custom Start","Highlight Path","Keyboard Shortcuts","Minty Spire (QoL Compilation)","Quick Restart","Rare Cards Sparkle","Relic Stats","Shop Mod","Slay the Relics Exporter","StSLib","SuperFastMode"],"gold_per_floor":[116,130,55,65,65,65,97,108,154,185,185,220,295,295,295,372,372,392,30,30,30,45,45,45,71,71,83,98,98,126,140,140,215,215,225,125,150,162,174,174,174,174,174,199,199,199,224,64,64,64,64,64,64,64,99,99],"floor_reached":57,"playtime":8918,"items_purged":["Strike_R","Bloodletting"],"score":2978,"play_id":"22742da6-9772-4d3b-aefa-7c447139587b","local_time":"20201226053210","is_ascension_mode":true,"campfire_choices":[{"data":"Fiend Fire","floor":6,"key":"SMITH"},{"floor":11,"key":"REST"},{"data":"Fire Breathing","floor":15,"key":"SMITH"},{"data":"Feel No Pain","floor":23,"key":"SMITH"},{"data":"Barricade","floor":32,"key":"SMITH"},{"floor":40,"key":"RECALL"},{"data":"Battle Trance","floor":42,"key":"SMITH"},{"floor":46,"key":"REST"},{"data":"Battle Trance","floor":49,"key":"SMITH"},{"data":"Pommel Strike","floor":53,"key":"SMITH"}],"circlet_count":0,"master_deck":["AscendersBane","Bash+1","Fiend Fire+1","Pommel Strike","Pommel Strike+1","Battle Trance+1","Fire Breathing+1","Feel No Pain","Fiend Fire+1","Spot Weakness","Feel No Pain+1","Battle Trance+1","Power Through+1","Barricade+1","Shrug It Off","Infernal Blade","Ghostly Armor","Warcry+1","Fiend Fire+1","Seeing Red+1","Armaments+1","Feel No Pain+1","Flex+1","Battle Trance+1"],"relics":["Burning Blood","HornCleat","Nunchaku","Dream Catcher","Matryoshka","Sozu","Dead Branch","PreservedInsect","Bronze Scales","Pantograph","Self Forming Clay","Pandora\u0027s Box","Thread and Needle","Whetstone","Art of War","Champion Belt","Gremlin Horn","War Paint","Pear"],"acts_visited":["Exordium","TheCity","TheBeyond","TheEnding"],"potions_floor_usage":[25,44],"damage_taken":[{"damage":6,"enemies":"Cultist","floor":1,"turns":3},{"damage":12,"enemies":"Jaw Worm","floor":2,"turns":2},{"damage":0,"enemies":"2 Louse","floor":4,"turns":3},{"damage":32,"enemies":"Gremlin Nob","floor":7,"turns":4},{"damage":18,"enemies":"Large Slime","floor":8,"turns":2},{"damage":20,"enemies":"Lagavulin","floor":10,"turns":5},{"damage":0,"enemies":"Gremlin Nob","floor":12,"turns":3},{"damage":0,"enemies":"Slime Boss","floor":16,"turns":5},{"damage":0,"enemies":"Spheric Guardian","floor":18,"turns":2},{"damage":0,"enemies":"Shell Parasite","floor":22,"turns":3},{"damage":6,"enemies":"Book of Stabbing","floor":25,"turns":4},{"damage":0,"enemies":"Centurion and Healer","floor":27,"turns":5},{"damage":0,"enemies":"3 Cultists","floor":28,"turns":3},{"damage":5,"enemies":"Gremlin Leader","floor":30,"turns":4},{"damage":0,"enemies":"Snake Plant","floor":31,"turns":3},{"damage":7,"enemies":"Collector","floor":33,"turns":10},{"damage":6,"enemies":"Orb Walker","floor":35,"turns":3},{"damage":6,"enemies":"Mind Bloom Boss Battle","floor":37,"turns":3},{"damage":0,"enemies":"3 Darklings","floor":38,"turns":5},{"damage":6,"enemies":"Spire Growth","floor":39,"turns":4},{"damage":33,"enemies":"Nemesis","floor":44,"turns":5},{"damage":0,"enemies":"Reptomancer","floor":47,"turns":2},{"damage":3,"enemies":"Awakened One","floor":50,"turns":10},{"damage":4,"enemies":"Time Eater","floor":51,"turns":13},{"damage":40,"enemies":"Shield and Spear","floor":55,"turns":6},{"damage":23,"enemies":"The Heart","floor":56,"turns":9}],"seed_played":"8215672148922362893","potions_obtained":[{"floor":4,"key":"ElixirPotion"},{"floor":10,"key":"Block Potion"},{"floor":16,"key":"DistilledChaos"}],"is_trial":false,"path_per_floor":["M","M","$","M","?","R","E","M","T","E","R","E","?","?","R","B",null,"M","$","?","?","M","R","?","E","T","M","M","?","E","M","R","B",null,"M","$","?","M","M","R","?","R","T","E","T","R","E","$","R","B","B",null,"R","$","E","B",null],"character_chosen":"IRONCLAD","items_purchased":["Dead Branch","Feel No Pain","War Paint"],"campfire_rested":2,"item_purchase_floors":[19,19,48],"current_hp_per_floor":[68,62,62,68,61,61,35,23,23,9,31,37,26,26,26,32,64,70,70,70,70,75,75,75,75,75,75,75,75,75,75,75,74,75,75,75,75,75,75,75,75,75,75,48,48,70,75,75,75,75,75,75,75,75,51,59],"gold":99,"neow_bonus":"ONE_RANDOM_RARE_CARD","is_daily":false,"chose_seed":false,"campfire_upgraded":7,"win_rate":0.0,"timestamp":1608928330,"path_taken":["M","?","$","M","?","R","E","M","T","E","R","E","?","?","R","BOSS","M","$","?","?","M","R","?","E","T","M","?","?","E","M","R","BOSS","M","$","?","M","M","R","?","R","T","E","?","R","E","$","R","BOSS","BOSS","R","$","E","BOSS"],"items_purchased_type":["Relic","Card","Relic"],"build_version":"2020-12-22","purchased_purges":2,"victory":true,"max_hp_per_floor":[75,75,75,75,75,75,75,75,75,75,75,75,75,75,75,75,75,75,75,75,75,75,75,75,75,75,75,75,75,75,75,75,75,75,75,75,75,75,75,75,75,75,75,75,75,75,75,75,75,75,75,75,75,75,85,85],"relic_stats":{"Gremlin Horn":[2,4],"counters":[26,121],"Self Forming Clay":[75],"Dead Branch":[342],"PreservedInsect":239,"Whetstone":["Bash","Fiend Fire"],"War Paint":["Warcry","Power Through"],"Burning Blood":124,"Sozu":8,"Nunchaku":[17],"Dream Catcher":2,"Bronze Scales":[300],"Pantograph":25,"Pandora\u0027s Box":["Shrug It Off","Bloodletting","Infernal Blade","Ghostly Armor","Warcry","Fiend Fire"],"Art of War":[7],"Champion Belt":[13],"obtain_stats":[{"Pear":55,"Gremlin Horn":47,"Self Forming Clay":30,"Dead Branch":19,"Thread and Needle":37,"PreservedInsect":25,"Whetstone":43,"War Paint":48,"Burning Blood":0,"Sozu":17,"Nunchaku":9,"Dream Catcher":10,"HornCleat":7,"Matryoshka":12,"Bronze Scales":26,"Pantograph":26,"Pandora\u0027s Box":34,"Art of War":44,"Champion Belt":45},{"Pear":25,"Gremlin Horn":22,"Self Forming Clay":14,"Dead Branch":9,"Thread and Needle":18,"PreservedInsect":11,"Whetstone":20,"War Paint":22,"Burning Blood":0,"Sozu":8,"Nunchaku":5,"Dream Catcher":6,"HornCleat":4,"Matryoshka":7,"Bronze Scales":11,"Pantograph":11,"Pandora\u0027s Box":16,"Art of War":21,"Champion Belt":21},{"Pear":112,"Gremlin Horn":83,"Self Forming Clay":48,"Dead Branch":29,"Thread and Needle":67,"PreservedInsect":36,"Whetstone":76,"War Paint":83,"Burning Blood":0,"Sozu":27,"Nunchaku":14,"Dream Catcher":19,"HornCleat":12,"Matryoshka":22,"Bronze Scales":36,"Pantograph":36,"Pandora\u0027s Box":61,"Art of War":81,"Champion Belt":81}]},"card_choices":[{"not_picked":["Carnage","Fire Breathing"],"picked":"Pommel Strike","floor":1},{"not_picked":["Clash","Headbutt"],"picked":"Pommel Strike","floor":2},{"not_picked":["Shrug It Off","Burning Pact"],"picked":"Battle Trance","floor":4},{"not_picked":["Body Slam","Armaments","Flame Barrier"],"picked":"SKIP","floor":7},{"not_picked":["Warcry","Sword Boomerang"],"picked":"Fire Breathing","floor":8},{"not_picked":["Body Slam","Pommel Strike","Iron Wave"],"picked":"SKIP","floor":10},{"not_picked":["Dual Wield","Body Slam"],"picked":"Feel No Pain","floor":11},{"not_picked":["Dropkick","Bloodletting"],"picked":"Fiend Fire","floor":12},{"not_picked":["Anger","Clash"],"picked":"Spot Weakness","floor":18},{"not_picked":["Body Slam","Pommel Strike","Searing Blow"],"picked":"SKIP","floor":22},{"not_picked":["Thunderclap","Uppercut","Perfected Strike"],"picked":"SKIP","floor":25},{"not_picked":["Hemokinesis","Iron Wave","Disarm"],"picked":"SKIP","floor":27},{"not_picked":["Hemokinesis","Iron Wave","Disarm"],"picked":"SKIP","floor":27},{"not_picked":["Anger","Searing Blow"],"picked":"Battle Trance","floor":28},{"not_picked":["Thunderclap","Warcry"],"picked":"Power Through","floor":30},{"not_picked":["Armaments","Second Wind"],"picked":"Barricade","floor":31},{"not_picked":["Sword Boomerang+1","Headbutt"],"picked":"Seeing Red+1","floor":35},{"not_picked":["Heavy Blade+1","Anger"],"picked":"Armaments+1","floor":37},{"not_picked":["Armaments","Sword Boomerang+1"],"picked":"Havoc+1","floor":38},{"not_picked":["Blood for Blood","Armaments","Havoc+1"],"picked":"SKIP","floor":39},{"not_picked":["Havoc","Wild Strike"],"picked":"Feel No Pain+1","floor":44},{"not_picked":["Shrug It Off","Iron Wave"],"picked":"Flex+1","floor":46},{"not_picked":["Blood for Blood","Clothesline","Inflame"],"picked":"SKIP","floor":47},{"not_picked":["Armaments","Flex"],"picked":"Battle Trance+1","floor":55}],"player_experience":1015737,"relics_obtained":[{"floor":7,"key":"HornCleat"},{"floor":9,"key":"Nunchaku"},{"floor":10,"key":"Dream Catcher"},{"floor":12,"key":"Matryoshka"},{"floor":25,"key":"PreservedInsect"},{"floor":26,"key":"Bronze Scales"},{"floor":26,"key":"Pantograph"},{"floor":30,"key":"Self Forming Clay"},{"floor":37,"key":"Thread and Needle"},{"floor":43,"key":"Whetstone"},{"floor":44,"key":"Art of War"},{"floor":45,"key":"Champion Belt"},{"floor":47,"key":"Gremlin Horn"},{"floor":55,"key":"Pear"}],"event_choices":[{"cards_removed":["Strike_R"],"damage_healed":0,"gold_gain":0,"player_choice":"Card Removal","damage_taken":7,"max_hp_gain":0,"max_hp_loss":0,"event_name":"Golden Wing","floor":5,"gold_loss":0},{"damage_healed":0,"gold_gain":75,"player_choice":"Gold","damage_taken":11,"max_hp_gain":0,"max_hp_loss":0,"event_name":"betterThird:BetterGoop","floor":13,"gold_loss":0},{"damage_healed":0,"gold_gain":0,"player_choice":"Grow","damage_taken":0,"max_hp_gain":0,"max_hp_loss":0,"event_name":"Living Wall","floor":14,"gold_loss":0,"cards_upgraded":["Fiend Fire"]},{"damage_healed":0,"gold_gain":0,"player_choice":"Ignored","damage_taken":0,"max_hp_gain":0,"max_hp_loss":0,"event_name":"Ghosts","floor":21,"gold_loss":0},{"cards_removed":["Strike_R"],"damage_healed":0,"gold_gain":0,"player_choice":"Offered Basic","damage_taken":0,"max_hp_gain":0,"max_hp_loss":0,"event_name":"Bonfire Elementals","floor":24,"gold_loss":0},{"damage_healed":0,"gold_gain":0,"player_choice":"Ignored","damage_taken":0,"max_hp_gain":0,"max_hp_loss":0,"event_name":"Vampires","floor":29,"gold_loss":0},{"damage_healed":0,"gold_gain":0,"player_choice":"Fight","damage_taken":0,"max_hp_gain":0,"max_hp_loss":0,"event_name":"MindBloom","floor":37,"gold_loss":0},{"cards_removed":["Havoc"],"damage_healed":0,"gold_gain":0,"player_choice":"Removed Skill","damage_taken":0,"max_hp_gain":0,"max_hp_loss":0,"event_name":"Falling","floor":41,"gold_loss":0}],"is_beta":false,"boss_relics":[{"not_picked":["Velvet Choker","Coffee Dripper","Tiny House"]},{"not_picked":["SlaversCollar","Runic Pyramid"],"picked":"Pandora\u0027s Box"}],"items_purged_floors":[3,36],"is_endless":false,"potions_floor_spawned":[4,10,12,16,18,22,28,31,33,35,44,55],"ascension_level":20}}