{"host":"rmsq46plbpwfbxcc","time":1608887261,"event":{"mods":["AchievementEnabler","BaseMod","Colored Map","DeckTracker","Minty Spire (QoL Compilation)","Permanent Neow","SuperFastMode"],"gold_per_floor":[110,110,130,148,26,61,61,92,173,193,226,236,236,252,252,323,323,333,343,393,412,423,448,448,498,521,521,541,541,299,311,311,385,385,397,397,132,132,151,180,180,55,102,102,135,155,187,197,197,197,197],"floor_reached":50,"playtime":1828,"items_purged":["Strike_G","Strike_G","Defend_G"],"score":1268,"play_id":"eee9f0d9-a51c-4f52-af09-846fcfe41c9d","local_time":"20201225180741","is_ascension_mode":true,"campfire_choices":[{"data":"Neutralize","floor":7.0,"key":"SMITH"},{"data":"Cloak And Dagger","floor":13.0,"key":"SMITH"},{"data":"Accuracy","floor":15.0,"key":"SMITH"},{"data":"After Image","floor":24.0,"key":"SMITH"},{"data":"Infinite Blades","floor":27.0,"key":"SMITH"},{"floor":29.0,"key":"REST"},{"data":"Blade Dance","floor":32.0,"key":"SMITH"},{"data":"Terror","floor":41.0,"key":"SMITH"},{"floor":49.0,"key":"RECALL"}],"circlet_count":0,"master_deck":["AscendersBane","Strike_G","Strike_G","Defend_G","Defend_G","Defend_G","Defend_G","Survivor","Neutralize+1","Cloak And Dagger+1","Dash","Footwork","Accuracy+1","Finisher","Infinite Blades+1","Backflip","After Image+1","Terror+1","Blade Dance+1","Choke","Escape Plan+1","Phantasmal Killer","Adrenaline","CurseOfTheBell","Well Laid Plans+1","Acrobatics","PiercingWail+1","Madness","Madness","Adrenaline","Blade Dance+1"],"relics":["Philosopher\u0027s Stone","Shovel","Art of War","Kunai","Bag of Preparation","Sozu","Snake Skull","Bronze Scales","Strawberry","Calling Bell","Juzu Bracelet","Mummified Hand","Prayer Wheel","MealTicket","StrikeDummy","Darkstone Periapt","Smiling Mask"],"acts_visited":["Exordium","TheCity","TheBeyond"],"potions_floor_usage":[],"damage_taken":[{"damage":0.0,"enemies":"Jaw Worm","floor":1.0,"turns":5.0},{"damage":3.0,"enemies":"Cultist","floor":3.0,"turns":6.0},{"damage":0.0,"enemies":"2 Louse","floor":4.0,"turns":3.0},{"damage":4.0,"enemies":"3 Sentries","floor":6.0,"turns":9.0},{"damage":14.0,"enemies":"Lagavulin","floor":8.0,"turns":6.0},{"damage":0.0,"enemies":"Blue Slaver","floor":10.0,"turns":3.0},{"damage":14.0,"enemies":"Gremlin Nob","floor":11.0,"turns":6.0},{"damage":0.0,"enemies":"Large Slime","floor":12.0,"turns":5.0},{"damage":0.0,"enemies":"2 Fungi Beasts","floor":14.0,"turns":3.0},{"damage":0.0,"enemies":"Slime Boss","floor":16.0,"turns":10.0},{"damage":6.0,"enemies":"Shell Parasite","floor":18.0,"turns":5.0},{"damage":10.0,"enemies":"2 Thieves","floor":19.0,"turns":5.0},{"damage":11.0,"enemies":"Centurion and Healer","floor":21.0,"turns":6.0},{"damage":0.0,"enemies":"Cultist and Chosen","floor":22.0,"turns":6.0},{"damage":29.0,"enemies":"Book of Stabbing","floor":23.0,"turns":5.0},{"damage":14.0,"enemies":"Sentry and Sphere","floor":28.0,"turns":4.0},{"damage":6.0,"enemies":"Centurion and Healer","floor":31.0,"turns":5.0},{"damage":10.0,"enemies":"Automaton","floor":33.0,"turns":9.0},{"damage":11.0,"enemies":"3 Darklings","floor":35.0,"turns":5.0},{"damage":0.0,"enemies":"3 Shapes","floor":39.0,"turns":6.0},{"damage":0.0,"enemies":"Reptomancer","floor":40.0,"turns":6.0},{"damage":0.0,"enemies":"Giant Head","floor":45.0,"turns":5.0},{"damage":0.0,"enemies":"Jaw Worm Horde","floor":46.0,"turns":4.0},{"damage":18.0,"enemies":"Reptomancer","floor":47.0,"turns":6.0},{"damage":0.0,"enemies":"Maw","floor":48.0,"turns":6.0},{"damage":34,"enemies":"Donu and Deca","floor":50,"turns":2}],"seed_played":"6665323103952228752","potions_obtained":[{"floor":2.0,"key":"EntropicBrew"},{"floor":2.0,"key":"FairyPotion"},{"floor":6.0,"key":"FearPotion"},{"floor":11.0,"key":"GamblersBrew"},{"floor":12.0,"key":"SteroidPotion"},{"floor":16.0,"key":"Energy Potion"}],"is_trial":false,"path_per_floor":["M","?","M","M","$","E","R","E","T","M","E","M","R","M","R","B",null,"M","M","?","M","M","E","R","?","T","R","M","R","$","M","R","B",null,"M","?","$","?","M","E","R","$","T","?","E","M","E","M","R","B"],"character_chosen":"THE_SILENT","items_purchased":["Accuracy","Finisher","Strawberry","MealTicket"],"campfire_rested":1,"item_purchase_floors":[5,5,30,37],"current_hp_per_floor":[59,59,56,56,56,52,52,38,38,38,24,24,24,24,24,24,56,50,40,40,29,29,19,19,19,19,19,5,24,31,25,25,15,59,48,48,48,48,48,48,48,63,63,50,50,50,32,32,32,0,0],"gold":197,"neow_bonus":"BOSS_RELIC","is_daily":false,"chose_seed":false,"campfire_upgraded":7,"win_rate":0.0,"timestamp":1608887261,"path_taken":["M","?","?","M","$","E","R","E","T","M","E","M","R","M","R","BOSS","M","M","?","?","M","E","R","?","T","R","M","R","$","M","R","BOSS","M","?","$","?","M","E","R","$","T","?","E","M","E","M","R","BOSS"],"items_purchased_type":["Card","Card","Relic","Relic"],"build_version":"2020-12-22","purchased_purges":3,"victory":false,"max_hp_per_floor":[66,66,66,66,66,66,66,66,66,66,66,66,66,66,66,66,66,66,66,66,66,66,66,66,66,66,66,66,66,73,73,73,73,73,73,73,73,73,73,73,73,73,73,73,73,73,73,73,73,73,73],"card_choices":[{"not_picked":["Outmaneuver","Flying Knee"],"picked":"Cloak And Dagger","floor":1.0},{"not_picked":["PiercingWail","All Out Attack"],"picked":"Dash","floor":3.0},{"not_picked":["Bane","Poisoned Stab"],"picked":"Footwork","floor":4.0},{"not_picked":["Dagger Spray","Prepared"],"picked":"Infinite Blades","floor":6.0},{"not_picked":["Caltrops","Bouncing Flask","Reflex"],"picked":"SKIP","floor":8.0},{"not_picked":["Quick Slash","Well Laid Plans","Noxious Fumes"],"picked":"SKIP","floor":10.0},{"not_picked":["Infinite Blades","Noxious Fumes"],"picked":"Backflip","floor":11.0},{"not_picked":["Deflect","Venomology","Flechettes"],"picked":"SKIP","floor":12.0},{"not_picked":["Deflect","Caltrops","Dash"],"picked":"SKIP","floor":14.0},{"not_picked":["Grand Finale","Venomology"],"picked":"After Image","floor":16.0},{"not_picked":["PiercingWail","Backflip"],"picked":"Terror","floor":18.0},{"not_picked":["Endless Agony","Heel Hook","Sucker Punch"],"picked":"SKIP","floor":19.0},{"not_picked":["Finisher","Expertise"],"picked":"Blade Dance","floor":21.0},{"not_picked":["Eviscerate","Escape Plan"],"picked":"Choke","floor":22.0},{"not_picked":["Finisher","Backflip"],"picked":"Escape Plan+1","floor":23.0},{"not_picked":["Dagger Throw","Cloak And Dagger","Reflex"],"picked":"SKIP","floor":28.0},{"not_picked":["PiercingWail","Poisoned Stab+1"],"picked":"Phantasmal Killer","floor":31.0},{"not_picked":["Tools of the Trade","Wraith Form v2"],"picked":"Adrenaline","floor":33.0},{"not_picked":["Outmaneuver","Sucker Punch"],"picked":"Well Laid Plans+1","floor":35.0},{"not_picked":["Cloak And Dagger","Catalyst"],"picked":"Acrobatics","floor":35.0},{"not_picked":["Noxious Fumes","Flechettes+1","Underhanded Strike+1"],"picked":"SKIP","floor":39.0},{"not_picked":["Bouncing Flask","Prepared","Dagger Throw"],"picked":"SKIP","floor":39.0},{"not_picked":["Footwork","Bouncing Flask"],"picked":"PiercingWail+1","floor":40.0},{"not_picked":["Infinite Blades","Riddle With Holes"],"picked":"Adrenaline","floor":45.0},{"not_picked":["Slice","Terror+1","Backflip"],"picked":"SKIP","floor":46.0},{"not_picked":["Cloak And Dagger","Flying Knee+1","Backflip+1"],"picked":"SKIP","floor":46.0},{"not_picked":["Setup","Quick Slash","Dodge and Roll"],"picked":"SKIP","floor":47.0},{"not_picked":["Leg Sweep+1","Poisoned Stab"],"picked":"Blade Dance+1","floor":48.0},{"not_picked":["Underhanded Strike","Terror","Sucker Punch"],"picked":"SKIP","floor":48.0}],"player_experience":1374979,"relics_obtained":[{"floor":6.0,"key":"Shovel"},{"floor":8.0,"key":"Art of War"},{"floor":9.0,"key":"Kunai"},{"floor":11.0,"key":"Bag of Preparation"},{"floor":23.0,"key":"Snake Skull"},{"floor":26.0,"key":"Bronze Scales"},{"floor":34.0,"key":"Juzu Bracelet"},{"floor":34.0,"key":"Mummified Hand"},{"floor":34.0,"key":"Prayer Wheel"},{"floor":40.0,"key":"StrikeDummy"},{"floor":45.0,"key":"Darkstone Periapt"},{"floor":47.0,"key":"Smiling Mask"}],"event_choices":[{"damage_healed":0.0,"max_hp_gain":0.0,"max_hp_loss":0.0,"gold_gain":0.0,"event_name":"Lab","player_choice":"Got Potions","floor":2.0,"gold_loss":0.0,"damage_taken":0.0},{"damage_healed":0.0,"max_hp_gain":0.0,"max_hp_loss":0.0,"gold_gain":100.0,"event_name":"The Joust","player_choice":"Bet on Murderer","floor":20.0,"gold_loss":50.0,"damage_taken":0.0},{"damage_healed":0.0,"max_hp_gain":0.0,"max_hp_loss":0.0,"gold_gain":50.0,"event_name":"Nest","player_choice":"Stole From Cult","floor":25.0,"gold_loss":0.0,"damage_taken":0.0},{"damage_healed":0.0,"max_hp_gain":0.0,"max_hp_loss":0.0,"gold_gain":0.0,"event_name":"SensoryStone","player_choice":"Memory 1","floor":36.0,"gold_loss":0.0,"damage_taken":0.0},{"cards_removed":["Strike_G"],"damage_healed":0.0,"max_hp_gain":0.0,"max_hp_loss":0.0,"gold_gain":0.0,"event_name":"Falling","player_choice":"Removed Attack","floor":38.0,"gold_loss":0.0,"damage_taken":0.0},{"damage_healed":0.0,"max_hp_gain":0.0,"max_hp_loss":0.0,"gold_gain":0.0,"event_name":"Winding Halls","player_choice":"Embrace Madness","floor":44.0,"gold_loss":0.0,"damage_taken":13.0,"cards_obtained":["Madness","Madness"]}],"is_beta":false,"boss_relics":[{"not_picked":["Velvet Choker","Runic Dome"],"picked":"Sozu"},{"not_picked":["SlaversCollar","SacredBark"],"picked":"Calling Bell"}],"items_purged_floors":[30,37,42],"is_endless":false,"potions_floor_spawned":[4,6,11,12,14,16,21,22,28,31,39,45,46,48],"killed_by":"Donu and Deca","ascension_level":17}}