{"host":"fjaupvxe7fzqrf4j","time":1608908264,"event":{"mods":["ATMod(°¢èªMod)","BaseMod","Minty Spire (QoL Compilation)","StSLib"],"gold_per_floor":[117,6,6,16,16,42,42,69,69,69,144,155,170,203,203,280,280,295,315,205,216,243,243,258,291,291,319,329,229,229,244,244,323,323,342,362,387,432,445,475,475,502,502,527,527,3,38,38,38,63,188],"floor_reached":52,"playtime":1135,"items_purged":["Defend_P","Strike_P","Strike_P+1"],"score":2727,"play_id":"0e73c319-35f0-4062-904a-d3b922d6f939","local_time":"20201225225744","is_ascension_mode":true,"campfire_choices":[{"data":"Eruption","floor":7.0,"key":"SMITH"},{"data":"Adaptation","floor":10.0,"key":"SMITH"},{"data":"Scrawl","floor":15.0,"key":"SMITH"},{"data":"Ragnarok","floor":23.0,"key":"SMITH"},{"data":"AT_WindFlip","floor":30.0,"key":"SMITH"},{"data":"AT_ChampionStep","floor":32.0,"key":"SMITH"},{"data":"Vault","floor":41,"key":"SMITH"},{"data":"WheelKick","floor":45,"key":"SMITH"},{"floor":49,"key":"RECALL"}],"circlet_count":0,"master_deck":["AscendersBane","Strike_P+1","Eruption+1","Vigilance+1","AT_WindFlip+1","Adaptation+1","WheelKick+1","AT_ChampionStep+1","Scrawl+1","FearNoEvil+1","Ragnarok+1","Vault+1","EmptyBody+1","FollowUp+1","DeusExMachina+1"],"relics":["PureWater","AT_ATBox","NeowsBlessing","Vajra","Lantern","AT_DeathDance","Boot","Coffee Dripper","Regal Pillow","Whetstone","Ornamental Fan","War Paint","Astrolabe","CaptainsWheel","Ginger","Pen Nib","Singing Bowl","The Courier","Blood Vial","Yang","Pear","AT_MibuBalloonWealth"],"acts_visited":["Exordium","TheCity","TheBeyond"],"potions_floor_usage":[40,51],"damage_taken":[{"damage":0.0,"enemies":"Jaw Worm","floor":1.0,"turns":1.0},{"damage":0.0,"enemies":"Small Slimes","floor":4.0,"turns":1.0},{"damage":0.0,"enemies":"Lagavulin","floor":6.0,"turns":1.0},{"damage":0.0,"enemies":"Gremlin Nob","floor":8.0,"turns":2.0},{"damage":3.0,"enemies":"2 Louse","floor":12.0,"turns":2.0},{"damage":0.0,"enemies":"Exordium Thugs","floor":13.0,"turns":2.0},{"damage":0.0,"enemies":"Lagavulin","floor":14.0,"turns":1.0},{"damage":0.0,"enemies":"Slime Boss","floor":16.0,"turns":3.0},{"damage":0.0,"enemies":"Chosen","floor":18.0,"turns":3.0},{"damage":4.0,"enemies":"3 Byrds","floor":19.0,"turns":2.0},{"damage":0.0,"enemies":"Snake Plant","floor":21.0,"turns":1.0},{"damage":0.0,"enemies":"3 Cultists","floor":24.0,"turns":2.0},{"damage":0.0,"enemies":"Book of Stabbing","floor":25.0,"turns":1.0},{"damage":0.0,"enemies":"Gremlin Leader","floor":27.0,"turns":2.0},{"damage":0.0,"enemies":"Cultist and Chosen","floor":28.0,"turns":3.0},{"damage":0.0,"enemies":"Snake Plant","floor":31.0,"turns":2.0},{"damage":0.0,"enemies":"Champ","floor":33.0,"turns":3.0},{"damage":0.0,"enemies":"3 Darklings","floor":35.0,"turns":1.0},{"damage":37.0,"enemies":"3 Shapes","floor":36.0,"turns":4.0},{"damage":0.0,"enemies":"Mind Bloom Boss Battle","floor":37.0,"turns":1.0},{"damage":0.0,"enemies":"2 Orb Walkers","floor":38.0,"turns":2.0},{"damage":0.0,"enemies":"3 Darklings","floor":39.0,"turns":2.0},{"damage":12,"enemies":"Nemesis","floor":40,"turns":4},{"damage":0,"enemies":"Reptomancer","floor":42,"turns":2},{"damage":0,"enemies":"Nemesis","floor":44,"turns":1},{"damage":0,"enemies":"Giant Head","floor":47,"turns":2},{"damage":3,"enemies":"Time Eater","floor":50,"turns":3},{"damage":3,"enemies":"Awakened One","floor":51,"turns":4}],"seed_played":"-2729134307879127365","potions_obtained":[{"floor":1.0,"key":"AttackPotion"},{"floor":6.0,"key":"DistilledChaos"},{"floor":8.0,"key":"Energy Potion"},{"floor":21.0,"key":"StancePotion"},{"floor":31.0,"key":"FearPotion"},{"floor":39.0,"key":"DistilledChaos"},{"floor":44,"key":"SmokeBomb"}],"is_trial":false,"path_per_floor":["M","$","?","M","?","E","R","E","T","R","?","M","M","E","R","B",null,"M","M","?","M","T","R","M","E","T","E","M","$","R","M","R","B",null,"M","M","?","?","M","E","R","E","T","E","R","$","E","?","R","B","B",null],"character_chosen":"WATCHER","items_purchased":["Adaptation","Yang","Pear"],"campfire_rested":0,"item_purchase_floors":[2,46,46],"current_hp_per_floor":[61,61,61,61,66,66,66,66,66,66,59,56,56,56,56,56,69,69,65,65,65,65,65,65,65,65,65,65,65,65,65,65,65,71,71,34,34,34,34,22,22,24,24,26,26,36,40,42,42,41,40],"gold":188,"neow_bonus":"THREE_ENEMY_KILL","is_daily":false,"chose_seed":false,"campfire_upgraded":8,"win_rate":0.0,"timestamp":1608908264,"path_taken":["M","$","?","M","?","E","R","E","T","R","?","M","?","E","R","BOSS","M","?","?","?","?","R","M","E","T","E","M","$","R","M","R","BOSS","M","M","?","?","M","E","R","E","T","E","R","$","E","?","R","BOSS","BOSS"],"items_purchased_type":["Card","Relic","Relic"],"build_version":"2020-12-22","purchased_purges":3,"victory":true,"max_hp_per_floor":[68,68,68,68,73,73,73,73,73,73,73,73,73,73,73,73,73,73,73,73,73,73,73,73,73,73,73,73,73,73,73,73,73,73,73,73,73,73,73,73,73,75,75,77,77,87,89,91,91,91,91],"card_choices":[{"not_picked":["Swivel","EmptyBody","FlyingSleeves"],"picked":"SKIP","floor":1.0},{"not_picked":["DeceiveReality","CrushJoints"],"picked":"WheelKick","floor":4.0},{"not_picked":["Fasting2","EmptyFist"],"picked":"AT_ChampionStep","floor":6.0},{"not_picked":["WheelKick","ClearTheMind"],"picked":"Scrawl","floor":8.0},{"not_picked":["JustLucky","WreathOfFlame"],"picked":"FearNoEvil","floor":12.0},{"not_picked":["Swivel","Evaluate","AT_DivineConfetti"],"picked":"SKIP","floor":13.0},{"not_picked":["CarveReality","Swivel","ReachHeaven"],"picked":"SKIP","floor":14.0},{"not_picked":["Wish","ConjureBlade"],"picked":"Ragnarok","floor":16.0},{"not_picked":["SashWhip","DeceiveReality+1","JustLucky"],"picked":"SKIP","floor":18.0},{"not_picked":["Meditate","BowlingBash","JustLucky"],"picked":"SKIP","floor":19.0},{"not_picked":["BowlingBash","ClearTheMind+1","Nirvana"],"picked":"SKIP","floor":21.0},{"not_picked":["Consecrate","ReachHeaven+1","SashWhip"],"picked":"SKIP","floor":24.0},{"not_picked":["EmptyBody","BowlingBash","EmptyFist"],"picked":"SKIP","floor":25.0},{"not_picked":["AT_MachinaRedman","Vengeance","JustLucky"],"picked":"SKIP","floor":27.0},{"not_picked":["PathToVictory","Perseverance","Worship"],"picked":"SKIP","floor":28.0},{"not_picked":["ThirdEye","JustLucky","EmptyBody"],"picked":"SKIP","floor":31.0},{"not_picked":["Devotion","Scrawl"],"picked":"Vault","floor":33.0},{"not_picked":["AT_ChampionStep+1","EmptyFist+1","EmptyBody"],"picked":"SKIP","floor":35.0},{"not_picked":["Swivel+1","Nirvana","EmptyFist+1"],"picked":"SKIP","floor":36.0},{"not_picked":["Protect","Swivel","FollowUp"],"picked":"SKIP","floor":39.0},{"not_picked":["FlyingSleeves+1","EmptyFist","CrushJoints"],"picked":"SKIP","floor":40},{"not_picked":["FlurryOfBlows+1","CrushJoints","ForeignInfluence+1"],"picked":"Singing Bowl","floor":42},{"not_picked":["FlurryOfBlows","Sanctity+1","SandsOfTime"],"picked":"Singing Bowl","floor":44},{"not_picked":["AT_OneInchPunch","WreathOfFlame","Study"],"picked":"Singing Bowl","floor":47},{"not_picked":["Madness","Dark Shackles","Dramatic Entrance"],"picked":"Singing Bowl","floor":48}],"player_experience":289897,"relics_obtained":[{"floor":6.0,"key":"Vajra"},{"floor":8.0,"key":"Lantern"},{"floor":9.0,"key":"AT_DeathDance"},{"floor":14.0,"key":"Boot"},{"floor":22.0,"key":"Regal Pillow"},{"floor":25.0,"key":"Whetstone"},{"floor":26.0,"key":"Ornamental Fan"},{"floor":27.0,"key":"War Paint"},{"floor":37.0,"key":"CaptainsWheel"},{"floor":38.0,"key":"Ginger"},{"floor":40,"key":"Pen Nib"},{"floor":42,"key":"Singing Bowl"},{"floor":43,"key":"The Courier"},{"floor":44,"key":"Blood Vial"},{"floor":47,"key":"AT_MibuBalloonWealth"}],"event_choices":[{"damage_healed":0.0,"max_hp_gain":0.0,"max_hp_loss":0.0,"gold_gain":0.0,"event_name":"Liars Game","player_choice":"Ignored","floor":3.0,"gold_loss":0.0,"damage_taken":0.0},{"damage_healed":0.0,"max_hp_gain":5.0,"max_hp_loss":0.0,"gold_gain":0.0,"event_name":"Big Fish","player_choice":"Donut","floor":5.0,"gold_loss":0.0,"damage_taken":0.0},{"damage_healed":0.0,"max_hp_gain":0.0,"max_hp_loss":0.0,"gold_gain":75.0,"event_name":"World of Goop","player_choice":"Gather Gold","floor":11.0,"gold_loss":0.0,"damage_taken":11.0},{"cards_removed":["Defend_P"],"damage_healed":0.0,"max_hp_gain":0.0,"max_hp_loss":0.0,"gold_gain":0.0,"event_name":"Designer","player_choice":"Upgrade and Remove","floor":20.0,"gold_loss":110.0,"damage_taken":0.0,"cards_upgraded":["Strike_P"]},{"damage_healed":0.0,"max_hp_gain":0.0,"max_hp_loss":0.0,"gold_gain":0.0,"event_name":"MindBloom","player_choice":"Fight","floor":37.0,"gold_loss":0.0,"damage_taken":0.0},{"damage_healed":0.0,"max_hp_gain":0.0,"max_hp_loss":0.0,"gold_gain":0.0,"event_name":"Mysterious Sphere","player_choice":"Fight","floor":38.0,"gold_loss":0.0,"damage_taken":0.0},{"damage_healed":0,"gold_gain":0,"player_choice":"Memory 1","damage_taken":0,"max_hp_gain":0,"max_hp_loss":0,"event_name":"SensoryStone","floor":48,"gold_loss":0}],"is_beta":false,"boss_relics":[{"not_picked":["Calling Bell","HolyWater"],"picked":"Coffee Dripper"},{"not_picked":["Fusion Hammer","Philosopher\u0027s Stone"],"picked":"Astrolabe"}],"items_purged_floors":[2,29,46],"is_endless":false,"potions_floor_spawned":[1,6,8,21,24,31,33,36,37,39,44,47],"ascension_level":20}}