{"host":"sav7uxregyirlf69","time":1608871997,"event":{"mods":["AchievementEnabler","BaseMod","Colored Map","DeckTracker","Keyboard Shortcuts","Minty Spire (QoL Compilation)","READ ME - Guardian Mod","StSLib","SuperFastMode"],"gold_per_floor":[109,123,172,97,109,109,123,123,123,123,123,123,78,90,90,167,167,184,184,109,24,24,24,35,35,62,112,14,35,35,49,49,130,175,193,93,93,113,147,183,197,225,225,236,236,236],"floor_reached":45,"playtime":937,"items_purged":["Defend_G","Heel Hook"],"score":1147,"play_id":"3d7bdcf1-a699-4d95-add8-b5ad2be233d8","local_time":"20201225135317","is_ascension_mode":true,"campfire_choices":[{"data":"Bouncing Flask","floor":6.0,"key":"SMITH"},{"data":"Footwork","floor":8.0,"key":"SMITH"},{"data":"Well Laid Plans","floor":10.0,"key":"SMITH"},{"data":"Catalyst","floor":15.0,"key":"SMITH"},{"data":"Night Terror","floor":23.0,"key":"SMITH"},{"floor":30.0,"key":"REST"},{"data":"Tactician","floor":32.0,"key":"SMITH"}],"circlet_count":0,"master_deck":["AscendersBane","Survivor+1","Neutralize","Flying Knee","Deflect","Well Laid Plans+1","Footwork+1","Bouncing Flask+1","Catalyst+1","Tactician+1","Night Terror+1","Prepared","PiercingWail","Finesse","Deadly Poison","After Image","PiercingWail","Deadly Poison","Wraith Form v2","Catalyst","Escape Plan+1","Reflex"],"relics":["Ring of the Snake","Bronze Scales","HornCleat","Philosopher\u0027s Stone","Akabeko","CeramicFish","Pandora\u0027s Box","FossilizedHelix","The Specimen","PreservedInsect"],"acts_visited":["Exordium","TheCity","TheBeyond"],"potions_floor_usage":[],"damage_taken":[{"damage":1.0,"enemies":"Cultist","floor":1.0,"turns":4.0},{"damage":0.0,"enemies":"Jaw Worm","floor":2.0,"turns":8.0},{"damage":10.0,"enemies":"Small Slimes","floor":5.0,"turns":4.0},{"damage":7.0,"enemies":"Blue Slaver","floor":7.0,"turns":3.0},{"damage":0.0,"enemies":"Exordium Wildlife","floor":14.0,"turns":3.0},{"damage":0.0,"enemies":"Hexaghost","floor":16.0,"turns":3.0},{"damage":0.0,"enemies":"Spheric Guardian","floor":18.0,"turns":2.0},{"damage":6.0,"enemies":"Chosen","floor":24.0,"turns":3.0},{"damage":17.0,"enemies":"Shelled Parasite and Fungi","floor":29.0,"turns":5.0},{"damage":0.0,"enemies":"Chosen and Byrds","floor":31.0,"turns":3.0},{"damage":13.0,"enemies":"Collector","floor":33.0,"turns":7.0},{"damage":15.0,"enemies":"3 Darklings","floor":35.0,"turns":8.0},{"damage":7.0,"enemies":"3 Shapes","floor":38.0,"turns":5.0},{"damage":3.0,"enemies":"Mind Bloom Boss Battle","floor":39.0,"turns":5.0},{"damage":0.0,"enemies":"Giant Head","floor":40.0,"turns":4.0},{"damage":0.0,"enemies":"Transient","floor":41.0,"turns":4.0},{"damage":38,"enemies":"Reptomancer","floor":42,"turns":4},{"damage":7,"enemies":"3 Darklings","floor":44,"turns":8},{"damage":20,"enemies":"Sphere and 2 Shapes","floor":45,"turns":3}],"seed_played":"-4222273659931638391","potions_obtained":[{"floor":1.0,"key":"LiquidBronze"},{"floor":2.0,"key":"DuplicationPotion"},{"floor":18.0,"key":"Dexterity Potion"},{"floor":33.0,"key":"Regen Potion"},{"floor":42,"key":"FairyPotion"},{"floor":44,"key":"Strength Potion"}],"is_trial":false,"path_per_floor":["M","M","T","$","M","R","M","R","T","R","?","?","$","M","R","B",null,"M","?","?","?","$","R","M","$","T","?","$","M","R","M","R","B",null,"M","$","?","M","?","E","M","E","T","M","M"],"character_chosen":"THE_SILENT","items_purchased":["Catalyst","Finesse"],"campfire_rested":1,"item_purchase_floors":[13,28],"current_hp_per_floor":[58,58,58,58,48,48,41,41,41,41,34,16,16,16,16,16,49,49,49,49,49,49,49,43,43,43,43,43,26,44,44,44,31,53,38,38,38,31,28,28,42,4,4,18,0,0],"gold":236,"neow_bonus":"TRANSFORM_TWO_CARDS","is_daily":false,"chose_seed":false,"campfire_upgraded":6,"win_rate":0.0,"timestamp":1608871997,"path_taken":["M","M","?","$","?","R","M","R","T","R","?","?","?","?","R","BOSS","M","?","?","?","$","R","M","?","T","?","?","?","R","M","R","BOSS","M","$","?","M","?","E","M","E","T","M","M"],"items_purchased_type":["Card","Card"],"build_version":"2020-12-22","purchased_purges":2,"victory":false,"max_hp_per_floor":[60,60,60,60,60,60,60,60,60,60,60,60,60,60,60,60,60,60,60,60,60,60,60,60,60,60,60,60,60,60,60,60,60,60,60,60,60,60,60,60,60,60,60,60,60,60],"card_choices":[{"not_picked":["Sucker Punch","Dodge and Roll"],"picked":"Well Laid Plans","floor":1.0},{"not_picked":["Acrobatics","Sucker Punch"],"picked":"Footwork","floor":2.0},{"not_picked":["Deflect","Blade Dance"],"picked":"Bouncing Flask","floor":5.0},{"not_picked":["Doppelganger","Cloak And Dagger","Deflect"],"picked":"SKIP","floor":7.0},{"not_picked":["Heel Hook","Poisoned Stab"],"picked":"Tactician","floor":14.0},{"not_picked":["Doppelganger","Die Die Die"],"picked":"Night Terror","floor":16.0},{"not_picked":["Caltrops","Dagger Spray"],"picked":"Prepared","floor":18.0},{"not_picked":["Blade Dance","Dagger Spray"],"picked":"PiercingWail","floor":24.0},{"not_picked":["Dagger Throw","Blade Dance"],"picked":"Deadly Poison","floor":29.0},{"not_picked":["Predator+1","Leg Sweep","Concentrate"],"picked":"SKIP","floor":31.0},{"not_picked":["Unload","Venomology"],"picked":"After Image","floor":33.0},{"not_picked":["Underhanded Strike","Dodge and Roll","Dagger Spray"],"picked":"SKIP","floor":35.0},{"not_picked":["Cloak And Dagger","Blade Dance","Poisoned Stab"],"picked":"SKIP","floor":38.0},{"not_picked":["Slice","Eviscerate"],"picked":"Escape Plan+1","floor":39.0},{"not_picked":["Cloak And Dagger+1","Flying Knee"],"picked":"Reflex","floor":40.0},{"not_picked":["Unload","Dagger Spray+1","Backstab"],"picked":"SKIP","floor":41.0},{"not_picked":["Terror+1","Flying Knee","PiercingWail"],"picked":"SKIP","floor":42},{"not_picked":["Dagger Throw+1","Setup+1","Prepared"],"picked":"SKIP","floor":44}],"player_experience":1008175,"relics_obtained":[{"floor":3.0,"key":"Bronze Scales"},{"floor":9.0,"key":"HornCleat"},{"floor":26.0,"key":"CeramicFish"},{"floor":39.0,"key":"FossilizedHelix"},{"floor":40.0,"key":"The Specimen"},{"floor":42,"key":"PreservedInsect"}],"event_choices":[{"cards_removed":["Strike_G"],"damage_healed":0.0,"max_hp_gain":0.0,"max_hp_loss":0.0,"gold_gain":0.0,"event_name":"Golden Wing","player_choice":"Card Removal","floor":11.0,"gold_loss":0.0,"damage_taken":7.0},{"damage_healed":0.0,"max_hp_gain":0.0,"max_hp_loss":0.0,"gold_gain":0.0,"event_name":"Shining Light","player_choice":"Entered Light","floor":12.0,"gold_loss":0.0,"damage_taken":18.0,"cards_upgraded":["Survivor","Defend_G"]},{"damage_healed":0.0,"max_hp_gain":0.0,"max_hp_loss":0.0,"gold_gain":0.0,"event_name":"The Mausoleum","player_choice":"Ignored","floor":19.0,"gold_loss":0.0,"damage_taken":0.0},{"cards_removed":["Strike_G"],"damage_healed":0.0,"max_hp_gain":0.0,"max_hp_loss":0.0,"gold_gain":0.0,"event_name":"Beggar","player_choice":"Gave Gold","floor":20.0,"gold_loss":75.0,"damage_taken":0.0},{"damage_healed":0.0,"max_hp_gain":0.0,"max_hp_loss":0.0,"gold_gain":0.0,"event_name":"Addict","player_choice":"Obtained Relic","floor":21.0,"gold_loss":85.0,"damage_taken":0.0,"relics_obtained":["Akabeko"]},{"damage_healed":0.0,"max_hp_gain":0.0,"max_hp_loss":0.0,"gold_gain":50.0,"event_name":"Nest","player_choice":"Stole From Cult","floor":27.0,"gold_loss":0.0,"damage_taken":0.0},{"damage_healed":0.0,"max_hp_gain":0.0,"max_hp_loss":0.0,"gold_gain":0.0,"event_name":"Mysterious Sphere","player_choice":"Ignored","floor":37.0,"gold_loss":0.0,"damage_taken":0.0},{"damage_healed":0.0,"max_hp_gain":0.0,"max_hp_loss":0.0,"gold_gain":0.0,"event_name":"MindBloom","player_choice":"Fight","floor":39.0,"gold_loss":0.0,"damage_taken":0.0}],"is_beta":false,"boss_relics":[{"not_picked":["Busted Crown","Calling Bell"],"picked":"Philosopher\u0027s Stone"},{"not_picked":["Runic Pyramid","Runic Dome"],"picked":"Pandora\u0027s Box"}],"items_purged_floors":[4,36],"is_endless":false,"potions_floor_spawned":[1,2,5,18,33,39,42,44],"killed_by":"Sphere and 2 Shapes","ascension_level":20}}