{"host":"96bpdudduaq3ttpf","time":1608873897,"event":{"mods":["Act Like it!","Astrologer","Bard","Bartender","BaseMod","BetterRewards","CapriCore","Challenge The Spire","Chen","Downfall","Elementarium","Friendly Minions","GifTheSpireLib","Hallownest","Hermit","Jorbs\u0027s Wanderer Trilogy","KinomotoSakuraMod(????)","Koishi","KomeijiMod","Mari Mod (Legacy)","Mari\u0027s V1 Patch","Marisa????????","Mimic Mod","Minty Spire (QoL Compilation)","Prisma Mod","Replay The Spire","Shade Mod","StSLib","Td1madao Mod","The Administrix","The Animator","The Bug Knight","The Construct","The Cursed","The Factory","The Gatherer","The Hierophant","The Immortal","The IronCluck","The Jungle","The Mystic","The Necromancer","The Runesmith","The Senshi","The Servant 0.9.4","WarShipGirlsR/????R mod","Yohane!","Yuyuko"],"gold_per_floor":[112,112,37,37,56,56,75,75,156,175,175,187,187,235,235,330,330,350,367,117,17,30,30,30,30,30,30,49,149,164,178,103,205,205,218,218,123,115,120,120,106,99,99,99,94,94],"floor_reached":45,"playtime":2416,"items_purged":["Koishi:BasicStrike","Koishi:BasicStrike"],"score":582,"play_id":"b5037fcb-f266-4fd9-a369-d212fe320b47","local_time":"20201224222457","is_ascension_mode":false,"campfire_choices":[{"data":"Koishi:HauntingSlash","floor":6,"key":"SMITH"},{"data":"Koishi:JumpScare","floor":11,"key":"SMITH"},{"data":"Koishi:RacingHeart","floor":13,"key":"SMITH"},{"data":"Koishi:UnseenTerror","floor":15,"key":"SMITH"},{"data":"Koishi:RacingHeart","floor":23,"key":"SMITH"},{"floor":27,"key":"REST"},{"floor":40,"key":"REST"}],"circlet_count":0,"master_deck":["Koishi:BasicStrike","Koishi:BasicStrike","Koishi:BasicDefend","Koishi:BasicDefend","Koishi:Provoke","Koishi:HauntingSlash+1","Koishi:MentalBreakdown+1","Koishi:Prune","Voices","Koishi:RacingHeart+1","Koishi:RacingHeart+1","Koishi:JumpScare+1","Koishi:UnseenTerror+1","Koishi:MindStellarRelief+1","Koishi:DreadfulBlow+1","Koishi:SubterraneanRose","GremboGang","Koishi:DreadfulBlow+1","Necronomicurse","Koishi:SubterraneanRose","Koishi:RacingHeart+1","Koishi:PerfectMindControl","Koishi:RollingInRichesHeart","Koishi:RollingInRichesHeart","Koishi:RacingHeart"],"relics":["Koishi:ImaginaryFriend","Ring of Peace","ReplayTheSpireMod:Ring of Exchange","Quantum Egg","Pen Nib","Guide Book","Necronomicon","Nunchaku","Durian","Snack Pack","Black Star","Blue Doll","Lantern"],"acts_visited":["Exordium","TheCity","TheCity"],"potions_floor_usage":[16,16,16,33,38,38,38],"damage_taken":[{"damage":0,"enemies":"2 Louse","floor":1,"turns":4},{"damage":8,"enemies":"Jaw Worm","floor":5,"turns":4},{"damage":0,"enemies":"Small Slimes","floor":7,"turns":4},{"damage":10,"enemies":"2 Fungi Beasts","floor":10,"turns":4},{"damage":0,"enemies":"Blue Slaver","floor":12,"turns":6},{"damage":25,"enemies":"Slime Boss","floor":16,"turns":15},{"damage":19,"enemies":"2 Thieves","floor":18,"turns":4},{"damage":10,"enemies":"Shell Parasite","floor":19,"turns":6},{"damage":28,"enemies":"Cultist and Chosen","floor":22,"turns":6},{"damage":29,"enemies":"Shelled Parasite and Fungi","floor":28,"turns":7},{"damage":14,"enemies":"Colosseum Slavers","floor":29,"turns":7},{"damage":16,"enemies":"Colosseum Nobs","floor":29,"turns":5},{"damage":0,"enemies":"Chosen and Byrds","floor":30,"turns":3},{"damage":0,"enemies":"Snecko","floor":31,"turns":5},{"damage":46,"enemies":"Pondfish","floor":33,"turns":11},{"damage":1,"enemies":"theFactory:BigBot","floor":35,"turns":9},{"damage":0,"enemies":"theFactory:4_Mini-Bots","floor":38,"turns":7},{"damage":42,"enemies":"theFactory:Personnel_and_Mini-Bots","floor":39,"turns":7},{"damage":0,"enemies":"theFactory:ShrapnelTosser","floor":41,"turns":13},{"damage":42,"enemies":"theFactory:Big_Bot_Bundle","floor":42,"turns":9},{"damage":61,"enemies":"theFactory:Personnel_and_Big_Bot","floor":45,"turns":5}],"seed_played":"7952141773057538453","potions_obtained":[{"floor":7,"key":"SpeedPotion"},{"floor":10,"key":"Adrenaline Potion"},{"floor":12,"key":"Weak Potion"},{"floor":19,"key":"Guardian:BlockOnCardUsePotion"},{"floor":29,"key":"sneckomod:MuddlingPotion"},{"floor":30,"key":"SteroidPotion"},{"floor":33,"key":"SpeedPotion"},{"floor":35,"key":"champ:CounterPotion"},{"floor":39,"key":"Weak Potion"},{"floor":42,"key":"Elixir"}],"is_trial":false,"path_per_floor":["M","?","$","?","M","R","M","$","T","M","R","M","R","T","R","B",null,"M","M","?","$","M","R","$","?","T","R","M","?","M","M","R","B",null,"M","?","$","M","M","R","M","M","T","?","M"],"character_chosen":"KOISHI","items_purchased":["Koishi:RollingInRichesHeart"],"campfire_rested":2,"item_purchase_floors":[37],"current_hp_per_floor":[43,58,58,58,52,52,56,56,56,50,50,60,60,60,60,39,60,46,54,54,54,40,40,40,24,24,42,35,32,38,65,65,38,65,65,65,65,65,44,63,65,44,44,44,0,0],"gold":94,"neow_bonus":"THREE_RARE_CARDS","is_daily":false,"chose_seed":false,"campfire_upgraded":5,"win_rate":0.0,"timestamp":1608873897,"path_taken":["M","?","$","?","M","R","M","$","T","M","R","M","R","?","R","BOSS","M","M","?","$","M","R","$","?","T","R","M","?","M","M","R","BOSS","M","?","$","M","M","R","M","?","T","?","M"],"items_purchased_type":["Card"],"build_version":"2020-12-22","purchased_purges":2,"victory":false,"max_hp_per_floor":[60,60,60,60,60,60,60,60,60,60,60,60,60,60,60,60,60,60,60,60,60,60,60,60,60,60,60,60,65,65,65,65,65,65,65,65,65,65,65,65,65,65,65,65,65,65],"card_choices":[{"not_picked":["Koishi:ConfinedInnocent","Koishi:SuperEgo"],"picked":"Koishi:MentalBreakdown","floor":0},{"not_picked":["Koishi:UnansweredLove","Koishi:FourthEye"],"picked":"Koishi:Prune","floor":1},{"not_picked":["Koishi:SpiritedAway","Koishi:YoukaiPolygraph"],"picked":"Koishi:RacingHeart","floor":5},{"not_picked":["Koishi:SpiritedAway","Koishi:UnansweredLove"],"picked":"Koishi:RacingHeart","floor":7},{"not_picked":["Koishi:UnconsciousUrges","Koishi:Jaunt"],"picked":"Koishi:JumpScare","floor":10},{"not_picked":["Koishi:Whimsy","Koishi:ParalyzingFear"],"picked":"Koishi:UnseenTerror","floor":12},{"not_picked":["Koishi:Heartbroken","Koishi:SilentAndRestless"],"picked":"Koishi:MindStellarRelief","floor":16},{"not_picked":["Koishi:SpiritedAway","Koishi:Whimsy"],"picked":"Koishi:DreadfulBlow+1","floor":18},{"not_picked":["Koishi:EmbersOfLove","Koishi:ParalyzingFear"],"picked":"Koishi:SubterraneanRose","floor":19},{"not_picked":["Koishi:HeartfeltFancy","Koishi:HeartAttack+1"],"picked":"Koishi:DreadfulBlow+1","floor":22},{"not_picked":["Koishi:LastRemote","Koishi:ReflexRadar"],"picked":"Koishi:SubterraneanRose","floor":28},{"not_picked":["Koishi:UnconsciousUprising+1","Koishi:Prune"],"picked":"Koishi:RacingHeart+1","floor":29},{"not_picked":["Koishi:DNAsFlaw","Koishi:RacingHeart","Koishi:ParalyzingFear"],"picked":"SKIP","floor":30},{"not_picked":["Koishi:UnansweredLove+1","Koishi:UnconsciousUprising","Koishi:Whimsy"],"picked":"SKIP","floor":31},{"not_picked":["Koishi:Heartbroken","Koishi:Ego"],"picked":"Koishi:PerfectMindControl","floor":33},{"not_picked":["Koishi:HeartAttack","Koishi:BramblyRoseGarden+1","Koishi:SubterraneanRose+1"],"picked":"SKIP","floor":35},{"not_picked":["Koishi:UnconsciousUprising+1","Koishi:GeneticsOfTheUnconscious+1","Koishi:GhostParty+1"],"picked":"SKIP","floor":38},{"not_picked":["Koishi:Prune+1","Koishi:PhantomBarrier+1"],"picked":"Koishi:RacingHeart","floor":39},{"not_picked":["Koishi:UnansweredLove+1","Koishi:FreudianInstinct","Koishi:Prune+1"],"picked":"SKIP","floor":41},{"not_picked":["Koishi:CatchAndRose","Koishi:BramblyRoseGarden+1","Koishi:FleetingPhantom+1"],"picked":"SKIP","floor":42}],"player_experience":739781,"relics_obtained":[{"floor":4,"key":"Ring of Peace"},{"floor":4,"key":"ReplayTheSpireMod:Ring of Exchange"},{"floor":9,"key":"Quantum Egg"},{"floor":14,"key":"Pen Nib"},{"floor":25,"key":"Necronomicon"},{"floor":26,"key":"Nunchaku"},{"floor":29,"key":"Durian"},{"floor":29,"key":"Snack Pack"},{"floor":36,"key":"Blue Doll"},{"floor":43,"key":"Lantern"}],"event_choices":[{"damage_healed":0,"gold_gain":0,"player_choice":"Obtained Book","damage_taken":16,"max_hp_gain":0,"max_hp_loss":0,"event_name":"Cursed Tome","floor":25,"gold_loss":0},{"damage_healed":0,"gold_gain":0,"player_choice":"Fight","damage_taken":0,"max_hp_gain":0,"max_hp_loss":0,"event_name":"Colosseum","floor":29,"gold_loss":0},{"damage_healed":0,"gold_gain":0,"player_choice":"Fought Nobs","damage_taken":0,"max_hp_gain":0,"max_hp_loss":0,"event_name":"Colosseum","floor":29,"gold_loss":0},{"cards_removed":["Koishi:BasicDefend"],"damage_healed":0,"gold_gain":0,"player_choice":"Gave Gold","damage_taken":0,"max_hp_gain":0,"max_hp_loss":0,"event_name":"Beggar","floor":32,"gold_loss":75},{"damage_healed":0,"gold_gain":0,"player_choice":"Relic","damage_taken":0,"max_hp_gain":0,"max_hp_loss":0,"event_name":"Wheel of Change","floor":36,"gold_loss":0},{"cards_removed":["Koishi:BasicDefend"],"damage_healed":0,"gold_gain":0,"player_choice":"Purged","damage_taken":0,"max_hp_gain":0,"max_hp_loss":0,"event_name":"Purifier","floor":44,"gold_loss":0}],"is_beta":false,"boss_relics":[{"not_picked":["Fusion Hammer","Lee\u0027s Waffle"],"picked":"Guide Book"},{"not_picked":["Kintsugi","Honey Jar"],"picked":"Black Star"}],"items_purged_floors":[3,21],"is_endless":false,"potions_floor_spawned":[7,10,12,19,29,29,30,33,35,39,42],"killed_by":"theFactory:Personnel_and_Big_Bot","ascension_level":0}}