{"host":"7o30bgpqouqblh42","time":1608858816,"event":{"mods":["AchievementEnabler","Aspiration","BaseMod","Colored Map","Downfall","Highlight Path","Minty Spire (QoL Compilation)","StSLib","SuperFastMode"],"gold_per_floor":[99,119,130,130,130,146,173,48,48,48,48,48,223,97,107,210,210,160,178,190,75,85,185,185,60,60,74,24,40,40,40,50,152,152,102,112,262,277,292,308,354,354,684,634,648,681,556,588,606,606,606,632,24,24,24],"floor_reached":56,"playtime":3703,"items_purged":["Regret","Doubt","Slimebound:Tackle"],"score":1644,"play_id":"93cc0f1b-83e6-4120-ab6c-4e422e69452e","local_time":"20201224201336","is_ascension_mode":true,"campfire_choices":[{"floor":1.0,"key":"RECALL"},{"data":"Slimebound:SplitSpecialist","floor":8.0,"key":"SMITH"},{"data":"Slimebound:SplitSpecialist","floor":10.0,"key":"SMITH"},{"data":"Slimebound:LeadByExample","floor":12.0,"key":"SMITH"},{"data":"Slimebound:Teamwork","floor":18.0,"key":"SMITH"},{"data":"Slimebound:OneTwoCombo","floor":25.0,"key":"SMITH"},{"data":"Slimebound:Darklings","floor":28.0,"key":"SMITH"},{"data":"Slimebound:SplitAcid","floor":35.0,"key":"SMITH"},{"data":"Slimebound:MinionMaster","floor":44,"key":"SMITH"},{"data":"Backflip","floor":47,"key":"SMITH"},{"data":"Slimebound:Teamwork","floor":54,"key":"SMITH"}],"circlet_count":0,"master_deck":["Slimebound:Defend_Slimebound","Slimebound:Split","Slimebound:LeadByExample+1","Slimebound:SplitSpecialist+1","Slimebound:GrowthPunch","Slimebound:SplitSpecialist+1","Calculated Gamble","Backflip+1","Choke","Slimebound:Teamwork+1","Slimebound:SlimeTap","Slimebound:RejuvenatingLick","Slimebound:OneTwoCombo+1","Slimebound:SplitAcid+1","Slimebound:Darklings+1","Slimebound:SlimeBarrage+1","Slimebound:Equalize+1","Slimebound:OneTwoCombo+1","Slimebound:MinionMaster+1","Slimebound:Teamwork+1","Slimebound:ServeAndProtect","Slimebound:Equalize+1","Slimebound:PrepareCrush"],"relics":["Slimebound:GreedOozeRelic","Anchor","downfall:HeartBlessingRed","Coffee Dripper","Peace Pipe","Molten Egg 2","downfall:HeartBlessingBlue","Nloth\u0027s Gift","Nilry\u0027s Codex","Empty Cage","Lantern","Mercury Hourglass","downfall:HeartBlessingGreen","PreservedInsect","Bottled Tornado","Mummified Hand","Lee\u0027s Waffle"],"acts_visited":["Exordium","TheCity","TheBeyond","TheEnding"],"potions_floor_usage":[46,49,55],"damage_taken":[{"damage":4.0,"enemies":"Cultist","floor":2.0,"turns":3.0},{"damage":17.0,"enemies":"Small Slimes","floor":3.0,"turns":3.0},{"damage":4.0,"enemies":"2 Louse","floor":6.0,"turns":2.0},{"damage":10.0,"enemies":"downfall:FleeingMerchant","floor":14.0,"turns":4.0},{"damage":12.0,"enemies":"2 Fungi Beasts","floor":15.0,"turns":2.0},{"damage":45.0,"enemies":"downfall:Defect","floor":16.0,"turns":6.0},{"damage":8.0,"enemies":"Chosen","floor":19.0,"turns":3.0},{"damage":9.0,"enemies":"Shelled Parasite and Fungi","floor":20.0,"turns":4.0},{"damage":19.0,"enemies":"downfall:FleeingMerchant","floor":21.0,"turns":4.0},{"damage":16.0,"enemies":"Sentry and Sphere","floor":22.0,"turns":3.0},{"damage":13.0,"enemies":"Colosseum Nobs","floor":23.0,"turns":3.0},{"damage":12.0,"enemies":"Centurion and Healer","floor":27.0,"turns":2.0},{"damage":16.0,"enemies":"Snake Plant","floor":29.0,"turns":1.0},{"damage":24.0,"enemies":"Shelled Parasite and Fungi","floor":32.0,"turns":2.0},{"damage":35.0,"enemies":"downfall:Watcher","floor":33.0,"turns":3.0},{"damage":16.0,"enemies":"Orb Walker","floor":36.0,"turns":1.0},{"damage":12.0,"enemies":"3 Darklings","floor":38.0,"turns":2.0},{"damage":21.0,"enemies":"Writhing Mass","floor":39.0,"turns":3.0},{"damage":20.0,"enemies":"Spire Growth","floor":40.0,"turns":2.0},{"damage":12.0,"enemies":"downfall:FleeingMerchant","floor":43.0,"turns":2.0},{"damage":27,"enemies":"3 Darklings","floor":45,"turns":2},{"damage":27,"enemies":"Giant Head","floor":46,"turns":3},{"damage":20,"enemies":"Nemesis","floor":48,"turns":2},{"damage":28,"enemies":"Jaw Worm Horde","floor":49,"turns":2},{"damage":27,"enemies":"downfall:Ironclad","floor":50,"turns":4},{"damage":58,"enemies":"downfall:CharBossMerchant","floor":52,"turns":5},{"damage":63,"enemies":"downfall:NeowBoss","floor":55,"turns":16}],"seed_played":"-3592023012732596841","potions_obtained":[{"floor":15.0,"key":"Slimebound:ThreeZeroPotion"},{"floor":19.0,"key":"champ:CounterPotion"},{"floor":22.0,"key":"LiquidMemories"},{"floor":23.0,"key":"LiquidBronze"},{"floor":29.0,"key":"Fire Potion"},{"floor":38.0,"key":"DuplicationPotion"},{"floor":40.0,"key":"CultistPotion"},{"floor":45,"key":"Dexterity Potion"},{"floor":48,"key":"PowerPotion"}],"is_trial":false,"path_per_floor":["R","M","M","?","?","M","T","R","?","R","?","R","?","$","M","B",null,"R","M","M","$","M","?","T","R","?","M","R","M","?","?","M","B",null,"R","M","?","M","M","M","T","?","$","R","M","E","R","E","M","B",null,"E","$","R","B",null],"character_chosen":"SLIMEBOUND","items_purchased":["Slimebound:SlimeTap","Slimebound:PrepareCrush","Mummified Hand","Lee\u0027s Waffle"],"campfire_rested":0,"item_purchase_floors":[14,53,53,53],"current_hp_per_floor":[60,60,55,55,55,57,57,57,57,57,57,57,57,58,58,37,60,60,60,59,57,56,55,55,65,65,67,67,66,66,50,50,53,70,70,70,70,70,61,59,59,59,59,59,44,47,47,49,35,34,70,27,77,77,58],"gold":24,"neow_bonus":"THREE_CARDS","is_daily":false,"chose_seed":false,"campfire_upgraded":10,"win_rate":0.0,"timestamp":1608858816,"path_taken":["R","M","?","?","?","M","T","R","?","R","?","R","?","?","M","BOSS","R","M","M","$","M","?","T","R","?","M","R","?","?","?","M","BOSS","R","M","?","?","M","M","T","?","?","R","M","E","R","E","M","BOSS","E","$","R","BOSS"],"items_purchased_type":["Card","Card","Relic","Relic"],"build_version":"2020-12-22","purchased_purges":3,"victory":true,"max_hp_per_floor":[60,60,60,60,60,60,60,60,60,60,60,60,60,60,60,60,60,60,60,60,60,60,60,60,70,70,70,70,70,70,70,70,70,70,70,70,70,70,70,70,70,70,70,70,70,70,70,70,70,70,70,70,77,77,77],"card_choices":[{"not_picked":["Slimebound:SplitBruiser","Slimebound:GrowthPunch"],"picked":"Slimebound:LeadByExample","floor":0.0},{"not_picked":["Slimebound:LeechEnergy","Slimebound:SplitAcid"],"picked":"Slimebound:SplitSpecialist","floor":2.0},{"not_picked":["Slimebound:ComboTackle","Slimebound:LeechEnergy"],"picked":"Slimebound:GrowthPunch","floor":3.0},{"not_picked":["Slimebound:Gluttony","Slimebound:Equalize"],"picked":"Slimebound:SplitSpecialist","floor":6.0},{"not_picked":["Slimebound:ServeAndProtect","Slimebound:RejuvenatingLick"],"picked":"Slimebound:Teamwork","floor":14.0},{"not_picked":["Slimebound:SamplingLick","Slimebound:ForwardTackle"],"picked":"Slimebound:RejuvenatingLick","floor":15.0},{"not_picked":["Slimebound:PrepareCrush","Slimebound:MassFeed"],"picked":"Slimebound:OneTwoCombo","floor":16.0},{"not_picked":["Slimebound:SlimeTap+1","Slimebound:GoopSpray"],"picked":"Slimebound:SplitAcid","floor":19.0},{"not_picked":["Slimebound:LeechingTouch","Slimebound:Dissolve+1","Slimebound:SlimeSpikes"],"picked":"SKIP","floor":20.0},{"not_picked":["Slimebound:SamplingLick","Slimebound:ComboTackle","Slimebound:PrepareCrush"],"picked":"SKIP","floor":21.0},{"not_picked":["Slimebound:ComboTackle","Slimebound:FinishingTackle"],"picked":"Slimebound:SplitAcid","floor":22.0},{"not_picked":["Slimebound:DivideAndConquer+1","Slimebound:LeechingTouch+1"],"picked":"Slimebound:Darklings","floor":27.0},{"not_picked":["Slimebound:SlimeSlap+1","Slimebound:FormOfPuddle+1","Slimebound:SpikyOuterGoop"],"picked":"SKIP","floor":29.0},{"not_picked":["Slimebound:SplitBruiser","Slimebound:Recollect"],"picked":"Slimebound:Equalize+1","floor":32.0},{"not_picked":["Slimebound:Recycling","Slimebound:DouseInSlime"],"picked":"Slimebound:OneTwoCombo+1","floor":33.0},{"not_picked":["Slimebound:Schlurp+1","Slimebound:SplitLeeching","Slimebound:LeechEnergy+1"],"picked":"SKIP","floor":36.0},{"not_picked":["Slimebound:SlimeSpikes","Slimebound:DivideAndConquer","Slimebound:Equalize+1"],"picked":"SKIP","floor":38.0},{"not_picked":["Slimebound:DivideAndConquer","Slimebound:BestDefense+1","Slimebound:ItLooksTasty+1"],"picked":"SKIP","floor":39.0},{"not_picked":["Slimebound:ComboTackle+1","Slimebound:BestDefense","Slimebound:Schlurp"],"picked":"SKIP","floor":40.0},{"not_picked":["Slimebound:FormOfPuddle+1","Slimebound:SlimeBarrage+1"],"picked":"Slimebound:MinionMaster","floor":43},{"not_picked":["Slimebound:MegaLick+1","Slimebound:HauntingLick","Slimebound:FinishingTackle+1"],"picked":"SKIP","floor":45},{"not_picked":["Slimebound:SplitAcid+1","Slimebound:Gluttony+1","Slimebound:Recycling"],"picked":"SKIP","floor":46},{"not_picked":["Slimebound:AcidTongue+1","Slimebound:DivideAndConquer+1"],"picked":"Slimebound:Teamwork","floor":48},{"not_picked":["Slimebound:LeechingTouch+1","Slimebound:Recollect"],"picked":"Slimebound:ServeAndProtect","floor":49},{"not_picked":["Slimebound:SplitMire","Slimebound:SamplingLick+1"],"picked":"Slimebound:Equalize+1","floor":52}],"player_experience":141819,"relics_obtained":[{"floor":7.0,"key":"Orichalcum"},{"floor":23.0,"key":"Peace Pipe"},{"floor":23.0,"key":"Molten Egg 2"},{"floor":31.0,"key":"Nilry\u0027s Codex"},{"floor":41.0,"key":"Lantern"},{"floor":46,"key":"Mercury Hourglass"},{"floor":48,"key":"PreservedInsect"},{"floor":52,"key":"Bottled Tornado"}],"event_choices":[{"damage_healed":0.0,"max_hp_gain":0.0,"max_hp_loss":0.0,"gold_gain":0.0,"event_name":"Big Fish","player_choice":"Box","floor":5.0,"gold_loss":0.0,"damage_taken":0.0,"relics_obtained":["Anchor"],"cards_obtained":["Regret"]},{"damage_healed":0.0,"max_hp_gain":0.0,"max_hp_loss":0.0,"gold_gain":0.0,"event_name":"The Library","player_choice":"Read","floor":30.0,"gold_loss":0.0,"damage_taken":0.0,"cards_obtained":["Slimebound:SlimeBarrage"]},{"cards_removed":["Slimebound:CorrosiveSpit"],"damage_healed":0.0,"max_hp_gain":0.0,"max_hp_loss":0.0,"gold_gain":0.0,"event_name":"Purifier","player_choice":"Purged","floor":42.0,"gold_loss":0.0,"damage_taken":0.0},{"cards_removed":["Slimebound:Defend_Slimebound"],"damage_healed":0,"gold_gain":0,"player_choice":"Purged","damage_taken":0,"max_hp_gain":0,"max_hp_loss":0,"event_name":"Purifier","floor":43,"gold_loss":0}],"is_beta":false,"boss_relics":[{"not_picked":["Astrolabe","Black Star"],"picked":"Coffee Dripper"},{"not_picked":["Fusion Hammer","SlaversCollar"],"picked":"Empty Cage"}],"items_purged_floors":[14,21,53],"is_endless":false,"potions_floor_spawned":[15,19,22,23,29,38,40,45,48],"ascension_level":3}}