{"host":"cfluht5kr2kfk9p9","time":1608918332,"event":{"mods":["ATMod(阿瑾Mod)","Act Like it!","BaseMod","Gensokyo","GungeonMod","Hallownest","Highlight Path","Minty Spire (QoL Compilation)","Quick Restart","Rare Cards Sparkle","Relic Stats","RumiaBox-露米娅的神秘盒子","Spicy Shops","StSLib","TestMod","The Alterego","【功能Mod】混沌之环修复补丁"],"gold_per_floor":[118,118,118,133,148,177,193,219,244,174,199,199,225,305,305,382,382,392,310,330,210,220,220,254,254,278,312,329,345,345,135,135,135,135],"floor_reached":33,"playtime":1125,"items_purged":["Strike_R"],"score":596,"play_id":"4fbf7f72-d8e8-4cd4-9cf7-092f65bc73cf","local_time":"20201226014532","is_ascension_mode":true,"campfire_choices":[{"data":"Armaments","floor":12.0,"key":"SMITH"},{"data":"AT_OneInchPunch","floor":15.0,"key":"SMITH"},{"data":"Searing Blow+1","floor":23.0,"key":"SMITH"},{"data":"Searing Blow+2","floor":25.0,"key":"SMITH"},{"data":"Searing Blow+3","floor":30,"key":"SMITH"},{"data":"Searing Blow+4","floor":32,"key":"SMITH"}],"circlet_count":0,"master_deck":["AscendersBane","Strike_R","Strike_R","Strike_R","Strike_R","Defend_R+1","Defend_R","Defend_R","Defend_R","Bash","AT_OneInchPunch+1","Searing Blow+5","Second Wind","Armaments+1","Burning Pact","Power Through","Dark Embrace","Sentinel+1"],"relics":["Burning Blood","testmod-TestBox","AT_ATBox","NeowsBlessing","testmod-EqualTreatment","AT_ChloranthyRing","DemoMod:DecoyRelic","Self Forming Clay","Molten Egg 2","Sozu","Gensokyo:FoxMask","Strawberry","Centennial Puzzle","DemoMod:Antibody","testmod-Maize","MagicDraw1"],"acts_visited":["Exordium","Gensokyo:Gensokyo"],"potions_floor_usage":[],"damage_taken":[{"damage":0.0,"enemies":"Gensokyo:3_Fairies","floor":1.0,"turns":1.0},{"damage":0.0,"enemies":"Gensokyo:Gryphon","floor":4.0,"turns":1.0},{"damage":0.0,"enemies":"Gensokyo:Python","floor":5.0,"turns":1.0},{"damage":10.0,"enemies":"Gensokyo:Aya","floor":6.0,"turns":3.0},{"damage":14.0,"enemies":"Gensokyo:VengefulSpirit","floor":7.0,"turns":4.0},{"damage":24.0,"enemies":"Gensokyo:Cirno","floor":8.0,"turns":4.0},{"damage":13.0,"enemies":"Gensokyo:Aya","floor":11.0,"turns":4.0},{"damage":0.0,"enemies":"Gensokyo:Cirno","floor":13.0,"turns":4.0},{"damage":29.0,"enemies":"Gensokyo:Reimu","floor":16.0,"turns":9.0},{"damage":0.0,"enemies":"Gensokyo:Chomper","floor":18.0,"turns":2.0},{"damage":4.0,"enemies":"Gensokyo:AngelMirror","floor":20.0,"turns":4.0},{"damage":5.0,"enemies":"Gensokyo:Swordslinger","floor":22.0,"turns":4.0},{"damage":23.0,"enemies":"Gensokyo:Reisen","floor":24.0,"turns":6.0},{"damage":48.0,"enemies":"Gensokyo:Koishi","floor":27.0,"turns":8.0},{"damage":14,"enemies":"Gensokyo:Monolith_and_Dog","floor":28,"turns":3},{"damage":0,"enemies":"Gensokyo:3_Gloops","floor":29,"turns":2},{"damage":32,"enemies":"Gensokyo:Kaguya","floor":33,"turns":7}],"seed_played":"-4620090789415404979","potions_obtained":[{"floor":5.0,"key":"GamblersBrew"},{"floor":8.0,"key":"Dexterity Potion"},{"floor":16.0,"key":"PowerPotion"}],"is_trial":false,"path_per_floor":["M","?","COS","M","M","E","M","E","T","?","E","R","E","?","R","B",null,"M","COS","M","?","M","R","E","R","T","E","M","M","R","$","R","B"],"character_chosen":"IRONCLAD","items_purchased":["MagicDraw1"],"campfire_rested":0,"item_purchase_floors":[31],"current_hp_per_floor":[74,74,74,75,75,71,63,45,45,45,38,38,44,44,44,21,62,68,68,70,70,71,71,61,61,61,25,23,29,29,29,29,0,0],"gold":135,"neow_bonus":"THREE_ENEMY_KILL","is_daily":false,"chose_seed":false,"campfire_upgraded":6,"win_rate":0.0,"timestamp":1608918332,"path_taken":["M","?","COS","M","M","E","M","E","T","?","E","R","E","?","R","BOSS","M","COS","M","?","M","R","E","R","T","E","M","M","R","$","R","BOSS"],"items_purchased_type":["Relic"],"build_version":"2020-12-22","purchased_purges":1,"victory":false,"max_hp_per_floor":[75,75,75,75,75,75,75,75,75,75,75,75,75,75,75,75,75,75,75,75,75,75,75,82,82,82,82,82,82,82,82,82,82,82],"relic_stats":{"Sozu":3,"Centennial Puzzle":[9],"counters":[17,67],"Self Forming Clay":[69],"obtain_stats":[{"AT_ChloranthyRing":6,"testmod-Maize":27,"testmod-TestBox":0,"AT_ATBox":0,"NeowsBlessing":0,"Self Forming Clay":11,"DemoMod:Antibody":27,"testmod-EqualTreatment":0,"DemoMod:GlassGuonStoneRelic":1,"Burning Blood":0,"MagicDraw1":31,"Sozu":17,"Frozen Eye":27,"Centennial Puzzle":26,"Strawberry":24,"DemoMod:DecoyRelic":8,"Molten Egg 2":13,"Gensokyo:FoxMask":21},{"AT_ChloranthyRing":4,"testmod-Maize":14,"testmod-TestBox":0,"AT_ATBox":0,"NeowsBlessing":0,"Self Forming Clay":7,"DemoMod:Antibody":14,"testmod-EqualTreatment":0,"DemoMod:GlassGuonStoneRelic":1,"Burning Blood":0,"MagicDraw1":16,"Sozu":9,"Frozen Eye":13,"Centennial Puzzle":13,"Strawberry":13,"DemoMod:DecoyRelic":6,"Molten Egg 2":8,"Gensokyo:FoxMask":11},{"AT_ChloranthyRing":6,"testmod-Maize":55,"testmod-TestBox":0,"AT_ATBox":0,"NeowsBlessing":0,"Self Forming Clay":18,"DemoMod:Antibody":50,"testmod-EqualTreatment":0,"DemoMod:GlassGuonStoneRelic":1,"Burning Blood":0,"MagicDraw1":60,"Sozu":31,"Frozen Eye":47,"Centennial Puzzle":47,"Strawberry":47,"DemoMod:DecoyRelic":14,"Molten Egg 2":22,"Gensokyo:FoxMask":37}],"Burning Blood":97},"card_choices":[{"not_picked":["Dark Embrace","Fire Breathing","Thunderclap"],"picked":"SKIP","floor":1.0},{"not_picked":["Iron Wave","Cleave"],"picked":"Searing Blow","floor":4.0},{"not_picked":["Uppercut","True Grit"],"picked":"Second Wind","floor":5.0},{"not_picked":["Juggernaut","Twin Strike"],"picked":"Armaments","floor":6.0},{"not_picked":["AT_ManFootWork","Clash","Flame Barrier"],"picked":"SKIP","floor":7.0},{"not_picked":["Sentinel","Uppercut"],"picked":"Burning Pact","floor":8.0},{"not_picked":["Wild Strike","Flex","AT_GerminateFire"],"picked":"SKIP","floor":11.0},{"not_picked":["Berserk","Twin Strike+1"],"picked":"Power Through","floor":13.0},{"not_picked":["Twin Strike+1","DemoMod:BlackBlade+1","Cleave+1"],"picked":"SKIP","floor":18.0},{"not_picked":["Anger+1","Second Wind","True Grit"],"picked":"SKIP","floor":20.0},{"not_picked":["Corruption","Disarm"],"picked":"Dark Embrace","floor":22.0},{"not_picked":["Pommel Strike+1","Headbutt+1","Limit Break"],"picked":"SKIP","floor":24.0},{"not_picked":["DemoMod:WhiteBlade+1","Hemokinesis+1"],"picked":"Sentinel+1","floor":27.0},{"not_picked":["Wild Strike+1","AT_ShrugMaster","True Grit"],"picked":"SKIP","floor":28},{"not_picked":["Warcry","Sword Boomerang+1","Entrench"],"picked":"SKIP","floor":29}],"player_experience":30420,"relics_obtained":[{"floor":6.0,"key":"AT_ChloranthyRing"},{"floor":8.0,"key":"DemoMod:DecoyRelic"},{"floor":11.0,"key":"Self Forming Clay"},{"floor":13.0,"key":"Molten Egg 2"},{"floor":24.0,"key":"Strawberry"},{"floor":26.0,"key":"Centennial Puzzle"},{"floor":27.0,"key":"testmod-Maize"}],"event_choices":[],"is_beta":false,"boss_relics":[{"not_picked":["testmod-CardMagician","testmod-StringDisintegrator"],"picked":"Sozu"}],"items_purged_floors":[31],"is_endless":false,"potions_floor_spawned":[5,8,11,13,16,20,27,29],"killed_by":"Gensokyo:Kaguya","ascension_level":20}}