{"host":"w31as9kcl9qjbzmo","time":1608928655,"event":{"mods":["BaseMod","Friendly Minions","Lobotomy","Minty Spire (QoL Compilation)","StSLib"],"gold_per_floor":[368,194,194,210,210,210,246,324,349,349,349],"floor_reached":10,"playtime":333,"items_purged":[],"score":64,"play_id":"ad84f593-8cdd-47e5-aa2c-18f3522a952d","local_time":"20201226053735","is_ascension_mode":false,"campfire_choices":[],"circlet_count":0,"master_deck":["SpecialBullet","SpecialBullet","SpecialBullet","SpecialBullet","SpecialBullet","SpecialBullet","SpecialBullet","SpecialBullet","ControlCode","InformationCode","SecurityCode","OSAHOGD","GrinderMk4+1","Soda","GreedKing","TodaysExpression","Beak+1","CherryBlossoms"],"relics":["CogitoBucket","Juzu Bracelet","Golden Idol","Bottled Tornado","Mummified Hand","Whetstone"],"acts_visited":["Exordium"],"potions_floor_usage":[],"damage_taken":[{"damage":0,"enemies":"Small Slimes","floor":1,"turns":2},{"damage":7,"enemies":"2 Louse","floor":4,"turns":3},{"damage":20,"enemies":"Gremlin Nob","floor":7,"turns":4},{"damage":36,"enemies":"3 Sentries","floor":10,"turns":4}],"seed_played":"2817484129960284702","potions_obtained":[{"floor":4,"key":"BlessingOfTheForge"}],"is_trial":false,"path_per_floor":["M","$","?","M","?","R","E","T","T","E"],"character_chosen":"Angela","items_purchased":["Soda","Juzu Bracelet"],"campfire_rested":0,"item_purchase_floors":[2,2],"current_hp_per_floor":[63,63,63,63,48,48,29,29,29,0,0],"gold":349,"neow_bonus":"TWO_FIFTY_GOLD","is_daily":false,"chose_seed":false,"campfire_upgraded":0,"win_rate":0.0,"timestamp":1608928655,"path_taken":["M","$","?","M","?","R","E","?","T","E"],"items_purchased_type":["Card","Relic"],"build_version":"2020-12-22","purchased_purges":0,"victory":false,"max_hp_per_floor":[63,63,63,63,63,63,63,63,63,63,63],"card_choices":[{"not_picked":["Wellcheers","MeatLantern"],"picked":"OSAHOGD","floor":1},{"not_picked":["ShedSkin"],"picked":"GrinderMk4","floor":1},{"not_picked":["VoidDream","MeltingLove"],"picked":"GreedKing","floor":4},{"not_picked":["RapturousDream"],"picked":"TodaysExpression","floor":4},{"not_picked":["SomewhereSpear"],"picked":"Beak","floor":7},{"not_picked":["LittlePrince","MHz"],"picked":"CherryBlossoms","floor":7}],"player_experience":335732,"relics_obtained":[{"floor":7,"key":"Bottled Tornado"},{"floor":8,"key":"Mummified Hand"},{"floor":9,"key":"Whetstone"}],"event_choices":[{"damage_healed":0,"gold_gain":0,"player_choice":"Ignored","damage_taken":0,"max_hp_gain":0,"max_hp_loss":0,"event_name":"Liars Game","floor":3,"gold_loss":0},{"damage_healed":0,"gold_gain":0,"player_choice":"Take Damage","damage_taken":15,"relics_obtained":["Golden Idol"],"max_hp_gain":0,"max_hp_loss":0,"event_name":"Golden Idol","floor":5,"gold_loss":0}],"is_beta":false,"boss_relics":[],"items_purged_floors":[],"is_endless":false,"potions_floor_spawned":[4],"killed_by":"3 Sentries","ascension_level":0}}