{"host":"acpsw8r33r8788yr","time":1608919948,"event":{"mods":["BaseMod","Better Altar","Better Skull","Better Third Choice","BetterRewards","Colored Map","Downfall","Hermit","Highlight Path","Hubris","Minty Spire (QoL Compilation)","Quick Restart","Replay The Spire","Robot Space Explorer","Shop Mod","StSLib","The Bug Knight","The Construct","The Cursed","The Disciple","The Jungle","The Runesmith","The Senshi"],"gold_per_floor":[114,114,127,145,160,160,193,30,30,30,30,30,40,17,17,115,115,132,8,28,41,3,3,3,38,62,92,118,118,136,154,154,154,154],"floor_reached":33,"playtime":1975,"items_purged":["HollowMod:NailStrikeStart"],"score":385,"play_id":"778fc0ea-e471-4c47-9bf8-e60f83da674a","local_time":"20201225101228","is_ascension_mode":false,"campfire_choices":[{"data":"HollowMod:BaldurShell","floor":6,"key":"SMITH"},{"data":"HollowMod:MantisMark","floor":10,"key":"SMITH"},{"data":"HollowMod:HowlingWraiths","floor":12,"key":"SMITH"},{"data":"HollowMod:LifebloodCocoon","floor":15,"key":"SMITH"},{"floor":23,"key":"RECALL"},{"data":"HollowMod:FocusHealStart","floor":32,"key":"SMITH"}],"circlet_count":0,"master_deck":["HollowMod:NailStrikeStart","HollowMod:NailStrikeStart","HollowMod:NailStrikeStart","HollowMod:QuickDashStart","HollowMod:QuickDashStart","HollowMod:QuickDashStart","HollowMod:QuickDashStart","HollowMod:FocusHealStart+1","HollowMod:PogoStrike","HollowMod:ChannelNail","HollowMod:MantisMark+1","HollowMod:LifebloodCocoon+1","HollowMod:GoodIntentions","HollowMod:BaldurShell+1","HollowMod:NewLittleFool","HollowMod:HowlingWraiths+1","HollowMod:NewInfectedGuardian","HollowMod:NewGlowingWomb","HollowMod:CloakDash","HollowMod:NewGlowingWomb+1","Shame","HollowMod:Grubsong+1","HollowMod:MantisMark","HollowMod:SharpenedNail+1"],"relics":["HollowMod:VesselMask","Membership Card","Garlic","Lantern","ReplayTheSpireMod:TigerMarble","Replay:Bottled Steam","HollowMod:PaleOreRelic","betterThird:SlimedRelic","hubris:ScarierMask","Ornamental Fan","Vajra","Replay:Wax Seal","Bag of Marbles","Nunchaku","betterThird:NestCultRelic"],"acts_visited":["Exordium","TheCity"],"potions_floor_usage":[7,16,16,16,21,27,30,33,33],"damage_taken":[{"damage":2,"enemies":"Small Slimes","floor":1,"turns":6},{"damage":1,"enemies":"Jaw Worm","floor":3,"turns":4},{"damage":2,"enemies":"2 Louse","floor":4,"turns":3},{"damage":2,"enemies":"Exordium Thugs","floor":5,"turns":6},{"damage":38,"enemies":"Gremlin Nob","floor":7,"turns":5},{"damage":0,"enemies":"Blue Slaver","floor":13,"turns":2},{"damage":10,"enemies":"HollowMod:FalseKnight","floor":16,"turns":7},{"damage":0,"enemies":"Chosen","floor":18,"turns":4},{"damage":0,"enemies":"2 Thieves","floor":20,"turns":3},{"damage":17,"enemies":"Snake Plant","floor":21,"turns":5},{"damage":20,"enemies":"Gremlin Leader","floor":25,"turns":7},{"damage":10,"enemies":"HollowMod:Nosk","floor":27,"turns":10},{"damage":8,"enemies":"Centurion and Healer","floor":30,"turns":5},{"damage":7,"enemies":"3 Cultists","floor":31,"turns":5},{"damage":59,"enemies":"Champ","floor":33,"turns":12}],"seed_played":"-8669835115003274435","potions_obtained":[{"floor":5,"key":"hexamod:EctoCoolerPotion"},{"floor":7,"key":"EntropicBrew"},{"floor":13,"key":"Energy Potion"},{"floor":21,"key":"FearPotion"},{"floor":27,"key":"DistilledChaos"},{"floor":30,"key":"Energy Potion"}],"is_trial":false,"path_per_floor":["M","?","M","M","M","R","E","$","T","R","T","R","M","?","R","B",null,"M","$","M","M","$","R","?","E","T","E","T","?","M","M","R","B"],"character_chosen":"THE_BUGKNIGHT","items_purchased":["Membership Card","Lantern","ReplayTheSpireMod:TigerMarble","HollowMod:HowlingWraiths","Ornamental Fan"],"campfire_rested":0,"item_purchase_floors":[0,8,8,8,19],"current_hp_per_floor":[70,70,75,73,75,75,43,43,43,43,43,43,49,38,38,28,75,75,75,75,64,64,64,64,54,54,54,54,54,46,45,45,0,0],"gold":154,"neow_bonus":"","is_daily":false,"chose_seed":false,"campfire_upgraded":5,"win_rate":0.0,"timestamp":1608919948,"path_taken":["M","?","M","M","M","R","E","$","T","R","?","R","M","?","R","BOSS","M","$","M","M","$","R","?","E","T","E","?","?","M","M","R","BOSS"],"items_purchased_type":["Relic","Relic","Relic","Card","Relic"],"build_version":"2020-12-22","purchased_purges":1,"victory":false,"max_hp_per_floor":[75,75,75,75,75,75,75,75,75,75,75,75,75,75,75,75,75,75,75,75,75,75,75,75,75,75,75,75,75,75,75,75,75,75],"card_choices":[{"not_picked":["HollowMod:CrystalDash","HollowMod:NewLittleFool"],"picked":"HollowMod:ChannelNail","floor":1},{"not_picked":["HollowMod:ChannelNail","HollowMod:SoulSplash"],"picked":"HollowMod:LifebloodCocoon","floor":3},{"not_picked":["HollowMod:SiblingsSouls","HollowMod:DungDefenderAura"],"picked":"HollowMod:GoodIntentions","floor":4},{"not_picked":["HollowMod:CornifersMapStart","HollowMod:GreatSlash"],"picked":"HollowMod:BaldurShell","floor":5},{"not_picked":["HollowMod:QuirrelsAssistance","HollowMod:AbyssShriek"],"picked":"HollowMod:NewLittleFool","floor":7},{"not_picked":["HollowMod:VengefulVoid","HollowMod:DungDefenderAura","HollowMod:ElderbugsWisdom"],"picked":"SKIP","floor":13},{"not_picked":["HollowMod:ElderbugsWisdom","HollowMod:theNailsmith"],"picked":"HollowMod:NewInfectedGuardian","floor":16},{"not_picked":["HollowMod:DashSlash+1","HollowMod:TaintedHusks+1"],"picked":"HollowMod:NewGlowingWomb","floor":18},{"not_picked":["HollowMod:CycloneSlash","HollowMod:HowlingWraiths"],"picked":"HollowMod:CloakDash","floor":20},{"not_picked":["HollowMod:SiblingsSouls","HollowMod:WraithStrike"],"picked":"HollowMod:NewGlowingWomb+1","floor":21},{"not_picked":["HollowMod:SiblingsShadow+1","HollowMod:DungDefenderAura"],"picked":"HollowMod:Grubsong+1","floor":25},{"not_picked":["HollowMod:SoulStrike","HollowMod:ChannelNail"],"picked":"HollowMod:MantisMark","floor":27},{"not_picked":["HollowMod:GoodIntentions","HollowMod:SoulStrike"],"picked":"HollowMod:SharpenedNail+1","floor":30},{"not_picked":["HollowMod:HowlingWraiths","HollowMod:DungDefenderAura","HollowMod:VengefulVoid+1"],"picked":"SKIP","floor":31}],"player_experience":354484,"relics_obtained":[{"floor":7,"key":"Garlic"},{"floor":9,"key":"Replay:Bottled Steam"},{"floor":11,"key":"HollowMod:PaleOreRelic"},{"floor":25,"key":"Replay:Wax Seal"},{"floor":27,"key":"Bag of Marbles"},{"floor":28,"key":"Nunchaku"}],"event_choices":[{"damage_healed":0,"gold_gain":0,"player_choice":"Slimed","damage_taken":11,"max_hp_gain":0,"max_hp_loss":0,"event_name":"betterThird:BetterGoop","floor":14,"gold_loss":23},{"damage_healed":0,"gold_gain":0,"player_choice":"Stole Relic","damage_taken":0,"relics_obtained":["Vajra"],"max_hp_gain":0,"max_hp_loss":0,"event_name":"Addict","floor":24,"gold_loss":0,"cards_obtained":["Shame"]},{"damage_healed":0,"gold_gain":0,"player_choice":"Madness","damage_taken":0,"relics_obtained":["betterThird:NestCultRelic"],"max_hp_gain":0,"max_hp_loss":0,"event_name":"betterThird:BetterNest","floor":29,"gold_loss":0}],"is_beta":false,"boss_relics":[{"not_picked":["hubris:BlackHole","Honey Jar"],"picked":"hubris:ScarierMask"}],"items_purged_floors":[22],"is_endless":false,"potions_floor_spawned":[5,7,13,21,27,30],"killed_by":"Champ","ascension_level":0}}