{"host":"j204k34h42bd6fas","time":1608873784,"event":{"mods":["Aspiration","BaseMod","Colored Map","Colored Powertips","Conspire","Energized Spire","Hubris","Infinite Spire","JesterMod","Mimic Mod","Minty Spire (QoL Compilation)","Rare Cards Sparkle","Relic Stats","Replay The Spire","Say the Spire","StSLib","The Cursed","The Marked"],"gold_per_floor":[116,116,20,31,31,31,48,48,73,100,112,112,123,135,135,135,135],"floor_reached":16,"playtime":290,"items_purged":[],"score":128,"play_id":"79c32bd2-159e-4e4f-bec2-d7111db2befe","local_time":"20201225002304","is_ascension_mode":true,"campfire_choices":[{"data":"Rip and Tear","floor":6,"key":"SMITH"},{"data":"Sweeping Beam","floor":8,"key":"SMITH"},{"floor":12,"key":"REST"},{"data":"Sweeping Beam","floor":12,"key":"SMITH"},{"floor":15,"key":"REST"},{"data":"ReplayGash","floor":15,"key":"SMITH"}],"circlet_count":0,"master_deck":["Strike_B","Strike_B","Strike_B","Strike_B","Defend_B","Defend_B","Defend_B","Defend_B","Zap","Dualcast","Gash","Rebound","Sweeping Beam+1","Rip and Tear+1","Rebound","Turbo","Sweeping Beam+1","ReplayGash+1","Fusion"],"relics":["Cracked Core","NeowsBlessing","infinitespire:Magic Flask","Blood Vial","Counterbalance"],"acts_visited":["Exordium"],"potions_floor_usage":[16,16],"damage_taken":[{"damage":0,"enemies":"Jaw Worm","floor":1,"turns":1},{"damage":0,"enemies":"Cultist","floor":4,"turns":1},{"damage":0,"enemies":"Small Slimes","floor":7,"turns":1},{"damage":41,"enemies":"Lagavulin","floor":10,"turns":6},{"damage":6,"enemies":"Exordium Wildlife","floor":11,"turns":3},{"damage":11,"enemies":"Looter","floor":13,"turns":2},{"damage":13,"enemies":"Blue Slaver","floor":14,"turns":2},{"damage":56,"enemies":"Hexaghost","floor":16,"turns":9}],"seed_played":"-3126689056040498811","potions_obtained":[{"floor":2,"key":"PotionOfCapacity"},{"floor":2,"key":"SpeedPotion"},{"floor":2,"key":"Death Potion"},{"floor":7,"key":"Weak Potion"}],"is_trial":false,"path_per_floor":["M","?","$","M","?","R","M","R","T","E","M","R","M","M","R","B"],"character_chosen":"DEFECT","items_purchased":["Rebound","Sweeping Beam"],"campfire_rested":2,"item_purchase_floors":[3,3],"current_hp_per_floor":[75,75,75,75,75,75,75,75,75,34,30,52,43,32,54,0,0],"gold":135,"neow_bonus":"THREE_ENEMY_KILL","is_daily":false,"chose_seed":false,"campfire_upgraded":4,"win_rate":0.0,"timestamp":1608873784,"path_taken":["M","?","?","M","?","R","M","R","T","E","M","R","M","M","R","BOSS"],"items_purchased_type":["Card","Card"],"build_version":"2020-12-22","purchased_purges":0,"victory":false,"max_hp_per_floor":[75,75,75,75,75,75,75,75,75,75,75,75,75,75,75,75,75],"relic_stats":{"Blood Vial":8,"counters":[8,25],"obtain_stats":[{"Blood Vial":9,"NeowsBlessing":0,"Counterbalance":10,"infinitespire:Magic Flask":5,"Cracked Core":0},{"Blood Vial":3,"NeowsBlessing":0,"Counterbalance":4,"infinitespire:Magic Flask":2,"Cracked Core":0},{"Blood Vial":3,"NeowsBlessing":0,"Counterbalance":9,"infinitespire:Magic Flask":2,"Cracked Core":0}]},"card_choices":[{"not_picked":["Undo","Redo"],"picked":"Gash","floor":1},{"not_picked":["BootSequence","Sweeping Beam"],"picked":"Rip and Tear","floor":4},{"not_picked":["Panic Button","Steam"],"picked":"Rebound","floor":7},{"not_picked":["Amplify","Conserve Battery"],"picked":"Turbo","floor":10},{"not_picked":["ReplayTheSpireMod:System Scan","Melter"],"picked":"Sweeping Beam","floor":11},{"not_picked":["Cold Snap","Consume"],"picked":"ReplayGash","floor":13},{"not_picked":["Leap","Stack"],"picked":"Fusion","floor":14}],"player_experience":308657,"relics_obtained":[{"floor":5,"key":"infinitespire:Magic Flask"},{"floor":9,"key":"Blood Vial"},{"floor":10,"key":"Counterbalance"}],"event_choices":[{"damage_healed":0,"gold_gain":0,"player_choice":"Got Potions","damage_taken":0,"max_hp_gain":0,"max_hp_loss":0,"event_name":"Lab","floor":2,"gold_loss":0}],"is_beta":false,"boss_relics":[],"items_purged_floors":[],"is_endless":false,"potions_floor_spawned":[4,7],"killed_by":"Hexaghost","ascension_level":5}}