{"host":"mjau5a91be6b66g4","time":1608878648,"event":{"mods":["BaseMod","Minty Spire (QoL Compilation)","StSLib","The Animator","The Bug Knight","The Jungle"],"gold_per_floor":[116,64,80,80,80,80,100,100,100,100,111,186,186,186,186,284,284,294,313,330,111,111,59,75,75,75,85,85,85,95,95,95],"floor_reached":31,"playtime":1058,"items_purged":["Bloodletting"],"score":225,"play_id":"b819f00a-2220-4add-bfba-18116bb48c09","local_time":"20201225144408","daily_mods":["Draft"],"is_ascension_mode":false,"campfire_choices":[{"data":"Metallicize","floor":6,"key":"SMITH"},{"data":"Dual Wield","floor":8,"key":"SMITH"},{"data":"Infernal Blade","floor":13,"key":"SMITH"},{"floor":15,"key":"REST"},{"floor":25,"key":"REST"},{"floor":29,"key":"REST"}],"circlet_count":0,"master_deck":["Cleave","Body Slam+1","Ghostly Armor","Metallicize","Uppercut","Thunderclap","Entrench","Dual Wield+1","Wild Strike","Power Through+1","Thunderclap","Wild Strike","True Grit","Metallicize+1","Cleave","Armaments+1","Infernal Blade+1","Infernal Blade+1","Iron Wave","Impervious","Sentinel","Shrug It Off","Body Slam","Shrug It Off","Body Slam","Battle Trance","True Grit","Iron Wave","Burning Pact"],"relics":["Burning Blood","Sundial","Black Star","Membership Card","Blue Candle","Nilry\u0027s Codex"],"acts_visited":["Exordium","TheCity"],"potions_floor_usage":[16,20],"damage_taken":[{"damage":3,"enemies":"Cultist","floor":1,"turns":4},{"damage":3,"enemies":"2 Louse","floor":3,"turns":2},{"damage":1,"enemies":"Small Slimes","floor":7,"turns":3},{"damage":0,"enemies":"Exordium Wildlife","floor":11,"turns":3},{"damage":34,"enemies":"Hexaghost","floor":16,"turns":15},{"damage":6,"enemies":"Shell Parasite","floor":18,"turns":7},{"damage":20,"enemies":"Spheric Guardian","floor":19,"turns":8},{"damage":12,"enemies":"Shelled Parasite and Fungi","floor":20,"turns":7},{"damage":12,"enemies":"Centurion and Healer","floor":24,"turns":8},{"damage":7,"enemies":"Snake Plant","floor":27,"turns":3},{"damage":44,"enemies":"Chosen and Byrds","floor":30,"turns":8},{"damage":0,"enemies":"Book of Stabbing","floor":31,"turns":1}],"seed_played":"4311088383450326477","potions_obtained":[{"floor":1,"key":"Block Potion"},{"floor":16,"key":"SpeedPotion"},{"floor":18,"key":"Fire Potion"},{"floor":27,"key":"ColorlessPotion"},{"floor":30,"key":"SteroidPotion"}],"is_trial":true,"path_per_floor":["M","$","M","?","?","R","M","R","T","?","M","?","R","?","R","B",null,"M","M","M","$","?","$","M","R","T","M","?","R","M","E"],"character_chosen":"IRONCLAD","items_purchased":["Armaments","Membership Card","Shrug It Off","Body Slam","Battle Trance"],"campfire_rested":3,"item_purchase_floors":[2,21,21,23,23],"current_hp_per_floor":[80,80,80,64,64,64,69,69,69,69,75,64,64,64,80,52,80,80,66,60,60,60,60,54,78,78,77,61,80,42,42,42],"gold":95,"neow_bonus":"","is_daily":false,"chose_seed":false,"campfire_upgraded":3,"win_rate":0.0,"timestamp":1608878648,"path_taken":["M","$","?","?","?","R","M","R","T","?","?","?","R","?","R","BOSS","M","M","?","$","?","$","M","R","T","?","?","R","M","E"],"items_purchased_type":["Card","Relic","Card","Card","Card"],"build_version":"2020-12-22","purchased_purges":1,"victory":false,"max_hp_per_floor":[80,80,80,80,80,80,80,80,80,80,80,80,80,80,80,80,80,80,80,80,80,80,80,80,80,80,80,80,80,80,80,80],"card_choices":[{"not_picked":["Carnage","Perfected Strike"],"picked":"Cleave","floor":0},{"not_picked":["True Grit","Iron Wave"],"picked":"Body Slam","floor":0},{"not_picked":["Heavy Blade","Anger"],"picked":"Ghostly Armor","floor":0},{"not_picked":["Searing Blow","True Grit"],"picked":"Metallicize","floor":0},{"not_picked":["Clash","Anger"],"picked":"Uppercut","floor":0},{"not_picked":["Twin Strike","Intimidate"],"picked":"Thunderclap","floor":0},{"not_picked":["Combust","Wild Strike"],"picked":"Entrench","floor":0},{"not_picked":["Perfected Strike","Heavy Blade"],"picked":"Dual Wield","floor":0},{"not_picked":["Combust","Burning Pact"],"picked":"Wild Strike","floor":0},{"not_picked":["Reckless Charge","Blood for Blood"],"picked":"Bloodletting","floor":0},{"not_picked":["Anger","Clothesline"],"picked":"Power Through","floor":0},{"not_picked":["Clothesline","Heavy Blade"],"picked":"Thunderclap","floor":0},{"not_picked":["Clash","Searing Blow"],"picked":"Thunderclap","floor":0},{"not_picked":["Hemokinesis","Perfected Strike"],"picked":"Wild Strike","floor":0},{"not_picked":["Pommel Strike","Burning Pact"],"picked":"True Grit","floor":0},{"not_picked":["Thunderclap","Carnage"],"picked":"Cleave","floor":1},{"not_picked":["Shockwave","Cleave"],"picked":"Infernal Blade","floor":3},{"not_picked":["Uppercut","Sword Boomerang"],"picked":"Infernal Blade","floor":7},{"not_picked":["Thunderclap","Infernal Blade"],"picked":"Iron Wave","floor":11},{"not_picked":["Exhume","Fiend Fire"],"picked":"Impervious","floor":16},{"not_picked":["Shrug It Off","Clothesline+1"],"picked":"Sentinel","floor":18},{"not_picked":["Twin Strike","Wild Strike"],"picked":"Shrug It Off","floor":19},{"not_picked":["Fire Breathing","Power Through+1"],"picked":"Body Slam","floor":20},{"not_picked":["Hemokinesis","Wild Strike+1"],"picked":"True Grit","floor":24},{"not_picked":["Armaments+1","Uppercut"],"picked":"Iron Wave","floor":27},{"not_picked":["Perfected Strike","Heavy Blade"],"picked":"Burning Pact","floor":30}],"player_experience":230784,"relics_obtained":[{"floor":9,"key":"Sundial"},{"floor":26,"key":"Blue Candle"},{"floor":28,"key":"Nilry\u0027s Codex"}],"event_choices":[{"damage_healed":0,"gold_gain":0,"player_choice":"Entered Light","damage_taken":16,"max_hp_gain":0,"max_hp_loss":0,"event_name":"Shining Light","floor":4,"gold_loss":0,"cards_upgraded":["Armaments","Power Through"]},{"damage_healed":0,"gold_gain":0,"player_choice":"Grow","damage_taken":0,"max_hp_gain":0,"max_hp_loss":0,"event_name":"Living Wall","floor":5,"gold_loss":0,"cards_upgraded":["Body Slam"]},{"damage_healed":0,"gold_gain":0,"player_choice":"Ignored","damage_taken":0,"max_hp_gain":0,"max_hp_loss":0,"event_name":"Golden Idol","floor":10,"gold_loss":0},{"damage_healed":0,"gold_gain":75,"player_choice":"Gather Gold","damage_taken":11,"max_hp_gain":0,"max_hp_loss":0,"event_name":"World of Goop","floor":12,"gold_loss":0},{"cards_removed":["Thunderclap"],"damage_healed":0,"gold_gain":0,"player_choice":"Purged","damage_taken":0,"max_hp_gain":0,"max_hp_loss":0,"event_name":"Purifier","floor":14,"gold_loss":0},{"damage_healed":0,"gold_gain":0,"player_choice":"Forge","damage_taken":0,"max_hp_gain":0,"max_hp_loss":0,"event_name":"Accursed Blacksmith","floor":22,"gold_loss":0,"cards_upgraded":["Infernal Blade"]},{"damage_healed":0,"gold_gain":0,"player_choice":"Obtained Book","damage_taken":16,"max_hp_gain":0,"max_hp_loss":0,"event_name":"Cursed Tome","floor":28,"gold_loss":0}],"is_beta":false,"boss_relics":[{"not_picked":["Ectoplasm","Snecko Eye"],"picked":"Black Star"}],"items_purged_floors":[21],"is_endless":false,"potions_floor_spawned":[1,16,18,27,30],"killed_by":"Book of Stabbing","ascension_level":0}}