{"host":"jm9833yuloeli2yd","time":1608866672,"event":{"mods":["AchievementEnabler","BaseMod","Better Altar","Better Match","Better Note","Better Sensory Stone","Better Skull","Better Third Choice","Better Vampires","BetterRewards","Colored Map","Colored Powertips","DeckTracker","Hubris","Marked Mod","Minty Spire (QoL Compilation)","Permanent Neow","Quick Restart","StSLib","SuperFastMode"],"gold_per_floor":[11,31,43,43,63,96,111,111,111],"floor_reached":8,"playtime":293,"items_purged":[],"score":120,"play_id":"928ab290-c028-434d-9525-10232bc8f566","local_time":"20201224222432","is_ascension_mode":true,"campfire_choices":[],"circlet_count":0,"master_deck":["AscendersBane","Strike_G","Strike_G","Strike_G","Strike_G","Strike_G","Defend_G","Defend_G","Defend_G","Defend_G","Defend_G","Survivor","Neutralize","Slice","Finisher","Adrenaline","Dagger Throw","Poisoned Stab","Sucker Punch"],"relics":["Ring of the Snake","Bronze Scales","Nunchaku"],"acts_visited":["Exordium"],"potions_floor_usage":[6,8],"damage_taken":[{"damage":17,"enemies":"Cultist","floor":1,"turns":5},{"damage":0,"enemies":"Small Slimes","floor":2,"turns":3},{"damage":0,"enemies":"2 Louse","floor":3,"turns":4},{"damage":6,"enemies":"Red Slaver","floor":5,"turns":5},{"damage":27,"enemies":"Lagavulin","floor":6,"turns":8},{"damage":2,"enemies":"Exordium Thugs","floor":7,"turns":4},{"damage":9,"enemies":"3 Sentries","floor":8,"turns":4}],"seed_played":"-2988062862955278977","potions_obtained":[{"floor":5,"key":"Weak Potion"},{"floor":7,"key":"FearPotion"}],"is_trial":false,"path_per_floor":["M","M","M","?","M","E","M","E"],"character_chosen":"THE_SILENT","items_purchased":[],"campfire_rested":0,"item_purchase_floors":[],"current_hp_per_floor":[42,42,42,42,36,9,7,0,0],"gold":111,"neow_bonus":"THREE_RARE_CARDS","is_daily":false,"chose_seed":false,"campfire_upgraded":0,"win_rate":0.0,"timestamp":1608866672,"path_taken":["M","M","?","?","M","E","?","E"],"items_purchased_type":[],"build_version":"2020-12-22","purchased_purges":0,"victory":false,"max_hp_per_floor":[66,66,66,66,66,66,66,66,66],"card_choices":[{"not_picked":["Night Terror","Grand Finale"],"picked":"Storm of Steel","floor":0},{"not_picked":["Outmaneuver","Setup"],"picked":"Slice","floor":1},{"not_picked":["Crippling Poison","Prepared"],"picked":"Finisher","floor":2},{"not_picked":["Eviscerate","Slice"],"picked":"Adrenaline","floor":3},{"not_picked":["Reflex","Dagger Spray"],"picked":"Dagger Throw","floor":5},{"not_picked":["Underhanded Strike","Deflect"],"picked":"Poisoned Stab","floor":6},{"not_picked":["Deadly Poison","Backflip"],"picked":"Sucker Punch","floor":7}],"player_experience":1158494,"relics_obtained":[{"floor":6,"key":"Nunchaku"}],"event_choices":[{"cards_removed":["Storm of Steel"],"damage_healed":0,"gold_gain":0,"player_choice":"Gave Card","damage_taken":0,"relics_obtained":["Bronze Scales"],"max_hp_gain":0,"max_hp_loss":0,"event_name":"WeMeetAgain","floor":4,"gold_loss":0}],"is_beta":false,"boss_relics":[],"items_purged_floors":[],"is_endless":false,"potions_floor_spawned":[5,7],"killed_by":"3 Sentries","ascension_level":20}}