{"host":"uflv0e3ja7hvnij7","time":1608934900,"event":{"mods":["Aspiration","BaseMod","Better Altar","Better Match","Better Note","Better Sensory Stone","Better Skull","Better Third Choice","Hubris","Infinite Spire","Minty Spire (QoL Compilation)","Permanent Neow","Replay The Spire","Shop Mod","StSLib"],"gold_per_floor":[118,118,118,129,149,181,195,195,195,205,222,16,16,26,26,121,121,131,147,147,147,75,75,95,112,157,157,174,201,212,226,226,330,330,344,344,54,67,85,115,115,115,115],"floor_reached":42,"playtime":2014,"items_purged":["Dualcast","hubris:SpecializedCircuitry"],"score":484,"play_id":"5e8848ba-d98b-4862-8257-3255825205b9","local_time":"20201225172140","is_ascension_mode":false,"campfire_choices":[{"floor":8,"key":"REST"},{"floor":15,"key":"REST"},{"data":"hubris:PowerSurge","floor":23,"key":"SMITH"},{"floor":32,"key":"REST"},{"data":"Zap","floor":41,"key":"SMITH"}],"circlet_count":0,"master_deck":["Strike_B","Strike_B","Strike_B","Strike_B","Defend_B","Defend_B","Defend_B","Zap+1","Redo","aspiration:Polymerization","Ball Lightning","hubris:PowerSurge+1","hubris:Ukulele","hubris:PowerSurge","Ball Lightning","Recycle","Self Repair","Leap","Capacitor","Lockon","FTL","Hologram+1","Cold Snap+1","ReplayTheSpireMod:Calculation Training+1","FIFO Queue","Lockon","Chill+1","Chill+1"],"relics":["Cracked Core","hubris:Potato","Strawberry","infinitespire:Joker Card","Bag of Marbles","aspiration:BursterCore","hubris:BallOfYels","aspiration:Lifesprig","hubris:ScarierMask","Juzu Bracelet","Replay:Mystery Machine"],"acts_visited":["Exordium","TheCity","TheBeyond"],"potions_floor_usage":[6,6,33],"damage_taken":[{"damage":1,"enemies":"Cultist","floor":1,"turns":3},{"damage":1,"enemies":"2 Louse","floor":4,"turns":2},{"damage":9,"enemies":"Small Slimes","floor":5,"turns":3},{"damage":36,"enemies":"Gremlin Nob","floor":6,"turns":4},{"damage":9,"enemies":"Exordium Wildlife","floor":7,"turns":4},{"damage":15,"enemies":"Exordium Thugs","floor":10,"turns":4},{"damage":17,"enemies":"Large Slime","floor":11,"turns":4},{"damage":8,"enemies":"Red Slaver","floor":14,"turns":2},{"damage":0,"enemies":"Slime Boss","floor":16,"turns":5},{"damage":5,"enemies":"Chosen","floor":18,"turns":3},{"damage":5,"enemies":"Spheric Guardian","floor":19,"turns":3},{"damage":9,"enemies":"Centurion and Healer","floor":24,"turns":4},{"damage":26,"enemies":"Shelled Parasite and Fungi","floor":25,"turns":3},{"damage":21,"enemies":"Snake Plant","floor":28,"turns":2},{"damage":10,"enemies":"Chosen and Byrds","floor":30,"turns":3},{"damage":18,"enemies":"Shelled Parasite and Fungi","floor":31,"turns":2},{"damage":6,"enemies":"Collector","floor":33,"turns":4},{"damage":0,"enemies":"Orb Walker","floor":35,"turns":1},{"damage":9,"enemies":"3 Shapes","floor":38,"turns":2},{"damage":0,"enemies":"Transient","floor":39,"turns":5},{"damage":5,"enemies":"Nightmare","floor":40,"turns":8},{"damage":97,"enemies":"Giant Head","floor":42,"turns":8}],"seed_played":"7852319737409513315","potions_obtained":[{"floor":4,"key":"Adrenaline Potion"},{"floor":5,"key":"DuplicationPotion"},{"floor":11,"key":"EntropicBrew"},{"floor":14,"key":"Swift Potion"},{"floor":28,"key":"PowerPotion"},{"floor":33,"key":"Venom Potion"},{"floor":39,"key":"LiquidBronze"}],"is_trial":false,"path_per_floor":["M","T","$","M","M","E","M","R","T","M","M","$","?","M","R","B",null,"M","M","?","?","$","R","M","M","T","?","M","T","M","M","R","B",null,"M","?","$","M","M","NM","R","E"],"character_chosen":"DEFECT","items_purchased":["hubris:PowerSurge","Ball Lightning","Capacitor","FIFO Queue","Juzu Bracelet"],"campfire_rested":3,"item_purchase_floors":[12,12,22,37,37],"current_hp_per_floor":[67,74,74,73,64,28,19,41,41,26,9,9,9,1,23,30,75,70,75,75,75,75,75,73,47,47,47,33,33,23,5,27,28,75,75,75,75,73,75,70,70,0,0],"gold":115,"neow_bonus":"ONE_RARE_RELIC","is_daily":false,"chose_seed":false,"campfire_upgraded":2,"win_rate":0.0,"timestamp":1608934900,"path_taken":["M","?","$","M","M","E","M","R","T","M","M","$","?","M","R","BOSS","M","M","?","?","?","R","M","M","T","?","?","?","M","M","R","BOSS","M","?","$","M","M","NM","R","E"],"items_purchased_type":["Card","Card","Card","Card","Relic"],"build_version":"2020-12-22","purchased_purges":2,"victory":false,"max_hp_per_floor":[68,75,75,75,75,75,75,75,75,75,75,75,75,75,75,75,75,75,75,75,75,75,75,75,75,75,75,75,75,75,75,75,75,75,75,75,75,75,75,75,75,75,75],"card_choices":[{"not_picked":["Hologram","Leap"],"picked":"Redo","floor":1},{"not_picked":["Sweeping Beam","Leap","Fusion"],"picked":"SKIP","floor":4},{"not_picked":["Sweeping Beam","ReplayTheSpireMod:Reroute Power"],"picked":"aspiration:Polymerization","floor":5},{"not_picked":["Turbo","Steam"],"picked":"Ball Lightning","floor":6},{"not_picked":["Streamline","Stack","Sweeping Beam"],"picked":"SKIP","floor":7},{"not_picked":["Cold Snap","Redo"],"picked":"hubris:PowerSurge","floor":10},{"not_picked":["FIFO Queue","Double Energy"],"picked":"hubris:Ukulele","floor":11},{"not_picked":["Sweeping Beam","Rainbow"],"picked":"Self Repair","floor":14},{"not_picked":["hubris:DoWhile","Amplify"],"picked":"hubris:SpecializedCircuitry","floor":16},{"not_picked":["Ball Lightning","Steam"],"picked":"Barrage","floor":18},{"not_picked":["Panic Button","White Noise+1"],"picked":"Leap","floor":19},{"not_picked":["Recycle","Steam"],"picked":"Lockon","floor":24},{"not_picked":["Steam","Streamline","Force Field+1"],"picked":"SKIP","floor":25},{"not_picked":["White Noise","Cold Snap"],"picked":"FTL","floor":28},{"not_picked":["Panic Button+1","Auto Shields"],"picked":"Hologram+1","floor":30},{"not_picked":["Ball Lightning+1","Leap"],"picked":"Cold Snap+1","floor":31},{"not_picked":["Gash","Turbo"],"picked":"ReplayTheSpireMod:Calculation Training","floor":35},{"not_picked":["Leap","Redo"],"picked":"Lockon","floor":38},{"not_picked":["Turbo+1","Conserve Battery+1"],"picked":"Chill+1","floor":39},{"not_picked":["Gash+1","Go for the Eyes+1"],"picked":"Chill+1","floor":40}],"player_experience":382827,"relics_obtained":[{"floor":2,"key":"Strawberry"},{"floor":6,"key":"infinitespire:Joker Card"},{"floor":9,"key":"Bag of Marbles"},{"floor":26,"key":"hubris:BallOfYels"},{"floor":29,"key":"aspiration:Lifesprig"},{"floor":40,"key":"Replay:Mystery Machine"}],"event_choices":[{"damage_healed":0,"gold_gain":0,"cards_transformed":["Defend_B"],"player_choice":"Transformed","damage_taken":0,"max_hp_gain":0,"max_hp_loss":0,"event_name":"Transmorgrifier","floor":13,"gold_loss":0,"cards_obtained":["Recycle"]},{"damage_healed":0,"gold_gain":0,"player_choice":"Ignored","damage_taken":0,"max_hp_gain":0,"max_hp_loss":0,"event_name":"betterNote:BetterNote","floor":20,"gold_loss":0,"cards_obtained":["Demon Form"]},{"cards_removed":["Barrage"],"damage_healed":0,"gold_gain":0,"player_choice":"Purged","damage_taken":0,"max_hp_gain":0,"max_hp_loss":0,"event_name":"Purifier","floor":27,"gold_loss":0}],"is_beta":false,"boss_relics":[{"not_picked":["hubris:HollowSoul","Calling Bell"],"picked":"aspiration:BursterCore"},{"not_picked":["hubris:TerracottaHorce","Coffee Dripper"],"picked":"hubris:ScarierMask"}],"items_purged_floors":[12,37],"is_endless":false,"potions_floor_spawned":[4,5,11,14,28,33,38,39,40],"killed_by":"Giant Head","ascension_level":0}}