{"host":"vfg9szunmpjwj08o","time":1608925652,"event":{"mods":["Act Like it!","BaseMod","Challenge The Spire","Colored Map","Colored Powertips","Minty Spire (QoL Compilation)","StSLib","Waifu the Spire"],"gold_per_floor":[110,129,129,139,59,59,88,88,142,159,179,179,206,306,306,380,380,392,116,126,146,146,146,174,174,197,228,228,228],"floor_reached":28,"playtime":1015,"items_purged":["Strike_B"],"score":519,"play_id":"32ecba18-9ede-44b1-b8aa-6a397e138b86","local_time":"20201225204732","is_ascension_mode":true,"campfire_choices":[{"data":"Dualcast","floor":6,"key":"SMITH"},{"data":"Chaos","floor":8,"key":"SMITH"},{"floor":15,"key":"REST"},{"floor":23,"key":"REST"},{"floor":25,"key":"REST"}],"circlet_count":0,"master_deck":["AscendersBane","Strike_B","Strike_B","Strike_B","Defend_B","Defend_B","Defend_B","Defend_B","Zap+1","Dualcast+1","Go for the Eyes+1","Conserve Battery+1","Chaos+1","Sunder","Buffer","Doom and Gloom","Lockon","Electrodynamics","Echo Form","Compile Driver","Darkness","Madness","Redo","Necronomicurse","Buffer"],"relics":["Cracked Core","Potion Belt","DataDisk","Centennial Puzzle","Lantern","SlaversCollar","Necronomicon","Juzu Bracelet","Omamori","Bronze Scales"],"acts_visited":["Exordium","TheCity"],"potions_floor_usage":[7,13,13,24],"damage_taken":[{"damage":4,"enemies":"Jaw Worm","floor":1,"turns":3},{"damage":0,"enemies":"Small Slimes","floor":2,"turns":3},{"damage":0,"enemies":"Cultist","floor":4,"turns":3},{"damage":15,"enemies":"3 Sentries","floor":7,"turns":6},{"damage":0,"enemies":"3 Louse","floor":10,"turns":3},{"damage":12,"enemies":"Large Slime","floor":11,"turns":5},{"damage":10,"enemies":"Lagavulin","floor":13,"turns":5},{"damage":8,"enemies":"The Guardian","floor":16,"turns":8},{"damage":21,"enemies":"Shell Parasite","floor":18,"turns":3},{"damage":0,"enemies":"Chosen","floor":20,"turns":3},{"damage":8,"enemies":"Snake Plant","floor":21,"turns":3},{"damage":24,"enemies":"Book of Stabbing","floor":24,"turns":4},{"damage":19,"enemies":"Gremlin Leader","floor":27,"turns":4},{"damage":6,"enemies":"Cultist and Chosen","floor":28,"turns":2}],"seed_played":"-3260153365143273178","potions_obtained":[{"floor":2,"key":"DuplicationPotion"},{"floor":4,"key":"SkillPotion"},{"floor":7,"key":"Swift Potion"},{"floor":10,"key":"Swift Potion"},{"floor":20,"key":"PotionOfCapacity"}],"is_trial":false,"path_per_floor":["M","M","?","M","$","R","E","R","T","M","M","T","E","?","R","B",null,"M","$","M","M","?","R","E","R","T","E","M"],"character_chosen":"DEFECT","items_purchased":["Sunder","Darkness","Madness","Redo"],"campfire_rested":3,"item_purchase_floors":[5,19,19,19],"current_hp_per_floor":[60,60,39,39,39,39,24,24,24,24,12,12,2,2,23,15,57,36,36,36,28,7,28,4,25,25,6,0,0],"gold":228,"neow_bonus":"UPGRADE_CARD","is_daily":false,"chose_seed":false,"campfire_upgraded":2,"win_rate":0.0,"timestamp":1608925652,"path_taken":["M","M","?","M","$","R","E","R","T","M","M","?","E","?","R","BOSS","M","$","M","M","?","R","E","R","T","E","M"],"items_purchased_type":["Card","Card","Card","Card"],"build_version":"2020-12-22","purchased_purges":1,"victory":false,"max_hp_per_floor":[71,71,71,71,71,71,71,71,71,71,71,71,71,71,71,71,71,71,71,71,71,71,71,71,71,71,71,71,71],"card_choices":[{"not_picked":["Gash","Leap"],"picked":"Go for the Eyes","floor":1},{"not_picked":["Turbo","Auto Shields"],"picked":"Conserve Battery","floor":2},{"not_picked":["Barrage","Cold Snap"],"picked":"Chaos","floor":4},{"not_picked":["Go for the Eyes","Double Energy"],"picked":"Buffer","floor":7},{"not_picked":["Go for the Eyes","Leap"],"picked":"Doom and Gloom","floor":10},{"not_picked":["Sweeping Beam","Hologram"],"picked":"Lockon","floor":11},{"not_picked":["Stack","Leap"],"picked":"Electrodynamics","floor":13},{"not_picked":["Reboot","All For One"],"picked":"Echo Form","floor":16},{"not_picked":["Leap","Skim"],"picked":"Compile Driver","floor":18},{"not_picked":["Beam Cell","Amplify","Go for the Eyes"],"picked":"SKIP","floor":20},{"not_picked":["Sweeping Beam","Barrage","Rebound"],"picked":"SKIP","floor":21},{"not_picked":["Redo","Ball Lightning","Hologram"],"picked":"SKIP","floor":24},{"not_picked":["Conserve Battery","Melter"],"picked":"Buffer","floor":27}],"player_experience":1012823,"relics_obtained":[{"floor":7,"key":"Potion Belt"},{"floor":9,"key":"DataDisk"},{"floor":12,"key":"Centennial Puzzle"},{"floor":13,"key":"Lantern"},{"floor":22,"key":"Necronomicon"},{"floor":24,"key":"Juzu Bracelet"},{"floor":26,"key":"Omamori"},{"floor":27,"key":"Bronze Scales"}],"event_choices":[{"damage_healed":0,"gold_gain":0,"player_choice":"Entered Light","damage_taken":21,"max_hp_gain":0,"max_hp_loss":0,"event_name":"Shining Light","floor":3,"gold_loss":0,"cards_upgraded":["Conserve Battery","Go for the Eyes"]},{"damage_healed":0,"gold_gain":100,"player_choice":"Gold","damage_taken":0,"max_hp_gain":0,"max_hp_loss":0,"event_name":"Wheel of Change","floor":14,"gold_loss":0},{"damage_healed":0,"gold_gain":0,"player_choice":"Obtained Book","damage_taken":21,"max_hp_gain":0,"max_hp_loss":0,"event_name":"Cursed Tome","floor":22,"gold_loss":0}],"is_beta":false,"boss_relics":[{"not_picked":["Fusion Hammer","Tiny House"],"picked":"SlaversCollar"}],"items_purged_floors":[19],"is_endless":false,"potions_floor_spawned":[2,4,7,10,20],"killed_by":"Cultist and Chosen","ascension_level":19}}