{"host":"30jsp143e4v19aze","time":1608861853,"event":{"mods":["BaseMod","Colored Map","Colored Powertips","Curses Come First","DeckTracker","Highlight Path","Minty Spire (QoL Compilation)","Quick Restart","Relic Stats","StSLib","everything is the same but u backflip on backflip","slay the spire mod where everything is the same but ironclad has a cowboy hat"],"gold_per_floor":[110,185,196,196,210,210,227,253,253,253,7,25,51,63,63,136,136,152,167,167,4,21,47,47,81,129,129,163,163,26,26,26,103,103,120,120,133,133,143,143,171,171,223,241,256,256,256,290,290,290,290,290,290,95,123,123,123],"floor_reached":56,"playtime":4370,"items_purged":["Pain"],"score":2171,"play_id":"70f92006-ade4-4a4f-ab39-424dd84d749f","local_time":"20201225030413","is_ascension_mode":true,"campfire_choices":[{"data":"Endless Agony","floor":6,"key":"SMITH"},{"floor":10,"key":"REST"},{"data":"Accuracy","floor":15,"key":"SMITH"},{"data":"Finisher","floor":24,"key":"SMITH"},{"data":"Glass Knife","floor":27,"key":"SMITH"},{"data":"Blade Dance","floor":32,"key":"SMITH"},{"floor":40,"key":"REST"},{"floor":42,"key":"REST"},{"floor":47,"key":"RECALL"},{"floor":49,"key":"REST"},{"floor":53,"key":"REST"}],"circlet_count":0,"master_deck":["AscendersBane","Strike_G+1","Strike_G+1","Strike_G+1","Defend_G+1","Defend_G+1","Defend_G+1","Defend_G+1","Defend_G+1","Survivor","Calculated Gamble","Blade Dance+1","Endless Agony+1","Blade Dance","Choke","PiercingWail","Finisher+1","Accuracy+1","Glass Knife+1","CurseOfTheBell","Riddle With Holes","Acrobatics+1","PiercingWail+1","Concentrate+1","Prepared+1","Doppelganger+1","Malaise+1","Venomology+1","Blade Dance+1","Backflip+1","PiercingWail+1","Blade Dance+1","Acrobatics+1","Tactician+1","Acrobatics+1","PiercingWail+1"],"relics":["Ring of the Snake","WarpedTongs","Vajra","Sundial","Pen Nib","Unceasing Top","Calling Bell","Potion Belt","Toxic Egg 2","Du-Vu Doll","Lee\u0027s Waffle","Paper Crane","Omamori","Centennial Puzzle","PreservedInsect","Fusion Hammer","Happy Flower","CaptainsWheel","Anchor"],"acts_visited":["Exordium","TheCity","TheBeyond","TheEnding"],"potions_floor_usage":[12,23,28,33,39,39,41,44,50,50,51,51,55,55,56,56,56,56],"damage_taken":[{"damage":1,"enemies":"2 Louse","floor":1,"turns":4},{"damage":0,"enemies":"Cultist","floor":3,"turns":4},{"damage":1,"enemies":"Small Slimes","floor":5,"turns":3},{"damage":3,"enemies":"2 Fungi Beasts","floor":7,"turns":3},{"damage":30,"enemies":"3 Sentries","floor":8,"turns":8},{"damage":3,"enemies":"Exordium Wildlife","floor":12,"turns":2},{"damage":0,"enemies":"Gremlin Nob","floor":13,"turns":1},{"damage":0,"enemies":"Gremlin Gang","floor":14,"turns":2},{"damage":6,"enemies":"The Guardian","floor":16,"turns":8},{"damage":5,"enemies":"2 Thieves","floor":18,"turns":2},{"damage":14,"enemies":"Shell Parasite","floor":19,"turns":3},{"damage":0,"enemies":"3 Cultists","floor":22,"turns":4},{"damage":25,"enemies":"Gremlin Leader","floor":23,"turns":5},{"damage":3,"enemies":"Slavers","floor":25,"turns":4},{"damage":0,"enemies":"Gremlin Leader","floor":28,"turns":4},{"damage":20,"enemies":"Champ","floor":33,"turns":11},{"damage":6,"enemies":"3 Shapes","floor":35,"turns":5},{"damage":1,"enemies":"3 Darklings","floor":37,"turns":2},{"damage":21,"enemies":"Writhing Mass","floor":39,"turns":3},{"damage":0,"enemies":"Nemesis","floor":41,"turns":7},{"damage":2,"enemies":"4 Shapes","floor":44,"turns":5},{"damage":2,"enemies":"Maw","floor":45,"turns":4},{"damage":7,"enemies":"Reptomancer","floor":48,"turns":3},{"damage":46,"enemies":"Donu and Deca","floor":50,"turns":8},{"damage":17,"enemies":"Awakened One","floor":51,"turns":8},{"damage":12,"enemies":"Shield and Spear","floor":55,"turns":3},{"damage":58,"enemies":"The Heart","floor":56,"turns":5}],"seed_played":"7349516955094789304","potions_obtained":[{"floor":1,"key":"Dexterity Potion"},{"floor":5,"key":"Energy Potion"},{"floor":8,"key":"Explosive Potion"},{"floor":13,"key":"AttackPotion"},{"floor":14,"key":"LiquidBronze"},{"floor":25,"key":"PowerPotion"},{"floor":28,"key":"GamblersBrew"},{"floor":33,"key":"SpeedPotion"},{"floor":37,"key":"DuplicationPotion"},{"floor":45,"key":"EssenceOfSteel"},{"floor":48,"key":"GhostInAJar"}],"is_trial":false,"path_per_floor":["M","?","M","?","M","R","M","E","T","R","$","M","E","M","R","B",null,"M","M","?","$","M","E","R","E","T","R","E","?","$","?","R","B",null,"M","?","M","?","M","R","E","R","T","M","M","?","R","E","R","B","B",null,"R","$","E","B"],"character_chosen":"THE_SILENT","items_purchased":["Pen Nib","Lee\u0027s Waffle","Doppelganger+1","Swift Potion","LiquidBronze","SteroidPotion","Acrobatics+1"],"campfire_rested":5,"item_purchase_floors":[11,21,30,30,54,54,54],"current_hp_per_floor":[58,47,47,47,46,46,43,13,13,32,32,29,29,29,29,23,55,50,36,36,73,73,48,48,45,45,45,45,45,45,45,45,25,61,55,55,54,54,33,54,54,73,73,71,69,69,69,62,69,23,6,53,69,69,57,0,0],"gold":123,"neow_bonus":"TRANSFORM_CARD","is_daily":false,"chose_seed":false,"campfire_upgraded":5,"win_rate":0.0,"timestamp":1608861853,"path_taken":["M","?","M","?","M","R","M","E","T","R","$","M","E","?","R","BOSS","M","M","?","$","M","E","R","E","T","R","E","?","$","?","R","BOSS","M","?","M","?","M","R","E","R","T","?","M","?","R","E","R","BOSS","BOSS","R","$","E","BOSS"],"items_purchased_type":["Relic","Relic","Card","Potion","Potion","Potion","Card"],"build_version":"2020-12-22","purchased_purges":1,"victory":false,"max_hp_per_floor":[66,66,66,66,66,66,66,66,66,66,66,66,66,66,66,66,66,66,66,66,73,73,73,73,73,73,73,73,73,73,73,73,73,73,73,73,73,73,73,73,73,73,73,73,73,69,69,69,69,69,69,69,69,69,69,69,69],"relic_stats":{"Lee\u0027s Waffle":37,"Centennial Puzzle":[31],"Happy Flower":[12],"counters":[27,121],"Sundial":[12],"Pen Nib":[35],"PreservedInsect":188,"obtain_stats":[{"Potion Belt":17,"Lee\u0027s Waffle":21,"Happy Flower":41,"Vajra":8,"Pen Nib":11,"PreservedInsect":28,"Omamori":25,"Paper Crane":23,"WarpedTongs":4,"Calling Bell":17,"Du-Vu Doll":17,"Centennial Puzzle":26,"CaptainsWheel":48,"Anchor":55,"Sundial":9,"Fusion Hammer":34,"Toxic Egg 2":17,"Unceasing Top":13,"Ring of the Snake":0},{"Potion Belt":9,"Lee\u0027s Waffle":11,"Happy Flower":20,"Vajra":5,"Pen Nib":5,"PreservedInsect":15,"Omamori":14,"Paper Crane":13,"WarpedTongs":2,"Calling Bell":9,"Du-Vu Doll":9,"Centennial Puzzle":14,"CaptainsWheel":23,"Anchor":26,"Sundial":5,"Fusion Hammer":16,"Toxic Egg 2":9,"Unceasing Top":7,"Ring of the Snake":0},{"Potion Belt":35,"Lee\u0027s Waffle":40,"Happy Flower":85,"Vajra":22,"Pen Nib":22,"PreservedInsect":57,"Omamori":53,"Paper Crane":49,"WarpedTongs":8,"Calling Bell":35,"Du-Vu Doll":35,"Centennial Puzzle":53,"CaptainsWheel":97,"Anchor":116,"Sundial":22,"Fusion Hammer":68,"Toxic Egg 2":35,"Unceasing Top":25,"Ring of the Snake":0}],"Unceasing Top":[23],"Ring of the Snake":[56],"WarpedTongs":[88]},"card_choices":[{"not_picked":["Leg Sweep","Concentrate"],"picked":"Blade Dance","floor":1},{"not_picked":["Backflip","Deadly Poison"],"picked":"Endless Agony","floor":3},{"not_picked":["Cloak And Dagger","Poisoned Stab"],"picked":"Blade Dance","floor":5},{"not_picked":["Endless Agony","Blade Dance"],"picked":"Choke","floor":7},{"not_picked":["Dodge and Roll","Tools of the Trade"],"picked":"PiercingWail","floor":8},{"not_picked":["Deflect","Cloak And Dagger"],"picked":"Finisher","floor":12},{"not_picked":["Flying Knee","Catalyst","Slice"],"picked":"SKIP","floor":13},{"not_picked":["Escape Plan","Heel Hook"],"picked":"Accuracy","floor":14},{"not_picked":["Tools of the Trade","Unload"],"picked":"Glass Knife","floor":16},{"not_picked":["Bane","Acrobatics+1"],"picked":"Riddle With Holes","floor":18},{"not_picked":["Calculated Gamble+1","Heel Hook"],"picked":"Acrobatics+1","floor":19},{"not_picked":["Prepared+1","Leg Sweep+1"],"picked":"PiercingWail+1","floor":22},{"not_picked":["Bane","Slice","Quick Slash"],"picked":"SKIP","floor":23},{"not_picked":["Poisoned Stab","Bane"],"picked":"Concentrate+1","floor":25},{"not_picked":["Deflect+1","Outmaneuver+1"],"picked":"Prepared+1","floor":28},{"not_picked":["Glass Knife","Corpse Explosion+1"],"picked":"Venomology+1","floor":33},{"not_picked":["Poisoned Stab+1","Crippling Poison+1"],"picked":"Blade Dance+1","floor":35},{"not_picked":["Choke+1","Bane","Predator"],"picked":"SKIP","floor":37},{"not_picked":["Underhanded Strike","Poisoned Stab"],"picked":"Backflip+1","floor":39},{"not_picked":["Concentrate+1","Bane"],"picked":"PiercingWail+1","floor":41},{"not_picked":["Calculated Gamble+1","Dash"],"picked":"Blade Dance+1","floor":44},{"not_picked":["Skewer","Poisoned Stab"],"picked":"Acrobatics+1","floor":45},{"not_picked":["Heel Hook+1","Endless Agony"],"picked":"Tactician+1","floor":48},{"not_picked":["Concentrate+1","Infinite Blades"],"picked":"PiercingWail+1","floor":55}],"player_experience":3177313,"relics_obtained":[{"floor":8,"key":"Vajra"},{"floor":9,"key":"Sundial"},{"floor":13,"key":"Unceasing Top"},{"floor":17,"key":"Potion Belt"},{"floor":17,"key":"Toxic Egg 2"},{"floor":17,"key":"Du-Vu Doll"},{"floor":23,"key":"Paper Crane"},{"floor":25,"key":"Omamori"},{"floor":26,"key":"Centennial Puzzle"},{"floor":28,"key":"PreservedInsect"},{"floor":41,"key":"Happy Flower"},{"floor":48,"key":"CaptainsWheel"},{"floor":55,"key":"Anchor"}],"event_choices":[{"damage_healed":0,"gold_gain":75,"player_choice":"Gather Gold","damage_taken":11,"max_hp_gain":0,"max_hp_loss":0,"event_name":"World of Goop","floor":2,"gold_loss":0},{"damage_healed":0,"gold_gain":0,"player_choice":"Rummage","damage_taken":0,"relics_obtained":["WarpedTongs"],"max_hp_gain":0,"max_hp_loss":0,"event_name":"Accursed Blacksmith","floor":4,"gold_loss":0,"cards_obtained":["Pain"]},{"damage_healed":0,"gold_gain":0,"player_choice":"Simplicity","damage_taken":0,"max_hp_gain":0,"max_hp_loss":0,"event_name":"Back to Basics","floor":20,"gold_loss":0,"cards_upgraded":["Strike_G","Strike_G","Strike_G","Strike_G","Defend_G","Defend_G","Defend_G","Defend_G","Defend_G"]},{"damage_healed":0,"gold_gain":0,"player_choice":"Ignored","damage_taken":0,"max_hp_gain":0,"max_hp_loss":0,"event_name":"Vampires","floor":29,"gold_loss":0},{"damage_healed":0,"gold_gain":0,"player_choice":"Read","damage_taken":0,"max_hp_gain":0,"max_hp_loss":0,"event_name":"The Library","floor":31,"gold_loss":0,"cards_obtained":["Malaise"]},{"cards_removed":["Neutralize"],"damage_healed":0,"gold_gain":0,"player_choice":"Removed Attack","damage_taken":0,"max_hp_gain":0,"max_hp_loss":0,"event_name":"Falling","floor":36,"gold_loss":0},{"cards_removed":["Strike_G"],"damage_healed":0,"gold_gain":0,"player_choice":"Offered Basic","damage_taken":0,"max_hp_gain":0,"max_hp_loss":0,"event_name":"Bonfire Elementals","floor":38,"gold_loss":0},{"damage_healed":0,"gold_gain":0,"player_choice":"Max HP","damage_taken":0,"max_hp_gain":0,"max_hp_loss":4,"event_name":"Winding Halls","floor":46,"gold_loss":0}],"is_beta":false,"boss_relics":[{"not_picked":["Black Star","Cursed Key"],"picked":"Calling Bell"},{"not_picked":["Runic Pyramid","Tiny House"],"picked":"Fusion Hammer"}],"items_purged_floors":[11],"is_endless":false,"potions_floor_spawned":[1,5,8,13,14,25,28,33,37,45,48],"killed_by":"The Heart","ascension_level":20}}