{"host":"rmsq46plbpwfbxcc","time":1608855944,"event":{"mods":["AchievementEnabler","BaseMod","Colored Map","DeckTracker","Minty Spire (QoL Compilation)","Permanent Neow","SuperFastMode"],"gold_per_floor":[117,42,62,76,76,76,108,108,132,159,171,209,240,272,284,367,379,402,414,446,458,487,533,559,571,606,646,669,681,720,742,754,838,850,878,907,929,377,377,377,393,176,176,176,201,201,201,151,151,151,151],"floor_reached":50,"playtime":1867,"items_purged":["Strike_G","Strike_G","Defend_G"],"score":1080,"play_id":"0d271f8a-9758-4489-839f-ab52f219dbf0","local_time":"20201225092544","is_ascension_mode":true,"campfire_choices":[{"data":"Neutralize","floor":6.0,"key":"SMITH"},{"data":"After Image","floor":8.0,"key":"SMITH"},{"data":"Terror","floor":15.0,"key":"SMITH"},{"data":"Blade Dance","floor":25.0,"key":"SMITH"},{"data":"Cloak And Dagger","floor":29,"key":"SMITH"},{"data":"Adrenaline","floor":32,"key":"SMITH"},{"data":"Envenom","floor":40,"key":"SMITH"},{"data":"Footwork","floor":44,"key":"SMITH"},{"floor":46,"key":"RECALL"},{"data":"Adrenaline","floor":49,"key":"SMITH"}],"circlet_count":0,"master_deck":["AscendersBane","Strike_G","Defend_G","Survivor","Neutralize+1","Blade Dance+1","Noxious Fumes+1","A Thousand Cuts+1","PiercingWail","After Image+1","Blur","Acrobatics","Terror+1","Adrenaline+1","Well Laid Plans","Cloak And Dagger+1","Blade Dance+1","Cloak And Dagger+1","Backflip+1","PiercingWail+1","Choke+1","Adrenaline+1","Tactician","Accuracy+1","Footwork+1","Envenom+1"],"relics":["Astrolabe","Darkstone Periapt","Vajra","Bag of Marbles","MawBank","PreservedInsect","Black Star","Smiling Mask","Ginger","Thread and Needle","Pen Nib","Bronze Scales","Turnip","Bottled Lightning","Art of War","Coffee Dripper","WingedGreaves","Snake Skull","StrikeDummy","Strawberry"],"acts_visited":["Exordium","TheCity","TheBeyond"],"potions_floor_usage":[30,31,33,35,50,50],"damage_taken":[{"damage":1.0,"enemies":"Cultist","floor":1.0,"turns":4.0},{"damage":0.0,"enemies":"Jaw Worm","floor":3.0,"turns":4.0},{"damage":0.0,"enemies":"Small Slimes","floor":4.0,"turns":2.0},{"damage":19.0,"enemies":"3 Sentries","floor":7.0,"turns":5.0},{"damage":18.0,"enemies":"Gremlin Nob","floor":10.0,"turns":4.0},{"damage":8.0,"enemies":"3 Sentries","floor":12.0,"turns":5.0},{"damage":0.0,"enemies":"Red Slaver","floor":13.0,"turns":3.0},{"damage":0.0,"enemies":"Large Slime","floor":14.0,"turns":5.0},{"damage":0.0,"enemies":"Hexaghost","floor":16.0,"turns":8.0},{"damage":0.0,"enemies":"Chosen","floor":18.0,"turns":5.0},{"damage":0.0,"enemies":"3 Byrds","floor":20.0,"turns":4.0},{"damage":3.0,"enemies":"Snake Plant","floor":22.0,"turns":5.0},{"damage":12.0,"enemies":"Book of Stabbing","floor":23.0,"turns":6.0},{"damage":5.0,"enemies":"Cultist and Chosen","floor":24.0,"turns":6.0},{"damage":11,"enemies":"Slavers","floor":27,"turns":4},{"damage":0,"enemies":"Sentry and Sphere","floor":28,"turns":5},{"damage":2,"enemies":"Gremlin Leader","floor":30,"turns":6},{"damage":4,"enemies":"Snecko","floor":31,"turns":4},{"damage":24,"enemies":"Automaton","floor":33,"turns":10},{"damage":0,"enemies":"3 Darklings","floor":35,"turns":4},{"damage":0,"enemies":"Orb Walker","floor":36,"turns":2},{"damage":0,"enemies":"Jaw Worm Horde","floor":37,"turns":5},{"damage":0,"enemies":"4 Shapes","floor":41,"turns":5},{"damage":2,"enemies":"Giant Head","floor":45,"turns":4},{"damage":65,"enemies":"Time Eater","floor":50,"turns":8}],"seed_played":"-4472804973856835414","potions_obtained":[{"floor":3.0,"key":"Dexterity Potion"},{"floor":10.0,"key":"SmokeBomb"},{"floor":12.0,"key":"SpeedPotion"},{"floor":20.0,"key":"Regen Potion"},{"floor":27,"key":"EntropicBrew"},{"floor":31,"key":"Weak Potion"},{"floor":33,"key":"SteroidPotion"},{"floor":35,"key":"Block Potion"}],"is_trial":false,"path_per_floor":["M","?","M","M","T","R","E","R","T","E","?","E","M","M","R","B",null,"M","?","M","?","M","E","M","R","T","E","M","R","E","M","R","B",null,"M","M","M","$","?","R","M","$","T","R","E","R","?","$","R","B"],"character_chosen":"THE_SILENT","items_purchased":["Envenom","WingedGreaves","Snake Skull"],"campfire_rested":0,"item_purchase_floors":[38,38,42],"current_hp_per_floor":[58,58,58,58,58,58,39,39,39,21,21,13,13,13,13,13,53,53,59,59,59,56,59,54,54,54,43,43,43,41,37,37,13,57,57,57,57,57,57,57,57,57,57,57,62,62,62,62,62,0,0],"gold":151,"neow_bonus":"BOSS_RELIC","is_daily":false,"chose_seed":false,"campfire_upgraded":9,"win_rate":0.0,"timestamp":1608855944,"path_taken":["M","?","M","M","?","R","E","R","T","E","?","E","?","M","R","BOSS","M","?","M","?","M","E","M","R","T","E","M","R","E","M","R","BOSS","M","M","M","$","?","R","M","$","T","R","E","R","?","$","R","BOSS"],"items_purchased_type":["Card","Relic","Relic"],"build_version":"2020-12-22","purchased_purges":3,"victory":false,"max_hp_per_floor":[66,66,66,66,66,66,66,66,66,66,66,66,66,66,66,66,66,66,72,72,72,72,72,72,72,72,72,72,72,72,72,72,72,72,72,72,72,72,72,72,72,72,72,72,79,79,79,79,79,79,79],"card_choices":[{"not_picked":["Quick Slash","Outmaneuver","Slice"],"picked":"SKIP","floor":1.0},{"not_picked":["Dagger Throw","Eviscerate","Quick Slash"],"picked":"SKIP","floor":3.0},{"not_picked":["Dagger Spray","Blade Dance"],"picked":"PiercingWail","floor":4.0},{"not_picked":["Quick Slash","Sucker Punch"],"picked":"After Image","floor":7.0},{"not_picked":["Concentrate","Sucker Punch"],"picked":"Blur","floor":10.0},{"not_picked":["Flying Knee","Distraction"],"picked":"Acrobatics","floor":12.0},{"not_picked":["Dagger Throw","Blade Dance","All Out Attack"],"picked":"SKIP","floor":13.0},{"not_picked":["Doppelganger","Flying Knee"],"picked":"Terror","floor":14.0},{"not_picked":["Night Terror","Phantasmal Killer"],"picked":"Adrenaline","floor":16.0},{"not_picked":["Caltrops","Eviscerate","Riddle With Holes"],"picked":"SKIP","floor":18.0},{"not_picked":["Masterful Stab+1","Prepared"],"picked":"Well Laid Plans","floor":20.0},{"not_picked":["Deadly Poison","Blur"],"picked":"Escape Plan","floor":22.0},{"not_picked":["Riddle With Holes","Backstab"],"picked":"Cloak And Dagger","floor":23.0},{"not_picked":["Underhanded Strike","Well Laid Plans"],"picked":"Blade Dance","floor":24.0},{"not_picked":["PiercingWail","Underhanded Strike"],"picked":"Cloak And Dagger+1","floor":27},{"not_picked":["Expertise","Setup"],"picked":"Backflip+1","floor":28},{"not_picked":["Caltrops","Concentrate"],"picked":"PiercingWail+1","floor":30},{"not_picked":["Heel Hook+1","Eviscerate"],"picked":"Choke+1","floor":31},{"not_picked":["Storm of Steel","Die Die Die"],"picked":"Adrenaline","floor":33},{"not_picked":["Backflip+1","Outmaneuver+1"],"picked":"Tactician","floor":35},{"not_picked":["Distraction+1","Well Laid Plans"],"picked":"Accuracy+1","floor":36},{"not_picked":["Flying Knee","Bane"],"picked":"Footwork","floor":37},{"not_picked":["PiercingWail+1","Bane+1","Backflip"],"picked":"SKIP","floor":41},{"not_picked":["Poisoned Stab","Bouncing Flask","Predator"],"picked":"SKIP","floor":45}],"player_experience":1370577,"relics_obtained":[{"floor":5.0,"key":"Darkstone Periapt"},{"floor":7.0,"key":"Vajra"},{"floor":9.0,"key":"Bag of Marbles"},{"floor":10.0,"key":"MawBank"},{"floor":12.0,"key":"PreservedInsect"},{"floor":23.0,"key":"Ginger"},{"floor":23.0,"key":"Thread and Needle"},{"floor":26.0,"key":"Pen Nib"},{"floor":27,"key":"Bronze Scales"},{"floor":27,"key":"Turnip"},{"floor":30,"key":"Bottled Lightning"},{"floor":30,"key":"Art of War"},{"floor":45,"key":"StrikeDummy"},{"floor":45,"key":"Strawberry"}],"event_choices":[{"cards_removed":["Defend_G"],"damage_healed":0.0,"max_hp_gain":0.0,"max_hp_loss":0.0,"gold_gain":0.0,"event_name":"The Cleric","player_choice":"Card Removal","floor":2.0,"gold_loss":75.0,"damage_taken":0.0},{"cards_removed":["Defend_G"],"damage_healed":0.0,"max_hp_gain":0.0,"max_hp_loss":0.0,"gold_gain":0.0,"event_name":"Purifier","player_choice":"Purged","floor":11.0,"gold_loss":0.0,"damage_taken":0.0},{"damage_healed":0.0,"max_hp_gain":0.0,"max_hp_loss":0.0,"gold_gain":0.0,"event_name":"The Mausoleum","player_choice":"Opened","floor":19.0,"gold_loss":0.0,"damage_taken":0.0,"relics_obtained":["Smiling Mask"],"cards_obtained":["Writhe"]},{"cards_removed":["Writhe"],"damage_healed":0.0,"max_hp_gain":0.0,"max_hp_loss":0.0,"gold_gain":0.0,"event_name":"Back to Basics","player_choice":"Elegance","floor":21.0,"gold_loss":0.0,"damage_taken":0.0},{"damage_healed":0,"gold_gain":0,"player_choice":"Ignored","damage_taken":0,"max_hp_gain":0,"max_hp_loss":0,"event_name":"Tomb of Lord Red Mask","floor":39,"gold_loss":0},{"cards_removed":["Escape Plan"],"damage_healed":0,"gold_gain":0,"player_choice":"Removed Skill","damage_taken":0,"max_hp_gain":0,"max_hp_loss":0,"event_name":"Falling","floor":47,"gold_loss":0}],"is_beta":false,"boss_relics":[{"not_picked":["Busted Crown","Ectoplasm"],"picked":"Black Star"},{"not_picked":["Pandora\u0027s Box","Calling Bell"],"picked":"Coffee Dripper"}],"items_purged_floors":[38,42,48],"is_endless":false,"potions_floor_spawned":[3,10,12,13,20,27,31,33,35,37,45],"killed_by":"Time Eater","ascension_level":16}}