{"host":"6a06qhlf17v5rcww","time":1608872937,"event":{"mods":["BaseMod","Beaked The Cultist","Better Altar","Better Match","Better Note","Better Sensory Stone","Better Skull","Better Third Choice","BetterRewards","Downfall","Hermit","Infinite Spire","Minty Spire (QoL Compilation)","Rare Cards Sparkle","Replay The Spire","StSLib","The Cursed","The Witch"],"gold_per_floor":[99,99,199,199,199,199,199,209,219,231,231,262,187,204,222,323,323,323,343,291,301,312,462,487,487,487,502,502,502,502],"floor_reached":28,"playtime":3253,"items_purged":[],"score":268,"play_id":"e29d6aef-c6ae-4d37-827a-104eb8ee585c","local_time":"20201225000857","is_ascension_mode":false,"campfire_choices":[{"data":"champ:Taunt","floor":1.0,"key":"SMITH"},{"data":"champ:Lariat","floor":13.0,"key":"SMITH"},{"data":"champ:StrikeOfGenius","floor":18.0,"key":"SMITH"},{"data":"champ:EndlessRage","floor":25.0,"key":"SMITH"}],"circlet_count":0,"master_deck":["champ:Strike","champ:Strike","champ:Strike","champ:Defend","champ:Defend","champ:Defend","champ:Defend","champ:Execute","champ:Taunt+1","champ:Control","champ:Lariat+1","champ:Circumvent","champ:HeartStrike","champ:AdrenalArmor","champ:FocusedBerserking","champ:AdrenalArmor","champ:TornadoPunch","champ:Backstep","champ:StrikeOfGenius+1","champ:GutPunch","champ:BerserkerStyle","champ:EndlessRage+1","infinitespire:Fortify","champ:RapidStrikes+1"],"relics":["champ:ChampionCrown","downfall:HeartsMalice","Lantern","downfall:HeartBlessingGreen","infinitespire:Cupcake","Nunchaku","SlaversCollar"],"acts_visited":["Exordium","TheCity"],"potions_floor_usage":[],"damage_taken":[{"damage":0.0,"enemies":"Cultist","floor":2.0,"turns":1.0},{"damage":0.0,"enemies":"infinitespire:Voidling","floor":4.0,"turns":1.0},{"damage":0.0,"enemies":"Small Slimes","floor":5.0,"turns":1.0},{"damage":0.0,"enemies":"Exordium Wildlife","floor":8.0,"turns":3.0},{"damage":30.0,"enemies":"Red Slaver","floor":9.0,"turns":5.0},{"damage":43.0,"enemies":"Blue Slaver","floor":10.0,"turns":6.0},{"damage":63.0,"enemies":"Lagavulin","floor":12.0,"turns":8.0},{"damage":11.0,"enemies":"2 Fungi Beasts","floor":14.0,"turns":3.0},{"damage":19.0,"enemies":"3 Louse","floor":15.0,"turns":4.0},{"damage":51.0,"enemies":"downfall:Watcher","floor":16.0,"turns":10.0},{"damage":51.0,"enemies":"Chosen","floor":19.0,"turns":7.0},{"damage":28.0,"enemies":"downfall:FleeingMerchant","floor":20.0,"turns":4.0},{"damage":28.0,"enemies":"3 Byrds","floor":21.0,"turns":7.0},{"damage":41.0,"enemies":"Snake Plant","floor":22.0,"turns":5.0},{"damage":69.0,"enemies":"Chosen and Byrds","floor":27.0,"turns":12.0},{"damage":52,"enemies":"3 Cultists","floor":28,"turns":5}],"seed_played":"-5121055360227232235","potions_obtained":[{"floor":8.0,"key":"EssenceOfSteel"},{"floor":9.0,"key":"Energy Potion"},{"floor":15.0,"key":"Dexterity Potion"},{"floor":19.0,"key":"sneckomod:MuddlingPotion"}],"is_trial":false,"path_per_floor":["R","M","?","M","M","?","T","M","M","M","T","E","R","M","M","B",null,"R","M","$","M","M","?","T","R","AVR","M","M"],"character_chosen":"THE_CHAMP","items_purchased":["champ:BerserkerStyle"],"campfire_rested":0,"item_purchase_floors":[20],"current_hp_per_floor":[90,90,90,90,90,90,90,90,90,83,93,76,76,76,76,76,100,100,89,89,89,78,78,78,78,78,41,0,0,0],"gold":502,"neow_bonus":"THREE_ENEMY_KILL","is_daily":false,"chose_seed":false,"campfire_upgraded":4,"win_rate":0.0,"timestamp":1608872937,"path_taken":["R","M","?","M","?","?","T","M","M","M","?","E","R","?","M","BOSS","R","M","$","M","M","?","T","R","AVR","M","M"],"items_purchased_type":["Card"],"build_version":"2020-12-22","purchased_purges":0,"victory":false,"max_hp_per_floor":[90,90,90,90,90,90,90,90,90,90,100,100,100,100,100,100,100,100,100,100,100,100,100,100,100,100,100,100,100,100],"card_choices":[{"not_picked":["champ:ViciousMockery","champ:AdrenalArmor"],"picked":"champ:Control","floor":2.0},{"not_picked":["champ:DefensiveShout","champ:PerfectedStrike"],"picked":"champ:Lariat","floor":4.0},{"not_picked":["champ:EndlessRage","champ:CrookedStrike"],"picked":"champ:Circumvent","floor":5.0},{"not_picked":["champ:GutPunch","champ:BringItOn"],"picked":"champ:AdrenalArmor","floor":8.0},{"not_picked":["champ:VampiricStrike","champ:FlashCut"],"picked":"champ:FocusedBerserking","floor":9.0},{"not_picked":["champ:PerfectedStrike","champ:DefensiveShout"],"picked":"champ:AdrenalArmor","floor":10.0},{"not_picked":["champ:FanOfKnives","champ:RisingSlash","champ:ShieldWall"],"picked":"SKIP","floor":12.0},{"not_picked":["champ:SkillfulDodge","champ:DefensiveShout"],"picked":"champ:TornadoPunch","floor":14.0},{"not_picked":["champ:Aggression","champ:BerserkerStyle"],"picked":"champ:Backstep","floor":15.0},{"not_picked":["champ:CheapShot","champ:IgnorePain"],"picked":"champ:StrikeOfGenius","floor":16.0},{"not_picked":["champ:FaceSlap","champ:DefensiveShout","champ:FocusedDefense"],"picked":"SKIP","floor":19.0},{"not_picked":["champ:StanceDance","champ:FlashCut"],"picked":"champ:GutPunch","floor":20.0},{"not_picked":["champ:Circumvent+1","champ:AdrenalArmor"],"picked":"champ:EndlessRage","floor":21.0},{"not_picked":["champ:Haymaker","champ:DefensiveShout","champ:SkillfulDodge"],"picked":"SKIP","floor":22.0},{"not_picked":["champ:DefensiveShout","champ:ShieldWall"],"picked":"champ:RapidStrikes+1","floor":27.0}],"player_experience":708170,"relics_obtained":[{"floor":11.0,"key":"Pear"},{"floor":12.0,"key":"Lantern"},{"floor":24.0,"key":"Nunchaku"}],"event_choices":[{"damage_healed":0.0,"max_hp_gain":0.0,"max_hp_loss":0.0,"gold_gain":0.0,"cards_transformed":["champ:Strike"],"event_name":"Living Wall","player_choice":"Change","floor":6.0,"gold_loss":0.0,"damage_taken":0.0,"cards_obtained":["champ:HeartStrike"]}],"is_beta":false,"boss_relics":[{"not_picked":["SacredBark","Honey Jar"],"picked":"infinitespire:Cupcake"}],"items_purged_floors":[],"is_endless":false,"potions_floor_spawned":[8,9,15,19],"killed_by":"3 Cultists","ascension_level":0}}