{"host":"wfy07lporsqrbz3r","time":1608904540,"event":{"mods":["BaseMod","Minty Spire (QoL Compilation)","Replay The Spire","StSLib"],"gold_per_floor":[119,119,31,45,45,79,95,113,139,172,6,6,16,48,48,126,126,141,66,85,85,85,85,118,18,18,18,18,18,18],"floor_reached":29,"playtime":2611,"items_purged":["Strike_G","Strike_G"],"score":568,"play_id":"58dedecb-7fe2-4c57-b187-efd5b8810013","local_time":"20201225215540","is_ascension_mode":true,"campfire_choices":[{"floor":12.0,"key":"REST"},{"floor":15.0,"key":"REST"},{"data":"Pot Of Greed","floor":23.0,"key":"SMITH"},{"floor":27.0,"key":"REST"}],"circlet_count":0,"master_deck":["AscendersBane","Strike_G","Strike_G","Strike_G","Defend_G","Defend_G","Defend_G","Defend_G","Defend_G","Survivor","Neutralize","Blade Dance","Reflex","Prepared","ReplayTheSpireMod:Shiv Toss","Pot Of Greed","Pot Of Greed+1","After Image","Blade Dance","Burst","ReplayTheSpireMod:The Works"],"relics":["Ring of the Snake","NeowsBlessing","Kunai","Pen Nib","Bag of Marbles","Tiny Chest","Grinning Jar","PreservedInsect","Boot","Sozu","MutagenicStrength","Bronze Scales","Pocketwatch","Sundial"],"acts_visited":["Exordium","TheCity"],"potions_floor_usage":[],"damage_taken":[{"damage":0.0,"enemies":"Cultist","floor":1.0,"turns":1.0},{"damage":0.0,"enemies":"Small Slimes","floor":4.0,"turns":1.0},{"damage":0.0,"enemies":"3 Sentries","floor":6.0,"turns":1.0},{"damage":4.0,"enemies":"Jaw Worm","floor":7.0,"turns":3.0},{"damage":0.0,"enemies":"Gremlin Gang","floor":8.0,"turns":4.0},{"damage":43.0,"enemies":"Lagavulin","floor":10.0,"turns":14.0},{"damage":2.0,"enemies":"Blue Slaver","floor":13.0,"turns":4.0},{"damage":1.0,"enemies":"Gremlin Nob","floor":14.0,"turns":3.0},{"damage":14.0,"enemies":"The Guardian","floor":16.0,"turns":15.0},{"damage":4.0,"enemies":"Chosen","floor":18.0,"turns":5.0},{"damage":14.0,"enemies":"Shell Parasite","floor":20.0,"turns":4.0},{"damage":24.0,"enemies":"Book of Stabbing","floor":24.0,"turns":5.0},{"damage":29,"enemies":"Gremlin Leader","floor":29,"turns":5}],"seed_played":"-7197458477718031111","potions_obtained":[{"floor":6.0,"key":"FearPotion"},{"floor":7.0,"key":"Dexterity Potion"},{"floor":8.0,"key":"LifebloodPotion"},{"floor":14.0,"key":"Dexterity Potion"},{"floor":16.0,"key":"Swift Potion"}],"is_trial":false,"path_per_floor":["M","T","?","M","?","E","M","M","T","E","$","R","M","E","R","B",null,"M","$","M","?","?","R","E","$","T","R","T","E"],"character_chosen":"THE_SILENT","items_purchased":["PreservedInsect"],"campfire_rested":3,"item_purchase_floors":[11],"current_hp_per_floor":[59,59,59,59,59,59,55,55,55,12,12,31,29,28,47,33,58,54,54,40,40,40,40,16,16,16,35,35,6,6],"gold":18,"neow_bonus":"THREE_ENEMY_KILL","is_daily":false,"chose_seed":false,"campfire_upgraded":1,"win_rate":0.0,"timestamp":1608904540,"path_taken":["M","?","?","?","?","E","M","?","T","E","$","R","M","E","R","BOSS","M","$","M","?","?","R","E","?","T","R","?","E"],"items_purchased_type":["Relic"],"build_version":"2020-12-22","purchased_purges":2,"victory":false,"max_hp_per_floor":[66,66,66,66,66,66,66,66,66,66,66,66,66,66,66,66,66,66,66,66,66,66,66,66,66,66,66,66,66,66],"card_choices":[{"not_picked":["Prepared","Heel Hook"],"picked":"Blade Dance","floor":1.0},{"not_picked":["Crippling Poison","Riddle With Holes"],"picked":"Reflex","floor":4.0},{"not_picked":["Underhanded Strike","Backflip","All Out Attack"],"picked":"SKIP","floor":6.0},{"not_picked":["Underhanded Strike","Cloak And Dagger"],"picked":"Prepared","floor":7.0},{"not_picked":["Masterful Stab","Well Laid Plans"],"picked":"ReplayTheSpireMod:Shiv Toss","floor":8.0},{"not_picked":["Dagger Throw","Flying Knee"],"picked":"After Image","floor":10.0},{"not_picked":["Hidden Blade","Eviscerate"],"picked":"Blade Dance","floor":13.0},{"not_picked":["Endless Agony","Deadly Poison","Cloak And Dagger"],"picked":"SKIP","floor":14.0},{"not_picked":["Malaise","Night Terror"],"picked":"Burst","floor":16.0},{"not_picked":["Deflect","Cloak And Dagger+1"],"picked":"ReplayTheSpireMod:The Works","floor":18.0},{"not_picked":["Dash","Sucker Punch","Dagger Throw"],"picked":"SKIP","floor":20.0},{"not_picked":["Finisher","Dodge and Roll+1","Heel Hook"],"picked":"SKIP","floor":24.0}],"player_experience":716849,"relics_obtained":[{"floor":2.0,"key":"Kunai"},{"floor":6.0,"key":"Bag of Marbles"},{"floor":9.0,"key":"Tiny Chest"},{"floor":10.0,"key":"Grinning Jar"},{"floor":14.0,"key":"Boot"},{"floor":24.0,"key":"Bronze Scales"},{"floor":26.0,"key":"Pocketwatch"},{"floor":28.0,"key":"Sundial"}],"event_choices":[{"damage_healed":0.0,"max_hp_gain":0.0,"max_hp_loss":0.0,"gold_gain":0.0,"event_name":"WeMeetAgain","player_choice":"Paid Gold","floor":3.0,"gold_loss":88.0,"damage_taken":0.0,"relics_obtained":["Pen Nib"]},{"damage_healed":0.0,"max_hp_gain":0.0,"max_hp_loss":0.0,"gold_gain":0.0,"event_name":"Match and Keep!","player_choice":"0 cards matched","floor":5.0,"gold_loss":0.0,"damage_taken":0.0,"cards_obtained":[]},{"damage_healed":0.0,"max_hp_gain":0.0,"max_hp_loss":0.0,"gold_gain":0.0,"event_name":"Vampires","player_choice":"Ignored","floor":21.0,"gold_loss":0.0,"damage_taken":0.0},{"damage_healed":0.0,"max_hp_gain":0.0,"max_hp_loss":0.0,"gold_gain":0.0,"event_name":"Drug Dealer","player_choice":"Inject Mutagens","floor":22.0,"gold_loss":0.0,"damage_taken":0.0,"relics_obtained":["MutagenicStrength"]}],"is_beta":false,"boss_relics":[{"not_picked":["Painkiller Herb","Replay:Drink Me"],"picked":"Sozu"}],"items_purged_floors":[19,25],"is_endless":false,"potions_floor_spawned":[6,7,8,14,16,20,24],"killed_by":"Gremlin Leader","ascension_level":20}}