{"host":"5fasz840ryq7obdf","time":1608915914,"event":{"mods":["AchievementEnabler","BaseMod","Bestiary","Better Altar","Better Skull","Better Third Choice","BetterRewards","Block Reminder","Colored Powertips","Curses Come First","Minty Spire (QoL Compilation)","Quick Restart","Relic Stats","Shop Mod","Spicy Shops","StSLib"],"gold_per_floor":[27,55,12,12,32,67,67,97,122,160,194,236,268,322,343,435,447,442,454,466,478,510,562,574,629,668,715,736,777,814,837,849,949,988,1021,1056,1093,1105,1133,1188,1200,1249,1284,1323,1346,1358,1370,1416,1437,1449,1461,1461],"floor_reached":51,"playtime":4376,"items_purged":["Defend_G"],"score":2371,"play_id":"e32cc835-875a-4ca3-bccf-f9b48e870ffa","local_time":"20201225170514","is_ascension_mode":true,"campfire_choices":[{"data":"Envenom","floor":7.0,"key":"SMITH"},{"floor":15.0,"key":"REST"},{"floor":28.0,"key":"REST"},{"data":"Well Laid Plans","floor":32.0,"key":"SMITH"},{"data":"Burst","floor":41.0,"key":"SMITH"},{"floor":46.0,"key":"RECALL"},{"floor":49.0,"key":"REST"}],"circlet_count":0,"master_deck":["AscendersBane","Strike_G","Strike_G+1","Strike_G","Strike_G","Defend_G","Defend_G+1","Survivor","Neutralize","Blur+1","Infinite Blades","Cloak And Dagger","Prepared","Envenom+1","Choke","Well Laid Plans+1","Infinite Blades","Tactician","Mind Blast+1","Poisoned Stab","Unload","Prepared","Footwork","Footwork","Backflip","Blur","Tactician","Cloak And Dagger","Corpse Explosion","Backflip","Backflip","Prepared+1","Concentrate","Unload","Cloak And Dagger","Cloak And Dagger","Burst+1","Accuracy+1","Phantasmal Killer+1","Endless Agony+1","Finisher+1","Concentrate+1","Phantasmal Killer","Leg Sweep+1","Swift Strike","Forethought","Good Instincts","Escape Plan","Prepared+1"],"relics":["Ring of the Snake","Ninja Scroll","Orrery","Turnip","Membership Card","Anchor","InkBottle","CeramicFish","PreservedInsect","Torii","Whetstone","Dream Catcher","MawBank","Sundial","Regal Pillow","Potion Belt","Black Star","MutagenicStrength","Pear","Mango","Pantograph","White Beast Statue","War Paint","Kunai","Mummified Hand","Astrolabe","Ancient Tea Set","Pen Nib","Snake Skull","Tingsha","Darkstone Periapt","Paper Crane","Blood Vial","StrikeDummy"],"acts_visited":["Exordium","TheCity","TheBeyond"],"potions_floor_usage":[50,50],"damage_taken":[{"damage":0.0,"enemies":"Cultist","floor":1.0,"turns":3.0},{"damage":0.0,"enemies":"Jaw Worm","floor":2.0,"turns":3.0},{"damage":0.0,"enemies":"2 Louse","floor":5.0,"turns":2.0},{"damage":0.0,"enemies":"Gremlin Nob","floor":6.0,"turns":2.0},{"damage":1.0,"enemies":"3 Sentries","floor":8.0,"turns":5.0},{"damage":11.0,"enemies":"Lagavulin","floor":10.0,"turns":3.0},{"damage":0.0,"enemies":"Looter","floor":11.0,"turns":1.0},{"damage":0.0,"enemies":"3 Louse","floor":13.0,"turns":3.0},{"damage":0.0,"enemies":"3 Sentries","floor":14.0,"turns":5.0},{"damage":6.0,"enemies":"Hexaghost","floor":16.0,"turns":8.0},{"damage":0.0,"enemies":"2 Thieves","floor":18.0,"turns":4.0},{"damage":0.0,"enemies":"Spheric Guardian","floor":22.0,"turns":1.0},{"damage":45.0,"enemies":"Gremlin Leader","floor":23.0,"turns":4.0},{"damage":22.0,"enemies":"Book of Stabbing","floor":25.0,"turns":6.0},{"damage":1.0,"enemies":"Slavers","floor":27.0,"turns":4.0},{"damage":0.0,"enemies":"3 Cultists","floor":29.0,"turns":5.0},{"damage":0.0,"enemies":"Centurion and Healer","floor":30.0,"turns":5.0},{"damage":1.0,"enemies":"Sentry and Sphere","floor":31.0,"turns":7.0},{"damage":2.0,"enemies":"Champ","floor":33.0,"turns":13.0},{"damage":14.0,"enemies":"3 Shapes","floor":35.0,"turns":3.0},{"damage":1.0,"enemies":"Orb Walker","floor":36.0,"turns":2.0},{"damage":25.0,"enemies":"Jaw Worm Horde","floor":39.0,"turns":5.0},{"damage":0.0,"enemies":"Nemesis","floor":40.0,"turns":3.0},{"damage":0.0,"enemies":"Giant Head","floor":42.0,"turns":5.0},{"damage":0.0,"enemies":"Sphere and 2 Shapes","floor":45.0,"turns":3.0},{"damage":1.0,"enemies":"Nemesis","floor":48.0,"turns":3.0},{"damage":48,"enemies":"Awakened One","floor":50,"turns":9},{"damage":81,"enemies":"Time Eater","floor":51,"turns":8}],"seed_played":"-2193288489909333645","potions_obtained":[{"floor":5.0,"key":"Strength Potion"},{"floor":6.0,"key":"Dexterity Potion"},{"floor":10.0,"key":"AttackPotion"},{"floor":16.0,"key":"ColorlessPotion"},{"floor":23.0,"key":"CunningPotion"},{"floor":24.0,"key":"Poison Potion"},{"floor":24.0,"key":"DistilledChaos"},{"floor":25.0,"key":"Dexterity Potion"},{"floor":27.0,"key":"BlessingOfTheForge"},{"floor":31.0,"key":"Ancient Potion"},{"floor":33.0,"key":"FearPotion"},{"floor":39.0,"key":"SteroidPotion"},{"floor":40.0,"key":"AttackPotion"},{"floor":42.0,"key":"AttackPotion"},{"floor":45.0,"key":"SpeedPotion"},{"floor":48.0,"key":"Energy Potion"}],"is_trial":false,"path_per_floor":["M","M","$","?","M","E","R","E","T","E","M","?","M","E","R","B",null,"M","?","?","?","M","E","?","E","T","E","R","M","M","M","R","B",null,"M","M","T","$","M","E","R","E","T","?","M","R","T","E","R","B","B"],"character_chosen":"THE_SILENT","items_purchased":["Ninja Scroll","Blur","Infinite Blades","Orrery","Turnip","Membership Card","Infinite Blades","Anchor","InkBottle","CeramicFish","PreservedInsect","Tactician","Mind Blast","Torii","Prepared"],"campfire_rested":3,"item_purchase_floors":[0,0,0,0,0,0,0,0,0,0,0,0,0,0,3],"current_hp_per_floor":[17,17,17,17,17,17,17,16,16,5,5,5,5,5,39,33,58,58,58,58,58,58,37,37,15,15,14,56,56,56,55,55,78,87,73,72,72,72,47,47,47,47,47,37,37,37,37,36,78,42,0,0],"gold":1461,"neow_bonus":"","is_daily":false,"chose_seed":false,"campfire_upgraded":3,"win_rate":0.0,"timestamp":1608915914,"path_taken":["M","M","$","?","M","E","R","E","T","E","M","?","M","E","R","BOSS","M","?","?","?","M","E","?","E","T","E","R","M","M","M","R","BOSS","M","M","?","$","M","E","R","E","T","?","M","R","?","E","R","BOSS","BOSS"],"items_purchased_type":["Relic","Card","Card","Relic","Relic","Relic","Card","Relic","Relic","Relic","Relic","Card","Card","Relic","Card"],"build_version":"2020-12-22","purchased_purges":1,"victory":false,"max_hp_per_floor":[66,66,66,66,66,66,66,66,66,66,66,66,66,66,66,66,66,66,66,66,66,66,90,90,90,90,90,90,90,90,90,90,90,90,90,90,90,90,90,90,90,90,90,90,90,90,90,90,90,90,90,90],"relic_stats":{"Darkstone Periapt":0,"Regal Pillow":45,"Torii":43,"counters":[84,356],"CeramicFish":288,"Astrolabe":["Finisher","Corpse Explosion","Finisher","Accuracy","Phantasmal Killer","Endless Agony"],"Tingsha":[78],"PreservedInsect":672,"Pen Nib":[8],"Snake Skull":[43],"Whetstone":["Mind Blast","Strike_G"],"War Paint":["Blur","Defend_G"],"MawBank":504,"Blood Vial":4,"Dream Catcher":3,"Sundial":[6],"Mummified Hand":[160],"Pantograph":110,"Turnip":[11],"Black Star":6,"Kunai":[137],"obtain_stats":[{"TwistedFunnel":36,"CeramicFish":0,"Vajra":0,"Whetstone":6,"Sling":0,"Boot":40,"Blood Vial":8,"Sundial":48,"Kunai":9,"Pear":25,"Blue Candle":17,"Astrolabe":17,"Tingsha":42,"Pen Nib":40,"Paper Crane":30,"War Paint":31,"Du-Vu Doll":38,"Bronze Scales":23,"MutagenicStrength":20,"Pandora\u0027s Box":34,"Black Star":17,"StrikeDummy":27,"Meat on the Bone":19,"NlothsMask":20,"Darkstone Periapt":42,"Lantern":12,"Regal Pillow":12,"Torii":0,"StoneCalendar":17,"Mango":23,"Snake Skull":17,"Juzu Bracelet":26,"Cursed Key":34,"Ancient Tea Set":37,"Dream Catcher":8,"Mummified Hand":0,"Ninja Scroll":29,"Pantograph":41,"Toolbox":0,"Red Mask":20,"InkBottle":0,"Ring of the Snake":0,"Potion Belt":14,"The Specimen":44,"PreservedInsect":31,"Omamori":36,"Frozen Egg 2":46,"Odd Mushroom":11,"MawBank":9,"White Beast Statue":25,"Peace Pipe":10,"Calling Bell":17,"Anchor":6,"Ornamental Fan":14,"Bloody Idol":19,"Orrery":47,"Turnip":0,"Bag of Marbles":30,"Membership Card":19,"Toy Ornithopter":47,"TungstenRod":25},{"TwistedFunnel":20,"CeramicFish":56,"Vajra":0,"Whetstone":60,"Sling":0,"Boot":23,"Blood Vial":6,"Sundial":27,"Kunai":6,"Pear":15,"Blue Candle":11,"Astrolabe":38,"Tingsha":80,"Pen Nib":79,"Paper Crane":17,"War Paint":18,"Du-Vu Doll":50,"Bronze Scales":41,"MutagenicStrength":67,"Pandora\u0027s Box":47,"Black Star":66,"StrikeDummy":16,"Meat on the Bone":12,"NlothsMask":39,"Darkstone Periapt":80,"Lantern":36,"Regal Pillow":63,"Torii":56,"StoneCalendar":11,"Mango":69,"Snake Skull":11,"Juzu Bracelet":15,"Cursed Key":19,"Ancient Tea Set":77,"Dream Catcher":61,"Mummified Hand":28,"Ninja Scroll":44,"Pantograph":51,"Toolbox":28,"Red Mask":13,"InkBottle":56,"Ring of the Snake":0,"Potion Belt":65,"The Specimen":25,"PreservedInsect":46,"Omamori":20,"Frozen Egg 2":26,"Odd Mushroom":35,"MawBank":61,"White Beast Statue":70,"Peace Pipe":7,"Calling Bell":11,"Anchor":5,"Ornamental Fan":37,"Bloody Idol":39,"Orrery":53,"Turnip":56,"Bag of Marbles":17,"Membership Card":12,"Toy Ornithopter":26,"TungstenRod":43},{"TwistedFunnel":94,"CeramicFish":231,"Vajra":0,"Whetstone":241,"Sling":0,"Boot":107,"Blood Vial":27,"Sundial":124,"Kunai":27,"Pear":71,"Blue Candle":54,"Astrolabe":169,"Tingsha":333,"Pen Nib":328,"Paper Crane":82,"War Paint":86,"Du-Vu Doll":211,"Bronze Scales":180,"MutagenicStrength":270,"Pandora\u0027s Box":202,"Black Star":266,"StrikeDummy":76,"Meat on the Bone":60,"NlothsMask":173,"Darkstone Periapt":333,"Lantern":156,"Regal Pillow":250,"Torii":231,"StoneCalendar":54,"Mango":275,"Snake Skull":54,"Juzu Bracelet":71,"Cursed Key":90,"Ancient Tea Set":320,"Dream Catcher":246,"Mummified Hand":131,"Ninja Scroll":190,"Pantograph":214,"Toolbox":131,"Red Mask":63,"InkBottle":231,"Ring of the Snake":0,"Potion Belt":258,"The Specimen":115,"PreservedInsect":196,"Omamori":94,"Frozen Egg 2":120,"Odd Mushroom":153,"MawBank":246,"White Beast Statue":281,"Peace Pipe":30,"Calling Bell":54,"Anchor":19,"Ornamental Fan":160,"Bloody Idol":173,"Orrery":220,"Turnip":231,"Bag of Marbles":82,"Membership Card":60,"Toy Ornithopter":120,"TungstenRod":186}],"InkBottle":[72],"Ring of the Snake":[155]},"card_choices":[{"not_picked":["Underhanded Strike","Deflect"],"picked":"Cloak And Dagger","floor":0.0},{"not_picked":["Dodge and Roll","Caltrops"],"picked":"Prepared","floor":0.0},{"not_picked":["Finisher","Distraction"],"picked":"Envenom","floor":0.0},{"not_picked":["Bane","Quick Slash"],"picked":"Choke","floor":0.0},{"not_picked":["Acrobatics","PiercingWail"],"picked":"Well Laid Plans","floor":0.0},{"not_picked":["Underhanded Strike","Leg Sweep"],"picked":"Poisoned Stab","floor":1.0},{"not_picked":["Outmaneuver","Prepared"],"picked":"Unload","floor":2.0},{"not_picked":["Infinite Blades","Masterful Stab"],"picked":"Footwork","floor":5.0},{"not_picked":["Poisoned Stab","PiercingWail"],"picked":"Footwork","floor":6.0},{"not_picked":["Expertise","Sucker Punch","Dagger Throw"],"picked":"SKIP","floor":8.0},{"not_picked":["Bouncing Flask","Skewer","Leg Sweep"],"picked":"SKIP","floor":10.0},{"not_picked":["Reflex","Sucker Punch"],"picked":"Backflip","floor":11.0},{"not_picked":["Caltrops","Expertise"],"picked":"Blur","floor":13.0},{"not_picked":["Underhanded Strike","Backstab"],"picked":"Tactician","floor":14.0},{"not_picked":["Skewer","Deflect"],"picked":"Cloak And Dagger","floor":15.0},{"not_picked":["After Image","Wraith Form v2"],"picked":"Corpse Explosion","floor":16.0},{"not_picked":["Deadly Poison","Endless Agony"],"picked":"Backflip","floor":18.0},{"not_picked":["Bane+1","Outmaneuver"],"picked":"Backflip","floor":22.0},{"not_picked":["Setup","Flying Knee"],"picked":"Prepared+1","floor":23.0},{"not_picked":["Outmaneuver","Bane+1"],"picked":"Concentrate","floor":25.0},{"not_picked":["Poisoned Stab","Riddle With Holes+1","Predator"],"picked":"SKIP","floor":27.0},{"not_picked":["Sucker Punch","Bane+1"],"picked":"Unload","floor":28.0},{"not_picked":["Prepared","Dash"],"picked":"Cloak And Dagger","floor":29.0},{"not_picked":["Slice","Prepared"],"picked":"Cloak And Dagger","floor":30.0},{"not_picked":["Underhanded Strike+1","Dagger Throw","Skewer"],"picked":"SKIP","floor":31.0},{"not_picked":["Corpse Explosion","Phantasmal Killer"],"picked":"Burst","floor":33.0},{"not_picked":["Sucker Punch+1","Poisoned Stab"],"picked":"Finisher+1","floor":35.0},{"not_picked":["Riddle With Holes+1","Dagger Spray"],"picked":"Concentrate+1","floor":36.0},{"not_picked":["Flechettes","Flying Knee","Dagger Throw"],"picked":"SKIP","floor":39.0},{"not_picked":["Underhanded Strike","Sucker Punch"],"picked":"Phantasmal Killer","floor":40.0},{"not_picked":["Cloak And Dagger","Backflip+1"],"picked":"Leg Sweep+1","floor":42.0},{"not_picked":["Forethought","Madness"],"picked":"Swift Strike","floor":44.0},{"not_picked":["Discovery","HandOfGreed"],"picked":"Forethought","floor":44.0},{"not_picked":["HandOfGreed","Madness"],"picked":"Good Instincts","floor":44.0},{"not_picked":["Quick Slash","Skewer","Dagger Spray+1"],"picked":"SKIP","floor":45.0},{"not_picked":["Backflip","Quick Slash"],"picked":"Escape Plan","floor":48.0},{"not_picked":["Dodge and Roll","Quick Slash"],"picked":"Prepared+1","floor":49.0}],"player_experience":1083889,"relics_obtained":[{"floor":6.0,"key":"Whetstone"},{"floor":8.0,"key":"Dream Catcher"},{"floor":9.0,"key":"MawBank"},{"floor":10.0,"key":"Sundial"},{"floor":14.0,"key":"Potion Belt"},{"floor":23.0,"key":"Pear"},{"floor":23.0,"key":"Mango"},{"floor":25.0,"key":"Pantograph"},{"floor":25.0,"key":"White Beast Statue"},{"floor":26.0,"key":"War Paint"},{"floor":27.0,"key":"Kunai"},{"floor":27.0,"key":"Mummified Hand"},{"floor":37.0,"key":"Ancient Tea Set"},{"floor":40.0,"key":"Pen Nib"},{"floor":40.0,"key":"Snake Skull"},{"floor":42.0,"key":"Tingsha"},{"floor":42.0,"key":"Darkstone Periapt"},{"floor":47.0,"key":"Paper Crane"},{"floor":48.0,"key":"Blood Vial"},{"floor":48.0,"key":"StrikeDummy"}],"event_choices":[{"damage_healed":0.0,"max_hp_gain":0.0,"max_hp_loss":0.0,"gold_gain":0.0,"event_name":"betterThird:BetterScrap","player_choice":"LEAVE","floor":4.0,"gold_loss":0.0,"damage_taken":0.0,"cards_obtained":["Brilliance"]},{"damage_healed":0.0,"max_hp_gain":0.0,"max_hp_loss":0.0,"gold_gain":30.0,"event_name":"Dead Adventurer","player_choice":"Searched \u00272\u0027 times","floor":12.0,"gold_loss":0.0,"damage_taken":0.0,"relics_obtained":["Regal Pillow"]},{"damage_healed":0.0,"max_hp_gain":0.0,"max_hp_loss":0.0,"gold_gain":0.0,"event_name":"Ghosts","player_choice":"Ignored","floor":19.0,"gold_loss":0.0,"damage_taken":0.0},{"damage_healed":0.0,"max_hp_gain":0.0,"max_hp_loss":0.0,"gold_gain":0.0,"event_name":"Drug Dealer","player_choice":"Inject Mutagens","floor":20.0,"gold_loss":0.0,"damage_taken":0.0,"relics_obtained":["MutagenicStrength"]},{"damage_healed":0.0,"max_hp_gain":0.0,"max_hp_loss":0.0,"gold_gain":0.0,"event_name":"Cursed Tome","player_choice":"Ignored","floor":21.0,"gold_loss":0.0,"damage_taken":0.0},{"damage_healed":0.0,"max_hp_gain":0.0,"max_hp_loss":0.0,"gold_gain":0.0,"event_name":"Lab","player_choice":"Got Potions","floor":24.0,"gold_loss":0.0,"damage_taken":0.0},{"damage_healed":0.0,"max_hp_gain":0.0,"max_hp_loss":0.0,"gold_gain":0.0,"event_name":"SensoryStone","player_choice":"Memory 3","floor":44.0,"gold_loss":0.0,"damage_taken":10.0}],"is_beta":false,"boss_relics":[{"not_picked":["Ring of the Serpent","Snecko Eye"],"picked":"Black Star"},{"not_picked":["Tiny House","Velvet Choker"],"picked":"Astrolabe"}],"items_purged_floors":[3],"is_endless":false,"potions_floor_spawned":[5,6,10,11,16,23,25,27,29,30,31,33,35,36,39,40,42,45,48],"killed_by":"Time Eater","ascension_level":20}}