{"host":"m77rrhbqzv44va4v","time":1608898154,"event":{"mods":["AchievementEnabler","BaseMod","Colored Map","DeckTracker","Minty Spire (QoL Compilation)","StSLib","SuperFastMode","everything is the same but u backflip on backflip"],"gold_per_floor":[115,127,127,147,161,161,187,8,8,42,55,55,55,73,73,73,73],"floor_reached":16,"playtime":381,"items_purged":[],"score":179,"play_id":"1cbc6276-0d90-44fb-afe3-283ca20125cd","local_time":"20201225210914","is_ascension_mode":true,"campfire_choices":[{"data":"Bloodletting","floor":6.0,"key":"SMITH"},{"floor":12,"key":"DIG"},{"floor":15,"key":"REST"}],"circlet_count":0,"master_deck":["AscendersBane","Strike_R","Strike_R","Strike_R","Strike_R","Strike_R","Defend_R","Defend_R","Defend_R","Defend_R","Bash","Impervious","Body Slam+1","Bloodletting+1","Pommel Strike","Uppercut","Flame Barrier","Inflame","Battle Trance"],"relics":["Burning Blood","White Beast Statue","Sling","Turnip","Shovel","Blood Vial","Du-Vu Doll"],"acts_visited":["Exordium"],"potions_floor_usage":[11,16],"damage_taken":[{"damage":7.0,"enemies":"2 Louse","floor":1.0,"turns":3.0},{"damage":0.0,"enemies":"Cultist","floor":2.0,"turns":2.0},{"damage":8.0,"enemies":"Small Slimes","floor":4.0,"turns":4.0},{"damage":17.0,"enemies":"Looter","floor":5.0,"turns":3.0},{"damage":6.0,"enemies":"Gremlin Nob","floor":7.0,"turns":3.0},{"damage":35.0,"enemies":"3 Sentries","floor":10.0,"turns":9.0},{"damage":18,"enemies":"Lots of Slimes","floor":11,"turns":4},{"damage":9,"enemies":"Red Slaver","floor":14,"turns":3},{"damage":58,"enemies":"The Guardian","floor":16,"turns":16}],"seed_played":"6146165441937128837","potions_obtained":[{"floor":4.0,"key":"Fire Potion"},{"floor":7.0,"key":"Fruit Juice"},{"floor":10.0,"key":"LiquidBronze"},{"floor":11,"key":"SteroidPotion"},{"floor":14,"key":"SpeedPotion"}],"is_trial":false,"path_per_floor":["M","M","?","M","M","R","E","$","T","E","M","R","?","M","R","B"],"character_chosen":"IRONCLAD","items_purchased":["Inflame","Sling"],"campfire_rested":1,"item_purchase_floors":[8,8],"current_hp_per_floor":[71,77,77,75,64,64,69,69,69,40,28,28,28,27,52,0,0],"gold":73,"neow_bonus":"ONE_RANDOM_RARE_CARD","is_daily":false,"chose_seed":false,"campfire_upgraded":1,"win_rate":0.0,"timestamp":1608898154,"path_taken":["M","M","?","?","M","R","E","$","T","E","?","R","?","?","R","BOSS"],"items_purchased_type":["Card","Relic"],"build_version":"2020-12-22","purchased_purges":0,"victory":false,"max_hp_per_floor":[80,80,80,80,80,80,85,85,85,85,85,85,85,85,85,85,85],"card_choices":[{"not_picked":["Pommel Strike","Combust"],"picked":"Body Slam","floor":1.0},{"not_picked":["Battle Trance","Disarm"],"picked":"Bloodletting","floor":2.0},{"not_picked":["Body Slam","Havoc"],"picked":"Pommel Strike","floor":4.0},{"not_picked":["Dark Embrace","Reckless Charge"],"picked":"Uppercut","floor":5.0},{"not_picked":["Heavy Blade","Wild Strike"],"picked":"Flame Barrier","floor":7.0},{"not_picked":["Wild Strike","Second Wind","Anger"],"picked":"SKIP","floor":10.0},{"not_picked":["Hemokinesis","Flex","Sentinel"],"picked":"SKIP","floor":11},{"not_picked":["Perfected Strike","Wild Strike"],"picked":"Battle Trance","floor":14}],"player_experience":804446,"relics_obtained":[{"floor":7.0,"key":"White Beast Statue"},{"floor":9.0,"key":"Turnip"},{"floor":10.0,"key":"Shovel"},{"floor":12,"key":"Blood Vial"}],"event_choices":[{"damage_healed":0.0,"max_hp_gain":0.0,"max_hp_loss":0.0,"gold_gain":0.0,"event_name":"Upgrade Shrine","player_choice":"Upgraded","floor":3.0,"gold_loss":0.0,"damage_taken":0.0,"cards_upgraded":["Body Slam"]},{"damage_healed":0,"gold_gain":0,"player_choice":"Gave Potion","damage_taken":0,"relics_obtained":["Du-Vu Doll"],"max_hp_gain":0,"max_hp_loss":0,"event_name":"WeMeetAgain","floor":13,"gold_loss":0}],"is_beta":false,"boss_relics":[],"items_purged_floors":[],"is_endless":false,"potions_floor_spawned":[4,7,10,11,14],"killed_by":"The Guardian","ascension_level":12}}