{"host":"ormi09wwzv7sq47a","time":1608908140,"event":{"mods":["2.2 Compatiblity","AchievementEnabler","Act Like it!","BaseMod","Bestiary","Better Altar","Better Note","Better Sensory Stone","Better Skull","Better Third Choice","Better Vampires","Colored Map","Colored Powertips","DeckTracker","Downfall","Highlight Path","Minty Spire (QoL Compilation)","Permanent Neow","Quick Restart","Rare Cards Sparkle","Relic Stats","Shop Mod","StSLib","The Jungle","The Servant 0.9.4"],"gold_per_floor":[112,112,37,37,53,83,33,33,33,48,48,67,17,17,17,115,115,115,115,15,15,15,15,15,15,15,15,15,15,15,15,15,15,15,15,15,15,15,15,15,15,15,15,15,15,15,15,15,15,15],"floor_reached":51,"playtime":2147,"items_purged":["Slimebound:Tackle","Slimebound:Strike_Slimebound"],"score":946,"play_id":"16efb01d-3a0d-4ddc-81d8-36406945f6c1","local_time":"20201225115540","is_ascension_mode":true,"campfire_choices":[{"data":"Slimebound:Nibble","floor":7.0,"key":"SMITH"},{"data":"Slimebound:Split","floor":11.0,"key":"SMITH"},{"data":"Slimebound:CorrosiveSpit","floor":13.0,"key":"SMITH"},{"data":"Slimebound:RejuvenatingLick","floor":15.0,"key":"SMITH"},{"data":"Slimebound:TongueLash","floor":23,"key":"SMITH"},{"data":"Slimebound:WasteNot","floor":25,"key":"SMITH"},{"data":"Slimebound:FormOfPuddle","floor":28,"key":"SMITH"},{"data":"Slimebound:Recycling","floor":30,"key":"SMITH"},{"data":"Slimebound:LeechingTouch","floor":32,"key":"SMITH"},{"data":"Slimebound:Defend_Slimebound","floor":40,"key":"SMITH"},{"data":"Slimebound:Defend_Slimebound","floor":42,"key":"SMITH"},{"data":"Slimebound:Defend_Slimebound","floor":44,"key":"SMITH"},{"data":"Slimebound:Darklings","floor":49,"key":"SMITH"}],"circlet_count":0,"master_deck":["Slimebound:Defend_Slimebound","Slimebound:Defend_Slimebound+1","Slimebound:Defend_Slimebound+1","Slimebound:Defend_Slimebound+1","Slimebound:Split+1","Slimebound:CorrosiveSpit+1","Slimebound:LeechingTouch+1","Slimebound:RejuvenatingLick+1","Slimebound:Nibble+1","Slimebound:WasteNot+1","Slimebound:TongueLash+1","Slimebound:Recycling+1","Slimebound:SplitMire+1","Slimebound:FormOfPuddle+1","Slimebound:GoopSpray+1","Slimebound:TongueLash+1","Slimebound:OozeBath+1","Slimebound:SlimeSpikes+1","Slimebound:SplitAcid+1","Slimebound:MegaLick+1","Slimebound:Darklings+1"],"relics":["Slimebound:AbsorbEndCombat","Slimebound:GreedOozeRelic","Bag of Preparation","StoneCalendar","Ectoplasm","MutagenicStrength","Blood Vial","Ice Cream","SacredBark","Darkstone Periapt"],"acts_visited":["Exordium","TheCity","TheBeyond"],"potions_floor_usage":[50,50],"damage_taken":[{"damage":8.0,"enemies":"2 Louse","floor":1.0,"turns":3.0},{"damage":6.0,"enemies":"Jaw Worm","floor":5.0,"turns":3.0},{"damage":47.0,"enemies":"Gremlin Nob","floor":6.0,"turns":5.0},{"damage":5.0,"enemies":"Cultist","floor":10.0,"turns":3.0},{"damage":15.0,"enemies":"Lots of Slimes","floor":12.0,"turns":4.0},{"damage":37.0,"enemies":"The Guardian","floor":16.0,"turns":8.0},{"damage":24,"enemies":"Spheric Guardian","floor":18,"turns":3},{"damage":20,"enemies":"Chosen","floor":24,"turns":3},{"damage":46,"enemies":"Centurion and Healer","floor":27,"turns":5},{"damage":12,"enemies":"3 Cultists","floor":29,"turns":5},{"damage":28,"enemies":"Snecko","floor":31,"turns":3},{"damage":48,"enemies":"Automaton","floor":33,"turns":7},{"damage":14,"enemies":"3 Darklings","floor":35,"turns":3},{"damage":30,"enemies":"Orb Walker","floor":36,"turns":3},{"damage":31,"enemies":"Transient","floor":38,"turns":5},{"damage":24,"enemies":"3 Darklings","floor":39,"turns":3},{"damage":26,"enemies":"Maw","floor":46,"turns":6},{"damage":58,"enemies":"Donu and Deca","floor":50,"turns":7}],"seed_played":"-493056022935068740","potions_obtained":[{"floor":0.0,"key":"SpeedPotion"},{"floor":0.0,"key":"EssenceOfSteel"},{"floor":0.0,"key":"GamblersBrew"},{"floor":6.0,"key":"AttackPotion"},{"floor":16.0,"key":"LiquidBronze"},{"floor":18,"key":"Block Potion"},{"floor":24,"key":"Energy Potion"}],"is_trial":false,"path_per_floor":["M","?","$","?","M","E","R","$","T","M","R","M","R","$","R","B",null,"M","?","$","?","?","R","M","R","T","M","R","M","R","M","R","B",null,"M","M","?","M","M","R","?","R","T","R","$","M","?","$","R","B",null],"character_chosen":"SLIMEBOUND","items_purchased":[],"campfire_rested":0,"item_purchase_floors":[],"current_hp_per_floor":[54,54,54,54,56,19,19,19,19,26,26,29,29,29,29,32,53,58,58,58,42,60,60,60,60,60,58,58,60,60,60,60,32,53,60,53,53,60,60,60,60,60,60,60,60,60,60,60,60,60],"gold":15,"neow_bonus":"THREE_SMALL_POTIONS","is_daily":false,"chose_seed":false,"campfire_upgraded":13,"win_rate":0.0,"timestamp":1608908140,"path_taken":["M","?","$","?","M","E","R","$","T","M","R","M","R","?","R","BOSS","M","?","$","?","?","R","M","R","T","M","R","?","R","M","R","BOSS","M","M","?","?","?","R","?","R","T","R","$","?","?","?","R","BOSS"],"items_purchased_type":[],"build_version":"2020-12-22","purchased_purges":2,"victory":true,"max_hp_per_floor":[60,60,60,60,60,60,60,60,60,60,60,60,60,60,60,60,60,60,60,60,60,60,60,60,60,60,60,60,60,60,60,60,60,60,60,60,60,60,60,60,60,60,60,60,60,60,60,60,60,60],"relic_stats":{"Blood Vial":6,"Darkstone Periapt":0,"counters":[18,74],"StoneCalendar":[77],"Ectoplasm":341,"Bag of Preparation":[30],"obtain_stats":[{"Slimebound:GreedOozeRelic":2,"Blood Vial":21,"Ice Cream":26,"Darkstone Periapt":43,"MutagenicStrength":19,"SacredBark":34,"StoneCalendar":9,"Ectoplasm":17,"Slimebound:AbsorbEndCombat":0,"Bag of Preparation":6},{"Slimebound:GreedOozeRelic":1,"Blood Vial":7,"Ice Cream":8,"Darkstone Periapt":16,"MutagenicStrength":7,"SacredBark":12,"StoneCalendar":3,"Ectoplasm":6,"Slimebound:AbsorbEndCombat":0,"Bag of Preparation":3},{"Slimebound:GreedOozeRelic":3,"Blood Vial":27,"Ice Cream":30,"Darkstone Periapt":62,"MutagenicStrength":27,"SacredBark":48,"StoneCalendar":10,"Ectoplasm":24,"Slimebound:AbsorbEndCombat":0,"Bag of Preparation":10}]},"card_choices":[{"not_picked":["Slimebound:GoopSpray","Slimebound:SplitLeeching"],"picked":"Slimebound:LeechingTouch","floor":1.0},{"not_picked":["Slimebound:SplitMire","Slimebound:SamplingLick"],"picked":"Slimebound:RejuvenatingLick","floor":5.0},{"not_picked":["Slimebound:FlameTackle","Slimebound:GoopSpray"],"picked":"Slimebound:Nibble","floor":6.0},{"not_picked":["Slimebound:Grow","Slimebound:SlimeBrawl"],"picked":"Slimebound:WasteNot","floor":10.0},{"not_picked":["Slimebound:SlimeSpikes","Slimebound:ComboTackle"],"picked":"Slimebound:TongueLash","floor":12.0},{"not_picked":["Slimebound:SlimeSlap","Slimebound:PrepareCrush"],"picked":"Slimebound:Recycling","floor":16.0},{"not_picked":["Slimebound:GoopTackle","Slimebound:Repurpose"],"picked":"Slimebound:SplitMire+1","floor":18},{"not_picked":["Slimebound:SplitAcid","Slimebound:SplitMire","Slimebound:Repurpose"],"picked":"SKIP","floor":24},{"not_picked":["Slimebound:SamplingLick","Slimebound:LivingWall"],"picked":"Slimebound:FormOfPuddle","floor":27},{"not_picked":["Slimebound:SlimeSlap","Slimebound:GrowthPunch+1"],"picked":"Slimebound:GoopSpray+1","floor":29},{"not_picked":["Slimebound:Schlurp+1","Slimebound:Replication"],"picked":"Slimebound:TongueLash+1","floor":31},{"not_picked":["Slimebound:RallyTheTroops","Slimebound:PrepareCrush"],"picked":"Slimebound:OozeBath","floor":33},{"not_picked":["Slimebound:GrowthPunch+1","Slimebound:Chomp","Slimebound:Replication"],"picked":"SKIP","floor":35},{"not_picked":["Slimebound:FinishingTackle+1","Slimebound:ForwardTackle+1"],"picked":"Slimebound:SlimeSpikes+1","floor":36},{"not_picked":["Slimebound:GoopTackle","Slimebound:SplitMire+1"],"picked":"Slimebound:SplitAcid+1","floor":38},{"not_picked":["Slimebound:SplitAcid+1","Slimebound:RollThrough"],"picked":"Slimebound:MegaLick+1","floor":39},{"not_picked":["Slimebound:SplitLeeching+1","Slimebound:ViciousTackle+1","Slimebound:Grow"],"picked":"SKIP","floor":46}],"player_experience":752316,"relics_obtained":[{"floor":6.0,"key":"Bag of Preparation"},{"floor":9.0,"key":"StoneCalendar"},{"floor":26,"key":"Ice Cream"},{"floor":43,"key":"Darkstone Periapt"}],"event_choices":[{"cards_removed":["Slimebound:Strike_Slimebound"],"damage_healed":0.0,"max_hp_gain":0.0,"max_hp_loss":0.0,"gold_gain":0.0,"event_name":"Living Wall","player_choice":"Forget","floor":4.0,"gold_loss":0.0,"damage_taken":0.0},{"damage_healed":0,"gold_gain":0,"player_choice":"Inject Mutagens","damage_taken":0,"relics_obtained":["MutagenicStrength"],"max_hp_gain":0,"max_hp_loss":0,"event_name":"Drug Dealer","floor":19,"gold_loss":0},{"damage_healed":0,"gold_gain":0,"player_choice":" Vial ","damage_taken":16,"relics_obtained":["Blood Vial"],"max_hp_gain":58,"max_hp_loss":42,"event_name":"betterAltar:BetterAltar","floor":21,"potions_obtained":[],"relics_lost":[],"gold_loss":0},{"damage_healed":20,"gold_gain":0,"player_choice":"Heal","damage_taken":0,"max_hp_gain":0,"max_hp_loss":0,"event_name":"The Library","floor":22,"gold_loss":0},{"damage_healed":0,"gold_gain":0,"player_choice":"Forge","damage_taken":0,"max_hp_gain":0,"max_hp_loss":0,"event_name":"Accursed Blacksmith","floor":37,"gold_loss":0,"cards_upgraded":["Slimebound:OozeBath"]},{"cards_removed":["Slimebound:Strike_Slimebound"],"damage_healed":0,"gold_gain":0,"player_choice":"Purged","damage_taken":0,"max_hp_gain":0,"max_hp_loss":0,"event_name":"Purifier","floor":41,"gold_loss":0}],"is_beta":false,"boss_relics":[{"not_picked":["Pandora\u0027s Box","Velvet Choker"],"picked":"Ectoplasm"},{"not_picked":["Tiny House","Sozu"],"picked":"SacredBark"}],"items_purged_floors":[3,20],"is_endless":false,"potions_floor_spawned":[6,16,18,24,33,36,46],"ascension_level":9}}