{"host":"gk9qdtkqd8dwfeg2","time":1608882006,"event":{"mods":["Aspiration","BaseMod","Colored Powertips","Minty Spire (QoL Compilation)","Quick Restart","Replay The Spire","Shop Mod","StSLib","TestMod","The Servant 0.9.4","Waifu the Spire"],"gold_per_floor":[113,38,38,49,63,95,95,123,123,158,158,192,192,207,207,306,306,322,336,336,353,370,370,370,370],"floor_reached":24,"playtime":2534,"items_purged":["Strike_S"],"score":331,"play_id":"2b19d96f-82e4-4cea-bf3f-74f4d58193d9","local_time":"20201225154006","is_ascension_mode":true,"campfire_choices":[{"data":"SilverBlades","floor":7,"key":"SMITH"},{"floor":13,"key":"REST"},{"data":"Initiator","floor":15,"key":"SMITH"},{"data":"Demon Form","floor":23,"key":"SMITH"}],"circlet_count":0,"master_deck":["Strike_S","Strike_S","Strike_S","Defend_S","Defend_S","Defend_S","Defend_S","KidneyShot","Exchange","Rearm+1","Starlight","Starlight","SilverBlades+1","Initiator+1","SilverBlades","Inflame","Demon Form+1","Luminosity","Replace+1","Sabotage","BestPractice","Shuttle"],"relics":["testmod-TestBox","testmod-IncinerationGenerator","testmod-Fortitude","Orichalcum","ReplayFunnel","InkBottle","Ice Cream","m_ScarletBlood","testmod-InjuryResistance","SacredBark"],"acts_visited":["Exordium","TheCity"],"potions_floor_usage":[18,22],"damage_taken":[{"damage":0,"enemies":"2 Louse","floor":1,"turns":2},{"damage":0,"enemies":"Cultist","floor":4,"turns":2},{"damage":7,"enemies":"Jaw Worm","floor":5,"turns":2},{"damage":32,"enemies":"3 Sentries","floor":6,"turns":5},{"damage":6,"enemies":"Gremlin Nob","floor":8,"turns":3},{"damage":3,"enemies":"3 Sentries","floor":10,"turns":4},{"damage":0,"enemies":"Lagavulin","floor":12,"turns":3},{"damage":0,"enemies":"Blue Slaver","floor":14,"turns":2},{"damage":0,"enemies":"Fading Forest","floor":16,"turns":9},{"damage":0,"enemies":"Chosen","floor":18,"turns":3},{"damage":7,"enemies":"Shell Parasite","floor":19,"turns":2},{"damage":15,"enemies":"Snake Plant","floor":21,"turns":3},{"damage":4,"enemies":"3 Cultists","floor":22,"turns":5},{"damage":37,"enemies":"Slavers","floor":24,"turns":2}],"seed_played":"6190685401930448014","potions_obtained":[{"floor":5,"key":"Dexterity Potion"},{"floor":8,"key":"Block Potion"},{"floor":12,"key":"LifebloodPotion"},{"floor":19,"key":"Strength Potion"},{"floor":22,"key":"Elixir"}],"is_trial":false,"path_per_floor":["M","$","?","M","M","E","R","E","T","E","?","E","R","M","R","B",null,"M","M","?","M","M","R","E"],"character_chosen":"THE_SERVANT","items_purchased":[],"campfire_rested":1,"item_purchase_floors":[],"current_hp_per_floor":[59,59,59,59,52,20,20,14,14,11,11,11,28,28,28,38,59,59,52,52,37,33,33,0,0],"gold":370,"neow_bonus":"ONE_RARE_RELIC","is_daily":false,"chose_seed":false,"campfire_upgraded":3,"win_rate":0.0,"timestamp":1608882006,"path_taken":["M","$","?","M","?","E","R","E","T","E","?","E","R","M","R","BOSS","M","M","?","?","M","R","E"],"items_purchased_type":[],"build_version":"2020-12-22","purchased_purges":1,"victory":false,"max_hp_per_floor":[59,59,59,59,59,59,59,59,59,59,59,59,59,59,59,59,59,59,59,59,59,59,59,59,59],"card_choices":[{"not_picked":["Defy","Alleviate"],"picked":"Rearm","floor":1},{"not_picked":["Spin","Unruled"],"picked":"Starlight","floor":4},{"not_picked":["Rewind","DualDimension"],"picked":"Starlight","floor":5},{"not_picked":["DoubleEdge","Starlight"],"picked":"SilverBlades","floor":6},{"not_picked":["FastForward","DoubleEdge"],"picked":"Initiator","floor":8},{"not_picked":["Unruled","TrueSight"],"picked":"SilverBlades","floor":10},{"not_picked":["Ricochet","Flex","DoubleEdge"],"picked":"SKIP","floor":12},{"not_picked":["Spot Weakness","DoubleEdge","Foresight"],"picked":"SKIP","floor":14},{"not_picked":["MurderousAura","TrueSight"],"picked":"Demon Form","floor":16},{"not_picked":["Sabotage","TimeWarp+1"],"picked":"Luminosity","floor":18},{"not_picked":["Moondial","Rewind"],"picked":"Replace+1","floor":19},{"not_picked":["Sabotage","Unruled"],"picked":"BestPractice","floor":21},{"not_picked":["TimeWarp+1","Alleviate"],"picked":"Shuttle","floor":22}],"player_experience":554860,"relics_obtained":[{"floor":6,"key":"Orichalcum"},{"floor":8,"key":"ReplayFunnel"},{"floor":9,"key":"InkBottle"},{"floor":10,"key":"Ice Cream"},{"floor":12,"key":"testmod-InjuryResistance"}],"event_choices":[{"damage_healed":0,"gold_gain":0,"player_choice":"Upgraded","damage_taken":0,"max_hp_gain":0,"max_hp_loss":0,"event_name":"Upgrade Shrine","floor":3,"gold_loss":0,"cards_upgraded":["Rearm"]},{"damage_healed":0,"gold_gain":0,"player_choice":"1 cards matched","damage_taken":0,"max_hp_gain":0,"max_hp_loss":0,"event_name":"Match and Keep!","floor":20,"gold_loss":0,"cards_obtained":["Sabotage"]}],"is_beta":false,"boss_relics":[{"not_picked":["testmod-BatchProcessingSystem","aspiration:WatcherSkillbook"],"picked":"SacredBark"}],"items_purged_floors":[2],"is_endless":false,"potions_floor_spawned":[5,8,12,16,19,22],"killed_by":"Slavers","ascension_level":2}}