{"host":"ln6xh2dj126ndm3e","time":1608926907,"event":{"mods":["AchievementEnabler","Aspiration","Astrologer","BaseMod","Better Altar","Better Match","Better Note","Better Sensory Stone","Better Skull","Better Third Choice","BetterRewards","CCEM","Colored Map","Conspire","GifTheSpireLib","Halation","Highlight Path","Hubris","Infinite Spire","Minty Spire (QoL Compilation)","Permanent Neow","Replay The Spire","Shop Mod","Spicy Shops","StSLib","Unceasing Turn Reminder"],"gold_per_floor":[117,128,128,148,160,160,177,187,187,206,206,206,5,5,5,107,107,117,117,117,127,127,127,141,161,161,10,20,40,40,60,60,164,164,183,199,99,119,130,130,142,142,167,167,167,167,180,180,180,180],"floor_reached":51,"playtime":3139,"items_purged":["Strike_R"],"score":645,"play_id":"2a078607-bd63-4a0b-8de3-c3b2ce4bbb62","local_time":"20201225140827","is_ascension_mode":false,"campfire_choices":[{"data":"hubris:EnhanceAbility","floor":6,"key":"SMITH"},{"data":"Neutralize","floor":12,"key":"SMITH"},{"data":"Rampage","floor":15,"key":"SMITH"},{"data":"Heavy Blade","floor":23,"key":"SMITH"},{"data":"ReplayTheSpireMod:Muscle Training","floor":30,"key":"SMITH"},{"floor":32,"key":"REST"},{"floor":40,"key":"REST"},{"data":"Heavy Blade","floor":42,"key":"SMITH"},{"data":"Anger","floor":44,"key":"SMITH"},{"floor":49,"key":"REST"}],"circlet_count":0,"master_deck":["Strike_R","Strike_R","Strike_R","Strike_R","Defend_R","Defend_R","Defend_R","Bash","Neutralize+1","hubris:EnhanceAbility+1","Thunderclap","Rampage+1","ReplayTheSpireMod:Stacked","Flex","Offering","Replay:Undeath\u0027s Touch","Shrug It Off","Anger+1","Sadistic Nature","ReplayTheSpireMod:Muscle Training+1","Replay:Undeath\u0027s Touch","Rampage","Heavy Blade+1","Metallicize+1","Anger","Uppercut","Bloodletting+1"],"relics":["Burning Blood","White Beast Statue","hubris:OldNail","Centennial Puzzle","Runic Cube","hubris:Metronome","Bottled Flame","ReplayFunnel","Vajra","Honey Jar","CCEMRelics:Pendulum","Ring of Hypnosis"],"acts_visited":["Exordium","TheCity","TheBeyond"],"potions_floor_usage":[8,10,16,16,18,25,29,29,33,33,35,36,50,50,50],"damage_taken":[{"damage":0,"enemies":"Cultist","floor":1,"turns":4},{"damage":0,"enemies":"Small Slimes","floor":2,"turns":2},{"damage":6,"enemies":"conspire:RoseBush","floor":4,"turns":4},{"damage":5,"enemies":"Exordium Wildlife","floor":5,"turns":3},{"damage":0,"enemies":"Large Slime","floor":7,"turns":3},{"damage":7,"enemies":"3 Louse","floor":8,"turns":2},{"damage":6,"enemies":"Exordium Wildlife","floor":10,"turns":4},{"damage":26,"enemies":"Hexaghost","floor":16,"turns":9},{"damage":9,"enemies":"Shell Parasite","floor":18,"turns":3},{"damage":8,"enemies":"Chosen","floor":21,"turns":4},{"damage":13,"enemies":"3 Cultists","floor":24,"turns":3},{"damage":19,"enemies":"Cultist and Chosen","floor":25,"turns":3},{"damage":13,"enemies":"Snake Plant","floor":28,"turns":2},{"damage":22,"enemies":"Chosen and Byrds","floor":29,"turns":3},{"damage":15,"enemies":"Cultist and Chosen","floor":31,"turns":4},{"damage":27,"enemies":"Collector","floor":33,"turns":8},{"damage":31,"enemies":"3 Darklings","floor":35,"turns":6},{"damage":6,"enemies":"Orb Walker","floor":36,"turns":2},{"damage":31,"enemies":"Writhing Mass","floor":38,"turns":3},{"damage":0,"enemies":"4 Shapes","floor":39,"turns":3},{"damage":0,"enemies":"Spire Growth","floor":41,"turns":1},{"damage":8,"enemies":"Transient","floor":47,"turns":5},{"damage":32,"enemies":"Awakened One","floor":50,"turns":5}],"seed_played":"-8165236367751412458","potions_obtained":[{"floor":3,"key":"Weak Potion"},{"floor":3,"key":"Toxic Potion"},{"floor":3,"key":"Milkshake"},{"floor":5,"key":"EssenceOfSteel"},{"floor":8,"key":"Elixir"},{"floor":10,"key":"Dexterity Potion"},{"floor":16,"key":"SteroidPotion"},{"floor":18,"key":"BloodPotion"},{"floor":21,"key":"SneckoOil"},{"floor":24,"key":"Fire Potion"},{"floor":25,"key":"Elixir"},{"floor":28,"key":"Regen Potion"},{"floor":29,"key":"Flashbang"},{"floor":31,"key":"EssenceOfSteel"},{"floor":33,"key":"Reflective Coating"},{"floor":35,"key":"Block Potion"},{"floor":36,"key":"Elixir"},{"floor":38,"key":"Languid Potion"},{"floor":39,"key":"Flashbang"},{"floor":41,"key":"BloodPotion"},{"floor":47,"key":"Explosive Potion"}],"is_trial":false,"path_per_floor":["M","M","?","M","M","R","M","M","T","M","?","R","$","?","R","B",null,"M","?","AVR","M","T","R","M","M","T","$","M","M","R","M","R","B",null,"M","M","NS","M","M","R","M","R","T","R","?","?","M","?","R","B",null],"character_chosen":"IRONCLAD","items_purchased":["hubris:OldNail","Anger","Vajra"],"campfire_rested":3,"item_purchase_floors":[13,13,27],"current_hp_per_floor":[80,80,80,80,80,80,80,79,79,79,79,79,79,79,79,59,80,77,77,77,75,75,75,68,55,55,55,48,57,57,48,72,51,80,55,55,55,30,36,60,66,66,66,66,66,74,72,72,80,54],"gold":180,"neow_bonus":"RANDOM_COLORLESS_2","is_daily":false,"chose_seed":false,"campfire_upgraded":7,"win_rate":0.0,"timestamp":1608926907,"path_taken":["M","?","?","M","M","R","?","M","T","M","?","R","?","?","R","BOSS","M","?","AVR","M","?","R","?","M","T","$","?","M","R","M","R","BOSS","M","M","NS","M","M","R","M","R","T","R","?","?","M","?","R","BOSS"],"items_purchased_type":["Relic","Card","Relic"],"build_version":"2020-12-22","purchased_purges":1,"victory":true,"max_hp_per_floor":[80,80,80,80,80,80,80,80,80,80,80,80,80,80,80,80,80,80,80,80,80,80,80,80,80,80,80,80,80,80,80,80,80,80,80,80,80,80,80,80,80,80,80,80,80,80,80,80,80,80],"card_choices":[{"not_picked":["Master of Strategy","Transmutation"],"picked":"hubris:EnhanceAbility","floor":0},{"not_picked":["Wild Strike","hubris:SharpeningStone"],"picked":"Thunderclap","floor":1},{"not_picked":["Anger","Pommel Strike"],"picked":"Rampage","floor":2},{"not_picked":["Thunderclap","Cleave"],"picked":"ReplayTheSpireMod:Stacked","floor":4},{"not_picked":["Second Wind","Pummel"],"picked":"Flex","floor":5},{"not_picked":["Perfected Strike","Disarm"],"picked":"Offering","floor":7},{"not_picked":["Twin Strike","Clash"],"picked":"Replay:Undeath\u0027s Touch","floor":8},{"not_picked":["Headbutt","Defy Death"],"picked":"Shrug It Off","floor":10},{"not_picked":["Replay:Undeath\u0027s Touch","Wild Strike"],"picked":"Heavy Blade","floor":18},{"not_picked":["Havoc","Pommel Strike"],"picked":"ReplayTheSpireMod:Muscle Training","floor":21},{"not_picked":["Carnage","Hemokinesis+1","Burning Pact"],"picked":"SKIP","floor":24},{"not_picked":["hubris:ReadiedAction","Havoc+1","Warcry+1"],"picked":"SKIP","floor":25},{"not_picked":["conspire:ExplosiveBarrier","hubris:ReadiedAction+1"],"picked":"Replay:Undeath\u0027s Touch","floor":28},{"not_picked":["Defy Death","Twin Strike","hubris:ReadiedAction+1"],"picked":"SKIP","floor":29},{"not_picked":["Clash+1","Perfected Strike+1"],"picked":"Rampage","floor":31},{"not_picked":["Brutality","Offering"],"picked":"conspire:HitWhereItHurts","floor":33},{"not_picked":["Flex","Perfected Strike","Heavy Blade+1"],"picked":"Cleave+1","floor":35},{"not_picked":["Havoc+1","Twin Strike","conspire:Purge"],"picked":"Heavy Blade","floor":36},{"not_picked":["hubris:ReadiedAction","Pummel+1","Run Through"],"picked":"Metallicize+1","floor":38},{"not_picked":["Metallicize+1","Perfected Strike+1","Clash"],"picked":"Anger","floor":39},{"not_picked":["Dark Embrace+1","Warcry","Shrug It Off"],"picked":"Uppercut","floor":41},{"not_picked":["Evolve+1","Flame Barrier+1","Feel No Pain"],"picked":"Bloodletting+1","floor":47}],"player_experience":454408,"relics_obtained":[{"floor":9,"key":"White Beast Statue"},{"floor":14,"key":"Centennial Puzzle"},{"floor":22,"key":"Bottled Flame"},{"floor":26,"key":"ReplayFunnel"},{"floor":43,"key":"CCEMRelics:Pendulum"},{"floor":45,"key":"Ring of Hypnosis"}],"event_choices":[{"damage_healed":0,"gold_gain":0,"player_choice":"Got Potions","damage_taken":0,"max_hp_gain":0,"max_hp_loss":0,"event_name":"Lab","floor":3,"gold_loss":0},{"damage_healed":0,"gold_gain":0,"cards_transformed":["hubris:Defend_Merchant"],"player_choice":"Transformed","damage_taken":0,"max_hp_gain":0,"max_hp_loss":0,"event_name":"Transmorgrifier","floor":19,"gold_loss":0,"cards_obtained":["Sadistic Nature"]},{"cards_removed":["conspire:HitWhereItHurts"],"damage_healed":0,"gold_gain":0,"player_choice":"Purged","damage_taken":0,"max_hp_gain":0,"max_hp_loss":0,"event_name":"Purifier","floor":48,"gold_loss":0}],"is_beta":false,"boss_relics":[{"not_picked":["Black Star","aspiration:SecretTechniqueScroll"],"picked":"Runic Cube"},{"not_picked":["ReplayTheSpireMod:DimensionalGlitch","hubris:TerracottaHorce"],"picked":"Honey Jar"}],"items_purged_floors":[20],"is_endless":false,"potions_floor_spawned":[5,7,8,10,16,18,21,24,25,28,29,31,33,35,36,38,39,41,47],"ascension_level":0}}