{"host":"5fasz840ryq7obdf","time":1608925995,"event":{"mods":["AchievementEnabler","BaseMod","Bestiary","Better Altar","Better Skull","Better Third Choice","BetterRewards","Block Reminder","Colored Powertips","Curses Come First","Minty Spire (QoL Compilation)","Quick Restart","Relic Stats","Shop Mod","Spicy Shops","StSLib"],"gold_per_floor":[128,137,159,183,208,252,252,20,20,83,108,145,145,28,28,114,114,140,149,159,5,40,84,102,123,123,123,151,151,172,215,215,299,299,316,344,361,381,406,441,441,481,481,502,524,557,582,595,595,595,595,595,595,84,124,124],"floor_reached":57,"playtime":3467,"items_purged":["Injury","Injury","Strike_G"],"score":3306,"play_id":"631e7d4c-7eac-44f2-a1d7-236b73c23678","local_time":"20201225195315","is_ascension_mode":true,"campfire_choices":[{"floor":7.0,"key":"REST"},{"floor":15.0,"key":"REST"},{"data":"Well Laid Plans","floor":29.0,"key":"SMITH"},{"data":"After Image","floor":32.0,"key":"SMITH"},{"data":"Panache","floor":41.0,"key":"SMITH"},{"floor":49.0,"key":"RECALL"},{"data":"Footwork","floor":53,"key":"SMITH"}],"circlet_count":0,"master_deck":["AscendersBane","Strike_G","Strike_G","Strike_G","Strike_G","Defend_G","Defend_G","Defend_G","Defend_G","Survivor","Neutralize","Panache+1","Well Laid Plans+1","Backstab","Cloak And Dagger+1","Accuracy","Acrobatics+1","Outmaneuver+1","Phantasmal Killer+1","Burst+1","Footwork+1","Acrobatics+1","Blade Dance+1","Finisher","Panache","Accuracy","Prepared+1","Trip+1","Blade Dance+1","Slice","PiercingWail+1","A Thousand Cuts","Backflip+1","After Image+1","Blur+1","J.A.X.+1","Tactician+1","Footwork","Cloak And Dagger+1","Calculated Gamble+1","Adrenaline+1","Concentrate+1","Leg Sweep+1","A Thousand Cuts","Well Laid Plans","Tools of the Trade","Deflect+1","Terror+1","Noxious Fumes+1","Quick Slash","PiercingWail+1","Deflect+1"],"relics":["Ring of the Snake","Membership Card","CeramicFish","Toxic Egg 2","Gremlin Horn","TwistedFunnel","Orrery","Ancient Tea Set","Pen Nib","DollysMirror","Happy Flower","Mummified Hand","HornCleat","Bird Faced Urn","WristBlade","Vajra","Omamori","Red Mask","Meat on the Bone","Bottled Lightning","Pantograph","Smiling Mask","Bag of Marbles","Coffee Dripper","Letter Opener","White Beast Statue","Tingsha","InkBottle","OrangePellets","Toolbox","Shuriken"],"acts_visited":["Exordium","TheCity","TheBeyond","TheEnding"],"potions_floor_usage":[],"damage_taken":[{"damage":0.0,"enemies":"2 Louse","floor":1.0,"turns":2.0},{"damage":0.0,"enemies":"Cultist","floor":3.0,"turns":3.0},{"damage":7.0,"enemies":"Jaw Worm","floor":4.0,"turns":3.0},{"damage":14.0,"enemies":"Exordium Wildlife","floor":5.0,"turns":4.0},{"damage":1.0,"enemies":"Lagavulin","floor":6.0,"turns":4.0},{"damage":0.0,"enemies":"3 Sentries","floor":10.0,"turns":2.0},{"damage":0.0,"enemies":"Large Slime","floor":11.0,"turns":2.0},{"damage":0.0,"enemies":"Gremlin Nob","floor":12.0,"turns":2.0},{"damage":0.0,"enemies":"Slime Boss","floor":16.0,"turns":4.0},{"damage":0.0,"enemies":"Chosen","floor":18.0,"turns":2.0},{"damage":0.0,"enemies":"Spheric Guardian","floor":20.0,"turns":1.0},{"damage":0.0,"enemies":"Masked Bandits","floor":22.0,"turns":1.0},{"damage":0.0,"enemies":"Book of Stabbing","floor":23.0,"turns":1.0},{"damage":3.0,"enemies":"Centurion and Healer","floor":24.0,"turns":2.0},{"damage":3.0,"enemies":"Snecko","floor":25.0,"turns":2.0},{"damage":3.0,"enemies":"Gremlin Leader","floor":28.0,"turns":2.0},{"damage":6.0,"enemies":"Snake Plant","floor":30.0,"turns":3.0},{"damage":7.0,"enemies":"Book of Stabbing","floor":31.0,"turns":2.0},{"damage":11.0,"enemies":"Automaton","floor":33.0,"turns":5.0},{"damage":3.0,"enemies":"3 Darklings","floor":35.0,"turns":2.0},{"damage":3.0,"enemies":"3 Shapes","floor":36.0,"turns":1.0},{"damage":3.0,"enemies":"Jaw Worm Horde","floor":37.0,"turns":1.0},{"damage":3.0,"enemies":"Spire Growth","floor":38.0,"turns":3.0},{"damage":3.0,"enemies":"Writhing Mass","floor":39.0,"turns":2.0},{"damage":31.0,"enemies":"Nemesis","floor":40.0,"turns":5.0},{"damage":3.0,"enemies":"Reptomancer","floor":42.0,"turns":2.0},{"damage":3.0,"enemies":"4 Shapes","floor":44.0,"turns":1.0},{"damage":3.0,"enemies":"3 Darklings","floor":45.0,"turns":1.0},{"damage":3.0,"enemies":"Nemesis","floor":46.0,"turns":3.0},{"damage":3.0,"enemies":"Sphere and 2 Shapes","floor":47.0,"turns":2.0},{"damage":10.0,"enemies":"Spire Growth","floor":48.0,"turns":3.0},{"damage":13.0,"enemies":"Donu and Deca","floor":50.0,"turns":5.0},{"damage":41,"enemies":"Time Eater","floor":51,"turns":6},{"damage":44,"enemies":"Shield and Spear","floor":55,"turns":4},{"damage":84,"enemies":"The Heart","floor":56,"turns":7}],"seed_played":"-744172273710387022","potions_obtained":[{"floor":1.0,"key":"ColorlessPotion"},{"floor":4.0,"key":"GhostInAJar"},{"floor":11.0,"key":"FearPotion"},{"floor":12.0,"key":"LiquidMemories"},{"floor":22.0,"key":"GhostInAJar"}],"is_trial":false,"path_per_floor":["M","?","M","M","M","E","R","$","T","E","M","E","$","$","R","B",null,"M","?","M","$","?","E","M","M","T","?","E","R","M","E","R","B",null,"M","M","M","M","M","E","R","E","T","M","M","E","M","M","R","B","B",null,"R","$","E","B",null],"character_chosen":"THE_SILENT","items_purchased":["Membership Card","CeramicFish","Toxic Egg 2","Panache","Gremlin Horn","Well Laid Plans","TwistedFunnel","Orrery","Pen Nib","DollysMirror","Accuracy","Prepared+1","Trip+1","Bird Faced Urn","A Thousand Cuts","Backflip+1","Vajra","Omamori","InkBottle","OrangePellets","Quick Slash","PiercingWail+1","Toolbox"],"campfire_rested":2,"item_purchase_floors":[0,0,0,0,0,0,0,0,8,8,8,8,8,14,14,14,21,21,54,54,54,54,54],"current_hp_per_floor":[28,28,28,21,7,6,25,25,25,25,25,25,25,25,44,56,64,66,66,66,66,66,66,66,66,66,66,66,66,66,59,59,60,65,66,66,65,66,66,48,48,49,49,52,59,66,66,65,65,66,45,61,61,61,45,16],"gold":124,"neow_bonus":"","is_daily":false,"chose_seed":false,"campfire_upgraded":4,"win_rate":0.0,"timestamp":1608925995,"path_taken":["M","?","M","?","M","E","R","$","T","E","?","E","?","$","R","BOSS","M","?","M","$","?","E","M","M","T","?","E","R","M","E","R","BOSS","M","M","M","M","M","E","R","E","T","M","?","E","M","M","R","BOSS","BOSS","R","$","E","BOSS"],"items_purchased_type":["Relic","Relic","Relic","Card","Relic","Card","Relic","Relic","Relic","Relic","Card","Card","Card","Relic","Card","Card","Relic","Relic","Relic","Relic","Card","Card","Relic"],"build_version":"2020-12-22","purchased_purges":3,"victory":true,"max_hp_per_floor":[66,66,66,66,66,66,66,66,66,66,66,66,66,66,66,66,66,66,66,66,66,66,66,66,66,66,66,66,66,66,66,66,66,66,66,66,66,66,66,66,66,66,66,66,66,66,66,66,66,66,66,66,66,66,66,66],"relic_stats":{"Gremlin Horn":[23,25],"Happy Flower":[26],"counters":[79,239],"CeramicFish":387,"Tingsha":[66],"Pen Nib":[25],"Letter Opener":[225],"Smiling Mask":13,"OrangePellets":[3],"Mummified Hand":[146],"Shuriken":[4],"Bird Faced Urn":[176],"Pantograph":29,"obtain_stats":[{"TwistedFunnel":0,"Calipers":14,"Gremlin Horn":0,"CeramicFish":0,"HoveringKite":34,"Vajra":0,"Blood Vial":7,"Centennial Puzzle":2,"HornCleat":0,"DollysMirror":8,"Strawberry":40,"HandDrill":0,"Kunai":26,"Toxic Egg 2":0,"Happy Flower":0,"Blue Candle":9,"Tingsha":42,"Pen Nib":25,"Letter Opener":0,"War Paint":9,"OrangePellets":19,"Bottled Flame":23,"Shuriken":55,"MutagenicStrength":28,"Bird Faced Urn":14,"Unceasing Top":0,"Meat on the Bone":23,"Darkstone Periapt":22,"Lantern":0,"Singing Bowl":26,"StoneCalendar":11,"Mango":45,"Bag of Preparation":8,"Juzu Bracelet":21,"Ancient Tea Set":39,"Smiling Mask":28,"WristBlade":17,"Mummified Hand":8,"Pantograph":27,"Toolbox":54,"Tiny Chest":8,"Red Mask":22,"InkBottle":0,"Ring of the Snake":0,"The Specimen":0,"Omamori":21,"Orichalcum":24,"White Beast Statue":42,"Mercury Hourglass":21,"Orrery":0,"Bag of Marbles":14,"Coffee Dripper":34,"Membership Card":0,"Bottled Lightning":26},{"TwistedFunnel":31,"Calipers":38,"Gremlin Horn":0,"CeramicFish":31,"HoveringKite":19,"Vajra":44,"Blood Vial":35,"Centennial Puzzle":32,"HornCleat":31,"DollysMirror":49,"Strawberry":23,"HandDrill":44,"Kunai":16,"Toxic Egg 2":44,"Happy Flower":0,"Blue Candle":5,"Tingsha":25,"Pen Nib":16,"Letter Opener":44,"War Paint":35,"OrangePellets":12,"Bottled Flame":14,"Shuriken":78,"MutagenicStrength":16,"Bird Faced Urn":52,"Unceasing Top":44,"Meat on the Bone":57,"Darkstone Periapt":41,"Lantern":0,"Singing Bowl":43,"StoneCalendar":7,"Mango":27,"Bag of Preparation":5,"Juzu Bracelet":41,"Ancient Tea Set":22,"Smiling Mask":60,"WristBlade":11,"Mummified Hand":35,"Pantograph":59,"Toolbox":77,"Tiny Chest":35,"Red Mask":56,"InkBottle":44,"Ring of the Snake":0,"The Specimen":31,"Omamori":55,"Orichalcum":42,"White Beast Statue":70,"Mercury Hourglass":13,"Orrery":0,"Bag of Marbles":10,"Coffee Dripper":63,"Membership Card":31,"Bottled Lightning":59},{"TwistedFunnel":91,"Calipers":114,"Gremlin Horn":0,"CeramicFish":91,"HoveringKite":58,"Vajra":144,"Blood Vial":102,"Centennial Puzzle":92,"HornCleat":91,"DollysMirror":160,"Strawberry":73,"HandDrill":144,"Kunai":48,"Toxic Egg 2":144,"Happy Flower":0,"Blue Candle":15,"Tingsha":75,"Pen Nib":48,"Letter Opener":144,"War Paint":102,"OrangePellets":36,"Bottled Flame":44,"Shuriken":232,"MutagenicStrength":48,"Bird Faced Urn":166,"Unceasing Top":144,"Meat on the Bone":175,"Darkstone Periapt":130,"Lantern":0,"Singing Bowl":141,"StoneCalendar":20,"Mango":80,"Bag of Preparation":15,"Juzu Bracelet":130,"Ancient Tea Set":69,"Smiling Mask":181,"WristBlade":35,"Mummified Hand":102,"Pantograph":179,"Toolbox":228,"Tiny Chest":102,"Red Mask":174,"InkBottle":144,"Ring of the Snake":0,"The Specimen":91,"Omamori":173,"Orichalcum":136,"White Beast Statue":207,"Mercury Hourglass":41,"Orrery":0,"Bag of Marbles":28,"Coffee Dripper":191,"Membership Card":91,"Bottled Lightning":179}],"InkBottle":[10],"Ring of the Snake":[158],"Meat on the Bone":24},"card_choices":[{"not_picked":["Unload","Bane"],"picked":"Backstab","floor":0.0},{"not_picked":["PiercingWail+1","Prepared+1"],"picked":"Cloak And Dagger+1","floor":0.0},{"not_picked":["Calculated Gamble+1","Deadly Poison+1"],"picked":"Accuracy","floor":0.0},{"not_picked":["Poisoned Stab","Outmaneuver+1"],"picked":"Acrobatics+1","floor":0.0},{"not_picked":["Deadly Poison+1","Endless Agony"],"picked":"Outmaneuver+1","floor":0.0},{"not_picked":["Deadly Poison+1","PiercingWail+1"],"picked":"Phantasmal Killer+1","floor":1.0},{"not_picked":["Backstab","Dagger Spray"],"picked":"Footwork","floor":3.0},{"not_picked":["Underhanded Strike","Deadly Poison+1"],"picked":"Acrobatics+1","floor":4.0},{"not_picked":["Well Laid Plans","Endless Agony"],"picked":"Blade Dance+1","floor":5.0},{"not_picked":["Doppelganger+1","Sucker Punch"],"picked":"Finisher","floor":6.0},{"not_picked":["Phantasmal Killer+1","Flying Knee"],"picked":"Blade Dance+1","floor":10.0},{"not_picked":["Outmaneuver+1","Masterful Stab"],"picked":"Slice","floor":11.0},{"not_picked":["Flying Knee","Deflect+1"],"picked":"PiercingWail+1","floor":12.0},{"not_picked":["Doppelganger+1","Glass Knife"],"picked":"After Image","floor":16.0},{"not_picked":["Bane","Reflex+1"],"picked":"Blur+1","floor":18.0},{"not_picked":["Eviscerate","Deadly Poison+1","Flying Knee"],"picked":"SKIP","floor":20.0},{"not_picked":["Quick Slash","Acrobatics+1"],"picked":"Tactician+1","floor":23.0},{"not_picked":["Bouncing Flask+1","Flying Knee+1","Dagger Throw"],"picked":"SKIP","floor":24.0},{"not_picked":["Distraction+1","Dagger Throw"],"picked":"Footwork","floor":25.0},{"not_picked":["All Out Attack","Dodge and Roll+1","Sucker Punch"],"picked":"SKIP","floor":28.0},{"not_picked":["Noxious Fumes","Acrobatics+1"],"picked":"Cloak And Dagger+1","floor":30.0},{"not_picked":["Acrobatics+1","Bullet Time+1"],"picked":"Calculated Gamble+1","floor":31.0},{"not_picked":["Glass Knife","Storm of Steel+1"],"picked":"Adrenaline+1","floor":33.0},{"not_picked":["Outmaneuver+1","Eviscerate","Quick Slash"],"picked":"SKIP","floor":35.0},{"not_picked":["Crippling Poison+1","Dagger Spray+1"],"picked":"Concentrate+1","floor":36.0},{"not_picked":["Dagger Throw","Flying Knee","Deflect+1"],"picked":"SKIP","floor":37.0},{"not_picked":["PiercingWail+1","Underhanded Strike+1"],"picked":"Leg Sweep+1","floor":38.0},{"not_picked":["Slice","Backflip+1"],"picked":"A Thousand Cuts","floor":39.0},{"not_picked":["Underhanded Strike+1","Eviscerate"],"picked":"Well Laid Plans","floor":40.0},{"not_picked":["Outmaneuver+1","Catalyst+1"],"picked":"Tools of the Trade","floor":42.0},{"not_picked":["Acrobatics+1","Concentrate+1"],"picked":"Deflect+1","floor":44.0},{"not_picked":["Dagger Spray","Flechettes"],"picked":"Terror+1","floor":45.0},{"not_picked":["Endless Agony+1","Unload","All Out Attack"],"picked":"SKIP","floor":46.0},{"not_picked":["Riddle With Holes","Deflect+1"],"picked":"Noxious Fumes+1","floor":47.0},{"not_picked":["Catalyst+1","Dodge and Roll+1","Dagger Spray"],"picked":"SKIP","floor":48.0},{"not_picked":["Crippling Poison+1","Sucker Punch"],"picked":"Deflect+1","floor":55}],"player_experience":1095639,"relics_obtained":[{"floor":6.0,"key":"Ancient Tea Set"},{"floor":9.0,"key":"Happy Flower"},{"floor":10.0,"key":"Mummified Hand"},{"floor":12.0,"key":"HornCleat"},{"floor":22.0,"key":"Red Mask"},{"floor":23.0,"key":"Meat on the Bone"},{"floor":26.0,"key":"Bottled Lightning"},{"floor":27.0,"key":"Pantograph"},{"floor":28.0,"key":"Smiling Mask"},{"floor":31.0,"key":"Bag of Marbles"},{"floor":40.0,"key":"Letter Opener"},{"floor":42.0,"key":"White Beast Statue"},{"floor":46.0,"key":"Tingsha"},{"floor":55,"key":"Shuriken"}],"event_choices":[{"damage_healed":0.0,"max_hp_gain":0.0,"max_hp_loss":0.0,"gold_gain":0.0,"cards_transformed":["Defend_G"],"event_name":"Transmorgrifier","player_choice":"Transformed","floor":2.0,"gold_loss":0.0,"damage_taken":0.0,"cards_obtained":["Burst"]},{"damage_healed":0.0,"max_hp_gain":0.0,"max_hp_loss":0.0,"gold_gain":0.0,"event_name":"Drug Dealer","player_choice":"Obtain J.A.X.","floor":19.0,"gold_loss":0.0,"damage_taken":0.0,"cards_obtained":["J.A.X."]},{"damage_healed":0.0,"max_hp_gain":0.0,"max_hp_loss":0.0,"gold_gain":0.0,"event_name":"Masked Bandits","player_choice":"Fought Bandits","floor":22.0,"gold_loss":0.0,"damage_taken":0.0},{"damage_healed":0.0,"max_hp_gain":0.0,"max_hp_loss":0.0,"gold_gain":0.0,"event_name":"Wheel of Change","player_choice":"Relic","floor":27.0,"gold_loss":0.0,"damage_taken":0.0}],"is_beta":false,"boss_relics":[{"not_picked":["Pandora\u0027s Box","Black Star"],"picked":"WristBlade"},{"not_picked":["Fusion Hammer","HoveringKite"],"picked":"Coffee Dripper"}],"items_purged_floors":[14,21,54],"is_endless":false,"potions_floor_spawned":[1,4,11,12,20,22,25,28,30,35,42,44,45,46,47,48,55],"ascension_level":20}}