{"host":"88gj1a6q1iuldet9","time":1608855446,"event":{"mods":["Act Like it!","BaseMod","BetterRewards","Conspire","Downfall","Energized Spire","Gensokyo","GungeonMod","Hubris","Luminous","Magitek Elite","Minty Spire (QoL Compilation)","Quick Restart","Reimu??????","Replay The Spire","Robot Space Explorer","Shop Mod","StSLib","The Dragon Tamer","The Hayseed","The Marked","The Mystic","The Necromancer","The Problem Sleuth","The Runesmith","The Sage","TheArtist","TheFirefly","Wandering Minibosses","Yuri Mod"],"gold_per_floor":[118,130,141,157,167,199,199,11,11,26,26,40,40,73,73,176,176,196,51,51,51,11,41,52,52,52,85,101,101,135,148,148,244,244,259,259,278,297,316,316,64,93,144,144,179,225,21,51,51,51,51],"floor_reached":50,"playtime":7364,"items_purged":["theMarked:Strike","theMarked:Defend"],"score":775,"play_id":"cd871b99-9a02-4e33-b00a-9587ba2e9987","local_time":"20201224191726","is_ascension_mode":false,"campfire_choices":[{"data":"theMarked:RogueSparks","floor":7.0,"key":"SMITH"},{"data":"theMarked:TakeOffHeels","floor":15.0,"key":"SMITH"},{"data":"theMarked:ComboAttacks","floor":25,"key":"SMITH"},{"data":"theMarked:PowerFlow","floor":32,"key":"SMITH"},{"data":"theMarked:EnhancedHearing","floor":40,"key":"SMITH"},{"data":"theMarked:MagicAdept","floor":49,"key":"SMITH"}],"circlet_count":0,"master_deck":["theMarked:Defend","theMarked:Defend","theMarked:Defend","theMarked:SoldierOfQuellstein","theMarked:BindingBlade","theMarked:EnhancedHearing+1","theMarked:Panic","theMarked:RogueSparks+1","theMarked:PowerFlow+1","theMarked:SummonStrength","theMarked:GodGivenPower","theMarked:SelfDefenseTraining","theMarked:TakeOffHeels+1","theMarked:Levitate","theMarked:ElectricStrings","theMarked:ComboAttacks+1","theMarked:Opportunist","theMarked:EnhanceMovement+1","Bite","Bite","Bite","Bite","Bite","theMarked:Polarize+1","theMarked:Reabsorb+1","theMarked:SoldierForm","AbeCurse","theMarked:ReduceFriction","theMarked:Improvise","theMarked:HeightenedSenses+1","theMarked:MagicAdept","theMarked:MagicAdept+1","theMarked:MysticalArsenal"],"relics":["theMarked:ArtifactOfAir","Question Card","Orichalcum","hubris:CrystalStatue","theMarked:VonisonLock","wanderingMiniBosses:OtherGremlinHorn","WingedGreaves","SlaversCollar","ZunR:ReiMu","conspire:Boomerang","PreservedInsect","Replay:Rubber Ducky","Abe\u0027s Treasure","ClockworkSouvenir","Ancient Tea Set","Blue Doll","Mummified Hand","Toy Ornithopter","OrangePellets","Tintinnabulum"],"acts_visited":["Exordium","TheCity","TheBeyond"],"potions_floor_usage":[18,24,28],"damage_taken":[{"damage":1.0,"enemies":"Cultist","floor":1.0,"turns":3.0},{"damage":0.0,"enemies":"2 Louse","floor":2.0,"turns":2.0},{"damage":0.0,"enemies":"Small Slimes","floor":3.0,"turns":3.0},{"damage":1.0,"enemies":"3 Louse","floor":4.0,"turns":4.0},{"damage":3.0,"enemies":"2 Fungi Beasts","floor":5.0,"turns":4.0},{"damage":21.0,"enemies":"3 Sentries","floor":6.0,"turns":6.0},{"damage":1.0,"enemies":"Blue Slaver","floor":10.0,"turns":3.0},{"damage":16.0,"enemies":"Exordium Wildlife","floor":12.0,"turns":4.0},{"damage":11.0,"enemies":"Gremlin Nob","floor":14.0,"turns":3.0},{"damage":3.0,"enemies":"Hexaghost","floor":16.0,"turns":7.0},{"damage":0,"enemies":"Spheric Guardian","floor":18,"turns":5},{"damage":0,"enemies":"Replay:Snechameleon","floor":23,"turns":5},{"damage":0,"enemies":"Shell Parasite","floor":24,"turns":3},{"damage":0,"enemies":"conspire:Head Lice","floor":27,"turns":7},{"damage":0,"enemies":"Centurion and Healer","floor":28,"turns":8},{"damage":0,"enemies":"conspire:SneckoGhost","floor":30,"turns":6},{"damage":0,"enemies":"Snake Plant","floor":31,"turns":5},{"damage":3,"enemies":"Champ","floor":33,"turns":8},{"damage":0,"enemies":"3 Darklings","floor":35,"turns":4},{"damage":7,"enemies":"3 Shapes","floor":37,"turns":3},{"damage":12,"enemies":"3 Darklings","floor":38,"turns":4},{"damage":2,"enemies":"Spire Growth","floor":39,"turns":5},{"damage":5,"enemies":"Reptomancer","floor":42,"turns":5},{"damage":28,"enemies":"Nemesis","floor":45,"turns":5},{"damage":0,"enemies":"Giant Head","floor":48,"turns":5},{"damage":41,"enemies":"conspire:OrnateMirror","floor":50,"turns":4}],"seed_played":"5198257872584221182","potions_obtained":[{"floor":1.0,"key":"Toxic Potion"},{"floor":5.0,"key":"Swift Potion"},{"floor":13.0,"key":"Dexterity Potion"},{"floor":13.0,"key":"sneckomod:MuddlingPotion"},{"floor":16.0,"key":"SpeedPotion"},{"floor":18,"key":"champ:CounterPotion"},{"floor":23,"key":"EssenceOfSteel"},{"floor":27,"key":"Block Potion"},{"floor":39,"key":"Regen Potion"},{"floor":42,"key":"Ancient Potion"},{"floor":45,"key":"PowerPotion"}],"is_trial":false,"path_per_floor":["M","M","M","M","M","E","R","$","T","M","?","M","?","E","R","B",null,"M","$","?","?","?","E","M","R","T","E","M","?","E","M","R","B",null,"M","?","M","M","M","R","$","E","T","$","E","T","$","E","R","B"],"character_chosen":"THE_DEFAULT","items_purchased":["Orichalcum","theMarked:GodGivenPower","theMarked:ComboAttacks","ClockworkSouvenir","theMarked:MagicAdept","OrangePellets"],"campfire_rested":0,"item_purchase_floors":[8,8,19,41,47,47],"current_hp_per_floor":[69,69,69,68,65,44,44,44,44,43,43,27,27,16,16,13,70,70,70,70,18,18,18,18,18,18,18,18,18,34,40,40,49,49,49,49,48,43,41,41,41,46,46,46,24,24,24,30,31,0,0],"gold":51,"neow_bonus":"ONE_RANDOM_RARE_CARD","is_daily":false,"chose_seed":false,"campfire_upgraded":6,"win_rate":0.0,"timestamp":1608855446,"path_taken":["M","M","M","?","?","E","R","$","T","M","?","?","?","E","R","BOSS","M","?","?","?","?","E","M","R","T","E","?","?","E","M","R","BOSS","M","?","?","M","M","R","$","E","T","$","E","?","?","E","R","BOSS"],"items_purchased_type":["Relic","Card","Card","Relic","Card","Relic"],"build_version":"2020-12-22","purchased_purges":2,"victory":false,"max_hp_per_floor":[70,70,70,70,70,70,70,70,70,70,70,70,70,70,70,70,70,70,70,70,70,70,70,70,70,70,70,70,49,49,49,49,49,49,49,49,49,49,49,49,49,49,49,49,49,49,49,49,49,49,49],"card_choices":[{"not_picked":["theMarked:Reabsorb","theMarked:Improvise"],"picked":"theMarked:EnhancedHearing","floor":1.0},{"not_picked":["theMarked:Electrocute","theMarked:Indomitable"],"picked":"theMarked:Panic","floor":2.0},{"not_picked":["theMarked:ElectricStrings","theMarked:RepellingDischarge","theMarked:ChainLightning"],"picked":"SKIP","floor":3.0},{"not_picked":["theMarked:Generate","theMarked:Parkour"],"picked":"theMarked:RogueSparks","floor":4.0},{"not_picked":["theMarked:Parkour","theMarked:WastefulAttack"],"picked":"theMarked:PowerFlow","floor":5.0},{"not_picked":["theMarked:BanishingStrike","theMarked:SwordAndMagic"],"picked":"theMarked:SummonStrength","floor":6.0},{"not_picked":["theMarked:ShockingTouch","theMarked:ResourceFulStrike","theMarked:Electrocute","theMarked:WardOff"],"picked":"SKIP","floor":10.0},{"not_picked":["theMarked:KeepCalmAndFightOn","theMarked:Frustration","theMarked:Panic"],"picked":"theMarked:SelfDefenseTraining","floor":12.0},{"not_picked":["theMarked:Aftermath","theMarked:ChainLightning","theMarked:PowerFlow"],"picked":"theMarked:TakeOffHeels","floor":14.0},{"not_picked":["theMarked:DispelDoubt","theMarked:Snap","theMarked:SuspiciousRaven"],"picked":"theMarked:Levitate","floor":16.0},{"not_picked":["theMarked:Overthink","theMarked:HeightenedSenses","theMarked:WastefulAttack"],"picked":"theMarked:ElectricStrings","floor":18},{"not_picked":["theMarked:WardOff","theMarked:Electrocute","theMarked:ComboAttacks+1"],"picked":"theMarked:Opportunist","floor":23},{"not_picked":["theMarked:ElectricStrings+1","theMarked:Electrocute+1","theMarked:Parkour","theMarked:ContemptForTheProud"],"picked":"SKIP","floor":24},{"not_picked":["theMarked:Aftermath","theMarked:ChannelForce","theMarked:RepellingDischarge"],"picked":"theMarked:EnhanceMovement+1","floor":27},{"not_picked":["theMarked:Panic","theMarked:Parkour","theMarked:ChainLightning","theMarked:Aftermath"],"picked":"SKIP","floor":28},{"not_picked":["theMarked:GodGivenPower","theMarked:RepellingDischarge","theMarked:ElectricStrings"],"picked":"theMarked:Polarize+1","floor":30},{"not_picked":["theMarked:HeightenedSenses","theMarked:ChainLightning","theMarked:GodGivenPower"],"picked":"theMarked:Reabsorb+1","floor":31},{"not_picked":["theMarked:FavorableWinds","theMarked:SummonStrength","theMarked:ChannelForce"],"picked":"theMarked:SoldierForm","floor":33},{"not_picked":["theMarked:Electrocute","theMarked:BanishingWave","theMarked:WastefulDefense"],"picked":"theMarked:ReduceFriction","floor":35},{"not_picked":["theMarked:Aftermath+1","theMarked:Improvise","theMarked:ChainLightning","theMarked:EmpowerWeapon"],"picked":"SKIP","floor":37},{"not_picked":["theMarked:Aftermath+1","theMarked:ChainLightning","theMarked:EmpowerWeapon"],"picked":"theMarked:Improvise","floor":37},{"not_picked":["theMarked:ShockingTouch","theMarked:ResourceFulStrike+1","theMarked:Polarize+1","theMarked:HeritageOfTheMarked"],"picked":"SKIP","floor":38},{"not_picked":["theMarked:Electrocute","theMarked:EmpowerWeapon+1","theMarked:Frustration"],"picked":"theMarked:HeightenedSenses+1","floor":39},{"not_picked":["theMarked:Aftermath","theMarked:Convert","theMarked:Frustration","theMarked:Parkour"],"picked":"SKIP","floor":42},{"not_picked":["theMarked:ShockingTouch+1","theMarked:RepellingDischarge","theMarked:Defy","theMarked:ResourceFulStrike+1"],"picked":"SKIP","floor":45},{"not_picked":["theMarked:SelfDefenseTraining+1","theMarked:TwofoldDefense","theMarked:Improvise+1"],"picked":"theMarked:MysticalArsenal","floor":48}],"player_experience":923203,"relics_obtained":[{"floor":6.0,"key":"Question Card"},{"floor":9.0,"key":"hubris:CrystalStatue"},{"floor":11.0,"key":"theMarked:VonisonLock"},{"floor":12.0,"key":"wanderingMiniBosses:OtherGremlinHorn"},{"floor":14.0,"key":"WingedGreaves"},{"floor":23,"key":"conspire:Boomerang"},{"floor":27,"key":"PreservedInsect"},{"floor":30,"key":"Replay:Rubber Ducky"},{"floor":42,"key":"Ancient Tea Set"},{"floor":43,"key":"Blue Doll"},{"floor":45,"key":"Mummified Hand"},{"floor":46,"key":"Toy Ornithopter"},{"floor":48,"key":"Tintinnabulum"}],"event_choices":[{"damage_healed":0.0,"max_hp_gain":0.0,"max_hp_loss":0.0,"gold_gain":0.0,"event_name":"Wheel of Change","player_choice":"Relic","floor":11.0,"gold_loss":0.0,"damage_taken":0.0},{"damage_healed":0.0,"max_hp_gain":0.0,"max_hp_loss":0.0,"gold_gain":0.0,"event_name":"Lab","player_choice":"Got Potions","floor":13.0,"gold_loss":0.0,"damage_taken":0.0},{"damage_healed":0,"gold_gain":0,"player_choice":"Ignored","damage_taken":0,"max_hp_gain":0,"max_hp_loss":0,"event_name":"Ghosts","floor":20,"gold_loss":0},{"damage_healed":0,"gold_gain":0,"player_choice":"Keep O-miki","damage_taken":0,"relics_obtained":["ZunR:ReiMu"],"max_hp_gain":0,"max_hp_loss":0,"event_name":"ZunEvent","floor":22,"gold_loss":40},{"damage_healed":0,"gold_gain":0,"player_choice":"Became a vampire","damage_taken":0,"max_hp_gain":0,"max_hp_loss":21,"event_name":"Vampires","floor":29,"gold_loss":0,"cards_obtained":["Bite","Bite","Bite","Bite","Bite"]},{"damage_healed":0,"gold_gain":0,"player_choice":"Ignored","damage_taken":0,"max_hp_gain":0,"max_hp_loss":0,"event_name":"SecretPortal","floor":36,"gold_loss":0}],"is_beta":false,"boss_relics":[{"not_picked":["Kintsugi","Snecko Eye"],"picked":"SlaversCollar"},{"not_picked":["SacredBark","Velvet Choker"],"picked":"Abe\u0027s Treasure"}],"items_purged_floors":[19,41],"is_endless":false,"potions_floor_spawned":[1,5,16,18,23,27,39,42,45,48],"killed_by":"conspire:OrnateMirror","ascension_level":0}}