{"host":"czen9m7c7ttmirt2","time":1608858686,"event":{"mods":["AchievementEnabler","Aspiration","BaseMod","Better Third Choice","Colored Map","Colored Powertips","Conspire","Hubris","Minty Spire (QoL Compilation)","Replay The Spire","StSLib"],"gold_per_floor":[109,109,119,69,89,121,121,64,119,0,13,13,13,48,48,148,148,163,163,88,88,104,104,104,23,23,40,40,40,40],"floor_reached":29,"playtime":1136,"items_purged":[],"score":263,"play_id":"177add79-82c9-4745-a695-b400c5398865","local_time":"20201224191126","is_ascension_mode":true,"campfire_choices":[{"data":"Fusion","floor":7,"key":"SMITH"},{"floor":13,"key":"RECALL"},{"floor":15,"key":"REST"},{"data":"Replay:Parry","floor":23,"key":"SMITH"},{"floor":28,"key":"REST"}],"circlet_count":0,"master_deck":["Strike_B","Strike_B","Defend_B","Defend_B","Defend_B","Defend_B","Zap","Dualcast","Loop","ReplaySolidLightProjector","Fusion+1","Redo","Crystallizer","Crystallizer","Enlightenment","Ball Lightning","Skim","ReplayTheSpireMod:Omega Cannon","CurseOfTheBell","Panic Button","Melter+1","Replay:Parry+1","Chill","Consume"],"relics":["Painkiller Herb","aspiration:ChemicalBlood","Geode","Potion Belt","Calling Bell","hubris:OldNail","Gremlin Horn","conspire:Boomerang","PrismaticShard","Anchor"],"acts_visited":["Exordium","TheCity"],"potions_floor_usage":[6,14,22],"damage_taken":[{"damage":0,"enemies":"Small Slimes","floor":1,"turns":3},{"damage":1,"enemies":"2 Louse","floor":3,"turns":3},{"damage":7,"enemies":"Jaw Worm","floor":5,"turns":3},{"damage":18,"enemies":"Gremlin Nob","floor":6,"turns":3},{"damage":17,"enemies":"Blue Slaver","floor":11,"turns":5},{"damage":32,"enemies":"Lagavulin","floor":14,"turns":7},{"damage":33,"enemies":"Fading Forest","floor":16,"turns":11},{"damage":9,"enemies":"Spheric Guardian","floor":18,"turns":3},{"damage":31,"enemies":"Shell Parasite","floor":22,"turns":7},{"damage":24,"enemies":"Cultist and Chosen","floor":27,"turns":5},{"damage":50,"enemies":"Gremlin Leader","floor":29,"turns":2}],"seed_played":"3921011427112437932","potions_obtained":[{"floor":1,"key":"AttackPotion"},{"floor":3,"key":"PowerPotion"},{"floor":5,"key":"Elixir"},{"floor":18,"key":"Weak Potion"},{"floor":22,"key":"SpeedPotion"}],"is_trial":false,"path_per_floor":["?","?","?","?","?","E","T","T","T","?","?","T","T","E","T","B",null,"?","?","?","T","?","T","T","T","T","?","T","E"],"character_chosen":"DEFECT","items_purchased":["Crystallizer","Chill"],"campfire_rested":2,"item_purchase_floors":[8,25],"current_hp_per_floor":[75,80,79,79,72,54,54,54,54,60,43,43,43,11,36,13,86,77,69,69,69,38,38,38,38,38,14,39,0,0],"gold":40,"neow_bonus":"BOSS_RELIC","is_daily":false,"chose_seed":false,"campfire_upgraded":2,"win_rate":0.0,"timestamp":1608858686,"path_taken":["?","?","?","?","?","E","T","T","T","?","?","?","T","E","T","BOSS","?","?","?","T","?","T","?","T","T","?","T","E"],"items_purchased_type":["Card","Card"],"build_version":"2020-12-22","purchased_purges":0,"victory":false,"max_hp_per_floor":[75,80,80,80,80,80,80,80,80,86,86,86,86,86,86,86,86,86,86,86,86,86,86,86,86,86,86,86,86,86],"card_choices":[{"not_picked":["Streamline","Redo"],"picked":"Loop","floor":1},{"not_picked":["Scrape","Rebound"],"picked":"ReplaySolidLightProjector","floor":3},{"not_picked":["Rebound","Stack"],"picked":"Fusion","floor":5},{"not_picked":["Stack","Go for the Eyes"],"picked":"Redo","floor":6},{"not_picked":["Time Bomb","Genetic Algorithm"],"picked":"Ball Lightning","floor":11},{"not_picked":["Lockon","conspire:SharedLibrary"],"picked":"Skim","floor":14},{"not_picked":["Biased Cognition","Seek"],"picked":"ReplayTheSpireMod:Omega Cannon","floor":16},{"not_picked":["Barrage","Force Field"],"picked":"Panic Button","floor":18},{"not_picked":["Tempest","Hologram"],"picked":"Melter+1","floor":19},{"not_picked":["Leap","Iron Wave"],"picked":"Replay:Parry","floor":22},{"not_picked":["Static Discharge","Compile Driver"],"picked":"Consume","floor":27}],"player_experience":196613,"relics_obtained":[{"floor":6,"key":"aspiration:ChemicalBlood"},{"floor":9,"key":"Geode"},{"floor":14,"key":"Potion Belt"},{"floor":17,"key":"hubris:OldNail"},{"floor":17,"key":"Gremlin Horn"},{"floor":17,"key":"conspire:Boomerang"},{"floor":19,"key":"PrismaticShard"},{"floor":26,"key":"Anchor"}],"event_choices":[{"damage_healed":0,"gold_gain":0,"player_choice":"Donut","damage_taken":0,"max_hp_gain":5,"max_hp_loss":0,"event_name":"Big Fish","floor":2,"gold_loss":0},{"cards_removed":["Strike_B"],"damage_healed":0,"gold_gain":0,"player_choice":"Card Removal","damage_taken":0,"max_hp_gain":0,"max_hp_loss":0,"event_name":"The Cleric","floor":4,"gold_loss":50},{"damage_healed":0,"gold_gain":0,"player_choice":"RENOUNCE","damage_taken":119,"max_hp_gain":0,"max_hp_loss":0,"event_name":"betterThird:BetterSerpent","floor":10,"gold_loss":119,"cards_obtained":["Enlightenment"]},{"cards_removed":["Strike_B"],"damage_healed":0,"gold_gain":0,"player_choice":"Gave Gold","damage_taken":0,"max_hp_gain":0,"max_hp_loss":0,"event_name":"Beggar","floor":20,"gold_loss":75}],"is_beta":false,"boss_relics":[{"not_picked":["aspiration:WatcherSkillbook","Sozu"],"picked":"Calling Bell"}],"items_purged_floors":[],"is_endless":false,"potions_floor_spawned":[1,3,5,18,27],"killed_by":"Gremlin Leader","ascension_level":3}}