{"host":"5fasz840ryq7obdf","time":1608902201,"event":{"mods":["AchievementEnabler","BaseMod","Bestiary","Better Altar","Better Skull","Better Third Choice","BetterRewards","Block Reminder","Colored Powertips","Curses Come First","Minty Spire (QoL Compilation)","Quick Restart","Relic Stats","Shop Mod","Spicy Shops","StSLib"],"gold_per_floor":[119,119,16,31,48,105,18,77,101,161,161,218,265,313,313,390,390,438,363,389,454,524,584,661,719,746,796,796,840,904,950,950,1059,1059,1131,1186,1262,1342,1395,1483,1483,1579,1604,1604,1622,1622,1705,1801,1801,1861,1861,1861,1861,1372,1406,1406],"floor_reached":57,"playtime":5207,"items_purged":["Defend_P","Defend_P","Strike_P"],"score":4006,"play_id":"93c61246-5c81-4d44-ab83-4fee9758918b","local_time":"20201225131641","is_ascension_mode":true,"campfire_choices":[{"floor":15.0,"key":"REST"},{"data":"Establishment","floor":28.0,"key":"SMITH"},{"data":"Machine Learning","floor":32.0,"key":"SMITH"},{"floor":44.0,"key":"RECALL"},{"data":"Ragnarok","floor":49.0,"key":"SMITH"},{"floor":53,"key":"REST"}],"circlet_count":0,"master_deck":["AscendersBane","Strike_P","Defend_P+1","Defend_P","Eruption","Vigilance+1","Apotheosis+1","Vault+1","Mind Blast+1","Secret Weapon+1","Devotion","TalkToTheHand","Prostrate+1","Study","ForeignInfluence+1","Wish+1","Devotion","Brilliance","Collect+1","FlurryOfBlows","Halt+1","WaveOfTheHand+1","Machine Learning+1","Wallop","Worship+1","Wireheading","CutThroughFate","CrushJoints","WindmillStrike","Brilliance","Wallop","EmptyBody+1","Perseverance+1","TalkToTheHand","Omniscience+1","SandsOfTime","Establishment+1","MasterReality","CrushJoints","Devotion","FlurryOfBlows","Protect+1","Consecrate","FlurryOfBlows+1","ConjureBlade+1","Omniscience+1","Worship+1","Protect+1","WheelKick","Ragnarok+1","BattleHymn+1","Madness+1","Madness+1","DeceiveReality+1","Indignation+1","Worship+1","Protect+1","Nirvana"],"relics":["HolyWater","Toxic Egg 2","Happy Flower","Art of War","OrangePellets","Frozen Eye","Question Card","Membership Card","Anchor","Shuriken","HornCleat","Orrery","Bag of Preparation","Meat on the Bone","Gremlin Horn","Nunchaku","Akabeko","Lantern","Tiny Chest","Pen Nib","Bottled Lightning","Ancient Tea Set","Red Mask","Blood Vial","CloakClasp","MealTicket","Matryoshka","Cursed Key","Thread and Needle","Ice Cream","Vajra","Omamori","Juzu Bracelet","CeramicFish","Toy Ornithopter","Molten Egg 2","Toolbox","Medical Kit","Bronze Scales","Strawberry","War Paint","TungstenRod"],"acts_visited":["Exordium","TheCity","TheBeyond","TheEnding"],"potions_floor_usage":[56],"damage_taken":[{"damage":0.0,"enemies":"Cultist","floor":1.0,"turns":3.0},{"damage":0.0,"enemies":"2 Louse","floor":4.0,"turns":2.0},{"damage":0.0,"enemies":"Small Slimes","floor":5.0,"turns":1.0},{"damage":4.0,"enemies":"Lagavulin","floor":6.0,"turns":5.0},{"damage":0.0,"enemies":"3 Sentries","floor":8.0,"turns":3.0},{"damage":0.0,"enemies":"Lagavulin","floor":10.0,"turns":5.0},{"damage":2.0,"enemies":"3 Sentries","floor":12.0,"turns":3.0},{"damage":11.0,"enemies":"Looter","floor":13.0,"turns":4.0},{"damage":0.0,"enemies":"Exordium Wildlife","floor":14.0,"turns":3.0},{"damage":1.0,"enemies":"The Guardian","floor":16.0,"turns":3.0},{"damage":0.0,"enemies":"2 Thieves","floor":18.0,"turns":2.0},{"damage":0.0,"enemies":"Masked Bandits","floor":21.0,"turns":2.0},{"damage":0.0,"enemies":"Spheric Guardian","floor":22.0,"turns":2.0},{"damage":0.0,"enemies":"Slavers","floor":23.0,"turns":2.0},{"damage":0.0,"enemies":"Centurion and Healer","floor":24.0,"turns":3.0},{"damage":0.0,"enemies":"Book of Stabbing","floor":25.0,"turns":2.0},{"damage":0.0,"enemies":"Snake Plant","floor":27.0,"turns":4.0},{"damage":8.0,"enemies":"Sentry and Sphere","floor":29.0,"turns":4.0},{"damage":0.0,"enemies":"Slavers","floor":30.0,"turns":4.0},{"damage":0.0,"enemies":"Chosen and Byrds","floor":31.0,"turns":3.0},{"damage":26.0,"enemies":"Collector","floor":33.0,"turns":6.0},{"damage":0.0,"enemies":"3 Darklings","floor":35.0,"turns":5.0},{"damage":0.0,"enemies":"Mind Bloom Boss Battle","floor":36.0,"turns":3.0},{"damage":1.0,"enemies":"2 Orb Walkers","floor":37.0,"turns":4.0},{"damage":0.0,"enemies":"Orb Walker","floor":38.0,"turns":4.0},{"damage":0.0,"enemies":"Nemesis","floor":40.0,"turns":4.0},{"damage":10.0,"enemies":"Reptomancer","floor":42.0,"turns":4.0},{"damage":0.0,"enemies":"4 Shapes","floor":47.0,"turns":2.0},{"damage":0.0,"enemies":"Giant Head","floor":48.0,"turns":4.0},{"damage":5,"enemies":"Awakened One","floor":50,"turns":5},{"damage":34,"enemies":"Time Eater","floor":51,"turns":5},{"damage":0,"enemies":"Shield and Spear","floor":55,"turns":3},{"damage":7,"enemies":"The Heart","floor":56,"turns":8}],"seed_played":"4759456051175697479","potions_obtained":[{"floor":6.0,"key":"Fire Potion"},{"floor":10.0,"key":"LiquidBronze"},{"floor":12.0,"key":"FearPotion"},{"floor":13.0,"key":"Block Potion"},{"floor":35.0,"key":"EssenceOfSteel"},{"floor":48.0,"key":"BottledMiracle"}],"is_trial":false,"path_per_floor":["M","?","$","M","M","E","$","E","T","E","?","E","M","M","R","B",null,"M","?","T","?","M","E","M","E","T","M","R","M","E","M","R","B",null,"M","?","?","M","T","E","?","E","T","R","?","?","M","E","R","B","B",null,"R","$","E","B",null],"character_chosen":"WATCHER","items_purchased":["Toxic Egg 2","Happy Flower","Art of War","OrangePellets","Frozen Eye","Apotheosis+1","Vault+1","Mind Blast","Question Card","Membership Card","Anchor","Secret Weapon+1","Shuriken","HornCleat","Devotion","TalkToTheHand","Orrery","Bag of Preparation","Meat on the Bone","Gremlin Horn","Brilliance","Nunchaku","Collect+1","FlurryOfBlows","Halt+1","Wallop","Worship+1","Wireheading","Brilliance","Worship+1","Toolbox","Medical Kit","Bronze Scales","Protect+1","Strawberry","War Paint"],"campfire_rested":2,"item_purchase_floors":[0,0,0,0,0,0,0,0,0,0,0,0,0,0,0,0,0,0,0,0,0,0,0,0,0,3,3,3,7,54,54,54,54,54,54,54],"current_hp_per_floor":[31,6,6,18,30,38,38,38,38,38,38,36,37,37,57,56,65,65,65,65,65,65,65,67,68,68,68,68,60,62,64,64,40,61,63,65,66,68,68,68,68,58,58,58,46,46,48,50,50,47,27,58,68,75,75,73],"gold":1406,"neow_bonus":"","is_daily":false,"chose_seed":false,"campfire_upgraded":3,"win_rate":0.0,"timestamp":1608902201,"path_taken":["M","?","$","M","M","E","$","E","T","E","?","E","?","M","R","BOSS","M","?","?","?","M","E","M","E","T","M","R","M","E","M","R","BOSS","M","?","?","M","?","E","?","E","T","R","?","?","M","E","R","BOSS","BOSS","R","$","E","BOSS"],"items_purchased_type":["Relic","Relic","Relic","Relic","Relic","Card","Card","Card","Relic","Relic","Relic","Card","Relic","Relic","Card","Card","Relic","Relic","Relic","Relic","Card","Relic","Card","Card","Card","Card","Card","Card","Card","Card","Relic","Relic","Relic","Card","Relic","Relic"],"build_version":"2020-12-22","purchased_purges":3,"victory":true,"max_hp_per_floor":[68,68,68,68,68,68,68,68,68,68,68,68,68,68,68,68,68,68,68,68,68,68,68,68,68,68,68,68,68,68,68,68,68,68,68,68,68,68,68,68,68,68,68,68,68,68,68,68,68,68,68,68,68,75,75,75],"relic_stats":{"Happy Flower":[190],"Gremlin Horn":[35,36],"counters":[260,845],"CeramicFish":72,"Pen Nib":[89],"Bag of Preparation":[58],"CloakClasp":[205],"Juzu Bracelet":4,"War Paint":["Defend_P","Protect","Defend_P","Vigilance"],"Question Card":83,"Cursed Key":2,"Medical Kit":[3],"Blood Vial":25,"OrangePellets":[7],"Nunchaku":[26],"Shuriken":[66],"Bronze Scales":[102],"Tiny Chest":4,"MealTicket":57,"Art of War":[29],"obtain_stats":[{"Spirit Poop":11,"Whetstone":37,"Ginger":36,"Bottled Tornado":6,"Sling":0,"Boot":0,"Old Coin":17,"Blood Vial":3,"Sundial":25,"MealTicket":8,"HandDrill":45,"Kunai":46,"Pear":23,"betterAltar:BloodRelic":22,"Blue Candle":25,"Eternal Feather":26,"Pen Nib":14,"Akabeko":0,"SlaversCollar":34,"Bird Faced Urn":55,"Pandora\u0027s Box":34,"StrikeDummy":8,"Unceasing Top":20,"Lantern":14,"Regal Pillow":40,"Singing Bowl":23,"Torii":48,"GremlinMask":30,"Bag of Preparation":13,"Smiling Mask":40,"Ancient Tea Set":20,"Cursed Key":34,"Shovel":12,"Matryoshka":0,"Toolbox":0,"WingedGreaves":25,"InkBottle":9,"Potion Belt":0,"Lee\u0027s Waffle":0,"NeowsBlessing":0,"Golden Idol":5,"Damaru":45,"Thread and Needle":54,"The Courier":9,"PreservedInsect":0,"Omamori":39,"Frozen Egg 2":14,"GoldenEye":42,"Ornamental Fan":0,"Bloody Idol":22,"Orrery":0,"Turnip":0,"Art of War":41,"Bottled Lightning":28,"Toy Ornithopter":39,"Ice Cream":8,"Tiny House":34,"Calipers":34,"Gremlin Horn":44,"CeramicFish":14,"Vajra":37,"Sozu":17,"Centennial Puzzle":37,"Lizard Tail":6,"HornCleat":9,"DollysMirror":4,"Strawberry":31,"Prayer Wheel":29,"VioletLotus":17,"Toxic Egg 2":29,"Girya":0,"Happy Flower":45,"Astrolabe":34,"Oddly Smooth Stone":0,"Letter Opener":0,"War Paint":34,"Question Card":40,"WarpedTongs":36,"OrangePellets":54,"Bottled Flame":53,"Shuriken":6,"Bronze Scales":23,"Molten Egg 2":0,"Black Star":34,"Meat on the Bone":0,"Darkstone Periapt":34,"Yang":55,"Mango":42,"CloakClasp":0,"Incense Burner":45,"Juzu Bracelet":6,"TeardropLocket":0,"PrismaticShard":0,"ClockworkSouvenir":41,"Frozen Eye":39,"Nunchaku":9,"Dream Catcher":44,"TheAbacus":19,"Mummified Hand":0,"Pantograph":6,"Gambling Chip":0,"Tiny Chest":0,"Red Mask":19,"Orichalcum":8,"Medical Kit":54,"White Beast Statue":4,"Mercury Hourglass":26,"Calling Bell":34,"Strange Spoon":41,"Anchor":37,"HolyWater":17,"Bag of Marbles":10,"Coffee Dripper":17,"Membership Card":0,"PureWater":0,"TungstenRod":55},{"Spirit Poop":19,"Whetstone":33,"Ginger":216,"Bottled Tornado":76,"Sling":41,"Boot":41,"Old Coin":204,"Blood Vial":11,"Sundial":87,"MealTicket":77,"HandDrill":38,"Kunai":99,"Pear":179,"betterAltar:BloodRelic":23,"Blue Candle":55,"Eternal Feather":87,"Pen Nib":21,"Akabeko":9,"SlaversCollar":122,"Bird Faced Urn":195,"Pandora\u0027s Box":31,"StrikeDummy":18,"Unceasing Top":51,"Lantern":21,"Regal Pillow":127,"Singing Bowl":24,"Torii":68,"GremlinMask":183,"Bag of Preparation":48,"Smiling Mask":35,"Ancient Tea Set":238,"Cursed Key":248,"Shovel":8,"Matryoshka":41,"Toolbox":41,"WingedGreaves":25,"InkBottle":45,"Potion Belt":72,"Lee\u0027s Waffle":12,"NeowsBlessing":0,"Golden Idol":108,"Damaru":38,"Thread and Needle":134,"The Courier":7,"PreservedInsect":9,"Omamori":252,"Frozen Egg 2":21,"GoldenEye":65,"Ornamental Fan":41,"Bloody Idol":23,"Orrery":72,"Turnip":9,"Art of War":96,"Bottled Lightning":56,"Toy Ornithopter":188,"Ice Cream":7,"Tiny House":59,"Calipers":91,"Gremlin Horn":129,"CeramicFish":21,"Vajra":33,"Sozu":22,"Centennial Puzzle":33,"Lizard Tail":109,"HornCleat":77,"DollysMirror":197,"Strawberry":121,"Prayer Wheel":28,"VioletLotus":50,"Toxic Egg 2":88,"Girya":105,"Happy Flower":38,"Astrolabe":155,"Oddly Smooth Stone":9,"Letter Opener":9,"War Paint":91,"Question Card":96,"WarpedTongs":186,"OrangePellets":70,"Bottled Flame":165,"Shuriken":5,"Bronze Scales":117,"Molten Egg 2":9,"Black Star":185,"Meat on the Bone":72,"Darkstone Periapt":91,"Yang":71,"Mango":220,"CloakClasp":9,"Incense Burner":38,"Juzu Bracelet":170,"TeardropLocket":12,"PrismaticShard":136,"ClockworkSouvenir":96,"Frozen Eye":188,"Nunchaku":18,"Dream Catcher":38,"TheAbacus":150,"Mummified Hand":9,"Pantograph":17,"Gambling Chip":136,"Tiny Chest":196,"Red Mask":206,"Orichalcum":171,"Medical Kit":258,"White Beast Statue":42,"Mercury Hourglass":25,"Calling Bell":91,"Strange Spoon":96,"Anchor":33,"HolyWater":237,"Bag of Marbles":7,"Coffee Dripper":149,"Membership Card":12,"PureWater":0,"TungstenRod":166},{"Spirit Poop":53,"Whetstone":113,"Ginger":678,"Bottled Tornado":271,"Sling":152,"Boot":152,"Old Coin":648,"Blood Vial":31,"Sundial":315,"MealTicket":275,"HandDrill":134,"Kunai":333,"Pear":560,"betterAltar:BloodRelic":68,"Blue Candle":191,"Eternal Feather":315,"Pen Nib":57,"Akabeko":26,"SlaversCollar":381,"Bird Faced Urn":624,"Pandora\u0027s Box":104,"StrikeDummy":51,"Unceasing Top":179,"Lantern":57,"Regal Pillow":386,"Singing Bowl":73,"Torii":233,"GremlinMask":571,"Bag of Preparation":170,"Smiling Mask":119,"Ancient Tea Set":762,"Cursed Key":794,"Shovel":25,"Matryoshka":152,"Toolbox":152,"WingedGreaves":77,"InkBottle":162,"Potion Belt":255,"Lee\u0027s Waffle":34,"NeowsBlessing":0,"Golden Idol":359,"Damaru":134,"Thread and Needle":395,"The Courier":19,"PreservedInsect":26,"Omamori":810,"Frozen Egg 2":57,"GoldenEye":221,"Ornamental Fan":152,"Bloody Idol":68,"Orrery":255,"Turnip":26,"Art of War":330,"Bottled Lightning":193,"Toy Ornithopter":590,"Ice Cream":19,"Tiny House":203,"Calipers":324,"Gremlin Horn":388,"CeramicFish":57,"Vajra":113,"Sozu":64,"Centennial Puzzle":113,"Lizard Tail":361,"HornCleat":275,"DollysMirror":633,"Strawberry":378,"Prayer Wheel":89,"VioletLotus":177,"Toxic Egg 2":316,"Girya":353,"Happy Flower":134,"Astrolabe":469,"Oddly Smooth Stone":26,"Letter Opener":26,"War Paint":324,"Question Card":330,"WarpedTongs":583,"OrangePellets":243,"Bottled Flame":514,"Shuriken":11,"Bronze Scales":373,"Molten Egg 2":26,"Black Star":577,"Meat on the Bone":255,"Darkstone Periapt":324,"Yang":246,"Mango":694,"CloakClasp":26,"Incense Burner":134,"Juzu Bracelet":529,"TeardropLocket":34,"PrismaticShard":402,"ClockworkSouvenir":330,"Frozen Eye":590,"Nunchaku":51,"Dream Catcher":134,"TheAbacus":448,"Mummified Hand":26,"Pantograph":49,"Gambling Chip":402,"Tiny Chest":631,"Red Mask":653,"Orichalcum":532,"Medical Kit":834,"White Beast Statue":154,"Mercury Hourglass":77,"Calling Bell":324,"Strange Spoon":330,"Anchor":113,"HolyWater":760,"Bag of Marbles":19,"Coffee Dripper":442,"Membership Card":34,"PureWater":0,"TungstenRod":517}],"Toy Ornithopter":46,"TungstenRod":5,"Meat on the Bone":72},"card_choices":[{"not_picked":["Vengeance+1","FlyingSleeves","SignatureMove"],"picked":"Prostrate+1","floor":0.0},{"not_picked":["FearNoEvil","Halt+1","Evaluate+1"],"picked":"Study","floor":0.0},{"not_picked":["FollowUp","BowlingBash","JustLucky"],"picked":"ForeignInfluence+1","floor":0.0},{"not_picked":["FollowUp","Indignation+1","DeceiveReality+1"],"picked":"Wish+1","floor":0.0},{"not_picked":["Fasting2","BattleHymn","Worship+1"],"picked":"Devotion","floor":0.0},{"not_picked":["SashWhip","EmptyMind+1","Wireheading"],"picked":"WaveOfTheHand+1","floor":1.0},{"not_picked":["Halt+1","JustLucky","Evaluate+1"],"picked":"CutThroughFate","floor":4.0},{"not_picked":["JustLucky","MentalFortress","Evaluate+1"],"picked":"CrushJoints","floor":5.0},{"not_picked":["PathToVictory+1","WheelKick","ClearTheMind+1"],"picked":"WindmillStrike","floor":6.0},{"not_picked":["Crescendo+1","ClearTheMind+1","Pray+1"],"picked":"Wallop","floor":8.0},{"not_picked":["Tantrum","WheelKick","Halt+1","FearNoEvil"],"picked":"SKIP","floor":10.0},{"not_picked":["Blasphemy+1","WreathOfFlame+1","FlurryOfBlows"],"picked":"EmptyBody+1","floor":12.0},{"not_picked":["SashWhip","Nirvana","JustLucky"],"picked":"Perseverance+1","floor":13.0},{"not_picked":["Halt+1","Nirvana","WindmillStrike"],"picked":"TalkToTheHand","floor":14.0},{"not_picked":["Establishment","DevaForm","Scrawl+1"],"picked":"Omniscience+1","floor":16.0},{"not_picked":["Adaptation","Indignation+1","CutThroughFate"],"picked":"SandsOfTime","floor":18.0},{"not_picked":["EmptyBody+1","Crescendo+1","PathToVictory+1"],"picked":"JustLucky","floor":21.0},{"not_picked":["PathToVictory+1","ClearTheMind+1","Halt+1"],"picked":"CrushJoints","floor":22.0},{"not_picked":["EmptyBody+1","CutThroughFate","JustLucky"],"picked":"Devotion","floor":23.0},{"not_picked":["EmptyMind+1","ForeignInfluence+1","EmptyBody+1"],"picked":"FlurryOfBlows","floor":24.0},{"not_picked":["Halt+1","SashWhip","Collect+1"],"picked":"Protect+1","floor":25.0},{"not_picked":["FearNoEvil","WreathOfFlame+1","ClearTheMind+1"],"picked":"Consecrate","floor":27.0},{"not_picked":["Weave","Nirvana","FollowUp+1"],"picked":"FlurryOfBlows+1","floor":29.0},{"not_picked":["FlyingSleeves","Study","InnerPeace+1"],"picked":"ConjureBlade+1","floor":30.0},{"not_picked":["FollowUp","SignatureMove","Pray+1","FlyingSleeves"],"picked":"SKIP","floor":31.0},{"not_picked":["Wish+1","Alpha+1","ConjureBlade+1"],"picked":"Omniscience+1","floor":33.0},{"not_picked":["ThirdEye+1","Consecrate","EmptyBody+1"],"picked":"Worship+1","floor":35.0},{"not_picked":["Consecrate+1","ClearTheMind+1","ThirdEye+1"],"picked":"Protect+1","floor":36.0},{"not_picked":["FlurryOfBlows+1","Crescendo+1","Worship+1"],"picked":"WheelKick","floor":37.0},{"not_picked":["Vengeance+1","Evaluate+1","CarveReality","BowlingBash+1"],"picked":"SKIP","floor":38.0},{"not_picked":["Conclude","Halt+1","BowlingBash"],"picked":"Ragnarok","floor":40.0},{"not_picked":["Crescendo+1","ThirdEye+1","BowlingBash"],"picked":"BattleHymn+1","floor":42.0},{"not_picked":["Evaluate+1","Prostrate+1","ThirdEye+1"],"picked":"DeceiveReality+1","floor":47.0},{"not_picked":["BattleHymn+1","Tantrum+1","FlurryOfBlows+1"],"picked":"Indignation+1","floor":48.0},{"not_picked":["FollowUp+1","Tantrum+1","ClearTheMind+1"],"picked":"Nirvana","floor":55}],"player_experience":1078682,"relics_obtained":[{"floor":6.0,"key":"Akabeko"},{"floor":8.0,"key":"Lantern"},{"floor":9.0,"key":"Tiny Chest"},{"floor":10.0,"key":"Pen Nib"},{"floor":12.0,"key":"Bottled Lightning"},{"floor":20.0,"key":"Ancient Tea Set"},{"floor":21.0,"key":"Red Mask"},{"floor":23.0,"key":"Blood Vial"},{"floor":25.0,"key":"CloakClasp"},{"floor":26.0,"key":"MealTicket"},{"floor":30.0,"key":"Matryoshka"},{"floor":36.0,"key":"Thread and Needle"},{"floor":37.0,"key":"Ice Cream"},{"floor":39.0,"key":"Vajra"},{"floor":39.0,"key":"Omamori"},{"floor":40.0,"key":"Juzu Bracelet"},{"floor":42.0,"key":"CeramicFish"},{"floor":43.0,"key":"Toy Ornithopter"},{"floor":48.0,"key":"Molten Egg 2"},{"floor":55,"key":"TungstenRod"}],"event_choices":[{"damage_healed":0.0,"max_hp_gain":0.0,"max_hp_loss":0.0,"gold_gain":0.0,"event_name":"betterThird:BetterScrap","player_choice":"Card ","floor":2.0,"gold_loss":0.0,"damage_taken":25.0,"cards_obtained":["Machine Learning"]},{"damage_healed":0.0,"max_hp_gain":0.0,"max_hp_loss":0.0,"gold_gain":0.0,"event_name":"Accursed Blacksmith","player_choice":"Forge","floor":11.0,"gold_loss":0.0,"damage_taken":0.0,"cards_upgraded":["Mind Blast"]},{"damage_healed":0.0,"max_hp_gain":0.0,"max_hp_loss":0.0,"gold_gain":0.0,"cards_transformed":["Strike_P","Strike_P"],"event_name":"Designer","player_choice":"Transformed Cards","floor":19.0,"gold_loss":75.0,"damage_taken":0.0,"cards_obtained":["Establishment","MasterReality"]},{"damage_healed":0.0,"max_hp_gain":0.0,"max_hp_loss":0.0,"gold_gain":0.0,"event_name":"Masked Bandits","player_choice":"Fought Bandits","floor":21.0,"gold_loss":0.0,"damage_taken":0.0},{"damage_healed":0.0,"max_hp_gain":0.0,"max_hp_loss":0.0,"gold_gain":0.0,"event_name":"MindBloom","player_choice":"Fight","floor":36.0,"gold_loss":0.0,"damage_taken":0.0},{"damage_healed":0.0,"max_hp_gain":0.0,"max_hp_loss":0.0,"gold_gain":0.0,"event_name":"Mysterious Sphere","player_choice":"Fight","floor":37.0,"gold_loss":0.0,"damage_taken":0.0},{"cards_removed":["JustLucky"],"damage_healed":0.0,"max_hp_gain":0.0,"max_hp_loss":0.0,"gold_gain":0.0,"event_name":"Falling","player_choice":"Removed Attack","floor":41.0,"gold_loss":0.0,"damage_taken":0.0},{"damage_healed":0.0,"max_hp_gain":0.0,"max_hp_loss":0.0,"gold_gain":0.0,"event_name":"Winding Halls","player_choice":"Embrace Madness","floor":45.0,"gold_loss":0.0,"damage_taken":12.0,"cards_obtained":["Madness","Madness"]},{"cards_removed":["Pain"],"damage_healed":0.0,"max_hp_gain":0.0,"max_hp_loss":0.0,"gold_gain":0.0,"event_name":"Purifier","player_choice":"Purged","floor":46.0,"gold_loss":0.0,"damage_taken":0.0}],"is_beta":false,"boss_relics":[{"not_picked":["VioletLotus","Runic Pyramid"],"picked":"HolyWater"},{"not_picked":["SacredBark","Black Star"],"picked":"Cursed Key"}],"items_purged_floors":[0,0,54],"is_endless":false,"potions_floor_spawned":[6,10,12,13,18,24,25,27,35,40,48],"ascension_level":20}}