{"host":"sabve5zmqufxyc5o","time":1608907565,"event":{"mods":["2.2 Compatiblity","AchievementEnabler","Act Like it!","Arknights The Spire","BaseMod","Block Reminder","Colored Map","Colored Powertips","DeckTracker","KOR Keyword Fix","Keyboard Shortcuts","Minty Spire (QoL Compilation)","Quick Restart","Rare Cards Sparkle","Relic Stats","StSLib","SuperFastMode"],"gold_per_floor":[113,123,133,145,163,163,179,179,179,198,208,208,55,25,25,25,25],"floor_reached":16,"playtime":398,"items_purged":[],"score":106,"play_id":"02860c44-82d3-4bdf-9f41-57b807b99190","local_time":"20201225234605","is_ascension_mode":true,"campfire_choices":[{"floor":6.0,"key":"REST"},{"data":"ats:Childhood Dance","floor":8.0,"key":"SMITH"},{"floor":15,"key":"REST"}],"circlet_count":0,"master_deck":["ats:Strike G","ats:Strike S","ats:Strike V","ats:Armor Crushing Shot","ats:Defend","ats:Defend","ats:Defend","ats:Defend","ats:Emotion Absorption","ats:Encircling Forest","ats:Poison Spread","ats:Hammer On","ats:Directed Diagnosis","ats:Childhood Dance+1","ats:Apocalypse","ats:Spore Proliferation","ats:Healing Strengthening","ats:Charging Defense","ats:Shell Defense","ats:Healing Strengthening","ats:Hook Shot"],"relics":["ats:Sanity","Dream Catcher","ats:Bonebreaker","Orrery"],"acts_visited":["Exordium"],"potions_floor_usage":[16],"damage_taken":[{"damage":6.0,"enemies":"Cultist","floor":1.0,"turns":3.0},{"damage":6.0,"enemies":"2 Louse","floor":2.0,"turns":3.0},{"damage":5.0,"enemies":"Small Slimes","floor":3.0,"turns":3.0},{"damage":19.0,"enemies":"Looter","floor":4.0,"turns":4.0},{"damage":21.0,"enemies":"Blue Slaver","floor":5.0,"turns":6.0},{"damage":5.0,"enemies":"Red Slaver","floor":7.0,"turns":4.0},{"damage":29.0,"enemies":"Gremlin Gang","floor":10.0,"turns":8.0},{"damage":12.0,"enemies":"Blue Slaver","floor":11.0,"turns":6.0},{"damage":16,"enemies":"Hexaghost","floor":16,"turns":9}],"seed_played":"6244614695226214796","potions_obtained":[{"floor":2.0,"key":"Weak Potion"},{"floor":4.0,"key":"LiquidMemories"},{"floor":10.0,"key":"Fire Potion"},{"floor":11.0,"key":"PowerPotion"}],"is_trial":false,"path_per_floor":["M","M","M","M","M","R","M","R","T","M","M","?","$","?","R","B"],"character_chosen":"DOCTOR_CLASS","items_purchased":["Orrery"],"campfire_rested":2,"item_purchase_floors":[13],"current_hp_per_floor":[66,60,55,36,17,38,35,35,35,14,5,5,5,5,26,36,36],"gold":25,"neow_bonus":"TRANSFORM_CARD","is_daily":false,"chose_seed":false,"campfire_upgraded":1,"win_rate":0.0,"timestamp":1608907565,"path_taken":["M","?","M","M","M","R","M","R","T","M","M","?","$","?","R","BOSS"],"items_purchased_type":["Relic"],"build_version":"2020-12-22","purchased_purges":0,"victory":false,"max_hp_per_floor":[72,72,72,72,72,72,72,72,72,72,72,72,72,72,72,72,72],"relic_stats":{"Dream Catcher":1,"counters":[9,46],"obtain_stats":[{"Dream Catcher":9,"Orrery":13,"ats:Sanity":0,"ats:Bonebreaker":12},{"Dream Catcher":6,"Orrery":8,"ats:Sanity":0,"ats:Bonebreaker":8},{"Dream Catcher":23,"Orrery":37,"ats:Sanity":0,"ats:Bonebreaker":37}]},"card_choices":[{"not_picked":["ats:Apocalypse","ats:Soul Absorption"],"picked":"ats:Poison Spread","floor":1.0},{"not_picked":["ats:Curse Doll","ats:Counter Healing Mode"],"picked":"ats:Hammer On","floor":2.0},{"not_picked":["ats:Poison Spread","ats:Cat Scratch"],"picked":"ats:Directed Diagnosis","floor":3.0},{"not_picked":["ats:Cat Scratch","ats:Powerful Strike"],"picked":"ats:Childhood Dance","floor":4.0},{"not_picked":["ats:Flexible Camouflage","ats:Poison Spread"],"picked":"ats:Apocalypse","floor":5.0},{"not_picked":["ats:Explosion Area Strengthen","ats:Childhood Dance"],"picked":"ats:Spore Proliferation","floor":7.0},{"not_picked":["ats:Very Hot Blade","ats:Ambush"],"picked":"ats:Healing Strengthening","floor":10.0},{"not_picked":["ats:Closed Bolt Burst Fire","ats:Hammer On","ats:Leaping Hammer"],"picked":"SKIP","floor":11.0},{"not_picked":["ats:Fractured Body","ats:Magnetic Hammer"],"picked":"ats:Charging Defense","floor":13},{"not_picked":["ats:Mental Burst","ats:Closed Bolt Burst Fire"],"picked":"ats:Shell Defense","floor":13},{"not_picked":["ats:Beaten Up","ats:Apocalypse"],"picked":"ats:Healing Strengthening","floor":13},{"not_picked":["ats:Guardian Obelisk","ats:Explosion Area Strengthen"],"picked":"ats:Hook Shot","floor":15}],"player_experience":813749,"relics_obtained":[{"floor":9.0,"key":"Dream Catcher"}],"event_choices":[{"damage_healed":0.0,"max_hp_gain":0.0,"max_hp_loss":0.0,"gold_gain":0.0,"event_name":"Dead Adventurer","player_choice":"Searched \u00271\u0027 times","floor":12.0,"gold_loss":0.0,"damage_taken":0.0,"relics_obtained":["ats:Bonebreaker"]},{"damage_healed":0,"gold_gain":0,"player_choice":"Left Gold","damage_taken":0,"max_hp_gain":0,"max_hp_loss":0,"event_name":"World of Goop","floor":14,"gold_loss":30}],"is_beta":false,"boss_relics":[],"items_purged_floors":[],"is_endless":false,"potions_floor_spawned":[2,4,10,11],"killed_by":"Hexaghost","ascension_level":2}}