{"host":"jksa5rawk3m4gilz","time":1608889147,"event":{"mods":["BaseMod","Colored Map","Highlight Path","Minty Spire (QoL Compilation)","Quick Restart"],"gold_per_floor":[113,63,63,26,39,39,72,84,84,84,84,84,110,124,124,124,124],"floor_reached":16,"playtime":425,"items_purged":[],"score":219,"play_id":"123bd4f0-a532-4d40-8ceb-a86f241cff51","local_time":"20201225103907","is_ascension_mode":true,"campfire_choices":[{"data":"Footwork","floor":6,"key":"SMITH"},{"data":"A Thousand Cuts","floor":10,"key":"SMITH"},{"data":"Neutralize","floor":12,"key":"SMITH"},{"data":"Bouncing Flask","floor":15,"key":"SMITH"}],"circlet_count":0,"master_deck":["AscendersBane","Strike_G","Strike_G","Strike_G","Strike_G+1","Defend_G","Defend_G","Defend_G+1","Defend_G","Defend_G","Survivor","Neutralize+1","Bouncing Flask+1","Accuracy","Footwork+1","A Thousand Cuts+1","Backstab","Accuracy","Accuracy"],"relics":["Ring of the Snake","NeowsBlessing","Matryoshka","Bag of Marbles","Anchor","Singing Bowl"],"acts_visited":["Exordium"],"potions_floor_usage":[16],"damage_taken":[{"damage":0,"enemies":"Small Slimes","floor":1,"turns":1},{"damage":0,"enemies":"2 Louse","floor":5,"turns":1},{"damage":0,"enemies":"Lagavulin","floor":7,"turns":1},{"damage":1,"enemies":"Jaw Worm","floor":8,"turns":6},{"damage":12,"enemies":"3 Sentries","floor":13,"turns":6},{"damage":1,"enemies":"Looter","floor":14,"turns":3},{"damage":38,"enemies":"Slime Boss","floor":16,"turns":9}],"seed_played":"-2097594234145260138","potions_obtained":[{"floor":1,"key":"PowerPotion"},{"floor":7,"key":"GhostInAJar"}],"is_trial":false,"path_per_floor":["M","?","?","$","M","R","E","M","T","R","?","R","E","M","R","B"],"character_chosen":"THE_SILENT","items_purchased":["Accuracy"],"campfire_rested":0,"item_purchase_floors":[4],"current_hp_per_floor":[63,63,49,49,49,49,49,48,48,48,48,48,36,35,35,0,0],"gold":124,"neow_bonus":"THREE_ENEMY_KILL","is_daily":false,"chose_seed":false,"campfire_upgraded":4,"win_rate":0.0,"timestamp":1608889147,"path_taken":["M","?","?","$","M","R","E","M","T","R","?","R","E","M","R","BOSS"],"items_purchased_type":["Card"],"build_version":"2020-12-22","purchased_purges":0,"victory":false,"max_hp_per_floor":[70,70,70,70,70,70,70,70,70,70,70,70,70,70,70,70,70],"card_choices":[{"not_picked":["Tactician","Cloak And Dagger"],"picked":"Bouncing Flask","floor":1},{"not_picked":["Masterful Stab","Quick Slash"],"picked":"Footwork","floor":5},{"not_picked":["PiercingWail","Prepared"],"picked":"A Thousand Cuts","floor":7},{"not_picked":["Predator","Slice"],"picked":"Backstab","floor":8},{"not_picked":["Unload","Flying Knee"],"picked":"Accuracy","floor":13},{"not_picked":["Endless Agony","PiercingWail"],"picked":"Accuracy","floor":14}],"player_experience":2060959,"relics_obtained":[{"floor":7,"key":"Matryoshka"},{"floor":9,"key":"Bag of Marbles"},{"floor":9,"key":"Anchor"},{"floor":13,"key":"Singing Bowl"}],"event_choices":[{"cards_removed":["Strike_G"],"damage_healed":0,"gold_gain":0,"player_choice":"Card Removal","damage_taken":0,"max_hp_gain":0,"max_hp_loss":0,"event_name":"The Cleric","floor":2,"gold_loss":50},{"damage_healed":0,"gold_gain":0,"player_choice":"Entered Light","damage_taken":14,"max_hp_gain":0,"max_hp_loss":0,"event_name":"Shining Light","floor":3,"gold_loss":0,"cards_upgraded":["Defend_G","Strike_G"]},{"damage_healed":0,"gold_gain":0,"player_choice":"Ignored","damage_taken":0,"max_hp_gain":0,"max_hp_loss":0,"event_name":"Liars Game","floor":11,"gold_loss":0}],"is_beta":false,"boss_relics":[],"items_purged_floors":[],"is_endless":false,"potions_floor_spawned":[1,7,13],"killed_by":"Slime Boss","ascension_level":13}}