{"host":"6kpik4p6m02tzjjt","time":1608937744,"event":{"mods":["BaseMod","Colored Map","Minty Spire (QoL Compilation)","Quick Restart","Relic Stats"],"gold_per_floor":[111,186,200,216,227,227,243,243,243,257,257,30,88,108,108,204,204,221,19,19,19,19,49,63,95,131,163,175,215,237,249,261,273,273],"floor_reached":33,"playtime":1250,"items_purged":["Strike_B"],"score":312,"play_id":"be7e1b4c-572c-4522-a61d-ae3cdf3c08dd","local_time":"20201225180904","is_ascension_mode":true,"campfire_choices":[{"data":"Zap","floor":6,"key":"SMITH"},{"data":"FTL","floor":11,"key":"SMITH"},{"floor":15,"key":"REST"},{"data":"Scrape","floor":28,"key":"SMITH"},{"data":"Recycle","floor":32,"key":"SMITH"}],"circlet_count":0,"master_deck":["Strike_B","Strike_B","Strike_B","Defend_B","Defend_B","Defend_B","Defend_B","Zap+1","Dualcast+1","BootSequence","Coolheaded","Beam Cell","FTL+1","Scrape+1","Sweeping Beam","Electrodynamics","Gash","Gash","Melter","Ball Lightning","Beam Cell","Tempest","Recycle+1"],"relics":["Cracked Core","Bird Faced Urn","Nunchaku","Ice Cream","Runic Dome","Shuriken","Bronze Scales","MawBank","Tiny Chest","Thread and Needle"],"acts_visited":["Exordium","TheCity"],"potions_floor_usage":[13,16,16,33,33,33],"damage_taken":[{"damage":8,"enemies":"2 Louse","floor":1,"turns":3},{"damage":6,"enemies":"Cultist","floor":3,"turns":3},{"damage":0,"enemies":"Small Slimes","floor":4,"turns":3},{"damage":13,"enemies":"Blue Slaver","floor":5,"turns":4},{"damage":0,"enemies":"Large Slime","floor":7,"turns":5},{"damage":11,"enemies":"2 Fungi Beasts","floor":10,"turns":3},{"damage":2,"enemies":"3 Sentries","floor":13,"turns":5},{"damage":4,"enemies":"3 Louse","floor":14,"turns":3},{"damage":19,"enemies":"Hexaghost","floor":16,"turns":9},{"damage":0,"enemies":"3 Byrds","floor":18,"turns":3},{"damage":14,"enemies":"Book of Stabbing","floor":23,"turns":4},{"damage":0,"enemies":"Spheric Guardian","floor":24,"turns":2},{"damage":17,"enemies":"Gremlin Leader","floor":25,"turns":4},{"damage":3,"enemies":"Snecko","floor":27,"turns":3},{"damage":24,"enemies":"Slavers","floor":29,"turns":3},{"damage":0,"enemies":"Cultist and Chosen","floor":30,"turns":3},{"damage":51,"enemies":"Automaton","floor":33,"turns":6}],"seed_played":"-2565512878909349643","potions_obtained":[{"floor":4,"key":"SpeedPotion"},{"floor":10,"key":"Fire Potion"},{"floor":14,"key":"EssenceOfSteel"},{"floor":16,"key":"PowerPotion"},{"floor":24,"key":"Fire Potion"}],"is_trial":false,"path_per_floor":["M","?","M","M","M","R","M","?","T","M","R","$","?","M","R","B",null,"M","$","?","?","?","E","M","E","T","M","R","E","M","$","R","B"],"character_chosen":"DEFECT","items_purchased":["Nunchaku","Scrape","Gash","SteroidPotion","SteroidPotion"],"campfire_rested":1,"item_purchase_floors":[12,12,19,19,19],"current_hp_per_floor":[74,63,57,57,44,44,44,44,44,33,33,33,31,27,51,32,82,82,82,66,66,87,75,75,60,60,59,59,37,39,39,39,0,0],"gold":273,"neow_bonus":"TEN_PERCENT_HP_BONUS","is_daily":false,"chose_seed":false,"campfire_upgraded":4,"win_rate":0.0,"timestamp":1608937744,"path_taken":["M","?","M","M","M","R","M","?","T","?","R","?","?","M","R","BOSS","M","$","?","?","?","E","M","E","T","M","R","E","M","$","R","BOSS"],"items_purchased_type":["Relic","Card","Card","Potion","Potion"],"build_version":"2020-12-22","purchased_purges":1,"victory":false,"max_hp_per_floor":[82,82,82,82,82,82,82,82,82,82,82,82,82,82,82,82,82,82,82,87,87,87,87,87,87,87,87,87,87,87,87,87,87,87],"relic_stats":{"Nunchaku":[13],"counters":[17,66],"Shuriken":[19],"Bird Faced Urn":[12],"Bronze Scales":[47],"Tiny Chest":0,"MawBank":96,"obtain_stats":[{"Ice Cream":13,"Runic Dome":17,"Nunchaku":12,"Shuriken":21,"Bird Faced Urn":9,"Bronze Scales":23,"Tiny Chest":26,"Thread and Needle":29,"Cracked Core":0,"MawBank":25},{"Ice Cream":7,"Runic Dome":9,"Nunchaku":6,"Shuriken":10,"Bird Faced Urn":5,"Bronze Scales":11,"Tiny Chest":13,"Thread and Needle":15,"Cracked Core":0,"MawBank":13},{"Ice Cream":26,"Runic Dome":38,"Nunchaku":21,"Shuriken":41,"Bird Faced Urn":18,"Bronze Scales":45,"Tiny Chest":51,"Thread and Needle":57,"Cracked Core":0,"MawBank":51}]},"card_choices":[{"not_picked":["Stack","Recycle","Barrage"],"picked":"SKIP","floor":1},{"not_picked":["Cold Snap","Double Energy"],"picked":"BootSequence","floor":3},{"not_picked":["Recycle","Blizzard"],"picked":"Coolheaded","floor":4},{"not_picked":["Reprogram","Chaos","Rebound"],"picked":"SKIP","floor":5},{"not_picked":["Turbo","Streamline"],"picked":"Beam Cell","floor":7},{"not_picked":["Buffer","Barrage"],"picked":"FTL","floor":10},{"not_picked":["Darkness","Redo"],"picked":"Sweeping Beam","floor":13},{"not_picked":["Steam","Hologram","Undo"],"picked":"SKIP","floor":14},{"not_picked":["Amplify","Creative AI"],"picked":"Electrodynamics","floor":16},{"not_picked":["Undo+1","Melter+1"],"picked":"Gash","floor":18},{"not_picked":["Fusion","Coolheaded"],"picked":"Melter","floor":23},{"not_picked":["Cold Snap","Doom and Gloom+1"],"picked":"Ball Lightning","floor":24},{"not_picked":["Stack","Cold Snap","Ball Lightning"],"picked":"SKIP","floor":25},{"not_picked":["Steam Power","Sunder"],"picked":"Beam Cell","floor":27},{"not_picked":["Rebound+1","Streamline+1"],"picked":"Tempest","floor":29},{"not_picked":["Doom and Gloom+1","Force Field+1"],"picked":"Recycle","floor":30}],"player_experience":26758,"relics_obtained":[{"floor":9,"key":"Bird Faced Urn"},{"floor":13,"key":"Ice Cream"},{"floor":23,"key":"Bronze Scales"},{"floor":25,"key":"MawBank"},{"floor":26,"key":"Tiny Chest"},{"floor":29,"key":"Thread and Needle"}],"event_choices":[{"damage_healed":0,"gold_gain":75,"player_choice":"Gather Gold","damage_taken":11,"max_hp_gain":0,"max_hp_loss":0,"event_name":"World of Goop","floor":2,"gold_loss":0},{"damage_healed":0,"gold_gain":0,"player_choice":"Forge","damage_taken":0,"max_hp_gain":0,"max_hp_loss":0,"event_name":"Accursed Blacksmith","floor":8,"gold_loss":0,"cards_upgraded":["Dualcast"]},{"damage_healed":0,"gold_gain":0,"player_choice":"Searched \u00271\u0027 times","damage_taken":0,"max_hp_gain":0,"max_hp_loss":0,"event_name":"Dead Adventurer","floor":13,"gold_loss":0},{"damage_healed":0,"gold_gain":0,"player_choice":"Shed Blood","damage_taken":21,"max_hp_gain":5,"max_hp_loss":0,"event_name":"Forgotten Altar","floor":20,"gold_loss":0},{"damage_healed":0,"gold_gain":0,"player_choice":"Opened","damage_taken":0,"relics_obtained":["Shuriken"],"max_hp_gain":0,"max_hp_loss":0,"event_name":"The Mausoleum","floor":21,"gold_loss":0},{"damage_healed":29,"gold_gain":0,"player_choice":"Heal","damage_taken":0,"max_hp_gain":0,"max_hp_loss":0,"event_name":"The Library","floor":22,"gold_loss":0}],"is_beta":false,"boss_relics":[{"not_picked":["Velvet Choker","Ectoplasm"],"picked":"Runic Dome"}],"items_purged_floors":[19],"is_endless":false,"potions_floor_spawned":[4,10,14,16,24,25],"killed_by":"Automaton","ascension_level":1}}