{"host":"8qpl9oe08dw5eaib","time":1608871899,"event":{"mods":["Act Like it!","BaseMod","Colored Map","Minty Spire (QoL Compilation)","StSLib","The Animator"],"gold_per_floor":[129,204,204,35,49,49,74,74,127,164,181,181,181,206,206,309,309,319,418,618,633,650,650,650],"floor_reached":23,"playtime":1455,"items_purged":["animator:Strike"],"score":271,"play_id":"ae48cd54-e286-4cc7-a060-2e48eae5b305","local_time":"20201224235139","is_ascension_mode":true,"campfire_choices":[{"data":"animator:Kuroyukihime","floor":6,"key":"SMITH"},{"data":"animator:AcuraShin","floor":8,"key":"SMITH"},{"data":"animator:Saitama","floor":13,"key":"SMITH"},{"floor":15,"key":"REST"}],"circlet_count":0,"master_deck":["animator:Strike_OnePunchMan","animator:Defend_OnePunchMan","animator:Strike","animator:Strike","animator:Defend","animator:Defend","animator:Defend+1","animator:Genos","animator:MumenRider+1","animator:PandorasActor+1","animator:Kuroyukihime+1","animator:Mitsuba","animator:AcuraShin+1","animator:Geryuganshoop","animator:Fredrika","animator:Saitama+1","animator:Souei","animator:AcuraShin+1","animator:Guy","animator:Melzalgald+1","animator:Raven+1"],"relics":["animator:LivingPicture","animator:TheMissingPiece","animator:PurgingStone","NeowsBlessing","Dream Catcher","War Paint","Molten Egg 2","animator:HolyGrailRelic"],"acts_visited":["Exordium","TheCity"],"potions_floor_usage":[18,22,23],"damage_taken":[{"damage":0,"enemies":"Small Slimes","floor":1,"turns":1},{"damage":0,"enemies":"2 Louse","floor":5,"turns":1},{"damage":0,"enemies":"Lagavulin","floor":7,"turns":1},{"damage":23,"enemies":"Gremlin Nob","floor":10,"turns":5},{"damage":0,"enemies":"Cultist","floor":11,"turns":3},{"damage":0,"enemies":"3 Louse","floor":14,"turns":3},{"damage":14,"enemies":"The Guardian","floor":16,"turns":12},{"damage":35,"enemies":"2 Thieves","floor":18,"turns":5},{"damage":6,"enemies":"Spheric Guardian","floor":21,"turns":3},{"damage":0,"enemies":"Snake Plant","floor":22,"turns":4},{"damage":40,"enemies":"Gremlin Leader","floor":23,"turns":7}],"seed_played":"-5826004114771499788","potions_obtained":[{"floor":10,"key":"EssenceOfSteel"},{"floor":14,"key":"SkillPotion"},{"floor":16,"key":"FearPotion"},{"floor":18,"key":"Strength Potion"},{"floor":21,"key":"Block Potion"},{"floor":22,"key":"ColorlessPotion"}],"is_trial":false,"path_per_floor":["M","?","?","$","M","R","E","R","T","E","M","?","R","M","R","B",null,"M","?","?","M","M","E"],"character_chosen":"THE_ANIMATOR","items_purchased":["animator:Kuroyukihime"],"campfire_rested":1,"item_purchase_floors":[4],"current_hp_per_floor":[66,55,55,55,55,55,55,55,55,32,32,32,32,32,51,37,74,41,41,41,38,40,0,0],"gold":650,"neow_bonus":"THREE_ENEMY_KILL","is_daily":false,"chose_seed":false,"campfire_upgraded":3,"win_rate":0.0,"timestamp":1608871899,"path_taken":["M","?","?","$","?","R","E","R","T","E","M","?","R","?","R","BOSS","M","?","?","?","M","E"],"items_purchased_type":["Card"],"build_version":"2020-12-22","purchased_purges":1,"victory":false,"max_hp_per_floor":[66,66,66,66,66,66,66,66,66,66,66,66,66,66,66,66,74,76,76,76,79,81,81,81],"card_choices":[{"not_picked":["animator:Witch","animator:Aisha"],"picked":"animator:PandorasActor","floor":1},{"not_picked":["animator:HighElfArcher","animator:SakuraMatou"],"picked":"animator:Mitsuba","floor":5},{"not_picked":["animator:Layla","animator:Hakurou"],"picked":"animator:AcuraShin","floor":7},{"not_picked":["animator:MumenRider+1","animator:Genos+1"],"picked":"animator:Geryuganshoop","floor":10},{"not_picked":["animator:Mitsuba+1","animator:Caster"],"picked":"animator:Fredrika","floor":11},{"not_picked":["animator:Entoma+1","animator:Azekura"],"picked":"animator:Souei","floor":14},{"not_picked":["animator:Albedo+1","animator:HigakiRinne"],"picked":"animator:AcuraShin+1","floor":16},{"not_picked":["animator:Shichika","animator:Azekura"],"picked":"animator:Guy","floor":18},{"not_picked":["animator:Genos+1","animator:SilverFang"],"picked":"animator:Melzalgald+1","floor":21},{"not_picked":["animator:GazelDwargon","animator:Laby"],"picked":"animator:Raven+1","floor":22}],"player_experience":334797,"relics_obtained":[{"floor":7,"key":"Dream Catcher"},{"floor":9,"key":"War Paint"},{"floor":10,"key":"Molten Egg 2"}],"event_choices":[{"damage_healed":0,"gold_gain":75,"player_choice":"Gather Gold","damage_taken":11,"max_hp_gain":0,"max_hp_loss":0,"event_name":"World of Goop","floor":2,"gold_loss":0},{"damage_healed":0,"gold_gain":0,"player_choice":"Upgraded","damage_taken":0,"max_hp_gain":0,"max_hp_loss":0,"event_name":"Upgrade Shrine","floor":3,"gold_loss":0,"cards_upgraded":["animator:MumenRider"]},{"damage_healed":0,"gold_gain":0,"player_choice":"1 cards matched","damage_taken":0,"max_hp_gain":0,"max_hp_loss":0,"event_name":"Match and Keep!","floor":12,"gold_loss":0,"cards_obtained":["animator:Saitama"]},{"damage_healed":0,"gold_gain":99,"player_choice":"Stole From Cult","damage_taken":0,"max_hp_gain":0,"max_hp_loss":0,"event_name":"Nest","floor":19,"gold_loss":0},{"damage_healed":0,"gold_gain":200,"player_choice":"Gold","damage_taken":0,"max_hp_gain":0,"max_hp_loss":0,"event_name":"Wheel of Change","floor":20,"gold_loss":0}],"is_beta":false,"boss_relics":[{"not_picked":["animator:CursedBlade","Fusion Hammer"],"picked":"animator:HolyGrailRelic"}],"items_purged_floors":[4],"is_endless":false,"potions_floor_spawned":[10,14,16,18,21,22],"killed_by":"Gremlin Leader","ascension_level":2}}