{"host":"auv68s8i97pkmhwr","time":1608899566,"event":{"mods":["AchievementEnabler","BaseMod","Best Route Mod","Bestiary","Better Altar","Better Match","Better Note","Better Sensory Stone","Better Skull","Better Third Choice","Better Vampires","BetterRewards","Block Reminder","Colored Map","Colored Powertips","Displayed Cursed Tome","Minty Spire (QoL Compilation)","StSLib","SuperFastMode","Uncapped","Unceasing Turn Reminder"],"gold_per_floor":[122,134,134,134,153,195,195,217,285,314,335,381,408,426,426,525,525,550,380,380,399,413,440,454,496,496,421,455,469,484,495,495,605,605,620,620,895,540,313,343,382,411,411,439,458,488,520,520,520,520,520,520,21,56,56],"floor_reached":56,"playtime":1894,"items_purged":["Strike_R","Strike_R","Strike_R"],"score":2946,"play_id":"91274187-cf3a-4a05-b33a-2e35041121d9","local_time":"20201225203246","is_ascension_mode":true,"campfire_choices":[{"data":"Entrench","floor":7,"key":"SMITH"},{"data":"Barricade","floor":15,"key":"SMITH"},{"data":"Body Slam","floor":32,"key":"SMITH"},{"floor":49,"key":"RECALL"},{"floor":52,"key":"REST"}],"circlet_count":0,"master_deck":["AscendersBane","Strike_R","Defend_R","Bash+1","Shockwave","Master of Strategy","Shrug It Off","Barricade+1","Shrug It Off+1","Madness","Entrench+1","Body Slam+1","Cleave+1","Metallicize","Feel No Pain+1","Impervious+1","Second Wind","True Grit+1","Double Tap","Apotheosis","Inflame","Spot Weakness+1","Feel No Pain","Entrench"],"relics":["Burning Blood","Membership Card","Vajra","Incense Burner","Bird Faced Urn","StoneCalendar","Thread and Needle","Mango","Happy Flower","Du-Vu Doll","CeramicFish","Bronze Scales","Odd Mushroom","Omamori","Bag of Preparation","Dream Catcher","Empty Cage","Sling","Turnip","Letter Opener","Ancient Tea Set","Lantern","Tiny Chest","Fusion Hammer","WingedGreaves","Blue Candle","Orichalcum","Charon\u0027s Ashes","TungstenRod","The Courier","Whetstone","Bag of Marbles","Prayer Wheel","Oddly Smooth Stone","Bottled Tornado","HandDrill","War Paint","Bottled Lightning","Blood Vial","Art of War","Nunchaku","Champion Belt"],"acts_visited":["Exordium","TheCity","TheBeyond","TheEnding"],"potions_floor_usage":[11,16,18,22,25,28,28,28,28,45,55,55,55],"damage_taken":[{"damage":2,"enemies":"2 Louse","floor":1,"turns":3},{"damage":0,"enemies":"Cultist","floor":2,"turns":4},{"damage":0,"enemies":"Jaw Worm","floor":5,"turns":6},{"damage":0,"enemies":"Lagavulin","floor":6,"turns":6},{"damage":7,"enemies":"The Mushroom Lair","floor":8,"turns":4},{"damage":16,"enemies":"3 Sentries","floor":10,"turns":7},{"damage":0,"enemies":"Exordium Thugs","floor":11,"turns":5},{"damage":29,"enemies":"Gremlin Nob","floor":13,"turns":6},{"damage":0,"enemies":"Blue Slaver","floor":14,"turns":3},{"damage":0,"enemies":"Slime Boss","floor":16,"turns":7},{"damage":16,"enemies":"3 Byrds","floor":18,"turns":3},{"damage":7,"enemies":"2 Thieves","floor":21,"turns":5},{"damage":2,"enemies":"Shelled Parasite and Fungi","floor":22,"turns":5},{"damage":0,"enemies":"Gremlin Leader","floor":23,"turns":5},{"damage":0,"enemies":"Snake Plant","floor":24,"turns":5},{"damage":0,"enemies":"Slavers","floor":25,"turns":7},{"damage":1,"enemies":"Gremlin Leader","floor":28,"turns":4},{"damage":0,"enemies":"Cultist and Chosen","floor":29,"turns":5},{"damage":6,"enemies":"Centurion and Healer","floor":30,"turns":7},{"damage":0,"enemies":"Snecko","floor":31,"turns":4},{"damage":0,"enemies":"Automaton","floor":33,"turns":7},{"damage":0,"enemies":"3 Darklings","floor":35,"turns":5},{"damage":0,"enemies":"Reptomancer","floor":40,"turns":4},{"damage":0,"enemies":"Nemesis","floor":41,"turns":3},{"damage":0,"enemies":"3 Shapes","floor":42,"turns":4},{"damage":0,"enemies":"Giant Head","floor":44,"turns":7},{"damage":0,"enemies":"Writhing Mass","floor":45,"turns":6},{"damage":0,"enemies":"Nemesis","floor":46,"turns":3},{"damage":12,"enemies":"Jaw Worm Horde","floor":47,"turns":4},{"damage":2,"enemies":"Awakened One","floor":50,"turns":9},{"damage":0,"enemies":"Shield and Spear","floor":54,"turns":4},{"damage":0,"enemies":"The Heart","floor":55,"turns":8}],"seed_played":"-7815448124234966261","potions_obtained":[{"floor":2,"key":"DuplicationPotion"},{"floor":6,"key":"Dexterity Potion"},{"floor":10,"key":"Fruit Juice"},{"floor":11,"key":"SteroidPotion"},{"floor":16,"key":"SteroidPotion"},{"floor":21,"key":"Weak Potion"},{"floor":22,"key":"DistilledChaos"},{"floor":25,"key":"EntropicBrew"},{"floor":29,"key":"Energy Potion"},{"floor":30,"key":"DuplicationPotion"},{"floor":40,"key":"Fire Potion"},{"floor":41,"key":"Block Potion"},{"floor":44,"key":"HeartOfIron"},{"floor":47,"key":"Block Potion"}],"is_trial":false,"path_per_floor":["M","M","?","$","M","E","R","?","T","E","M","T","E","M","R","B",null,"M","$","?","M","M","E","M","E","T","$","E","M","M","M","R","B",null,"M","?","?","$","$","E","E","M","T","E","M","E","M","T","R","B",null,"R","$","E","B",null],"character_chosen":"IRONCLAD","items_purchased":["Membership Card","Vajra","Shockwave","Bird Faced Urn","Master of Strategy","Thread and Needle","Shrug It Off","Happy Flower","Barricade","Shrug It Off","CeramicFish","Sling","Impervious","Second Wind","Lantern","Apotheosis","WingedGreaves","Blue Candle","Orichalcum","Charon\u0027s Ashes","Bottled Tornado","HandDrill","War Paint","Bottled Lightning","Blood Vial","Art of War","Nunchaku"],"campfire_rested":1,"item_purchase_floors":[0,0,0,0,0,0,0,0,0,0,0,19,19,19,27,38,38,38,39,39,53,53,53,53,53,53,53],"current_hp_per_floor":[92,94,94,94,94,94,94,93,93,84,95,95,76,84,84,94,98,89,89,89,92,99,99,99,99,99,99,99,99,99,99,99,99,99,99,99,99,99,99,99,99,99,99,99,99,99,99,99,99,99,99,99,99,99,99],"gold":56,"neow_bonus":"","is_daily":false,"chose_seed":false,"campfire_upgraded":3,"win_rate":0.0,"timestamp":1608899566,"path_taken":["M","M","?","?","M","E","R","?","T","E","M","?","E","M","R","BOSS","M","$","?","M","M","E","?","E","T","$","E","M","M","M","R","BOSS","M","?","?","$","$","E","E","M","T","E","M","E","?","?","R","BOSS","R","$","E","BOSS"],"items_purchased_type":["Relic","Relic","Card","Relic","Card","Relic","Card","Relic","Card","Card","Relic","Relic","Card","Card","Relic","Card","Relic","Relic","Relic","Relic","Relic","Relic","Relic","Relic","Relic","Relic","Relic"],"build_version":"2020-12-22","purchased_purges":3,"victory":true,"max_hp_per_floor":[94,94,94,94,94,94,94,94,94,94,99,99,99,99,99,99,99,99,99,99,99,99,99,99,99,99,99,99,99,99,99,99,99,99,99,99,99,99,99,99,99,99,99,99,99,99,99,99,99,99,99,99,99,99,99],"card_choices":[{"not_picked":["Rampage","Whirlwind"],"picked":"Entrench","floor":1},{"not_picked":["Sever Soul","Armaments","Rage"],"picked":"SKIP","floor":2},{"not_picked":["Wild Strike","Bloodletting"],"picked":"Body Slam","floor":5},{"not_picked":["Corruption","Shockwave"],"picked":"Cleave","floor":6},{"not_picked":["Flame Barrier","Heavy Blade","Shrug It Off"],"picked":"SKIP","floor":10},{"not_picked":["Pommel Strike","Searing Blow"],"picked":"Metallicize","floor":11},{"not_picked":["Clash","Burning Pact","Cleave"],"picked":"SKIP","floor":13},{"not_picked":["Immolate","Evolve","Flex"],"picked":"SKIP","floor":14},{"not_picked":["Evolve+1","Carnage"],"picked":"Feel No Pain+1","floor":18},{"not_picked":["Warcry","Shrug It Off","Heavy Blade"],"picked":"SKIP","floor":21},{"not_picked":["Thunderclap","Cleave","Twin Strike"],"picked":"SKIP","floor":22},{"not_picked":["Iron Wave","Heavy Blade","Rupture+1"],"picked":"SKIP","floor":23},{"not_picked":["Metallicize","Thunderclap","Heavy Blade"],"picked":"SKIP","floor":24},{"not_picked":["Clash","Ghostly Armor"],"picked":"True Grit+1","floor":25},{"not_picked":["Barricade","Clothesline","Warcry"],"picked":"SKIP","floor":28},{"not_picked":["Twin Strike","Body Slam","Flame Barrier"],"picked":"SKIP","floor":29},{"not_picked":["Infernal Blade","True Grit+1","Fire Breathing"],"picked":"SKIP","floor":30},{"not_picked":["Evolve","Burning Pact","Heavy Blade"],"picked":"SKIP","floor":31},{"not_picked":["Demon Form","Immolate"],"picked":"Double Tap","floor":33},{"not_picked":["Clothesline+1","Sword Boomerang","Reckless Charge"],"picked":"SKIP","floor":35},{"not_picked":["Battle Trance","Havoc+1","Carnage"],"picked":"SKIP","floor":40},{"not_picked":["Perfected Strike","Flex"],"picked":"Inflame","floor":41},{"not_picked":["Iron Wave","Second Wind"],"picked":"Spot Weakness+1","floor":42},{"not_picked":["Evolve+1","Searing Blow","Sever Soul+1"],"picked":"SKIP","floor":44},{"not_picked":["Flex","Heavy Blade","Barricade"],"picked":"SKIP","floor":45},{"not_picked":["Anger","True Grit","Thunderclap+1"],"picked":"SKIP","floor":46},{"not_picked":["Battle Trance","Cleave+1"],"picked":"Feel No Pain","floor":47},{"not_picked":["Infernal Blade+1","Flex"],"picked":"Entrench","floor":47},{"not_picked":["Clash+1","Dual Wield+1","Dark Embrace+1"],"picked":"SKIP","floor":54},{"not_picked":["Clash+1","Dual Wield+1","Dark Embrace+1"],"picked":"SKIP","floor":54}],"player_experience":1247884,"relics_obtained":[{"floor":6,"key":"Bronze Scales"},{"floor":8,"key":"Odd Mushroom"},{"floor":10,"key":"Omamori"},{"floor":12,"key":"Bag of Preparation"},{"floor":13,"key":"Dream Catcher"},{"floor":23,"key":"Turnip"},{"floor":25,"key":"Letter Opener"},{"floor":26,"key":"Ancient Tea Set"},{"floor":28,"key":"Tiny Chest"},{"floor":40,"key":"TungstenRod"},{"floor":41,"key":"The Courier"},{"floor":43,"key":"Whetstone"},{"floor":44,"key":"Bag of Marbles"},{"floor":46,"key":"Prayer Wheel"},{"floor":48,"key":"Oddly Smooth Stone"},{"floor":54,"key":"Champion Belt"}],"event_choices":[{"cards_removed":["Defend_R"],"damage_healed":0,"gold_gain":0,"player_choice":"Purged","damage_taken":0,"max_hp_gain":0,"max_hp_loss":0,"event_name":"Purifier","floor":3,"gold_loss":0},{"damage_healed":0,"gold_gain":0,"player_choice":"Fought Mushrooms","damage_taken":0,"max_hp_gain":0,"max_hp_loss":0,"event_name":"Mushrooms","floor":8,"gold_loss":0},{"cards_removed":["Strike_R"],"damage_healed":0,"gold_gain":0,"player_choice":"Offered Basic","damage_taken":0,"max_hp_gain":0,"max_hp_loss":0,"event_name":"Bonfire Elementals","floor":20,"gold_loss":0},{"damage_healed":0,"gold_gain":3,"player_choice":"1","damage_taken":0,"max_hp_gain":0,"max_hp_loss":0,"event_name":"betterStone:BetterStone","floor":36,"gold_loss":0},{"damage_healed":0,"gold_gain":275,"player_choice":"Desecrate","damage_taken":0,"max_hp_gain":0,"max_hp_loss":0,"event_name":"Golden Shrine","floor":37,"gold_loss":0,"cards_obtained":["Regret"]}],"is_beta":false,"boss_relics":[{"not_picked":["Runic Cube","Tiny House"],"picked":"Empty Cage"},{"not_picked":["Pandora\u0027s Box","SacredBark"],"picked":"Fusion Hammer"}],"items_purged_floors":[0,0,0],"is_endless":false,"potions_floor_spawned":[2,6,10,11,16,21,22,25,29,30,31,40,41,44,47],"ascension_level":10}}