{"host":"g53g9qlo34vrqi92","time":1608867009,"event":{"mods":["Aspiration","Bard","BaseMod","Beaked The Cultist","BetterRewards","Colored Map","Conspire","Energized Spire","Fiend Mod","GifTheSpireLib","Googly Eyes","Gremlin Skip","Halation","Hermit","Hubris","Infinite Spire","Jedi Mod","Minty Spire (QoL Compilation)","Permanent Neow","Quick Restart","Relic Filter","Replay The Spire","Spikes Relics","StSLib","Stuff the Spire","Synergy Search","The Bladedancer","The Bug Knight","The Construct","The Cursed","The Factory","The Forsaken","The Jungle","The Necromancer","The Spell Scribe","The Trickster","Trackpad","slay the spire mod where everything is the same but ironclad has a cowboy hat","vexMod"],"gold_per_floor":[99,99,99,54,54,54,54,54,54,54,54,54,54,54,54,54,54,54,54,54,54,54,54,54,54,54,54,54,54,54,54,54,54,54,65,65,78,98,98,113,148,148,148,163,263,263,276,287,287,287,287,287,65,65,65],"floor_reached":56,"playtime":4283,"items_purged":["Writhe"],"score":1536,"play_id":"ca616e0b-99d5-493e-b083-93dfc1ef488f","local_time":"20201224193009","is_ascension_mode":false,"campfire_choices":[{"floor":8.0,"key":"REST"},{"data":"Dash","floor":11.0,"key":"SMITH"},{"data":"Footwork","floor":13.0,"key":"SMITH"},{"floor":15.0,"key":"REST"},{"data":"Envenom","floor":25,"key":"SMITH"},{"floor":27,"key":"RECALL"},{"data":"Caltrops","floor":30,"key":"SMITH"},{"floor":32,"key":"REST"},{"data":"Draining Mist","floor":32,"key":"SMITH"},{"data":"Burst","floor":49,"key":"SMITH"},{"data":"Neutralize","floor":52,"key":"SMITH"},{"data":"infinitespire:FutureSight","floor":54,"key":"SMITH"}],"circlet_count":0,"master_deck":["Strike_G","Strike_G","Defend_G","Defend_G","Defend_G","Defend_G","Defend_G","Survivor","Neutralize+1","Footwork+1","Backstab","PiercingWail","Eviscerate","Sucker Punch","Poisoned Stab","Dash+1","PiercingWail","Dodge and Roll","Blur","Envenom+1","Deflect","jedi:pocketpoison+1","Blade Dance","Blur+1","Draining Mist+1","Blade Dance+1","Caltrops+1","Terror","Burst+1","Noxious Fumes+1","Footwork+1","PiercingWail+1","Sucker Punch","Blur+1","infinitespire:FutureSight+1","Accuracy+1","Blade Dance+1","Dodge and Roll"],"relics":["Ring of the Snake","Replay:Baseball","jedi:shrinkray","jedi:ominousloannote","trackpad:ZombieHeart","NlothsMask","Bottled Tornado","hubris:CrystalStatue","Replay:Drink Me","hubris:Towel","Anchor","infinitespire:EmpoweringShard","infinitespire:Magic Flask","hubris:VirtuousBlindfold","halation:PapillonHeart","infinitespire:Satchel","Mango","jedi:catwich","Replay:Towering Pillar of Hats","halation:Komachan"],"acts_visited":["Exordium","TheCity","TheBeyond","TheEnding"],"potions_floor_usage":[55,55,55],"damage_taken":[{"damage":1.0,"enemies":"Cultist","floor":1.0,"turns":3.0},{"damage":2.0,"enemies":"2 Louse","floor":2.0,"turns":1.0},{"damage":28.0,"enemies":"Lagavulin","floor":6.0,"turns":6.0},{"damage":1.0,"enemies":"Jaw Worm","floor":7.0,"turns":2.0},{"damage":1.0,"enemies":"Gremlin Nob","floor":10.0,"turns":3.0},{"damage":0.0,"enemies":"2 Fungi Beasts","floor":12.0,"turns":2.0},{"damage":3.0,"enemies":"The Guardian","floor":16.0,"turns":15.0},{"damage":1.0,"enemies":"3 Byrds","floor":18.0,"turns":7.0},{"damage":0.0,"enemies":"Chosen","floor":19.0,"turns":4.0},{"damage":0.0,"enemies":"Centurion and Healer","floor":21.0,"turns":8.0},{"damage":0.0,"enemies":"3 Cultists","floor":22.0,"turns":6.0},{"damage":3.0,"enemies":"Gremlin Leader","floor":23.0,"turns":12.0},{"damage":0,"enemies":"Snake Plant","floor":24,"turns":5},{"damage":0,"enemies":"Snecko","floor":28,"turns":4},{"damage":15,"enemies":"Cultist and Chosen","floor":31,"turns":6},{"damage":1,"enemies":"Collector","floor":33,"turns":14},{"damage":0,"enemies":"3 Shapes","floor":35,"turns":4},{"damage":0,"enemies":"3 Darklings","floor":37,"turns":5},{"damage":1,"enemies":"4 Shapes","floor":38,"turns":6},{"damage":0,"enemies":"3 Darklings","floor":40,"turns":6},{"damage":0,"enemies":"R_Hoarder","floor":41,"turns":8},{"damage":0,"enemies":"Maw","floor":44,"turns":5},{"damage":0,"enemies":"infinitespire:Three Voidlings","floor":45,"turns":3},{"damage":0,"enemies":"Nightmare_Alpha","floor":45,"turns":7},{"damage":0,"enemies":"Transient","floor":47,"turns":5},{"damage":0,"enemies":"Jaw Worm Horde","floor":48,"turns":3},{"damage":16,"enemies":"hubris:GrandSnecko","floor":50,"turns":9},{"damage":0,"enemies":"The Heart","floor":55,"turns":9}],"seed_played":"-8549251211553000213","potions_obtained":[{"floor":2.0,"key":"Explosive Potion"},{"floor":6.0,"key":"LiquidMemories"},{"floor":10.0,"key":"Explosive Potion"},{"floor":12.0,"key":"BlessingOfTheForge"},{"floor":19.0,"key":"Elixir"},{"floor":28,"key":"SteroidPotion"},{"floor":31,"key":"DuplicationPotion"},{"floor":40,"key":"jedi:holywater"}],"is_trial":false,"path_per_floor":["M","M","T","$","?","E","M","R","T","E","R","M","R","$","R","B",null,"M","M","?","M","M","E","M","R","T","R","M","?","R","M","R","B",null,"M","?","M","M","?","M","E","T","T","M","?","?","M","M","R","B",null,"R","$","R","B",null],"character_chosen":"THE_SILENT","items_purchased":["Replay:Baseball","jedi:shrinkray","jedi:ominousloannote","trackpad:ZombieHeart","Footwork","Backstab","PiercingWail","Quick Slash","Eviscerate","Poisoned Stab","halation:Komachan"],"campfire_rested":3,"item_purchase_floors":[0,0,0,0,0,0,0,0,0,4,53],"current_hp_per_floor":[45,45,45,45,45,18,18,40,40,40,40,42,42,42,65,63,60,62,63,63,65,68,66,67,67,67,67,68,68,68,55,74,74,75,78,78,84,87,84,91,92,106,106,107,111,111,112,115,115,100,116,116,116,116,117],"gold":65,"neow_bonus":"","is_daily":false,"chose_seed":false,"campfire_upgraded":8,"win_rate":0.0,"timestamp":1608867009,"path_taken":["M","M","?","$","?","E","?","R","T","E","R","M","R","?","R","BOSS","M","?","?","M","M","E","M","R","T","R","M","?","R","M","R","BOSS","M","?","?","M","?","M","E","?","T","M","?","?","M","M","R","BOSS","R","$","R","BOSS"],"items_purchased_type":["Relic","Relic","Relic","Relic","Card","Card","Card","Card","Card","Card","Relic"],"build_version":"2020-12-22","purchased_purges":1,"victory":true,"max_hp_per_floor":[71,73,73,73,73,74,75,75,75,76,76,78,78,78,78,79,60,63,64,64,66,69,70,71,71,71,71,72,72,72,74,74,75,75,78,78,84,88,84,91,92,106,106,107,111,111,112,115,115,116,116,116,116,116,117],"card_choices":[{"not_picked":["Dagger Throw","Bane"],"picked":"Sucker Punch","floor":1.0},{"not_picked":["Toxin Wave","Prepared","StuffTheSpire:Python"],"picked":"SKIP","floor":2.0},{"not_picked":["All Out Attack","Adrenaline"],"picked":"Dash","floor":6.0},{"not_picked":["Fluid Movement","Outmaneuver"],"picked":"PiercingWail","floor":7.0},{"not_picked":["Flying Knee","Cloak And Dagger"],"picked":"Dodge and Roll","floor":10.0},{"not_picked":["Cloak And Dagger","conspire:PoisonWeapons"],"picked":"Blur","floor":12.0},{"not_picked":["StuffTheSpire:FinalStruggle","Phantasmal Killer"],"picked":"Envenom","floor":16.0},{"not_picked":["Deadly Poison+1","Underhanded Strike"],"picked":"Deflect","floor":18.0},{"not_picked":["StuffTheSpire:Shiver+1","Poisoned Stab"],"picked":"jedi:pocketpoison+1","floor":19.0},{"not_picked":["Backstab","Expertise"],"picked":"Blade Dance","floor":21.0},{"not_picked":["jedi:pocketpoison","hubris:SlightOfHand"],"picked":"Blur+1","floor":22.0},{"not_picked":["Distraction","Prepared"],"picked":"Draining Mist","floor":23.0},{"not_picked":["StuffTheSpire:Injection+1","Dagger Throw"],"picked":"Blade Dance+1","floor":24},{"not_picked":["StuffTheSpire:ClusterCrunch","Outmaneuver"],"picked":"Caltrops","floor":28},{"not_picked":["Prepared","StuffTheSpire:MirrorStance"],"picked":"Terror","floor":31},{"not_picked":["Glass Knife","Tools of the Trade"],"picked":"Burst","floor":33},{"not_picked":["Dagger Throw","ReplayTheSpireMod:Exploit Weakness"],"picked":"Noxious Fumes+1","floor":35},{"not_picked":["Slice","Well Laid Plans"],"picked":"PiercingWail+1","floor":37},{"not_picked":["Flying Knee+1","Acrobatics+1"],"picked":"Sucker Punch","floor":38},{"not_picked":["StuffTheSpire:Python","Deadly Poison","StuffTheSpire:BumpUp+1"],"picked":"SKIP","floor":40},{"not_picked":["StuffTheSpire:Python","Deadly Poison","StuffTheSpire:BumpUp+1"],"picked":"SKIP","floor":40},{"not_picked":["Pace","Acrobatics+1","Dagger Throw"],"picked":"SKIP","floor":41},{"not_picked":["Expertise+1","Backflip"],"picked":"Blur+1","floor":44},{"not_picked":["infinitespire:Oblivion","hubris:Fate"],"picked":"infinitespire:FutureSight","floor":45},{"not_picked":["StuffTheSpire:Sprint+1","Cloak And Dagger+1"],"picked":"Accuracy+1","floor":45},{"not_picked":["StuffTheSpire:Sprint","Replay:Poison Smokescreen+1"],"picked":"Blade Dance+1","floor":47},{"not_picked":["StuffTheSpire:ClusterCrunch+1","StuffTheSpire:BumpUp"],"picked":"Dodge and Roll","floor":48}],"player_experience":1076211,"relics_obtained":[{"floor":6.0,"key":"Bottled Tornado"},{"floor":10.0,"key":"hubris:CrystalStatue"},{"floor":23.0,"key":"Anchor"},{"floor":26,"key":"infinitespire:EmpoweringShard"},{"floor":41,"key":"infinitespire:Satchel"},{"floor":42,"key":"Mango"},{"floor":43,"key":"jedi:catwich"},{"floor":45,"key":"Replay:Towering Pillar of Hats"}],"event_choices":[{"damage_healed":0.0,"max_hp_gain":0.0,"max_hp_loss":0.0,"gold_gain":0.0,"event_name":"FaceTrader","player_choice":"Trade","floor":5.0,"gold_loss":0.0,"damage_taken":0.0,"relics_obtained":["NlothsMask"]},{"damage_healed":0,"gold_gain":0,"player_choice":"Opened","damage_taken":0,"relics_obtained":["infinitespire:Magic Flask"],"max_hp_gain":0,"max_hp_loss":0,"event_name":"The Mausoleum","floor":29,"gold_loss":0,"cards_obtained":["Writhe"]},{"damage_healed":0,"gold_gain":0,"player_choice":"Copied","damage_taken":0,"max_hp_gain":0,"max_hp_loss":0,"event_name":"Duplicator","floor":36,"gold_loss":0,"cards_obtained":["Footwork"]},{"cards_removed":["Quick Slash"],"damage_healed":0,"gold_gain":0,"player_choice":"Removed Attack","damage_taken":0,"max_hp_gain":0,"max_hp_loss":0,"event_name":"Falling","floor":46,"gold_loss":0}],"is_beta":false,"boss_relics":[{"not_picked":["StuffTheSpire:ModemDavis","infinitespire:Cupcake"],"picked":"Replay:Drink Me"},{"not_picked":["trackpad:Coffee","energizedSpire:RedRose"],"picked":"hubris:VirtuousBlindfold"}],"items_purged_floors":[53],"is_endless":false,"potions_floor_spawned":[2,6,10,12,19,28,31,37,40,44,45],"ascension_level":0}}