{"host":"dntw6kil9p09eemm","time":1608880304,"event":{"mods":["Alarm Clock","Aspiration","BaseMod","Colored Powertips","Downfall","Hermit","Hubris","Minty Spire (QoL Compilation)","Permanent Neow","Shop Mod","Spicy Shops","StSLib"],"gold_per_floor":[114,134,151,171,271,298,120,139,139,314,329,343,115,128,128,228,228,243,254,271,271,56,70,90,105,105,105,121,132,149,245,245,245,245],"floor_reached":33,"playtime":1530,"items_purged":["Strike_G","Doubt"],"score":259,"play_id":"804734a1-8510-4369-b969-6ff38f7eb791","local_time":"20201225161144","is_ascension_mode":false,"campfire_choices":[{"floor":15,"key":"REST"},{"data":"Dagger Spray","floor":27,"key":"SMITH"},{"floor":32,"key":"REST"}],"circlet_count":0,"master_deck":["Strike_G","Strike_G","Strike_G","Strike_G","Defend_G","Defend_G","Defend_G","Defend_G","Defend_G","Survivor","Neutralize","Slice","Dagger Spray+1","Die Die Die","Terror","Predator","PiercingWail","Terror","Envenom","Blur","Slice","Slice+1","Cloak And Dagger+1","Choke+1","Infinite Blades+1","Flying Knee+1"],"relics":["Ring of the Snake","Nunchaku","Boot","PreservedInsect","MerchantsRug","Letter Opener","Bronze Scales","hubris:ScarierMask","Lee\u0027s Waffle","aspiration:ChemicalBlood"],"acts_visited":["Exordium","TheCity"],"potions_floor_usage":[6,24,30,33],"damage_taken":[{"damage":0.0,"enemies":"2 Louse","floor":1.0,"turns":2.0},{"damage":0.0,"enemies":"Cultist","floor":2.0,"turns":5.0},{"damage":0.0,"enemies":"Jaw Worm","floor":3.0,"turns":4.0},{"damage":7.0,"enemies":"Looter","floor":4.0,"turns":3.0},{"damage":21,"enemies":"Lagavulin","floor":6,"turns":5},{"damage":1,"enemies":"2 Fungi Beasts","floor":8,"turns":3},{"damage":0,"enemies":"Gremlin Gang","floor":11,"turns":3},{"damage":10,"enemies":"Exordium Wildlife","floor":12,"turns":3},{"damage":5,"enemies":"Large Slime","floor":14,"turns":4},{"damage":33,"enemies":"Slime Boss","floor":16,"turns":11},{"damage":23,"enemies":"Chosen","floor":18,"turns":5},{"damage":0,"enemies":"3 Byrds","floor":19,"turns":3},{"damage":14,"enemies":"Centurion and Healer","floor":20,"turns":5},{"damage":11,"enemies":"Shelled Parasite and Fungi","floor":23,"turns":6},{"damage":9,"enemies":"Snake Plant","floor":24,"turns":4},{"damage":2,"enemies":"3 Cultists","floor":25,"turns":3},{"damage":10,"enemies":"Chosen and Byrds","floor":28,"turns":4},{"damage":7,"enemies":"Shelled Parasite and Fungi","floor":29,"turns":3},{"damage":4,"enemies":"Cultist and Chosen","floor":30,"turns":3},{"damage":89,"enemies":"Collector","floor":33,"turns":7}],"seed_played":"5900513069021589610","potions_obtained":[{"floor":1.0,"key":"Dexterity Potion"},{"floor":2.0,"key":"Slimebound:ThreeZeroPotion"},{"floor":4.0,"key":"FearPotion"},{"floor":8,"key":"Fire Potion"},{"floor":16,"key":"FearPotion"},{"floor":18,"key":"CunningPotion"},{"floor":24,"key":"Fruit Juice"},{"floor":28,"key":"Weak Potion"},{"floor":29,"key":"Dexterity Potion"}],"is_trial":false,"path_per_floor":["M","M","M","M","?","E","$","M","T","?","M","M","$","M","R","B",null,"M","M","M","?","$","M","M","M","T","R","M","M","M","$","R","B"],"character_chosen":"THE_SILENT","items_purchased":["PreservedInsect","MerchantsRug","Bronze Scales","Lee\u0027s Waffle"],"campfire_rested":2,"item_purchase_floors":[7,7,13,22],"current_hp_per_floor":[70,70,70,63,63,42,42,41,41,41,41,31,31,26,47,14,70,47,47,33,33,77,66,62,60,60,60,50,43,39,39,63,0,0],"gold":245,"neow_bonus":"RANDOM_COMMON_RELIC","is_daily":false,"chose_seed":false,"campfire_upgraded":1,"win_rate":0.0,"timestamp":1608880304,"path_taken":["M","M","M","M","?","E","?","M","T","?","M","M","$","M","R","BOSS","M","M","M","?","$","M","?","M","T","R","M","M","M","$","R","BOSS"],"items_purchased_type":["Relic","Relic","Relic","Relic"],"build_version":"2020-12-22","purchased_purges":2,"victory":false,"max_hp_per_floor":[70,70,70,70,70,70,70,70,70,70,70,70,70,70,70,70,70,70,70,70,70,77,77,82,82,82,82,82,82,82,82,82,82,82],"card_choices":[{"not_picked":["Expertise","hubris:SlightOfHand"],"picked":"Slice","floor":1.0},{"not_picked":["Distraction","Skewer"],"picked":"Dagger Spray","floor":2.0},{"not_picked":["Quick Slash","All Out Attack"],"picked":"Die Die Die","floor":3.0},{"not_picked":["Dagger Throw","Deflect"],"picked":"Terror","floor":4.0},{"not_picked":["Catalyst","Dodge and Roll"],"picked":"Predator","floor":6},{"not_picked":["Outmaneuver","Masterful Stab"],"picked":"PiercingWail","floor":8},{"not_picked":["hubris:Counter","Finisher","Deflect"],"picked":"SKIP","floor":11},{"not_picked":["All Out Attack","Dodge and Roll","Footwork"],"picked":"SKIP","floor":12},{"not_picked":["Outmaneuver","Endless Agony"],"picked":"Terror","floor":14},{"not_picked":["Tools of the Trade","Adrenaline"],"picked":"Envenom","floor":16},{"not_picked":["Bane","Underhanded Strike"],"picked":"Blur","floor":18},{"not_picked":["Bane","Well Laid Plans"],"picked":"Slice","floor":19},{"not_picked":["Dagger Throw","Endless Agony+1","Acrobatics"],"picked":"SKIP","floor":20},{"not_picked":["Prepared","Heel Hook"],"picked":"Slice+1","floor":23},{"not_picked":["Footwork","hubris:SlightOfHand"],"picked":"Cloak And Dagger+1","floor":24},{"not_picked":["Quick Slash+1","Flying Knee"],"picked":"Choke+1","floor":25},{"not_picked":["Deadly Poison","Distraction"],"picked":"Infinite Blades+1","floor":28},{"not_picked":["Prepared","Finisher","All Out Attack+1"],"picked":"SKIP","floor":29},{"not_picked":["Escape Plan","Poisoned Stab"],"picked":"Flying Knee+1","floor":30}],"player_experience":446582,"relics_obtained":[{"floor":6,"key":"Boot"},{"floor":9,"key":"Letter Opener"},{"floor":26,"key":"aspiration:ChemicalBlood"}],"event_choices":[{"damage_healed":0.0,"max_hp_gain":0.0,"max_hp_loss":0.0,"gold_gain":100.0,"event_name":"Golden Shrine","player_choice":"Pray","floor":5.0,"gold_loss":0.0,"damage_taken":0.0},{"damage_healed":0,"gold_gain":175,"player_choice":"AGREE","damage_taken":0,"max_hp_gain":0,"max_hp_loss":0,"event_name":"Liars Game","floor":10,"gold_loss":0,"cards_obtained":["Doubt"]},{"damage_healed":0,"gold_gain":0,"player_choice":"Gave Potion","damage_taken":0,"relics_obtained":["Sundial"],"max_hp_gain":0,"max_hp_loss":0,"event_name":"WeMeetAgain","floor":21,"gold_loss":0}],"is_beta":false,"boss_relics":[{"not_picked":["hubris:GrandSneckoEye","Ectoplasm"],"picked":"hubris:ScarierMask"}],"items_purged_floors":[13,22],"is_endless":false,"potions_floor_spawned":[1,2,4,8,16,18,19,24,28,29],"killed_by":"Collector","ascension_level":0}}