{"host":"kiauivt48syq9iz6","time":1608891419,"event":{"mods":["BaseMod","Conspire","Downfall","Hermit","Minty Spire (QoL Compilation)","Replay The Spire","SIMod","StSLib","The Animator","The Construct","The Cursed","The Runesmith","The Servant 0.9.4"],"gold_per_floor":[114,5,5,5,16,16,50,70,70,245,260,270,49,49,49,49,49,150,150,165,178,156,156,156],"floor_reached":23,"playtime":932,"items_purged":[],"score":189,"play_id":"3ff0dc3c-adb0-4718-8dba-4c4ad03bdba4","local_time":"20201225031659","is_ascension_mode":false,"campfire_choices":[{"floor":6,"key":"REST"},{"floor":17,"key":"REST"}],"circlet_count":0,"master_deck":["hermit:Strike_Hermit","hermit:Strike_Hermit","hermit:Strike_Hermit","hermit:Strike_Hermit","hermit:Defend_Hermit+1","hermit:Defend_Hermit","hermit:Defend_Hermit","hermit:Snapshot","hermit:Covet","hermit:HighNoon+1","hermit:SprayPray","hermit:Combo+1","hermit:CalledShot","hermit:Enervate","hermit:Determination","hermit:Showdown","Doubt","hermit:LowProfile","hermit:Dive","hermit:BigShot","hermit:Malice","hermit:Roughhouse","hermit:Brawl","hermit:Virtue+1"],"relics":["hermit:Momento","Pyrelight","CaptainsWheel","conspire:GlowingRock","Blood Vial","conspire:RoyalGoblet"],"acts_visited":["Exordium","TheCity"],"potions_floor_usage":[7,18,23],"damage_taken":[{"damage":3,"enemies":"Jaw Worm","floor":1,"turns":3},{"damage":2,"enemies":"2 Louse","floor":5,"turns":2},{"damage":45,"enemies":"3 Sentries","floor":7,"turns":9},{"damage":1,"enemies":"Cultist","floor":8,"turns":3},{"damage":13,"enemies":"2 Fungi Beasts","floor":11,"turns":5},{"damage":10,"enemies":"Looter","floor":12,"turns":3},{"damage":16,"enemies":"Hexaghost","floor":18,"turns":11},{"damage":21,"enemies":"Shell Parasite","floor":20,"turns":4},{"damage":40,"enemies":"3 Byrds","floor":21,"turns":6},{"damage":21,"enemies":"Snake Plant","floor":23,"turns":1}],"seed_played":"-252247480399794852","potions_obtained":[{"floor":5,"key":"Flashbang"},{"floor":8,"key":"Elixir"},{"floor":12,"key":"Energy Potion"}],"is_trial":false,"path_per_floor":["M","$","?","?","M","R","E","M","T","?","M","M","$","PTL","PTL","?","R","B",null,"M","M","?","M"],"character_chosen":"HERMIT","items_purchased":["hermit:Combo+1","hermit:CalledShot","Blood Vial","hermit:BigShot"],"campfire_rested":2,"item_purchase_floors":[2,2,13,13],"current_hp_per_floor":[72,72,72,57,55,75,30,29,29,29,16,6,6,6,6,6,28,14,75,54,16,16,0,0],"gold":156,"neow_bonus":"ONE_RANDOM_RARE_CARD","is_daily":false,"chose_seed":false,"campfire_upgraded":0,"win_rate":0.0,"timestamp":1608891419,"path_taken":["M","$","?","?","?","R","E","M","T","?","M","M","$","PTL","PTL","?","R","BOSS","M","M","?","M"],"items_purchased_type":["Card","Card","Relic","Card"],"build_version":"2020-12-22","purchased_purges":0,"victory":false,"max_hp_per_floor":[75,75,75,75,75,75,75,75,75,75,75,75,75,75,75,75,75,75,75,75,75,75,75,75],"card_choices":[{"not_picked":["hermit:HighCaliber","hermit:Misfire"],"picked":"hermit:SprayPray","floor":1},{"not_picked":["hermit:TrackingShot","hermit:Spite"],"picked":"hermit:Enervate","floor":5},{"not_picked":["hermit:Cheat","hermit:FlashPowder"],"picked":"hermit:Determination","floor":7},{"not_picked":["hermit:FlashPowder","hermit:Manifest"],"picked":"hermit:Showdown","floor":8},{"not_picked":["hermit:Midnight","hermit:SprayPray"],"picked":"hermit:LowProfile","floor":11},{"not_picked":["hermit:Snipe","hermit:SprayPray"],"picked":"hermit:Dive","floor":12},{"not_picked":["hermit:FromBeyond","hermit:Magnum"],"picked":"hermit:Roughhouse","floor":18},{"not_picked":["hermit:Desperado","hermit:Manifest"],"picked":"hermit:Brawl","floor":20},{"not_picked":["hermit:Midnight","hermit:FullyLoaded"],"picked":"hermit:Virtue+1","floor":21}],"player_experience":74764,"relics_obtained":[{"floor":7,"key":"CaptainsWheel"},{"floor":9,"key":"conspire:GlowingRock"}],"event_choices":[{"damage_healed":0,"gold_gain":0,"player_choice":"Entered Light","damage_taken":15,"max_hp_gain":0,"max_hp_loss":0,"event_name":"Shining Light","floor":4,"gold_loss":0,"cards_upgraded":["hermit:Defend_Hermit","hermit:HighNoon"]},{"damage_healed":0,"gold_gain":175,"player_choice":"AGREE","damage_taken":0,"max_hp_gain":0,"max_hp_loss":0,"event_name":"Liars Game","floor":10,"gold_loss":0,"cards_obtained":["Doubt"]},{"damage_healed":0,"gold_gain":0,"cards_transformed":["hermit:Defend_Hermit"],"player_choice":"Change","damage_taken":0,"max_hp_gain":0,"max_hp_loss":0,"event_name":"Living Wall","floor":16,"gold_loss":0,"cards_obtained":["hermit:Malice"]}],"is_beta":false,"boss_relics":[{"not_picked":["SacredBark","Replay:Bronze Core"],"picked":"conspire:RoyalGoblet"}],"items_purged_floors":[],"is_endless":false,"potions_floor_spawned":[5,8,12],"killed_by":"Snake Plant","ascension_level":0}}