{"host":"zivz6e0vf73jivdq","time":1608901770,"event":{"mods":["ATMod(°¢èªMod)","Act Like it!","BaseMod","Friendly Minions","Gensokyo","HololiveMod","Koishi","Marisa£¨ìFÓê¡¡Ä§ÀíÉ³£©","Minty Spire (QoL Compilation)","MostiFishMod","Pale of the Ancients","Prisma Mod","Reimu£¨²©ÀöÁéÃÎ£©","Remilia£¨ÀÙÃ×ÀòÑÇ£©","Replay The Spire","RumiaBox-Â¶Ã×æ«µÄÉñÃØºÐ×Ó","StSLib","The Jungle","The Servant 0.9.4","Yakumo Yukari mod","Youmu£¨»êÆÇÑýÃÎ£©","¡¾ÒÅÎï¿¨ÅÆ¡¿REMEMod"],"gold_per_floor":[113,63,79,25,25,53,53,85,85,85,85,96,21,54,54,154,154,171,221,239,253,253,253,287,303,303,303,332,342,373,389,389,491,491,507,522,279,290,90,124,124,140,140,170,187,219,238,293,293,293,293,293,143,169,169],"floor_reached":56,"playtime":4109,"items_purged":["Strike_R","Defend_R","Strike_R","Bash"],"score":2073,"play_id":"2928b957-21f1-4d55-aac7-dc24d9f2e74a","local_time":"20201225210930","is_ascension_mode":true,"campfire_choices":[{"data":"True Grit","floor":10.0,"key":"SMITH"},{"data":"MostiFishMod:PathToVictory","floor":15.0,"key":"SMITH"},{"data":"MostiFishMod:Mania","floor":23.0,"key":"SMITH"},{"data":"ReplayTheSpireMod:Strike From Hell","floor":32.0,"key":"SMITH"},{"floor":41.0,"key":"RECALL"},{"data":"ReplayReversal","floor":49,"key":"SMITH"},{"data":"Feel No Pain","floor":52,"key":"SMITH"}],"circlet_count":0,"master_deck":["AscendersBane","Strike_R","Strike_R","Defend_R","Defend_R","MostiFishMod:PathToVictory+1","AT_DarkMatter","ReplayTheSpireMod:Strike From Hell+1","MostiFishMod:#F4004+1","True Grit+1","ReplayReversal+1","MostiFishMod:#F4004+1","Shrug It Off","Cleave","MostiFishMod:Mania+1","AT_ShrugMaster","AT_ShrugMaster+1","Burning Pact","ReplayTheSpireMod:Strike From Hell+1","Feel No Pain+1","Shockwave+1","Sentinel+1"],"relics":["Burning Blood","DaveBox","REME_ComplimentaryCards","AT_ATBox","NeowsBlessing","JellyFishMachine","SynthV:TestCard","Du-Vu Doll","ReplayTheSpireMod:Ninjato","ShadowXiaoBlade","SecretRecord","AT_ImmortalShieldbow","InkBottle","MagicDraw1","Replay:Bottled Eggs","Cursed Key","AT_ArcaneBoots","ReplayTheSpireMod:Shallot","AT_RabadonDeathcap","Boot","CatCart","Bag of Marbles"],"acts_visited":["Exordium","TheCity","TheBeyond","TheEnding"],"potions_floor_usage":[45,55,55,55],"damage_taken":[{"damage":0.0,"enemies":"Small Slimes","floor":1.0,"turns":1.0},{"damage":0.0,"enemies":"Cultist","floor":3.0,"turns":1.0},{"damage":0.0,"enemies":"3 Sentries","floor":6.0,"turns":2.0},{"damage":36.0,"enemies":"Gremlin Nob","floor":8.0,"turns":5.0},{"damage":0.0,"enemies":"2 Louse","floor":12.0,"turns":2.0},{"damage":0.0,"enemies":"Replay:BlueRogue","floor":14.0,"turns":6.0},{"damage":24.0,"enemies":"Slime Boss","floor":16.0,"turns":8.0},{"damage":31.0,"enemies":"3 Byrds","floor":18.0,"turns":4.0},{"damage":5.0,"enemies":"Shell Parasite","floor":20.0,"turns":3.0},{"damage":3.0,"enemies":"Shelled Parasite and Fungi","floor":21.0,"turns":4.0},{"damage":22.0,"enemies":"Gremlin Leader","floor":24.0,"turns":5.0},{"damage":3.0,"enemies":"Snecko","floor":25.0,"turns":3.0},{"damage":25.0,"enemies":"REME_1_Revenger","floor":28.0,"turns":4.0},{"damage":0.0,"enemies":"Snake Plant","floor":29.0,"turns":3.0},{"damage":1.0,"enemies":"Book of Stabbing","floor":30.0,"turns":3.0},{"damage":15.0,"enemies":"Centurion and Healer","floor":31.0,"turns":3.0},{"damage":0.0,"enemies":"Collector","floor":33.0,"turns":3.0},{"damage":18.0,"enemies":"3 Darklings","floor":35.0,"turns":2.0},{"damage":0.0,"enemies":"Orb Walker","floor":36.0,"turns":2.0},{"damage":0.0,"enemies":"Transient","floor":38.0,"turns":1.0},{"damage":2.0,"enemies":"R_Hoarder","floor":40.0,"turns":4.0},{"damage":3.0,"enemies":"Spire Growth","floor":42.0,"turns":2.0},{"damage":7,"enemies":"Reptomancer","floor":44,"turns":2},{"damage":13,"enemies":"4 Shapes","floor":45,"turns":3},{"damage":0,"enemies":"Nemesis","floor":46,"turns":3},{"damage":0,"enemies":"Writhing Mass","floor":47,"turns":4},{"damage":0,"enemies":"Orin","floor":48,"turns":11},{"damage":21,"enemies":"Donu and Deca","floor":50,"turns":9},{"damage":0,"enemies":"Shield and Spear","floor":54,"turns":1},{"damage":6,"enemies":"The Heart","floor":55,"turns":3}],"seed_played":"5680824673036524573","potions_obtained":[{"floor":12.0,"key":"BlessingOfTheForge"},{"floor":14.0,"key":"Languid Potion"},{"floor":16.0,"key":"Block Potion"},{"floor":20.0,"key":"Milkshake"},{"floor":21.0,"key":"CultistPotion"},{"floor":31.0,"key":"PowerPotion"},{"floor":35.0,"key":"Block Potion"},{"floor":36.0,"key":"SkillPotion"},{"floor":46,"key":"CultistPotion"}],"is_trial":false,"path_per_floor":["M","?","M","$","?","E","?","E","T","R","?","M","$","E","R","B",null,"M","?","M","M","T","R","E","M","T","?","E","M","E","M","R","B",null,"M","M","$","M","$","E","R","M","T","E","M","E","M","?","R","B",null,"R","$","E","B",null],"character_chosen":"IRONCLAD","items_purchased":["True Grit","AT_SpeedBoots","Feel No Pain"],"campfire_rested":0,"item_purchase_floors":[4,37,39],"current_hp_per_floor":[78,78,80,80,85,85,85,55,55,55,48,54,54,60,60,42,74,49,49,50,53,53,53,37,40,40,40,47,53,58,49,49,55,78,66,72,72,78,78,84,84,87,87,86,79,85,87,87,87,72,83,83,83,87,87],"gold":169,"neow_bonus":"THREE_ENEMY_KILL","is_daily":false,"chose_seed":false,"campfire_upgraded":6,"win_rate":0.0,"timestamp":1608901770,"path_taken":["M","?","M","$","?","E","?","E","T","R","?","M","$","E","R","BOSS","M","?","?","M","?","R","E","?","T","?","E","M","E","M","R","BOSS","M","M","$","M","$","E","R","M","T","E","M","E","M","?","R","BOSS","R","$","E","BOSS"],"items_purchased_type":["Card","Relic","Card"],"build_version":"2020-12-22","purchased_purges":4,"victory":true,"max_hp_per_floor":[80,80,80,80,85,85,85,85,85,85,85,85,85,85,85,85,85,85,85,85,85,85,85,85,85,85,85,85,85,85,85,85,85,85,85,85,85,85,85,87,87,87,87,87,87,87,87,87,87,87,87,87,87,87,87],"card_choices":[{"not_picked":["AT_BodySlamDance","AT_GerminateFire"],"picked":"ReplayTheSpireMod:Strike From Hell","floor":1.0},{"not_picked":["Perfected Strike","Iron Wave","Body Slam","Whirlwind"],"picked":"MostiFishMod:#F4004","floor":3.0},{"not_picked":["ReplayTheSpireMod:Strike From Hell","Warcry","Replay:Undeath\u0027s Touch","Life Link"],"picked":"ReplayReversal","floor":6.0},{"not_picked":["MostiFishMod:404NotFound","Sentinel","Rupture","Twin Strike"],"picked":"MostiFishMod:#F4004","floor":8.0},{"not_picked":["Clothesline","Searing Blow","Ghostly Armor","Fire Breathing"],"picked":"Shrug It Off","floor":12.0},{"not_picked":["Perfected Strike","Twin Strike","AT_IchimonjiDouble","Clash"],"picked":"Cleave","floor":14.0},{"not_picked":["REME_ACTH","MostiFishMod:FireWorks","Corruption","REME_TheLastStrike"],"picked":"MostiFishMod:Mania","floor":16.0},{"not_picked":["Run Through","Perfected Strike","ReplayTheSpireMod:LeadingStrike","Life Link+1","Inflame"],"picked":"SKIP","floor":18.0},{"not_picked":["Dropkick+1","Warcry","Entrench+1","ReplayTheSpireMod:Corrosion Curse","Iron Wave"],"picked":"SKIP","floor":20.0},{"not_picked":["Replay:Undeath\u0027s Touch","Reckless Charge","True Grit","Whirlwind"],"picked":"AT_ShrugMaster","floor":21.0},{"not_picked":["Rampage","Combust","AT_DiedThrough","Rage","Run Through+1"],"picked":"SKIP","floor":24.0},{"not_picked":["Havoc","Run Through","Clothesline","REME_SingleHolding"],"picked":"AT_ShrugMaster+1","floor":25.0},{"not_picked":["Clash+1","Thunderclap","Inflame+1","Cleave"],"picked":"Burning Pact","floor":28.0},{"not_picked":["Life Link+1","Anger","Fire Breathing","Battle Trance","AT_DrawKnifeCut"],"picked":"SKIP","floor":29.0},{"not_picked":["Life Link+1","Anger","Fire Breathing","Battle Trance","AT_DrawKnifeCut"],"picked":"SKIP","floor":29.0},{"not_picked":["Rupture","Warcry","Reckless Charge","ReplayTheSpireMod:Stacked"],"picked":"ReplayTheSpireMod:Strike From Hell+1","floor":30.0},{"not_picked":["Burning Pact","Armaments","Dual Wield","AT_CaressingTears","Warcry"],"picked":"SKIP","floor":31.0},{"not_picked":["AT_IchimonjiDouble+1","Havoc","Flex+1","Blood for Blood","AT_ShrugMaster+1"],"picked":"SKIP","floor":35.0},{"not_picked":["Dropkick","Wild Strike","Heavy Blade","Infernal Blade","AT_DrawKnifeCut"],"picked":"SKIP","floor":36.0},{"not_picked":["MostiFishMod:#F4004","True Grit","Havoc+1","Pommel Strike+1","Twin Strike"],"picked":"SKIP","floor":38.0},{"not_picked":["MostiFishMod:#F4004","True Grit","Havoc+1","Pommel Strike+1","Twin Strike"],"picked":"SKIP","floor":38.0},{"not_picked":["Armaments+1","ReplayTheSpireMod:Strike From Hell+1","AT_DiedThrough+1","ReplayTheSpireMod:Stacked","AT_ShrugMaster"],"picked":"SKIP","floor":40.0},{"not_picked":["Dual Wield+1","AT_DrawKnifeCut","ReplayTheSpireMod:Corrosion Curse+1","Sword Boomerang"],"picked":"Shockwave+1","floor":42.0},{"not_picked":["Fire Breathing+1","Blood for Blood","Rampage","Shrug It Off","True Grit"],"picked":"SKIP","floor":44},{"not_picked":["Wild Strike+1","Eclipse","Iron Wave","Clothesline","AT_BodySlamDance"],"picked":"SKIP","floor":45},{"not_picked":["Thunderclap+1","AT_CaressingTears","Clash","AT_ShrugMaster+1","Blood for Blood+1"],"picked":"SKIP","floor":46},{"not_picked":["Ghostly Armor","Run Through+1","Twin Strike","Double Tap"],"picked":"Sentinel+1","floor":47},{"not_picked":["Eclipse","Clothesline+1","Dual Wield","ReplayTheSpireMod:Strike From Hell+1","Havoc+1"],"picked":"SKIP","floor":54}],"player_experience":742776,"relics_obtained":[{"floor":1.0,"key":"SynthV:TestCard"},{"floor":8.0,"key":"Du-Vu Doll"},{"floor":14.0,"key":"ReplayTheSpireMod:Ninjato"},{"floor":22.0,"key":"SecretRecord"},{"floor":24.0,"key":"AT_ImmortalShieldbow"},{"floor":26.0,"key":"InkBottle"},{"floor":28.0,"key":"MagicDraw1"},{"floor":30.0,"key":"Replay:Bottled Eggs"},{"floor":40.0,"key":"ReplayTheSpireMod:Shallot"},{"floor":44,"key":"AT_RabadonDeathcap"},{"floor":46,"key":"Boot"},{"floor":48,"key":"CatCart"},{"floor":54,"key":"Bag of Marbles"}],"event_choices":[{"cards_removed":["Strike_R"],"damage_healed":0.0,"max_hp_gain":0.0,"max_hp_loss":0.0,"gold_gain":0.0,"event_name":"The Cleric","player_choice":"Card Removal","floor":2.0,"gold_loss":50.0,"damage_taken":0.0},{"damage_healed":0.0,"max_hp_gain":5.0,"max_hp_loss":0.0,"gold_gain":0.0,"event_name":"Big Fish","player_choice":"Donut","floor":5.0,"gold_loss":0.0,"damage_taken":0.0},{"cards_removed":["Defend_R"],"damage_healed":0.0,"max_hp_gain":0.0,"max_hp_loss":0.0,"gold_gain":0.0,"event_name":"Golden Wing","player_choice":"Card Removal","floor":11.0,"gold_loss":0.0,"damage_taken":7.0},{"damage_healed":0.0,"max_hp_gain":0.0,"max_hp_loss":0.0,"gold_gain":100.0,"event_name":"The Joust","player_choice":"Bet on Murderer","floor":19.0,"gold_loss":50.0,"damage_taken":0.0},{"damage_healed":0.0,"max_hp_gain":0.0,"max_hp_loss":0.0,"gold_gain":0.0,"event_name":"Vampires","player_choice":"Ignored","floor":27.0,"gold_loss":0.0,"damage_taken":0.0},{"damage_healed":0,"gold_gain":0,"player_choice":"Fight","damage_taken":0,"max_hp_gain":0,"max_hp_loss":0,"event_name":"OrinTheCat","floor":48,"gold_loss":0}],"is_beta":false,"boss_relics":[{"not_picked":["Tiny House","Busted Crown"],"picked":"ShadowXiaoBlade"},{"not_picked":["Electric Blood","Ooze Armor"],"picked":"Cursed Key"}],"items_purged_floors":[13,37,39,53],"is_endless":false,"potions_floor_spawned":[12,14,16,20,21,25,30,31,35,36,40,46],"ascension_level":10}}