{"host":"hhqi7w94rsi31r70","time":1608879085,"event":{"mods":["Act Like it!","BaseMod","Colored Map","GifTheSpireLib","Hallownest","Highlight Path","Minty Spire (QoL Compilation)","Robot Space Explorer","Shade Mod","StSLib","The Hierophant","The Saiyan","The Servant 0.9.4","[地精首领爬塔]The Maniac"],"gold_per_floor":[114,114,114,128,144,144,22,22,71,71,100,119,137,150,150,245,245,264,189,189,288,301,301,149,149,149,204,79,92,92,92,92,192,192,202,102,121,131,181,181,250,264,264,274,324,374,158,221,221,221],"floor_reached":51,"playtime":3319,"items_purged":["Defend_S","WasteNot","Defend_S","Strike_S"],"score":769,"play_id":"ed8ced61-6a2c-436a-ab99-5f963a793a7e","local_time":"20201225145125","is_ascension_mode":true,"campfire_choices":[{"data":"Rearm","floor":6,"key":"SMITH"},{"data":"KidneyShot","floor":8,"key":"SMITH"},{"floor":15,"key":"REST"},{"data":"SilverBlades","floor":23,"key":"SMITH"},{"data":"Starlight","floor":25,"key":"SMITH"},{"data":"FastForward","floor":30,"key":"SMITH"},{"data":"SurpressingFire","floor":32,"key":"SMITH"},{"data":"SurpressingFire","floor":40,"key":"SMITH"},{"data":"FloweringNight","floor":49,"key":"SMITH"}],"circlet_count":0,"master_deck":["Defend_S+1","KidneyShot+1","Exchange+1","SurpressingFire+1","Rearm+1","FastForward+1","SilverBlades+1","Defy","BottledTime","Moonlight","MurderousAura","Starlight+1","SurpressingFire+1","BottledTime","Starlight+1","FloweringNight+1","ShatteredReality+1","Dilation","Decay","Advance","SurpressingFire"],"relics":["Uniform","Akabeko","Dream Catcher","Broom","Odd Mushroom","Empty Cage","MutagenicStrength","Sundial","Blood Vial","SsserpentHead","Pear","Vajra","Strange Spoon"],"acts_visited":["Exordium","TheCity","TheBeyond"],"potions_floor_usage":[16,16,18,29,35,50],"damage_taken":[{"damage":0.0,"enemies":"Jaw Worm","floor":1.0,"turns":3.0},{"damage":0,"enemies":"Small Slimes","floor":4,"turns":2},{"damage":0,"enemies":"Cultist","floor":5,"turns":4},{"damage":7,"enemies":"The Mushroom Lair","floor":11,"turns":5},{"damage":3,"enemies":"Large Slime","floor":12,"turns":8},{"damage":1,"enemies":"2 Fungi Beasts","floor":13,"turns":3},{"damage":7,"enemies":"Blue Slaver","floor":14,"turns":4},{"damage":4,"enemies":"Hexaghost","floor":16,"turns":10},{"damage":5,"enemies":"2 Thieves","floor":18,"turns":4},{"damage":0,"enemies":"Shell Parasite","floor":22,"turns":3},{"damage":8,"enemies":"Centurion and Healer","floor":29,"turns":4},{"damage":22,"enemies":"Collector","floor":33,"turns":7},{"damage":3,"enemies":"Orb Walker","floor":35,"turns":3},{"damage":2,"enemies":"3 Darklings","floor":37,"turns":5},{"damage":12,"enemies":"Spire Growth","floor":38,"turns":5},{"damage":0,"enemies":"Transient","floor":41,"turns":5},{"damage":3,"enemies":"Sphere and 2 Shapes","floor":42,"turns":5},{"damage":21,"enemies":"Jaw Worm Horde","floor":44,"turns":4},{"damage":7,"enemies":"Spire Growth","floor":48,"turns":3},{"damage":0,"enemies":"Donu and Deca","floor":50,"turns":6}],"seed_played":"2707348409015009051","potions_obtained":[{"floor":4,"key":"Weak Potion"},{"floor":12,"key":"Regen Potion"},{"floor":14,"key":"Explosive Potion"},{"floor":16,"key":"FairyPotion"},{"floor":22,"key":"LiquidMemories"},{"floor":35,"key":"Fruit Juice"},{"floor":38,"key":"Weak Potion"}],"is_trial":false,"path_per_floor":["M","?","?","M","M","R","$","R","T","?","?","M","M","M","R","B",null,"M","?","?","?","M","R","$","R","T","T","$","M","R","?","R","B",null,"M","$","M","M","?","R","M","M","T","M","?","?","$","M","R","B",null],"character_chosen":"THE_SERVANT","items_purchased":["FastForward","BottledTime","SurpressingFire","Strange Spoon"],"campfire_rested":1,"item_purchase_floors":[7,24,47,47],"current_hp_per_floor":[65,52,52,52,52,52,52,52,52,27,20,17,16,9,28,39,65,60,60,60,60,60,60,60,60,60,60,60,54,54,54,54,34,65,67,67,67,57,57,57,59,58,68,49,49,49,49,44,44,46],"gold":221,"neow_bonus":"RANDOM_COMMON_RELIC","is_daily":false,"chose_seed":false,"campfire_upgraded":8,"win_rate":0.0,"timestamp":1608879085,"path_taken":["M","?","?","?","M","R","$","R","T","?","?","M","M","M","R","BOSS","M","?","?","?","M","R","?","R","T","?","$","M","R","?","R","BOSS","M","?","M","M","?","R","?","M","T","M","?","?","$","?","R","BOSS"],"items_purchased_type":["Card","Card","Card","Relic"],"build_version":"2020-12-22","purchased_purges":4,"victory":true,"max_hp_per_floor":[65,65,65,65,65,65,65,65,65,65,65,65,65,65,65,65,65,65,65,65,65,65,65,65,65,65,65,65,65,65,65,65,65,65,70,70,70,70,70,70,70,70,80,80,80,80,80,80,80,80],"card_choices":[{"not_picked":["Spin","Replace","MoonPhase"],"picked":"SKIP","floor":1.0},{"not_picked":["FanOfKnives","DoubleEdge"],"picked":"SurpressingFire","floor":4},{"not_picked":["Read","FastForward"],"picked":"Rearm","floor":5},{"not_picked":["Unruled","Rewind"],"picked":"WasteNot","floor":11},{"not_picked":["ShiftingGears","Rearm"],"picked":"SilverBlades","floor":12},{"not_picked":["FastForward","Gouge"],"picked":"Defy","floor":13},{"not_picked":["TimeWarp","Rewind"],"picked":"BottledTime","floor":14},{"not_picked":["Snipe","Defy"],"picked":"Moonlight","floor":15},{"not_picked":["SoulSculpture","PendulumOfEternity"],"picked":"MurderousAura","floor":16},{"not_picked":["Read","Defy+1"],"picked":"Starlight","floor":18},{"not_picked":["ShatteredReality","Starlight+1"],"picked":"SurpressingFire","floor":22},{"not_picked":["Rearm","FastForward+1"],"picked":"Starlight+1","floor":29},{"not_picked":["TrueSight","Duplication"],"picked":"FloweringNight","floor":33},{"not_picked":["Collapse","BottledTime","Replace+1"],"picked":"SKIP","floor":35},{"not_picked":["Rewind","TimeWarp"],"picked":"ShatteredReality+1","floor":37},{"not_picked":["WasteNot+1","SpecialFormula"],"picked":"Dilation","floor":38},{"not_picked":["WasteNot+1","Starlight","Read"],"picked":"SKIP","floor":41},{"not_picked":["Foresight","Alleviate","Misdirection"],"picked":"SKIP","floor":42},{"not_picked":["Misdirection+1","BottledTime"],"picked":"Advance","floor":44},{"not_picked":["FanOfKnives","Rewind+1","SpecialFormula"],"picked":"SKIP","floor":48}],"player_experience":471266,"relics_obtained":[{"floor":9,"key":"Dream Catcher"},{"floor":11,"key":"Odd Mushroom"},{"floor":26,"key":"Sundial"},{"floor":27,"key":"Blood Vial"},{"floor":43,"key":"Pear"}],"event_choices":[{"damage_healed":0.0,"max_hp_gain":0.0,"max_hp_loss":0.0,"gold_gain":0.0,"event_name":"Shining Light","player_choice":"Entered Light","floor":2.0,"gold_loss":0.0,"damage_taken":13.0,"cards_upgraded":["Exchange","Defend_S"]},{"cards_removed":["Strike_S"],"damage_healed":0,"gold_gain":0,"player_choice":"Purged","damage_taken":0,"max_hp_gain":0,"max_hp_loss":0,"event_name":"Purifier","floor":3,"gold_loss":0},{"damage_healed":0,"gold_gain":0,"player_choice":"Success","damage_taken":25,"relics_obtained":["Broom"],"max_hp_gain":0,"max_hp_loss":0,"event_name":"Scrap Ooze","floor":10,"gold_loss":0},{"damage_healed":0,"gold_gain":0,"player_choice":"Fought Mushrooms","damage_taken":0,"max_hp_gain":0,"max_hp_loss":0,"event_name":"Mushrooms","floor":11,"gold_loss":0},{"cards_removed":["Strike_S"],"damage_healed":0,"gold_gain":0,"player_choice":"Gave Gold","damage_taken":0,"max_hp_gain":0,"max_hp_loss":0,"event_name":"Beggar","floor":19,"gold_loss":75},{"damage_healed":0,"gold_gain":0,"player_choice":"Inject Mutagens","damage_taken":0,"relics_obtained":["MutagenicStrength"],"max_hp_gain":0,"max_hp_loss":0,"event_name":"Drug Dealer","floor":20,"gold_loss":0},{"damage_healed":0,"gold_gain":99,"player_choice":"Stole From Cult","damage_taken":0,"max_hp_gain":0,"max_hp_loss":0,"event_name":"Nest","floor":21,"gold_loss":0},{"damage_healed":0,"gold_gain":0,"player_choice":"Trade","damage_taken":0,"relics_obtained":["SsserpentHead"],"max_hp_gain":0,"max_hp_loss":0,"event_name":"FaceTrader","floor":31,"gold_loss":0},{"damage_healed":0,"gold_gain":0,"player_choice":"Cursed","damage_taken":0,"max_hp_gain":0,"max_hp_loss":0,"event_name":"Wheel of Change","floor":39,"gold_loss":0,"cards_obtained":["Decay"]},{"damage_healed":0,"gold_gain":0,"player_choice":"Ignored","damage_taken":0,"max_hp_gain":0,"max_hp_loss":0,"event_name":"Tomb of Lord Red Mask","floor":45,"gold_loss":0},{"damage_healed":0,"gold_gain":0,"player_choice":"Gave Potion","damage_taken":0,"relics_obtained":["Vajra"],"max_hp_gain":0,"max_hp_loss":0,"event_name":"WeMeetAgain","floor":46,"gold_loss":0}],"is_beta":false,"boss_relics":[{"not_picked":["MysterySword","Runic Pyramid"],"picked":"Empty Cage"},{"not_picked":["Philosopher\u0027s Stone","Velvet Choker","Runic Dome"]}],"items_purged_floors":[7,24,28,36],"is_endless":false,"potions_floor_spawned":[4,12,14,16,22,35,38],"ascension_level":1}}