{"host":"bhj73plqr6q46rek","time":1608920650,"event":{"mods":["2.2 Compatiblity","Arknights The Spire","Aspiration","BaseMod","Better Third Choice","BetterRewards","CapriCore","Conspire","Downfall","Energized Spire","Friendly Minions","Hubris","Infinite Spire","Jorbs\u0027s Wanderer Trilogy","KiyohimeÅiê¥?Åj","Minty Spire (QoL Compilation)","Relic Sorter","Replay The Spire","Shade Mod","StSLib","The Alterego","The Immortal","The Servant 0.9.4","WarShipGirlsR/??è≠èóR mod"],"gold_per_floor":[118,128,139,139,152,152,177,177,177,195,195,209,309,324,324,324,324],"floor_reached":16,"playtime":969,"items_purged":[],"score":104,"play_id":"d4d91509-2203-452d-988b-970903b25dee","local_time":"20201225192410","is_ascension_mode":false,"campfire_choices":[{"data":"ats:Very Hot Blade","floor":6,"key":"SMITH"},{"data":"ats:Neurotoxin","floor":8,"key":"SMITH"},{"data":"ats:Soul Rend","floor":15,"key":"SMITH"}],"circlet_count":0,"master_deck":["ats:Strike C","ats:Strike G","ats:Strike S","ats:Strike V","ats:Armor Crushing Shot","ats:Defend","ats:Defend","ats:Defend","ats:Defend","ats:Emotion Absorption","ats:Burning Ground+1","ats:Very Hot Blade+1","ats:Neurotoxin+1","ats:Soul Rend+1","ats:Mental Burst","ats:Healing Strengthening"],"relics":["ats:Sanity","NeowsBlessing","ats:Originium","White Beast Statue","conspire:BottledYoYo","Regal Pillow"],"acts_visited":["Exordium"],"potions_floor_usage":[16,16],"damage_taken":[{"damage":0,"enemies":"2 Louse","floor":1,"turns":2},{"damage":0,"enemies":"infinitespire:Voidling","floor":2,"turns":1},{"damage":0,"enemies":"conspire:RoseBush","floor":3,"turns":1},{"damage":2,"enemies":"2 Fungi Beasts","floor":5,"turns":2},{"damage":10,"enemies":"Replay:BlueRogue","floor":7,"turns":5},{"damage":3,"enemies":"Gremlin Gang","floor":10,"turns":4},{"damage":0,"enemies":"Large Slime","floor":12,"turns":4},{"damage":1,"enemies":"3 Louse","floor":14,"turns":2},{"damage":42,"enemies":"Hexaghost","floor":16,"turns":11}],"seed_played":"-5714515648855556561","potions_obtained":[{"floor":5,"key":"PowerPotion"},{"floor":10,"key":"Explosive Potion"},{"floor":12,"key":"Ancient Potion"}],"is_trial":false,"path_per_floor":["M","M","M","?","M","R","E","R","T","M","?","M","?","M","R","B"],"character_chosen":"DOCTOR_CLASS","items_purchased":[],"campfire_rested":0,"item_purchase_floors":[],"current_hp_per_floor":[72,72,72,72,70,70,60,60,60,57,32,34,34,34,34,0,0],"gold":324,"neow_bonus":"THREE_ENEMY_KILL","is_daily":false,"chose_seed":false,"campfire_upgraded":3,"win_rate":0.0,"timestamp":1608920650,"path_taken":["M","M","M","?","?","R","E","R","T","M","?","M","?","?","R","BOSS"],"items_purchased_type":[],"build_version":"2020-12-22","purchased_purges":0,"victory":false,"max_hp_per_floor":[72,72,72,72,72,72,72,72,72,72,72,72,72,72,72,72,72],"card_choices":[{"not_picked":["ats:Sunburst","ats:Assault Order"],"picked":"ats:Burning Ground","floor":1},{"not_picked":["ats:Cat Scratch","ats:Childhood Dance"],"picked":"ats:Very Hot Blade","floor":2},{"not_picked":["ats:Ignite","ats:Red Shift","ats:Cat Scratch"],"picked":"SKIP","floor":3},{"not_picked":["ats:Poison Spread","ats:Leaping Hammer","ats:Ignite"],"picked":"SKIP","floor":5},{"not_picked":["ats:Ignite","ats:Shadow Raid"],"picked":"ats:Neurotoxin","floor":7},{"not_picked":["ats:Hammer On","ats:Revitalization"],"picked":"ats:Soul Rend","floor":10},{"not_picked":["ats:Consecutive Shot Auto","ats:Overload"],"picked":"ats:Mental Burst","floor":12},{"not_picked":["ats:Assault Order","ats:Collapsing Strike"],"picked":"ats:Healing Strengthening","floor":14}],"player_experience":266643,"relics_obtained":[{"floor":7,"key":"ats:Originium"},{"floor":7,"key":"White Beast Statue"},{"floor":9,"key":"conspire:BottledYoYo"}],"event_choices":[{"damage_healed":0,"gold_gain":0,"player_choice":"Upgraded","damage_taken":0,"max_hp_gain":0,"max_hp_loss":0,"event_name":"Upgrade Shrine","floor":4,"gold_loss":0,"cards_upgraded":["ats:Burning Ground"]},{"damage_healed":0,"gold_gain":0,"player_choice":"Relic ","damage_taken":25,"max_hp_gain":0,"max_hp_loss":0,"event_name":"betterThird:BetterScrap","floor":11,"gold_loss":0,"cards_obtained":["ReplayTheSpireMod:Omega Cannon"]},{"damage_healed":0,"gold_gain":100,"player_choice":"Pray","damage_taken":0,"max_hp_gain":0,"max_hp_loss":0,"event_name":"Golden Shrine","floor":13,"gold_loss":0}],"is_beta":false,"boss_relics":[],"items_purged_floors":[],"is_endless":false,"potions_floor_spawned":[5,10,12,14],"killed_by":"Hexaghost","ascension_level":0}}