{"host":"v5j5rnxu2olnd6jo","time":1608911364,"event":{"mods":["BaseMod","Custom Start","DeckTracker","Keyboard Shortcuts","Minty Spire (QoL Compilation)","Permanent Neow","Quick Restart","StSLib","SuperFastMode"],"gold_per_floor":[113,113,125,200,211,224,253,253,279,279,290,55,80,6,6,6,6],"floor_reached":16,"playtime":495,"items_purged":[],"score":220,"play_id":"84b5c7c2-b463-48e5-bf11-d2ba4e3d1930","local_time":"20201226004924","is_ascension_mode":true,"campfire_choices":[{"floor":8.0,"key":"REST"},{"data":"Chaos","floor":10.0,"key":"SMITH"},{"data":"Zap","floor":15.0,"key":"SMITH"}],"circlet_count":0,"master_deck":["AscendersBane","Strike_B","Strike_B","Strike_B","Strike_B","Defend_B","Defend_B","Defend_B","Defend_B","Zap+1","Dualcast","Streamline","Ball Lightning","Beam Cell","Chaos+1","Stack","Coolheaded","Defragment","Defragment"],"relics":["Cracked Core","Ancient Tea Set","DataDisk","ClockworkSouvenir","Lantern"],"acts_visited":["Exordium"],"potions_floor_usage":[16,16],"damage_taken":[{"damage":1.0,"enemies":"Cultist","floor":1.0,"turns":4.0},{"damage":2.0,"enemies":"Jaw Worm","floor":3.0,"turns":3.0},{"damage":18.0,"enemies":"Small Slimes","floor":5.0,"turns":2.0},{"damage":2.0,"enemies":"Exordium Thugs","floor":6.0,"turns":4.0},{"damage":27.0,"enemies":"Gremlin Nob","floor":7.0,"turns":4.0},{"damage":13.0,"enemies":"Exordium Wildlife","floor":11.0,"turns":3.0},{"damage":5.0,"enemies":"Lagavulin","floor":13.0,"turns":4.0},{"damage":14,"enemies":"Hexaghost","floor":16,"turns":7}],"seed_played":"-742144276461228375","potions_obtained":[{"floor":6.0,"key":"Ancient Potion"},{"floor":7.0,"key":"Strength Potion"},{"floor":11.0,"key":"SneckoOil"}],"is_trial":false,"path_per_floor":["M","?","M","?","M","M","E","R","T","R","M","$","E","$","R","B"],"character_chosen":"DEFECT","items_purchased":["Defragment","ClockworkSouvenir","Defragment"],"campfire_rested":1,"item_purchase_floors":[12,12,14],"current_hp_per_floor":[63,68,66,55,37,35,8,30,30,30,17,17,12,12,12,0,0],"gold":6,"neow_bonus":"THREE_CARDS","is_daily":false,"chose_seed":false,"campfire_upgraded":2,"win_rate":0.0,"timestamp":1608911364,"path_taken":["M","?","M","?","M","M","E","R","T","R","M","$","E","?","R","BOSS"],"items_purchased_type":["Card","Relic","Card"],"build_version":"2020-12-22","purchased_purges":0,"victory":false,"max_hp_per_floor":[71,76,76,76,76,76,76,76,76,76,76,76,76,76,76,76,76],"card_choices":[{"not_picked":["Gash","Chill"],"picked":"Streamline","floor":0.0},{"not_picked":["Steam","Compile Driver"],"picked":"Ball Lightning","floor":1.0},{"not_picked":["Ball Lightning","Cold Snap"],"picked":"Beam Cell","floor":3.0},{"not_picked":["Gash","Streamline"],"picked":"Chaos","floor":5.0},{"not_picked":["Force Field","Darkness","Sweeping Beam"],"picked":"SKIP","floor":6.0},{"not_picked":["Fission","Beam Cell"],"picked":"Stack","floor":7.0},{"not_picked":["Compile Driver","Melter"],"picked":"Coolheaded","floor":11.0},{"not_picked":["Gash","Fusion","Cold Snap"],"picked":"SKIP","floor":13.0}],"player_experience":878499,"relics_obtained":[{"floor":7.0,"key":"Ancient Tea Set"},{"floor":9.0,"key":"DataDisk"},{"floor":13.0,"key":"Lantern"}],"event_choices":[{"damage_healed":0.0,"max_hp_gain":5.0,"max_hp_loss":0.0,"gold_gain":0.0,"event_name":"Big Fish","player_choice":"Donut","floor":2.0,"gold_loss":0.0,"damage_taken":0.0},{"damage_healed":0.0,"max_hp_gain":0.0,"max_hp_loss":0.0,"gold_gain":75.0,"event_name":"World of Goop","player_choice":"Gather Gold","floor":4.0,"gold_loss":0.0,"damage_taken":11.0}],"is_beta":false,"boss_relics":[],"items_purged_floors":[],"is_endless":false,"potions_floor_spawned":[6,7,11],"killed_by":"Hexaghost","ascension_level":20}}