{"host":"foq4mrde4mssg7vt","time":1608925189,"event":{"mods":["AchievementEnabler","BaseMod","Colored Map","Colored Powertips","Highlight Path","Minty Spire (QoL Compilation)","Relic Stats","everything is the same but u backflip on backflip"],"gold_per_floor":[119,129,31,31,46,46,63,63,63,94,94,127,170,186,186,281,281,302,402,418,418,418,459,479,523,603,639,659,288,213,246,246,345,345,365,698,712,712,236,269,269,282,307,307,342,390,402,431,431,431,431,431,0,32,32],"floor_reached":56,"playtime":3894,"items_purged":["Strike_G","Strike_G"],"score":2221,"play_id":"15a4048f-5f3a-480a-8a97-6e04daf8a23c","local_time":"20201226033949","is_ascension_mode":true,"campfire_choices":[{"data":"Sucker Punch","floor":6.0,"key":"SMITH"},{"data":"Predator","floor":8.0,"key":"SMITH"},{"data":"Deadly Poison","floor":15.0,"key":"SMITH"},{"data":"After Image","floor":32.0,"key":"SMITH"},{"data":"Well Laid Plans","floor":41.0,"key":"SMITH"},{"floor":49.0,"key":"RECALL"},{"data":"Ghostly","floor":52,"key":"SMITH"}],"circlet_count":0,"master_deck":["AscendersBane","Strike_G","Strike_G","Defend_G","Defend_G","Defend_G","Defend_G","Defend_G","Survivor","Neutralize","Predator+1","Deadly Poison+1","Sucker Punch+1","Dagger Throw","Blur","Well Laid Plans+1","Blur","After Image+1","Ghostly+1","Ghostly","Ghostly","Ghostly","Ghostly","Acrobatics+1","Prepared","Footwork","Poisoned Stab+1","Dodge and Roll","PiercingWail","Burst","CurseOfTheBell","Footwork","Dash+1","Envenom","Deflect+1","Catalyst+1","Ghostly+1","Bouncing Flask+1"],"relics":["Ring of the Snake","Bronze Scales","Mango","Ornamental Fan","Meat on the Bone","Odd Mushroom","Coffee Dripper","Question Card","MealTicket","Boot","Eternal Feather","Unceasing Top","Sundial","Torii","Calling Bell","Regal Pillow","Molten Egg 2","Pocketwatch","Toxic Egg 2","Singing Bowl","Mercury Hourglass","Pen Nib","StoneCalendar","Ginger","DollysMirror","Oddly Smooth Stone","Snake Skull"],"acts_visited":["Exordium","TheCity","TheBeyond","TheEnding"],"potions_floor_usage":[50,55,55],"damage_taken":[{"damage":1.0,"enemies":"Jaw Worm","floor":1.0,"turns":7.0},{"damage":0.0,"enemies":"Cultist","floor":2.0,"turns":3.0},{"damage":0.0,"enemies":"Small Slimes","floor":5.0,"turns":3.0},{"damage":6.0,"enemies":"3 Louse","floor":7.0,"turns":3.0},{"damage":21.0,"enemies":"Lagavulin","floor":10.0,"turns":8.0},{"damage":0.0,"enemies":"The Mushroom Lair","floor":12.0,"turns":5.0},{"damage":21.0,"enemies":"3 Sentries","floor":13.0,"turns":10.0},{"damage":4.0,"enemies":"Blue Slaver","floor":14.0,"turns":5.0},{"damage":6.0,"enemies":"The Guardian","floor":16.0,"turns":12.0},{"damage":10.0,"enemies":"Spheric Guardian","floor":18.0,"turns":7.0},{"damage":4.0,"enemies":"3 Byrds","floor":20.0,"turns":4.0},{"damage":4.0,"enemies":"Slavers","floor":23.0,"turns":8.0},{"damage":0.0,"enemies":"Snecko","floor":24.0,"turns":6.0},{"damage":3.0,"enemies":"Book of Stabbing","floor":25.0,"turns":6.0},{"damage":19.0,"enemies":"Gremlin Leader","floor":27.0,"turns":9.0},{"damage":15.0,"enemies":"Cultist and Chosen","floor":28.0,"turns":11.0},{"damage":0.0,"enemies":"Slavers","floor":31.0,"turns":9.0},{"damage":18.0,"enemies":"Champ","floor":33.0,"turns":18.0},{"damage":0.0,"enemies":"Orb Walker","floor":35.0,"turns":7.0},{"damage":0.0,"enemies":"3 Darklings","floor":37.0,"turns":11.0},{"damage":1.0,"enemies":"Nemesis","floor":40.0,"turns":15.0},{"damage":0.0,"enemies":"Writhing Mass","floor":42.0,"turns":10.0},{"damage":6.0,"enemies":"Reptomancer","floor":45.0,"turns":9.0},{"damage":1.0,"enemies":"2 Orb Walkers","floor":46.0,"turns":9.0},{"damage":0.0,"enemies":"Spire Growth","floor":47.0,"turns":7.0},{"damage":0.0,"enemies":"Nemesis","floor":48.0,"turns":9.0},{"damage":33,"enemies":"Donu and Deca","floor":50,"turns":16},{"damage":14,"enemies":"Shield and Spear","floor":54,"turns":7},{"damage":2,"enemies":"The Heart","floor":55,"turns":11}],"seed_played":"802182252785295622","potions_obtained":[{"floor":1.0,"key":"Energy Potion"},{"floor":13.0,"key":"DistilledChaos"},{"floor":14.0,"key":"LiquidMemories"},{"floor":27.0,"key":"Fire Potion"},{"floor":28.0,"key":"LiquidMemories"},{"floor":33.0,"key":"ColorlessPotion"},{"floor":35.0,"key":"Swift Potion"},{"floor":37.0,"key":"Fire Potion"},{"floor":40.0,"key":"CultistPotion"}],"is_trial":false,"path_per_floor":["M","M","$","?","M","R","M","R","T","E","?","?","E","M","R","B",null,"M","?","M","?","T","E","M","E","T","E","M","$","?","E","R","B",null,"M","?","M","?","$","E","R","M","T","T","E","?","M","E","R","B",null,"R","$","E","B",null],"character_chosen":"THE_SILENT","items_purchased":["Sucker Punch","Block Potion","Sundial","Dodge and Roll","Footwork","Dash+1","Toxic Egg 2","DollysMirror","Oddly Smooth Stone","Bouncing Flask+1","Poison Potion"],"campfire_rested":0,"item_purchase_floors":[3,3,29,29,39,39,39,53,53,53,53],"current_hp_per_floor":[58,58,58,72,72,72,66,66,66,45,45,45,36,44,44,38,65,55,55,51,37,37,33,33,30,30,23,20,35,35,35,37,19,33,33,33,33,33,37,38,39,41,41,41,35,34,36,36,43,22,38,43,43,31,29],"gold":32,"neow_bonus":"RANDOM_COMMON_RELIC","is_daily":false,"chose_seed":false,"campfire_upgraded":6,"win_rate":0.0,"timestamp":1608925189,"path_taken":["M","M","$","?","M","R","?","R","T","E","?","?","E","M","R","BOSS","M","?","?","?","?","E","?","E","T","E","M","?","?","E","R","BOSS","M","?","M","?","$","E","R","M","T","?","E","?","M","E","R","BOSS","R","$","E","BOSS"],"items_purchased_type":["Card","Potion","Relic","Card","Card","Card","Relic","Relic","Relic","Card","Potion"],"build_version":"2020-12-22","purchased_purges":2,"victory":true,"max_hp_per_floor":[66,66,66,80,80,80,80,80,80,80,74,74,74,74,74,74,74,74,74,74,37,37,37,37,37,37,37,37,37,37,37,37,37,37,37,37,37,37,37,39,39,41,41,41,41,41,43,43,43,43,43,43,43,45,45],"relic_stats":{"Regal Pillow":0,"Torii":8,"Singing Bowl":8,"counters":[29,245],"Eternal Feather":15,"StoneCalendar":[276],"Pen Nib":[6],"Snake Skull":[18],"Ginger":[2],"Question Card":17,"Boot":[108],"Mercury Hourglass":[242],"Ornamental Fan":[112],"Sundial":[18],"Bronze Scales":[962],"MealTicket":19,"obtain_stats":[{"Regal Pillow":34,"Torii":31,"Singing Bowl":40,"Mango":4,"StoneCalendar":46,"Snake Skull":54,"Ginger":48,"Boot":25,"Sundial":29,"DollysMirror":53,"MealTicket":23,"Toxic Egg 2":39,"Ring of the Snake":0,"Golden Idol":11,"Oddly Smooth Stone":53,"Eternal Feather":26,"Pen Nib":45,"Odd Mushroom":12,"Question Card":22,"Mercury Hourglass":44,"Calling Bell":34,"Ornamental Fan":9,"Bronze Scales":0,"Molten Egg 2":34,"Coffee Dripper":17,"Unceasing Top":27,"Meat on the Bone":10,"Pocketwatch":34},{"Regal Pillow":18,"Torii":17,"Singing Bowl":21,"Mango":2,"StoneCalendar":24,"Snake Skull":28,"Ginger":26,"Boot":14,"Sundial":16,"DollysMirror":27,"MealTicket":12,"Toxic Egg 2":20,"Ring of the Snake":0,"Golden Idol":5,"Oddly Smooth Stone":27,"Eternal Feather":14,"Pen Nib":23,"Odd Mushroom":6,"Question Card":11,"Mercury Hourglass":22,"Calling Bell":18,"Ornamental Fan":4,"Bronze Scales":0,"Molten Egg 2":18,"Coffee Dripper":9,"Unceasing Top":15,"Meat on the Bone":5,"Pocketwatch":18},{"Regal Pillow":134,"Torii":116,"Singing Bowl":167,"Mango":10,"StoneCalendar":195,"Snake Skull":234,"Ginger":211,"Boot":87,"Sundial":107,"DollysMirror":227,"MealTicket":75,"Toxic Egg 2":152,"Ring of the Snake":0,"Golden Idol":24,"Oddly Smooth Stone":227,"Eternal Feather":87,"Pen Nib":186,"Odd Mushroom":29,"Question Card":67,"Mercury Hourglass":177,"Calling Bell":134,"Ornamental Fan":16,"Bronze Scales":0,"Molten Egg 2":134,"Coffee Dripper":56,"Unceasing Top":96,"Meat on the Bone":24,"Pocketwatch":134}],"Unceasing Top":[3],"Ring of the Snake":[58],"Meat on the Bone":60,"Pocketwatch":[105]},"card_choices":[{"not_picked":["Crippling Poison","Blur"],"picked":"Predator","floor":1.0},{"not_picked":["Finisher","Accuracy"],"picked":"Deadly Poison","floor":2.0},{"not_picked":["Quick Slash","Acrobatics"],"picked":"Dagger Throw","floor":5.0},{"not_picked":["Slice","Bane"],"picked":"Blur","floor":7.0},{"not_picked":["Reflex","Prepared","Escape Plan"],"picked":"SKIP","floor":10.0},{"not_picked":["Acrobatics","Poisoned Stab"],"picked":"Well Laid Plans","floor":12.0},{"not_picked":["Cloak And Dagger","Predator","Concentrate"],"picked":"SKIP","floor":13.0},{"not_picked":["Deadly Poison","Expertise"],"picked":"Blur","floor":14.0},{"not_picked":["Die Die Die","Storm of Steel"],"picked":"After Image","floor":16.0},{"not_picked":["Prepared","Dodge and Roll","Reflex+1"],"picked":"SKIP","floor":18.0},{"not_picked":["Expertise","Backflip","Underhanded Strike"],"picked":"SKIP","floor":20.0},{"not_picked":["Cloak And Dagger","Dash+1","Tools of the Trade"],"picked":"Acrobatics+1","floor":23.0},{"not_picked":["Deflect","Underhanded Strike","Quick Slash"],"picked":"Prepared","floor":24.0},{"not_picked":["Tools of the Trade","Acrobatics","Dash"],"picked":"Footwork","floor":25.0},{"not_picked":["Dagger Throw","Blur","Bane+1","Slice"],"picked":"SKIP","floor":27.0},{"not_picked":["Sucker Punch","Riddle With Holes","Quick Slash+1"],"picked":"Poisoned Stab+1","floor":28.0},{"not_picked":["Dagger Throw","Poisoned Stab","Tactician"],"picked":"PiercingWail","floor":31.0},{"not_picked":["Storm of Steel","After Image","Die Die Die"],"picked":"Burst","floor":33.0},{"not_picked":["Backflip","Underhanded Strike+1","Dodge and Roll","Poisoned Stab+1"],"picked":"SKIP","floor":35.0},{"not_picked":["Prepared","Unload+1","Backstab+1","Well Laid Plans"],"picked":"SKIP","floor":37.0},{"not_picked":["Acrobatics+1","Blade Dance+1","Slice+1","Flying Knee+1"],"picked":"Singing Bowl","floor":40.0},{"not_picked":["Sucker Punch+1","Bane+1","Cloak And Dagger+1","Dagger Spray+1"],"picked":"Singing Bowl","floor":42.0},{"not_picked":["Catalyst+1","Die Die Die+1","Quick Slash+1"],"picked":"Envenom","floor":45.0},{"not_picked":["Acrobatics+1","Blade Dance+1","Dodge and Roll+1"],"picked":"Deflect+1","floor":46.0},{"not_picked":["Sucker Punch+1","Deadly Poison+1","Dodge and Roll+1","Deflect+1"],"picked":"Singing Bowl","floor":47.0},{"not_picked":["Deflect+1","Underhanded Strike+1","Infinite Blades+1"],"picked":"Catalyst+1","floor":48.0},{"not_picked":["Prepared+1","Poisoned Stab+1","Endless Agony+1","Deadly Poison+1"],"picked":"Singing Bowl","floor":54}],"player_experience":270730,"relics_obtained":[{"floor":4.0,"key":"Mango"},{"floor":9.0,"key":"Ornamental Fan"},{"floor":10.0,"key":"Meat on the Bone"},{"floor":12.0,"key":"Odd Mushroom"},{"floor":22.0,"key":"Question Card"},{"floor":23.0,"key":"MealTicket"},{"floor":25.0,"key":"Boot"},{"floor":26.0,"key":"Eternal Feather"},{"floor":27.0,"key":"Unceasing Top"},{"floor":31.0,"key":"Torii"},{"floor":34.0,"key":"Regal Pillow"},{"floor":34.0,"key":"Molten Egg 2"},{"floor":34.0,"key":"Pocketwatch"},{"floor":40.0,"key":"Singing Bowl"},{"floor":44.0,"key":"Mercury Hourglass"},{"floor":45.0,"key":"Pen Nib"},{"floor":46.0,"key":"StoneCalendar"},{"floor":48.0,"key":"Ginger"},{"floor":54,"key":"Snake Skull"}],"event_choices":[{"damage_healed":0.0,"max_hp_gain":0.0,"max_hp_loss":0.0,"gold_gain":0.0,"event_name":"Wheel of Change","player_choice":"Relic","floor":4.0,"gold_loss":0.0,"damage_taken":0.0},{"damage_healed":0.0,"max_hp_gain":0.0,"max_hp_loss":6.0,"gold_gain":0.0,"event_name":"Golden Idol","player_choice":"Lose Max HP","floor":11.0,"gold_loss":0.0,"damage_taken":0.0,"relics_obtained":["Golden Idol"]},{"damage_healed":0.0,"max_hp_gain":0.0,"max_hp_loss":0.0,"gold_gain":0.0,"event_name":"Mushrooms","player_choice":"Fought Mushrooms","floor":12.0,"gold_loss":0.0,"damage_taken":0.0},{"damage_healed":0.0,"max_hp_gain":0.0,"max_hp_loss":0.0,"gold_gain":100.0,"event_name":"Golden Shrine","player_choice":"Pray","floor":19.0,"gold_loss":0.0,"damage_taken":0.0},{"damage_healed":0.0,"max_hp_gain":0.0,"max_hp_loss":37.0,"gold_gain":0.0,"event_name":"Ghosts","player_choice":"Became a Ghost","floor":21.0,"gold_loss":0.0,"damage_taken":0.0,"cards_obtained":["Ghostly","Ghostly","Ghostly","Ghostly","Ghostly"]},{"cards_removed":["Strike_G"],"damage_healed":0.0,"max_hp_gain":0.0,"max_hp_loss":0.0,"gold_gain":0.0,"event_name":"Beggar","player_choice":"Gave Gold","floor":30.0,"gold_loss":75.0,"damage_taken":0.0},{"damage_healed":0.0,"max_hp_gain":0.0,"max_hp_loss":0.0,"gold_gain":333.0,"event_name":"The Moai Head","player_choice":"Gave Idol","floor":36.0,"relics_lost":["Golden Idol"],"gold_loss":0.0,"damage_taken":0.0},{"damage_healed":0.0,"max_hp_gain":0.0,"max_hp_loss":0.0,"gold_gain":0.0,"event_name":"Tomb of Lord Red Mask","player_choice":"Ignored","floor":38.0,"gold_loss":0.0,"damage_taken":0.0},{"damage_healed":0.0,"max_hp_gain":0.0,"max_hp_loss":0.0,"gold_gain":0.0,"event_name":"Mysterious Sphere","player_choice":"Fight","floor":46.0,"gold_loss":0.0,"damage_taken":0.0}],"is_beta":false,"boss_relics":[{"not_picked":["Snecko Eye","Ectoplasm"],"picked":"Coffee Dripper"},{"not_picked":["WristBlade","Velvet Choker"],"picked":"Calling Bell"}],"items_purged_floors":[29,39],"is_endless":false,"potions_floor_spawned":[1,10,13,14,27,28,31,33,35,37,40,46,48,54],"ascension_level":14}}