{"host":"nh1tx9wty0m9wedw","time":1608884455,"event":{"mods":["BaseMod","Colored Map","Colored Powertips","Minty Spire (QoL Compilation)"],"gold_per_floor":[118,135,12,26,38,70,30,44,44,77,77,107,39,53,53,152,152,165,137,29,29,29,60,60,90,90,90,102,115,115,115],"floor_reached":30,"playtime":2235,"items_purged":["Strike_G"],"score":408,"play_id":"5780bb2c-1f7d-401a-840a-9823469169d0","local_time":"20201225092055","is_ascension_mode":true,"campfire_choices":[{"floor":15,"key":"REST"},{"floor":24,"key":"REST"},{"floor":27,"key":"REST"}],"circlet_count":0,"master_deck":["Strike_G","Strike_G","Strike_G","Strike_G","Defend_G","Defend_G","Defend_G","Defend_G","Defend_G+1","Survivor","Neutralize","Dodge and Roll+1","Poisoned Stab","Accuracy","Blade Dance","Noxious Fumes","Bane","Cloak And Dagger","Bane","Underhanded Strike","Footwork","Bane","After Image","Catalyst","Poisoned Stab","Infinite Blades","Writhe","RitualDagger","Flying Knee","Flying Knee+1","PiercingWail"],"relics":["Ring of the Snake","NeowsBlessing","War Paint","Calipers","Thread and Needle","Gambling Chip","Busted Crown","Strawberry","Pantograph","Ice Cream","Smiling Mask"],"acts_visited":["Exordium","TheCity"],"potions_floor_usage":[6,6,8,10,12,16,25],"damage_taken":[{"damage":0,"enemies":"Jaw Worm","floor":1,"turns":1},{"damage":0,"enemies":"Cultist","floor":2,"turns":1},{"damage":0,"enemies":"2 Louse","floor":4,"turns":1},{"damage":1,"enemies":"Looter","floor":5,"turns":3},{"damage":28,"enemies":"Gremlin Nob","floor":6,"turns":4},{"damage":0,"enemies":"Exordium Wildlife","floor":8,"turns":2},{"damage":17,"enemies":"Lagavulin","floor":10,"turns":5},{"damage":28,"enemies":"Gremlin Nob","floor":12,"turns":5},{"damage":0,"enemies":"Exordium Thugs","floor":14,"turns":3},{"damage":0,"enemies":"Slime Boss","floor":16,"turns":7},{"damage":1,"enemies":"3 Byrds","floor":18,"turns":6},{"damage":0,"enemies":"2 Thieves","floor":19,"turns":5},{"damage":58,"enemies":"Gremlin Leader","floor":23,"turns":10},{"damage":25,"enemies":"Slavers","floor":25,"turns":6},{"damage":36,"enemies":"Snake Plant","floor":28,"turns":6},{"damage":6,"enemies":"Snecko","floor":29,"turns":5},{"damage":20,"enemies":"Centurion and Healer","floor":30,"turns":6}],"seed_played":"9189283781082341857","potions_obtained":[{"floor":4,"key":"SkillPotion"},{"floor":5,"key":"GamblersBrew"},{"floor":7,"key":"FairyPotion"},{"floor":7,"key":"Fire Potion"},{"floor":7,"key":"DuplicationPotion"},{"floor":8,"key":"DistilledChaos"},{"floor":14,"key":"CultistPotion"},{"floor":23,"key":"Energy Potion"}],"is_trial":false,"path_per_floor":["M","M","$","M","M","E","?","M","T","E","?","E","$","M","R","B",null,"M","M","$","?","?","E","R","E","T","R","M","M","M"],"character_chosen":"THE_SILENT","items_purchased":["Accuracy","Blade Dance","Footwork","Infinite Blades"],"campfire_rested":3,"item_purchase_floors":[3,3,13,20],"current_hp_per_floor":[70,70,70,70,69,41,41,41,41,24,70,42,42,42,63,63,70,69,69,69,76,70,12,35,10,10,33,23,17,0,0],"gold":115,"neow_bonus":"THREE_ENEMY_KILL","is_daily":false,"chose_seed":false,"campfire_upgraded":0,"win_rate":0.0,"timestamp":1608884455,"path_taken":["M","M","$","M","M","E","?","?","T","E","?","E","$","M","R","BOSS","M","M","?","?","?","E","R","E","T","R","M","?","M"],"items_purchased_type":["Card","Card","Card","Card"],"build_version":"2020-12-22","purchased_purges":1,"victory":false,"max_hp_per_floor":[70,70,70,70,70,70,70,70,70,70,70,70,70,70,70,70,70,70,70,70,77,77,77,77,77,77,77,77,77,77,77],"card_choices":[{"not_picked":["Escape Plan","Prepared"],"picked":"Dodge and Roll","floor":1},{"not_picked":["Dagger Throw","Deflect"],"picked":"Poisoned Stab","floor":2},{"not_picked":["Expertise","Concentrate"],"picked":"Noxious Fumes","floor":4},{"not_picked":["Predator","Blur"],"picked":"Bane","floor":5},{"not_picked":["Burst","Expertise"],"picked":"Endless Agony","floor":6},{"not_picked":["Eviscerate","Prepared"],"picked":"Cloak And Dagger","floor":8},{"not_picked":["Expertise","Sucker Punch"],"picked":"Bane","floor":10},{"not_picked":["Eviscerate","Choke"],"picked":"Underhanded Strike","floor":12},{"not_picked":["Wraith Form v2","Prepared"],"picked":"Bane","floor":14},{"not_picked":["Venomology","Die Die Die"],"picked":"After Image","floor":16},{"not_picked":[],"picked":"Catalyst","floor":18},{"not_picked":[],"picked":"Poisoned Stab","floor":19},{"not_picked":[],"picked":"Flying Knee","floor":23},{"not_picked":[],"picked":"Flying Knee+1","floor":25},{"not_picked":[],"picked":"PiercingWail","floor":28},{"not_picked":["PiercingWail"],"picked":"SKIP","floor":29}],"player_experience":585449,"relics_obtained":[{"floor":6,"key":"War Paint"},{"floor":9,"key":"Calipers"},{"floor":10,"key":"Thread and Needle"},{"floor":12,"key":"Gambling Chip"},{"floor":23,"key":"Pantograph"},{"floor":25,"key":"Ice Cream"},{"floor":26,"key":"Smiling Mask"}],"event_choices":[{"damage_healed":0,"gold_gain":0,"player_choice":"Bought 3 Potions","damage_taken":0,"max_hp_gain":0,"max_hp_loss":0,"event_name":"The Woman in Blue","floor":7,"gold_loss":0},{"cards_removed":["Endless Agony"],"damage_healed":46,"gold_gain":0,"player_choice":"Offered Uncommon","damage_taken":0,"max_hp_gain":0,"max_hp_loss":0,"event_name":"Bonfire Elementals","floor":11,"gold_loss":0},{"damage_healed":0,"gold_gain":0,"player_choice":"Opened","damage_taken":0,"relics_obtained":["Strawberry"],"max_hp_gain":0,"max_hp_loss":0,"event_name":"The Mausoleum","floor":21,"gold_loss":0,"cards_obtained":["Writhe"]},{"damage_healed":0,"gold_gain":0,"player_choice":"Joined the Cult","damage_taken":6,"max_hp_gain":0,"max_hp_loss":0,"event_name":"Nest","floor":22,"gold_loss":0,"cards_obtained":["RitualDagger"]}],"is_beta":false,"boss_relics":[{"not_picked":["Fusion Hammer","SacredBark"],"picked":"Busted Crown"}],"items_purged_floors":[20],"is_endless":false,"potions_floor_spawned":[4,5,8,14,23],"killed_by":"Centurion and Healer","ascension_level":4}}