{"host":"645xqr9rkj71uhiq","time":1608902947,"event":{"mods":["AchievementEnabler","Act Like it!","BaseMod","Beaked The Cultist","Better Altar","Better Third Choice","BetterRewards","Card Forge","Colored Map","Conspire","Downfall","Hallownest","Hermit","Hubris","Infinite Spire","Lobotomy","Minty Spire (QoL Compilation)","Rare Cards Sparkle","Replay The Spire","Spicy Shops","Spikes Relics","StSLib","The Bug Knight","The Hierophant"],"gold_per_floor":[109,127,18,29,29,29,59,159,182,197,197,212,244,263,263,358,358,374,38,56,68,68,68,93,113,113,138,151,151,164,164,164,164,164],"floor_reached":33,"playtime":1422,"items_purged":[],"score":299,"play_id":"495fdc27-0c0e-4f89-afa3-fff95e01cb99","local_time":"20201225082907","is_ascension_mode":false,"campfire_choices":[{"data":"Fire Breathing","floor":6,"key":"SMITH"},{"data":"1","floor":11,"key":"LIFT"},{"data":"2","floor":15,"key":"LIFT"},{"data":"3","floor":23,"key":"LIFT"},{"floor":29,"key":"DIG"}],"circlet_count":0,"master_deck":["Strike_R","Strike_R","Strike_R","Strike_R","Strike_R","Defend_R","Defend_R","Defend_R","Defend_R","Bash","Iron Wave+1","Clothesline","Fire Breathing+1","Cleave+1","Sword Boomerang","Replay:Undeath\u0027s Touch","Reaper+1","Replay:Undeath\u0027s Touch","Decay","Replay:Undeath\u0027s Touch","Berserk"],"relics":["Burning Blood","Hammer of Thor","Seething Fire","Anvil of the Gods","Girya","Regal Pillow","hubris:MobiusCoin","Ooze Armor","hubris:TinFlute","Anchor","Guide Book","infinitespire:Broken Mirror","PreservedInsect","Replay:Multitool","infinitespire:Bottled Soul","HollowMod:LifeEnderRelic"],"acts_visited":["Exordium","TheCity"],"potions_floor_usage":[7,16,16,25,28,33],"damage_taken":[{"damage":1,"enemies":"conspire:RoseBush","floor":1,"turns":4},{"damage":5,"enemies":"Cultist","floor":2,"turns":4},{"damage":0,"enemies":"2 Louse","floor":4,"turns":3},{"damage":26,"enemies":"HollowMod:MossKnight","floor":7,"turns":11},{"damage":7,"enemies":"Blue Slaver","floor":10,"turns":4},{"damage":12,"enemies":"Large Slime","floor":12,"turns":4},{"damage":13,"enemies":"3 Sentries","floor":13,"turns":4},{"damage":13,"enemies":"Gremlin Gang","floor":14,"turns":4},{"damage":32,"enemies":"The Guardian","floor":16,"turns":15},{"damage":10,"enemies":"Shell Parasite","floor":18,"turns":5},{"damage":0,"enemies":"Chosen","floor":20,"turns":3},{"damage":8,"enemies":"Snake Plant","floor":21,"turns":4},{"damage":7,"enemies":"Gremlin Leader","floor":24,"turns":5},{"damage":12,"enemies":"Sentry and Sphere","floor":25,"turns":4},{"damage":17,"enemies":"conspire:SneckoGhost","floor":27,"turns":4},{"damage":10,"enemies":"conspire:HollyBat","floor":28,"turns":6},{"damage":2,"enemies":"Cultist and Chosen","floor":30,"turns":3},{"damage":100,"enemies":"Champ","floor":33,"turns":11}],"seed_played":"4851274869952812825","potions_obtained":[{"floor":1,"key":"hexamod:EctoCoolerPotion"},{"floor":7,"key":"champ:CounterPotion"},{"floor":10,"key":"Dexterity Potion"},{"floor":20,"key":"Weak Potion"},{"floor":21,"key":"HeartOfIron"},{"floor":24,"key":"Guardian:BlockOnCardUsePotion"}],"is_trial":false,"path_per_floor":["M","M","$","M","$","R","E","?","T","M","R","M","E","M","R","B",null,"M","$","M","M","T","R","E","M","T","E","M","R","M","?","R","B"],"character_chosen":"IRONCLAD","items_purchased":["Fire Breathing","hubris:TinFlute","Anchor","Guide Book"],"campfire_rested":0,"item_purchase_floors":[3,19,19,19],"current_hp_per_floor":[80,80,80,80,80,80,60,60,60,59,59,53,46,39,39,13,80,76,76,80,78,78,78,77,71,71,60,56,56,60,60,80,0,0],"gold":164,"neow_bonus":"","is_daily":false,"chose_seed":false,"campfire_upgraded":1,"win_rate":0.0,"timestamp":1608902947,"path_taken":["M","M","$","M","$","R","E","?","T","M","R","M","E","M","R","BOSS","M","$","M","M","?","R","E","M","T","E","?","R","M","?","R","BOSS"],"items_purchased_type":["Card","Relic","Relic","Relic"],"build_version":"2020-12-22","purchased_purges":0,"victory":false,"max_hp_per_floor":[80,80,80,80,80,80,80,80,80,80,80,80,80,80,80,80,80,80,80,80,80,80,80,80,80,80,80,80,80,80,80,80,80,80],"card_choices":[{"not_picked":["Replay:Undeath\u0027s Touch","Headbutt"],"picked":"Iron Wave","floor":1},{"not_picked":["hubris:ReadiedAction","Corruption"],"picked":"Clothesline","floor":2},{"not_picked":["Clash","Warcry"],"picked":"Cleave","floor":4},{"not_picked":["Defy Death","True Grit","infinitespire:OneForAll"],"picked":"SKIP","floor":7},{"not_picked":["BarbarianYell","Headbutt","Perfected Strike"],"picked":"SKIP","floor":10},{"not_picked":["Clothesline","Seeing Red"],"picked":"Sword Boomerang","floor":12},{"not_picked":["Body Slam","Uppercut"],"picked":"Replay:Undeath\u0027s Touch","floor":13},{"not_picked":["Intimidate","Combust","Thunderclap"],"picked":"SKIP","floor":14},{"not_picked":["Bludgeon","Juggernaut"],"picked":"Reaper","floor":16},{"not_picked":["Clothesline","Cleave+1"],"picked":"Replay:Undeath\u0027s Touch","floor":18},{"not_picked":["Twin Strike","Entrench","ReplayTheSpireMod:Strike From Hell+1"],"picked":"SKIP","floor":20},{"not_picked":["Cleave","Anger+1","Body Slam+1"],"picked":"SKIP","floor":21},{"not_picked":["hubris:SharpeningStone","Headbutt+1","Body Slam"],"picked":"SKIP","floor":24},{"not_picked":["True Grit","Warcry"],"picked":"Replay:Undeath\u0027s Touch","floor":25},{"not_picked":["hubris:ReadiedAction","Battle Trance"],"picked":"Berserk","floor":27},{"not_picked":["Headbutt","Warcry","Replay:Undeath\u0027s Touch"],"picked":"SKIP","floor":28},{"not_picked":["Thunderclap+1","Iron Wave","Absolvement+1"],"picked":"SKIP","floor":30}],"player_experience":29704,"relics_obtained":[{"floor":7,"key":"Girya"},{"floor":9,"key":"Regal Pillow"},{"floor":13,"key":"hubris:MobiusCoin"},{"floor":22,"key":"infinitespire:Broken Mirror"},{"floor":24,"key":"PreservedInsect"},{"floor":26,"key":"Replay:Multitool"},{"floor":27,"key":"infinitespire:Bottled Soul"},{"floor":29,"key":"HollowMod:LifeEnderRelic"}],"event_choices":[{"damage_healed":0,"gold_gain":100,"player_choice":"Pray","damage_taken":0,"max_hp_gain":0,"max_hp_loss":0,"event_name":"Golden Shrine","floor":8,"gold_loss":0}],"is_beta":false,"boss_relics":[{"not_picked":["Snecko Eye","infinitespire:Cupcake"],"picked":"Ooze Armor"}],"items_purged_floors":[],"is_endless":false,"potions_floor_spawned":[1,7,10,20,21,24],"killed_by":"Champ","ascension_level":0}}