{"host":"9l1knhxfturzliqa","time":1608871021,"event":{"mods":["BaseMod","Colored Map","Colored Powertips","DeckTracker","Highlight Path","Keyboard Shortcuts","Minty Spire (QoL Compilation)","Quick Restart","Random Character Button"],"gold_per_floor":[114,128,138,151,151,151,185,185,264,264,307,13,27,53,53,173,173,191,207,223,242,263,298,298,75,99,139,139,158,173,192,192,312,312,333,358,382,382,397,397,460,460,460,460,67,90,134,149,149,149],"floor_reached":51,"playtime":7397,"items_purged":["Strike_G","Strike_G"],"score":927,"play_id":"e8e32b89-23d4-422a-b1a3-d0d1e6ce73a1","local_time":"20201225133701","is_ascension_mode":true,"campfire_choices":[{"data":"Phantasmal Killer","floor":6,"key":"SMITH"},{"data":"Tools of the Trade","floor":8,"key":"SMITH"},{"data":"Tactician","floor":10,"key":"SMITH"},{"data":"Burst","floor":15,"key":"SMITH"},{"data":"Acrobatics","floor":24,"key":"SMITH"},{"data":"After Image","floor":28,"key":"SMITH"},{"data":"Reflex","floor":32,"key":"SMITH"},{"data":"A Thousand Cuts","floor":40,"key":"SMITH"},{"data":"Well Laid Plans","floor":42,"key":"SMITH"},{"data":"Backflip","floor":44,"key":"SMITH"},{"data":"Adrenaline","floor":49,"key":"SMITH"}],"circlet_count":0,"master_deck":["Strike_G","Defend_G","Defend_G","Survivor","Neutralize","Tools of the Trade+1","Underhanded Strike+1","Phantasmal Killer+1","Poisoned Stab","Dagger Spray+1","Tactician+1","Burst+1","Well Laid Plans+1","Crippling Poison","PiercingWail","A Thousand Cuts+1","Prepared+1","Acrobatics+1","Dagger Throw","Backflip+1","After Image+1","Reflex+1","Blur","Corpse Explosion","Leg Sweep+1","Prepared+1","Blade Dance+1","Calculated Gamble+1","Adrenaline+1","Eviscerate"],"relics":["Ring of the Snake","Golden Idol","FossilizedHelix","Paper Crane","Whetstone","InkBottle","Odd Mushroom","Empty Cage","Matryoshka","Pen Nib","PreservedInsect","Centennial Puzzle","Mummified Hand","Astrolabe","Thread and Needle","Oddly Smooth Stone","Frozen Egg 2","Anchor","Akabeko"],"acts_visited":["Exordium","TheCity","TheBeyond"],"potions_floor_usage":[7,16,16,16,19,23,23,30,33,35],"damage_taken":[{"damage":0,"enemies":"Small Slimes","floor":1,"turns":6},{"damage":0,"enemies":"2 Louse","floor":2,"turns":3},{"damage":0,"enemies":"Cultist","floor":3,"turns":4},{"damage":9,"enemies":"3 Louse","floor":4,"turns":5},{"damage":3,"enemies":"Lagavulin","floor":7,"turns":6},{"damage":27,"enemies":"3 Sentries","floor":11,"turns":8},{"damage":0,"enemies":"Lots of Slimes","floor":13,"turns":3},{"damage":0,"enemies":"The Mushroom Lair","floor":14,"turns":4},{"damage":0,"enemies":"Hexaghost","floor":16,"turns":9},{"damage":0,"enemies":"Chosen","floor":18,"turns":5},{"damage":4,"enemies":"3 Byrds","floor":19,"turns":4},{"damage":16,"enemies":"Snake Plant","floor":20,"turns":6},{"damage":7,"enemies":"Cultist and Chosen","floor":21,"turns":6},{"damage":0,"enemies":"Sentry and Sphere","floor":22,"turns":3},{"damage":24,"enemies":"Book of Stabbing","floor":23,"turns":6},{"damage":0,"enemies":"Gremlin Leader","floor":27,"turns":4},{"damage":0,"enemies":"Chosen and Byrds","floor":29,"turns":4},{"damage":0,"enemies":"3 Cultists","floor":30,"turns":4},{"damage":6,"enemies":"Sentry and Sphere","floor":31,"turns":4},{"damage":10,"enemies":"Collector","floor":33,"turns":7},{"damage":0,"enemies":"3 Darklings","floor":35,"turns":4},{"damage":0,"enemies":"Orb Walker","floor":36,"turns":3},{"damage":12,"enemies":"4 Shapes","floor":37,"turns":8},{"damage":0,"enemies":"3 Darklings","floor":39,"turns":3},{"damage":0,"enemies":"Mind Bloom Boss Battle","floor":41,"turns":5},{"damage":0,"enemies":"Spire Growth","floor":46,"turns":3},{"damage":0,"enemies":"Giant Head","floor":47,"turns":4},{"damage":0,"enemies":"Maw","floor":48,"turns":5},{"damage":0,"enemies":"Donu and Deca","floor":50,"turns":5}],"seed_played":"8726679083957144500","potions_obtained":[{"floor":2,"key":"DuplicationPotion"},{"floor":4,"key":"Ancient Potion"},{"floor":11,"key":"BlessingOfTheForge"},{"floor":13,"key":"SpeedPotion"},{"floor":18,"key":"Fruit Juice"},{"floor":19,"key":"Strength Potion"},{"floor":20,"key":"BlessingOfTheForge"},{"floor":21,"key":"Regen Potion"},{"floor":27,"key":"Explosive Potion"},{"floor":33,"key":"LiquidMemories"},{"floor":35,"key":"SpeedPotion"},{"floor":36,"key":"LiquidBronze"},{"floor":37,"key":"SpeedPotion"}],"is_trial":false,"path_per_floor":["M","M","M","M","?","R","E","R","T","R","E","$","M","?","R","B",null,"M","M","M","M","M","E","R","$","T","E","R","M","M","M","R","B",null,"M","M","M","?","M","R","?","R","T","R","$","M","E","M","R","B",null],"character_chosen":"THE_SILENT","items_purchased":["InkBottle","Well Laid Plans","Pen Nib","Adrenaline","Anchor"],"campfire_rested":0,"item_purchase_floors":[12,12,25,45,45],"current_hp_per_floor":[63,63,63,54,39,39,36,36,36,36,9,9,9,9,9,9,63,63,64,48,41,41,32,32,32,32,32,32,32,32,26,26,16,68,68,68,56,56,56,56,56,56,56,56,56,56,56,56,56,56],"gold":149,"neow_bonus":"THREE_RARE_CARDS","is_daily":false,"chose_seed":false,"campfire_upgraded":11,"win_rate":0.0,"timestamp":1608871021,"path_taken":["M","M","M","M","?","R","E","R","T","R","E","$","M","?","R","BOSS","M","M","M","M","M","E","R","$","T","E","R","M","M","M","R","BOSS","M","M","M","?","M","R","?","R","T","R","$","M","E","M","R","BOSS"],"items_purchased_type":["Relic","Card","Relic","Card","Relic"],"build_version":"2020-12-22","purchased_purges":2,"victory":true,"max_hp_per_floor":[63,63,63,63,63,63,63,63,63,63,63,63,63,63,63,63,63,63,68,68,68,68,68,68,68,68,68,68,68,68,68,68,68,68,68,68,68,65,65,65,65,65,65,65,65,65,65,65,65,65],"card_choices":[{"not_picked":["Burst","Doppelganger"],"picked":"Tools of the Trade","floor":0},{"not_picked":["Sucker Punch","Prepared"],"picked":"Underhanded Strike","floor":1},{"not_picked":["Blade Dance","Flechettes"],"picked":"Phantasmal Killer","floor":2},{"not_picked":["Infinite Blades","Deadly Poison"],"picked":"Poisoned Stab","floor":3},{"not_picked":["Dagger Throw","Outmaneuver"],"picked":"Dagger Spray","floor":4},{"not_picked":["Skewer","Calculated Gamble"],"picked":"Tactician","floor":7},{"not_picked":["Dagger Spray","Bane"],"picked":"Burst","floor":11},{"not_picked":["Dodge and Roll","Distraction"],"picked":"Crippling Poison","floor":13},{"not_picked":["Dagger Spray","Distraction"],"picked":"PiercingWail","floor":14},{"not_picked":["Burst","Unload"],"picked":"A Thousand Cuts","floor":16},{"not_picked":["Catalyst+1","Footwork+1"],"picked":"Prepared+1","floor":18},{"not_picked":["Bane","Blade Dance","Caltrops"],"picked":"SKIP","floor":19},{"not_picked":["Deadly Poison+1","Crippling Poison"],"picked":"Acrobatics","floor":20},{"not_picked":["PiercingWail+1","Tactician"],"picked":"Dagger Throw","floor":21},{"not_picked":["Bane","Deflect"],"picked":"Backflip","floor":22},{"not_picked":["Caltrops","Well Laid Plans","Quick Slash"],"picked":"SKIP","floor":23},{"not_picked":["Dagger Spray","Catalyst+1"],"picked":"After Image","floor":27},{"not_picked":["Choke","Caltrops"],"picked":"Reflex","floor":29},{"not_picked":["Prepared","Distraction","Outmaneuver"],"picked":"SKIP","floor":30},{"not_picked":["Crippling Poison","Infinite Blades"],"picked":"Blur","floor":31},{"not_picked":["Envenom","Bullet Time"],"picked":"Corpse Explosion","floor":33},{"not_picked":["Terror","Leg Sweep+1","Acrobatics"],"picked":"SKIP","floor":35},{"not_picked":["Flying Knee+1","Dagger Spray+1","Heel Hook"],"picked":"SKIP","floor":36},{"not_picked":["Blur+1","Flying Knee","Underhanded Strike+1"],"picked":"SKIP","floor":37},{"not_picked":["Choke","Riddle With Holes+1"],"picked":"Calculated Gamble+1","floor":39},{"not_picked":["Dagger Spray+1","Blade Dance"],"picked":"Eviscerate","floor":46},{"not_picked":["Blade Dance","Bane","Acrobatics"],"picked":"SKIP","floor":47},{"not_picked":["Distraction","Well Laid Plans+1","Quick Slash"],"picked":"SKIP","floor":48}],"player_experience":229132,"relics_obtained":[{"floor":7,"key":"FossilizedHelix"},{"floor":9,"key":"Paper Crane"},{"floor":11,"key":"Whetstone"},{"floor":14,"key":"Odd Mushroom"},{"floor":23,"key":"Matryoshka"},{"floor":26,"key":"PreservedInsect"},{"floor":26,"key":"Centennial Puzzle"},{"floor":27,"key":"Mummified Hand"},{"floor":41,"key":"Thread and Needle"},{"floor":43,"key":"Oddly Smooth Stone"},{"floor":43,"key":"Frozen Egg 2"},{"floor":47,"key":"Akabeko"}],"event_choices":[{"damage_healed":0,"gold_gain":0,"player_choice":"Take Damage","damage_taken":15,"relics_obtained":["Golden Idol"],"max_hp_gain":0,"max_hp_loss":0,"event_name":"Golden Idol","floor":5,"gold_loss":0},{"damage_healed":0,"gold_gain":0,"player_choice":"Fought Mushrooms","damage_taken":0,"max_hp_gain":0,"max_hp_loss":0,"event_name":"Mushrooms","floor":14,"gold_loss":0},{"damage_healed":0,"gold_gain":0,"player_choice":"Max HP","damage_taken":0,"max_hp_gain":0,"max_hp_loss":3,"event_name":"Winding Halls","floor":38,"gold_loss":0},{"damage_healed":0,"gold_gain":0,"player_choice":"Fight","damage_taken":0,"max_hp_gain":0,"max_hp_loss":0,"event_name":"MindBloom","floor":41,"gold_loss":0}],"is_beta":false,"boss_relics":[{"not_picked":["Runic Dome","SacredBark"],"picked":"Empty Cage"},{"not_picked":["Runic Pyramid","Ring of the Serpent"],"picked":"Astrolabe"}],"items_purged_floors":[25,45],"is_endless":false,"potions_floor_spawned":[2,4,11,13,18,19,20,21,27,33,35,36,37],"ascension_level":1}}