{"host":"6xsbn6ynqlzwllfm","time":1608915767,"event":{"mods":["2.2 Compatiblity","BaseMod","Bestiary","Colored Map","Colored Powertips","Curses Come First","Downfall","Highlight Path","Keyboard Shortcuts","Minty Spire (QoL Compilation)","Quick Restart","Relic Stats","Slay the Relics Exporter","StSLib","SuperFastMode"],"gold_per_floor":[109,109,120,90,101,130,130,164,164,164,164],"floor_reached":10,"playtime":188,"items_purged":[],"score":152,"play_id":"f00d6e15-7196-4a76-a2dd-5f22bfb238a0","local_time":"20201225120247","is_ascension_mode":true,"campfire_choices":[{"data":"Fiend Fire","floor":7,"key":"SMITH"}],"circlet_count":0,"master_deck":["AscendersBane","Strike_R","Strike_R","Strike_R","Strike_R","Defend_R","Defend_R","Defend_R","Defend_R","Bash","Wild Strike","Disarm","True Grit","Fiend Fire+1","Cleave"],"relics":["Burning Blood","NeowsBlessing","Pen Nib","White Beast Statue","Boot"],"acts_visited":["Exordium"],"potions_floor_usage":[6,6,8],"damage_taken":[{"damage":0,"enemies":"2 Louse","floor":1,"turns":1},{"damage":0,"enemies":"Small Slimes","floor":3,"turns":2},{"damage":0,"enemies":"Cultist","floor":5,"turns":1},{"damage":24,"enemies":"Gremlin Nob","floor":6,"turns":4},{"damage":52,"enemies":"Lagavulin","floor":8,"turns":9},{"damage":30,"enemies":"Gremlin Nob","floor":10,"turns":3}],"seed_played":"4755291243464333919","potions_obtained":[{"floor":4,"key":"LiquidMemories"},{"floor":4,"key":"FearPotion"},{"floor":6,"key":"hexamod:EctoCoolerPotion"}],"is_trial":false,"path_per_floor":["M","?","M","?","M","E","R","E","T","E"],"character_chosen":"IRONCLAD","items_purchased":[],"campfire_rested":0,"item_purchase_floors":[],"current_hp_per_floor":[74,67,73,73,75,57,57,11,11,0,0],"gold":164,"neow_bonus":"THREE_ENEMY_KILL","is_daily":false,"chose_seed":false,"campfire_upgraded":1,"win_rate":0.0,"timestamp":1608915767,"path_taken":["M","?","M","?","M","E","R","E","T","E"],"items_purchased_type":[],"build_version":"2020-12-22","purchased_purges":0,"victory":false,"max_hp_per_floor":[75,75,75,75,75,75,75,75,75,75,75],"relic_stats":{"counters":[6,20],"Pen Nib":[1],"Boot":[0],"obtain_stats":[{"NeowsBlessing":0,"Pen Nib":6,"Boot":9,"Burning Blood":0,"White Beast Statue":8},{"NeowsBlessing":0,"Pen Nib":4,"Boot":5,"Burning Blood":0,"White Beast Statue":5},{"NeowsBlessing":0,"Pen Nib":8,"Boot":17,"Burning Blood":0,"White Beast Statue":17}],"Burning Blood":26},"card_choices":[{"not_picked":["Headbutt","Sentinel"],"picked":"Wild Strike","floor":1},{"not_picked":["Anger","Sword Boomerang"],"picked":"Disarm","floor":3},{"not_picked":["Entrench","Wild Strike"],"picked":"True Grit","floor":5},{"not_picked":["Flex","Inflame"],"picked":"Fiend Fire","floor":6},{"not_picked":["Twin Strike","Seeing Red"],"picked":"Cleave","floor":8}],"player_experience":1254567,"relics_obtained":[{"floor":6,"key":"Pen Nib"},{"floor":8,"key":"White Beast Statue"},{"floor":9,"key":"Boot"}],"event_choices":[{"cards_removed":["Strike_R"],"damage_healed":0,"gold_gain":0,"player_choice":"Card Removal","damage_taken":7,"max_hp_gain":0,"max_hp_loss":0,"event_name":"Golden Wing","floor":2,"gold_loss":0},{"damage_healed":0,"gold_gain":0,"player_choice":"Bought 2 Potions","damage_taken":0,"max_hp_gain":0,"max_hp_loss":0,"event_name":"The Woman in Blue","floor":4,"gold_loss":0}],"is_beta":false,"boss_relics":[],"items_purged_floors":[],"is_endless":false,"potions_floor_spawned":[6],"killed_by":"Gremlin Nob","ascension_level":20}}