{"host":"j06fkfseroga8i8e","time":1608925356,"event":{"mods":["BaseMod","Bestiary","Colored Map","Colored Powertips","Minty Spire (QoL Compilation)","Relic Stats","StSLib","everything is the same but u backflip on backflip"],"gold_per_floor":[116,116,116,116,116,147,147,1,1,45,45,70,93,11,11,141,141,157,8,22,49,65,65,101,101,101,117,117,117,17,33,33,161,161,185,210,273,273,287,287,312,312,394,409,409,452,452,412,412,412,412],"floor_reached":50,"playtime":1157,"items_purged":["Defend_B","Strike_B"],"score":870,"play_id":"41f7ff78-de1f-439f-9b99-c2ee34c372db","local_time":"20201225144236","is_ascension_mode":true,"campfire_choices":[{"data":"Thunder Strike","floor":7,"key":"SMITH"},{"data":"Static Discharge","floor":11,"key":"SMITH"},{"data":"Zap","floor":15,"key":"SMITH"},{"floor":23,"key":"REST"},{"floor":25,"key":"REST"},{"floor":29,"key":"REST"},{"data":"Creative AI","floor":32,"key":"SMITH"},{"floor":40,"key":"REST"},{"floor":42,"key":"REST"},{"floor":45,"key":"REST"},{"floor":47,"key":"REST"},{"floor":49,"key":"REST"}],"circlet_count":0,"master_deck":["AscendersBane","Strike_B+1","Defend_B+1","Defend_B","Defend_B+1","Zap+1","Dualcast","Rebound+1","Thunder Strike+1","Static Discharge+1","Storm","Self Repair","Creative AI+1","CurseOfTheBell","Turbo","Consume","Ball Lightning+1","Reinforced Body","Biased Cognition+1","Coolheaded","Writhe","Defragment","Undo+1"],"relics":["Cracked Core","NeowsBlessing","Golden Idol","CaptainsWheel","Shuriken","Bag of Preparation","Whetstone","Calling Bell","Toy Ornithopter","Mercury Hourglass","WingedGreaves","OrangePellets","Vajra","DataDisk","Sundial","SlaversCollar","Dead Branch","Gremlin Horn","Shovel"],"acts_visited":["Exordium","TheCity","TheBeyond"],"potions_floor_usage":[18,20,20,24,33,39,50],"damage_taken":[{"damage":0,"enemies":"Small Slimes","floor":1,"turns":1},{"damage":0,"enemies":"Lagavulin","floor":6,"turns":1},{"damage":0,"enemies":"3 Sentries","floor":10,"turns":1},{"damage":0,"enemies":"2 Louse","floor":12,"turns":2},{"damage":22,"enemies":"Hexaghost","floor":16,"turns":5},{"damage":8,"enemies":"Chosen","floor":18,"turns":4},{"damage":32,"enemies":"2 Thieves","floor":20,"turns":4},{"damage":34,"enemies":"Shelled Parasite and Fungi","floor":22,"turns":5},{"damage":32,"enemies":"Slavers","floor":24,"turns":3},{"damage":23,"enemies":"Centurion and Healer","floor":27,"turns":3},{"damage":10,"enemies":"Cultist and Chosen","floor":31,"turns":4},{"damage":45,"enemies":"Champ","floor":33,"turns":8},{"damage":17,"enemies":"Orb Walker","floor":35,"turns":4},{"damage":20,"enemies":"3 Shapes","floor":36,"turns":4},{"damage":19,"enemies":"Mind Bloom Boss Battle","floor":37,"turns":4},{"damage":43,"enemies":"Jaw Worm Horde","floor":39,"turns":4},{"damage":27,"enemies":"Spire Growth","floor":41,"turns":4},{"damage":11,"enemies":"Sphere and 2 Shapes","floor":44,"turns":4},{"damage":50,"enemies":"Reptomancer","floor":46,"turns":4},{"damage":90,"enemies":"Awakened One","floor":50,"turns":7}],"seed_played":"853075669565907529","potions_obtained":[{"floor":1,"key":"DistilledChaos"},{"floor":12,"key":"AttackPotion"},{"floor":16,"key":"EntropicBrew"},{"floor":22,"key":"Weak Potion"},{"floor":27,"key":"LiquidMemories"},{"floor":35,"key":"Explosive Potion"},{"floor":39,"key":"FearPotion"}],"is_trial":false,"path_per_floor":["M","?","?","?","?","E","R","$","T","E","R","M","T","$","R","B",null,"M","$","M","T","M","R","E","R","T","M","?","R","$","M","R","B",null,"M","M","?","?","M","R","M","R","T","M","R","E","R","?","R","B"],"character_chosen":"DEFECT","items_purchased":["Static Discharge","Self Repair","OrangePellets"],"campfire_rested":8,"item_purchase_floors":[8,14,19],"current_hp_per_floor":[68,53,58,58,58,58,58,58,58,58,58,58,58,58,58,43,66,70,70,49,49,22,44,24,46,46,30,30,52,52,49,49,16,60,50,37,25,44,13,35,8,30,30,26,48,29,51,51,73,0,0],"gold":412,"neow_bonus":"THREE_ENEMY_KILL","is_daily":false,"chose_seed":false,"campfire_upgraded":4,"win_rate":0.0,"timestamp":1608925356,"path_taken":["M","?","?","?","?","E","R","$","T","E","R","?","?","$","R","BOSS","M","?","M","?","?","R","E","R","T","M","?","R","$","M","R","BOSS","M","M","?","?","?","R","M","R","T","M","R","E","R","?","R","BOSS"],"items_purchased_type":["Card","Card","Relic"],"build_version":"2020-12-22","purchased_purges":2,"victory":false,"max_hp_per_floor":[75,75,80,74,74,74,74,74,74,74,74,74,74,74,74,74,74,74,74,74,74,74,74,74,74,74,74,74,74,74,74,74,74,74,74,74,74,74,74,74,74,74,74,74,74,74,74,74,74,74,74],"relic_stats":{"Gremlin Horn":[9,9],"counters":[20,75],"Golden Idol":137,"Dead Branch":[10],"Bag of Preparation":[34],"Whetstone":["Strike_B","Rebound"],"Mercury Hourglass":[254],"OrangePellets":[9],"Shovel":0,"Shuriken":[0],"Sundial":[6],"obtain_stats":[{"NeowsBlessing":0,"Gremlin Horn":43,"Golden Idol":4,"Dead Branch":37,"Vajra":21,"Bag of Preparation":10,"Whetstone":13,"Mercury Hourglass":17,"Calling Bell":17,"OrangePellets":19,"SlaversCollar":34,"CaptainsWheel":6,"DataDisk":24,"Shovel":46,"Shuriken":9,"Sundial":26,"WingedGreaves":17,"Cracked Core":0,"Toy Ornithopter":17},{"NeowsBlessing":0,"Gremlin Horn":17,"Golden Idol":1,"Dead Branch":15,"Vajra":7,"Bag of Preparation":3,"Whetstone":4,"Mercury Hourglass":5,"Calling Bell":5,"OrangePellets":6,"SlaversCollar":12,"CaptainsWheel":2,"DataDisk":9,"Shovel":19,"Shuriken":2,"Sundial":9,"WingedGreaves":5,"Cracked Core":0,"Toy Ornithopter":5},{"NeowsBlessing":0,"Gremlin Horn":60,"Golden Idol":1,"Dead Branch":52,"Vajra":18,"Bag of Preparation":3,"Whetstone":5,"Mercury Hourglass":10,"Calling Bell":10,"OrangePellets":14,"SlaversCollar":41,"CaptainsWheel":2,"DataDisk":26,"Shovel":68,"Shuriken":2,"Sundial":26,"WingedGreaves":10,"Cracked Core":0,"Toy Ornithopter":10}],"Toy Ornithopter":25},"card_choices":[{"not_picked":["Undo","Go for the Eyes"],"picked":"Rebound","floor":1},{"not_picked":["White Noise","Coolheaded"],"picked":"Thunder Strike","floor":6},{"not_picked":["Streamline","Stack","Gash"],"picked":"SKIP","floor":10},{"not_picked":["Force Field","Streamline"],"picked":"Storm","floor":12},{"not_picked":["All For One","Reboot"],"picked":"Creative AI","floor":16},{"not_picked":["Sweeping Beam","Beam Cell+1"],"picked":"Turbo","floor":18},{"not_picked":["Aggregate","Steam Power","Reprogram"],"picked":"SKIP","floor":20},{"not_picked":["Meteor Strike","Darkness"],"picked":"Consume","floor":22},{"not_picked":["Cold Snap","Barrage","Blizzard"],"picked":"SKIP","floor":24},{"not_picked":["Hologram","Turbo"],"picked":"Ball Lightning+1","floor":27},{"not_picked":["Turbo","Rip and Tear"],"picked":"Reinforced Body","floor":31},{"not_picked":["Core Surge","Meteor Strike"],"picked":"Biased Cognition","floor":33},{"not_picked":["Rebound","Double Energy","Fusion+1"],"picked":"SKIP","floor":35},{"not_picked":["Recycle","Streamline","Beam Cell+1"],"picked":"SKIP","floor":36},{"not_picked":["Sweeping Beam","Chill"],"picked":"Coolheaded","floor":37},{"not_picked":["Chaos","Streamline+1"],"picked":"Defragment","floor":39},{"not_picked":["Cold Snap","Stack"],"picked":"Undo","floor":41},{"not_picked":["Machine Learning","Go for the Eyes","Streamline"],"picked":"SKIP","floor":44},{"not_picked":["Leap","Streamline","Go for the Eyes"],"picked":"SKIP","floor":46}],"player_experience":566048,"relics_obtained":[{"floor":6,"key":"CaptainsWheel"},{"floor":9,"key":"Shuriken"},{"floor":10,"key":"Bag of Preparation"},{"floor":13,"key":"Whetstone"},{"floor":17,"key":"Toy Ornithopter"},{"floor":17,"key":"Mercury Hourglass"},{"floor":17,"key":"WingedGreaves"},{"floor":21,"key":"Vajra"},{"floor":24,"key":"DataDisk"},{"floor":26,"key":"Sundial"},{"floor":37,"key":"Dead Branch"},{"floor":43,"key":"Gremlin Horn"},{"floor":46,"key":"Shovel"}],"event_choices":[{"damage_healed":0,"gold_gain":0,"player_choice":"Entered Light","damage_taken":15,"max_hp_gain":0,"max_hp_loss":0,"event_name":"Shining Light","floor":2,"gold_loss":0,"cards_upgraded":["Defend_B","Defend_B"]},{"damage_healed":0,"gold_gain":0,"player_choice":"Donut","damage_taken":0,"max_hp_gain":5,"max_hp_loss":0,"event_name":"Big Fish","floor":3,"gold_loss":0},{"damage_healed":0,"gold_gain":0,"player_choice":"Lose Max HP","damage_taken":0,"relics_obtained":["Golden Idol"],"max_hp_gain":0,"max_hp_loss":6,"event_name":"Golden Idol","floor":4,"gold_loss":0},{"cards_removed":["Strike_B"],"damage_healed":0,"gold_gain":0,"player_choice":"Offered Basic","damage_taken":0,"max_hp_gain":0,"max_hp_loss":0,"event_name":"Bonfire Elementals","floor":5,"gold_loss":0},{"cards_removed":["Strike_B"],"damage_healed":0,"gold_gain":0,"player_choice":"Elegance","damage_taken":0,"max_hp_gain":0,"max_hp_loss":0,"event_name":"Back to Basics","floor":28,"gold_loss":0},{"damage_healed":0,"gold_gain":0,"player_choice":"Fight","damage_taken":0,"max_hp_gain":0,"max_hp_loss":0,"event_name":"MindBloom","floor":37,"gold_loss":0},{"damage_healed":19,"gold_gain":0,"player_choice":"Writhe","damage_taken":0,"max_hp_gain":0,"max_hp_loss":0,"event_name":"Winding Halls","floor":38,"gold_loss":0,"cards_obtained":["Writhe"]},{"damage_healed":0,"gold_gain":0,"player_choice":"Upgraded Two","damage_taken":0,"max_hp_gain":0,"max_hp_loss":0,"event_name":"Designer","floor":48,"gold_loss":40,"cards_upgraded":["Undo","Biased Cognition"]}],"is_beta":false,"boss_relics":[{"not_picked":["Ectoplasm","Empty Cage"],"picked":"Calling Bell"},{"not_picked":["FrozenCore","Tiny House"],"picked":"SlaversCollar"}],"items_purged_floors":[8,30],"is_endless":false,"potions_floor_spawned":[1,12,16,22,27,31,35,39,41],"killed_by":"Awakened One","ascension_level":12}}