{"host":"foq4mrde4mssg7vt","time":1608891417,"event":{"mods":["AchievementEnabler","BaseMod","Colored Map","Colored Powertips","Highlight Path","Minty Spire (QoL Compilation)","Relic Stats","everything is the same but u backflip on backflip"],"gold_per_floor":[113,130,37,52,14,14,30,30,30,30,30,41,72,89,89,187,187,197,197,215,233,267,267,267,267,267,285,22,22,22,50,50,151,151,169,188,168,186,198,229,229,262,262,273,273,323,335,39,39,39,39,39,39,67,67],"floor_reached":56,"playtime":2507,"items_purged":["Decay","Doubt"],"score":1963,"play_id":"9a4fe7a7-69e4-48c5-93f2-8f0609e8f47e","local_time":"20201225181657","is_ascension_mode":true,"campfire_choices":[{"data":"Searing Blow","floor":6.0,"key":"SMITH"},{"data":"True Grit","floor":8.0,"key":"SMITH"},{"data":"Searing Blow+1","floor":10.0,"key":"SMITH"},{"data":"Searing Blow+2","floor":15.0,"key":"SMITH"},{"data":"Searing Blow+3","floor":25.0,"key":"SMITH"},{"data":"Searing Blow+4","floor":30.0,"key":"SMITH"},{"data":"Searing Blow+5","floor":32.0,"key":"SMITH"},{"data":"Corruption","floor":41.0,"key":"SMITH"},{"floor":49,"key":"RECALL"},{"data":"Feel No Pain","floor":52,"key":"SMITH"}],"circlet_count":0,"master_deck":["AscendersBane","Strike_R","Defend_R","Defend_R","Defend_R","Defend_R","Bash","Searing Blow+6","Iron Wave","Shrug It Off","Spot Weakness","Shockwave","True Grit+1","Combust","Blood for Blood","Limit Break","Twin Strike","Feel No Pain+1","Corruption+1","Sentinel+1","Dark Embrace+1"],"relics":["Burning Blood","Lantern","HornCleat","Cursed Key","Red Mask","Anchor","Dead Branch","Empty Cage","Juzu Bracelet","Lizard Tail","StoneCalendar","Frozen Eye","White Beast Statue"],"acts_visited":["Exordium","TheCity","TheBeyond","TheEnding"],"potions_floor_usage":[55,55],"damage_taken":[{"damage":1.0,"enemies":"Cultist","floor":1.0,"turns":3.0},{"damage":8.0,"enemies":"Small Slimes","floor":2.0,"turns":4.0},{"damage":1.0,"enemies":"2 Louse","floor":4.0,"turns":3.0},{"damage":11.0,"enemies":"2 Fungi Beasts","floor":7.0,"turns":4.0},{"damage":5.0,"enemies":"3 Louse","floor":12.0,"turns":3.0},{"damage":24.0,"enemies":"3 Sentries","floor":13.0,"turns":9.0},{"damage":16.0,"enemies":"Large Slime","floor":14.0,"turns":5.0},{"damage":22.0,"enemies":"Slime Boss","floor":16.0,"turns":6.0},{"damage":8.0,"enemies":"Chosen","floor":18.0,"turns":3.0},{"damage":10.0,"enemies":"2 Thieves","floor":20.0,"turns":4.0},{"damage":1.0,"enemies":"Snake Plant","floor":21.0,"turns":3.0},{"damage":19.0,"enemies":"Masked Bandits","floor":22.0,"turns":4.0},{"damage":6.0,"enemies":"Shelled Parasite and Fungi","floor":27.0,"turns":4.0},{"damage":11.0,"enemies":"Book of Stabbing","floor":31.0,"turns":4.0},{"damage":57.0,"enemies":"Automaton","floor":33.0,"turns":8.0},{"damage":0.0,"enemies":"Orb Walker","floor":35.0,"turns":4.0},{"damage":0.0,"enemies":"3 Shapes","floor":36.0,"turns":4.0},{"damage":3.0,"enemies":"Writhing Mass","floor":38.0,"turns":2.0},{"damage":0.0,"enemies":"4 Shapes","floor":39.0,"turns":5.0},{"damage":34.0,"enemies":"Nemesis","floor":40.0,"turns":7.0},{"damage":6.0,"enemies":"Reptomancer","floor":42.0,"turns":2.0},{"damage":0.0,"enemies":"Sphere and 2 Shapes","floor":44.0,"turns":6.0},{"damage":0.0,"enemies":"Mind Bloom Boss Battle","floor":46.0,"turns":4.0},{"damage":2,"enemies":"Jaw Worm Horde","floor":47,"turns":3},{"damage":32,"enemies":"Donu and Deca","floor":50,"turns":8},{"damage":20,"enemies":"Shield and Spear","floor":54,"turns":5},{"damage":51,"enemies":"The Heart","floor":55,"turns":8}],"seed_played":"5712071436887801985","potions_obtained":[{"floor":1.0,"key":"SteroidPotion"},{"floor":2.0,"key":"Energy Potion"},{"floor":14.0,"key":"LiquidMemories"},{"floor":16.0,"key":"SteroidPotion"},{"floor":18.0,"key":"Swift Potion"},{"floor":31.0,"key":"ColorlessPotion"},{"floor":33.0,"key":"LiquidMemories"},{"floor":54,"key":"Ancient Potion"}],"is_trial":false,"path_per_floor":["M","M","$","M","$","R","M","R","T","R","?","M","E","M","R","B",null,"M","?","M","M","?","?","?","R","T","M","$","?","R","E","R","B",null,"M","M","?","M","M","E","R","E","T","M","?","?","M","$","R","B",null,"R","$","E","B",null],"character_chosen":"IRONCLAD","items_purchased":["Shrug It Off","Spot Weakness","Shockwave","Feel No Pain","Anchor","Frozen Eye","SkillPotion"],"campfire_rested":0,"item_purchase_floors":[3,3,5,28,28,48,48],"current_hp_per_floor":[85,83,83,88,88,88,83,83,83,83,83,84,66,56,56,40,76,74,74,70,75,62,62,88,88,88,88,88,88,88,83,83,32,74,80,86,86,88,88,60,60,60,60,66,66,72,76,76,76,50,79,79,79,65,20],"gold":67,"neow_bonus":"TEN_PERCENT_HP_BONUS","is_daily":false,"chose_seed":false,"campfire_upgraded":9,"win_rate":0.0,"timestamp":1608891417,"path_taken":["M","?","?","M","$","R","M","R","T","R","?","M","E","?","R","BOSS","M","?","M","M","?","?","?","R","T","M","?","?","R","E","R","BOSS","M","M","?","M","?","E","R","E","T","M","?","?","M","$","R","BOSS","R","$","E","BOSS"],"items_purchased_type":["Card","Card","Card","Card","Relic","Relic","Potion"],"build_version":"2020-12-22","purchased_purges":2,"victory":true,"max_hp_per_floor":[88,88,88,88,88,88,88,88,88,88,88,88,88,88,88,88,88,88,88,88,88,88,88,88,88,88,88,88,88,88,88,88,88,88,88,88,88,88,88,88,88,88,88,88,88,88,88,88,88,88,88,88,88,88,88],"relic_stats":{"Lizard Tail":0,"counters":[27,125],"Dead Branch":[220],"StoneCalendar":[52],"Juzu Bracelet":1,"Cursed Key":1,"obtain_stats":[{"Lantern":9,"Dead Branch":31,"StoneCalendar":46,"Juzu Bracelet":40,"Cursed Key":17,"Empty Cage":34,"Burning Blood":0,"White Beast Statue":54,"Frozen Eye":48,"Anchor":28,"Lizard Tail":42,"HornCleat":13,"Red Mask":22},{"Lantern":4,"Dead Branch":14,"StoneCalendar":23,"Juzu Bracelet":20,"Cursed Key":8,"Empty Cage":15,"Burning Blood":0,"White Beast Statue":26,"Frozen Eye":24,"Anchor":13,"Lizard Tail":21,"HornCleat":6,"Red Mask":12},{"Lantern":14,"Dead Branch":59,"StoneCalendar":101,"Juzu Bracelet":89,"Cursed Key":37,"Empty Cage":67,"Burning Blood":0,"White Beast Statue":117,"Frozen Eye":104,"Anchor":55,"Lizard Tail":91,"HornCleat":26,"Red Mask":51}],"Burning Blood":155},"card_choices":[{"not_picked":["Clothesline","Reckless Charge"],"picked":"Searing Blow","floor":1.0},{"not_picked":["Sword Boomerang","Perfected Strike"],"picked":"Iron Wave","floor":2.0},{"not_picked":["Clash","Sword Boomerang","Havoc"],"picked":"SKIP","floor":4.0},{"not_picked":["Iron Wave","Headbutt"],"picked":"True Grit","floor":7.0},{"not_picked":["Offering","Battle Trance"],"picked":"Combust","floor":12.0},{"not_picked":["Carnage","Berserk","Flame Barrier"],"picked":"SKIP","floor":13.0},{"not_picked":["Wild Strike","Shrug It Off"],"picked":"Blood for Blood","floor":14.0},{"not_picked":["Exhume","Fiend Fire"],"picked":"Limit Break","floor":16.0},{"not_picked":["Flame Barrier","Spot Weakness"],"picked":"Twin Strike","floor":18.0},{"not_picked":["Twin Strike","Havoc","Perfected Strike"],"picked":"SKIP","floor":20.0},{"not_picked":["Anger","Flex+1","Iron Wave"],"picked":"SKIP","floor":21.0},{"not_picked":["Blood for Blood","Pummel","Heavy Blade"],"picked":"SKIP","floor":27.0},{"not_picked":["Clash","Immolate","Body Slam"],"picked":"SKIP","floor":31.0},{"not_picked":["Demon Form","Juggernaut"],"picked":"Corruption","floor":33.0},{"not_picked":["Whirlwind+1","Sever Soul"],"picked":"Sentinel+1","floor":35.0},{"not_picked":["Hemokinesis","Searing Blow+1","Heavy Blade"],"picked":"SKIP","floor":36.0},{"not_picked":["Infernal Blade","True Grit","Searing Blow"],"picked":"SKIP","floor":38.0},{"not_picked":["Perfected Strike","Clothesline","Anger"],"picked":"SKIP","floor":39.0},{"not_picked":["Perfected Strike","Uppercut","Seeing Red"],"picked":"SKIP","floor":40.0},{"not_picked":["True Grit","Rage+1","Fiend Fire"],"picked":"SKIP","floor":42.0},{"not_picked":["Bloodletting","Warcry","Rampage"],"picked":"SKIP","floor":44.0},{"not_picked":["Clothesline","Rampage"],"picked":"Dark Embrace+1","floor":46.0},{"not_picked":["Body Slam","Headbutt","Twin Strike"],"picked":"SKIP","floor":47},{"not_picked":["Power Through+1","Sever Soul","Flex"],"picked":"SKIP","floor":54}],"player_experience":257797,"relics_obtained":[{"floor":9.0,"key":"Lantern"},{"floor":13.0,"key":"HornCleat"},{"floor":22.0,"key":"Red Mask"},{"floor":31.0,"key":"Dead Branch"},{"floor":40.0,"key":"Juzu Bracelet"},{"floor":42.0,"key":"Lizard Tail"},{"floor":46.0,"key":"StoneCalendar"},{"floor":54,"key":"White Beast Statue"}],"event_choices":[{"cards_removed":["Strike_R"],"damage_healed":0.0,"max_hp_gain":0.0,"max_hp_loss":0.0,"gold_gain":0.0,"event_name":"Purifier","player_choice":"Purged","floor":11.0,"gold_loss":0.0,"damage_taken":0.0},{"damage_healed":0.0,"max_hp_gain":0.0,"max_hp_loss":0.0,"gold_gain":0.0,"event_name":"Ghosts","player_choice":"Ignored","floor":19.0,"gold_loss":0.0,"damage_taken":0.0},{"damage_healed":0.0,"max_hp_gain":0.0,"max_hp_loss":0.0,"gold_gain":0.0,"event_name":"Masked Bandits","player_choice":"Fought Bandits","floor":22.0,"gold_loss":0.0,"damage_taken":0.0},{"damage_healed":0.0,"max_hp_gain":0.0,"max_hp_loss":0.0,"gold_gain":0.0,"event_name":"Forgotten Altar","player_choice":"Smashed Altar","floor":23.0,"gold_loss":0.0,"damage_taken":0.0,"cards_obtained":["Decay"]},{"damage_healed":29.0,"max_hp_gain":0.0,"max_hp_loss":0.0,"gold_gain":0.0,"event_name":"The Library","player_choice":"Heal","floor":24.0,"gold_loss":0.0,"damage_taken":0.0},{"damage_healed":0.0,"max_hp_gain":0.0,"max_hp_loss":0.0,"gold_gain":0.0,"event_name":"Vampires","player_choice":"Ignored","floor":29.0,"gold_loss":0.0,"damage_taken":0.0},{"damage_healed":0.0,"max_hp_gain":0.0,"max_hp_loss":0.0,"gold_gain":0.0,"event_name":"The Woman in Blue","player_choice":"Bought 1 Potion","floor":37.0,"gold_loss":0.0,"damage_taken":0.0},{"cards_removed":["Strike_R"],"damage_healed":0.0,"max_hp_gain":0.0,"max_hp_loss":0.0,"gold_gain":0.0,"event_name":"Falling","player_choice":"Removed Attack","floor":45.0,"gold_loss":0.0,"damage_taken":0.0},{"damage_healed":0.0,"max_hp_gain":0.0,"max_hp_loss":0.0,"gold_gain":0.0,"event_name":"MindBloom","player_choice":"Fight","floor":46.0,"gold_loss":0.0,"damage_taken":0.0}],"is_beta":false,"boss_relics":[{"not_picked":["Coffee Dripper","Astrolabe"],"picked":"Cursed Key"},{"not_picked":["SacredBark","Runic Pyramid"],"picked":"Empty Cage"}],"items_purged_floors":[28,48],"is_endless":false,"potions_floor_spawned":[1,2,4,14,16,18,22,31,33,36,39,40,42,46,54],"ascension_level":12}}