{"host":"sabve5zmqufxyc5o","time":1608874713,"event":{"mods":["2.2 Compatiblity","AchievementEnabler","Act Like it!","BaseMod","Block Reminder","Colored Map","Colored Powertips","DeckTracker","KOR Keyword Fix","Keyboard Shortcuts","Minty Spire (QoL Compilation)","Quick Restart","Rare Cards Sparkle","Relic Stats","StSLib","SuperFastMode"],"gold_per_floor":[112,123,140,39,54,54,54,54,54,69,79,98,110,145,145,222,222,238,253,89,89,13,13,28,28,28,28,45,45,45,55,55,126,126,156,168,194,222,234,234],"floor_reached":39,"playtime":1233,"items_purged":[],"score":799,"play_id":"ca390002-007a-472a-9021-e88a66650881","local_time":"20201225143833","is_ascension_mode":true,"campfire_choices":[{"data":"Darkness","floor":6.0,"key":"SMITH"},{"floor":8.0,"key":"REST"},{"floor":15.0,"key":"REST"},{"floor":23.0,"key":"REST"},{"floor":27.0,"key":"REST"},{"floor":30.0,"key":"REST"},{"floor":32.0,"key":"REST"}],"circlet_count":0,"master_deck":["AscendersBane","Strike_B","Defend_B","Defend_B","Defend_B","Defend_B","Zap","Dualcast","Darkness+1","Compile Driver","Stack","Coolheaded","Rebound","Loop","Gash","Redo+1","Turbo","Sweeping Beam","Go for the Eyes","Streamline","Reinforced Body","Echo Form","Rebound","Turbo","Stack","Lockon","Fusion","Aggregate","Compile Driver","Compile Driver","Machine Learning","CurseOfTheBell","Hologram+1","Cold Snap+1","Skim+1"],"relics":["Cracked Core","Mercury Hourglass","Thread and Needle","Fusion Hammer","Blood Vial","Cables","Calling Bell","MawBank","StrikeDummy","Ginger"],"acts_visited":["Exordium","TheCity","TheBeyond"],"potions_floor_usage":[39],"damage_taken":[{"damage":4.0,"enemies":"Jaw Worm","floor":1.0,"turns":4.0},{"damage":2.0,"enemies":"Cultist","floor":2.0,"turns":4.0},{"damage":5.0,"enemies":"2 Louse","floor":3.0,"turns":2.0},{"damage":20.0,"enemies":"Lots of Slimes","floor":5.0,"turns":6.0},{"damage":1.0,"enemies":"Exordium Thugs","floor":10.0,"turns":4.0},{"damage":19.0,"enemies":"Exordium Wildlife","floor":11.0,"turns":4.0},{"damage":4.0,"enemies":"Red Slaver","floor":12.0,"turns":2.0},{"damage":0.0,"enemies":"2 Fungi Beasts","floor":13.0,"turns":2.0},{"damage":26.0,"enemies":"Lagavulin","floor":14.0,"turns":6.0},{"damage":7.0,"enemies":"The Guardian","floor":16.0,"turns":7.0},{"damage":18.0,"enemies":"2 Thieves","floor":18.0,"turns":4.0},{"damage":4.0,"enemies":"Spheric Guardian","floor":19.0,"turns":4.0},{"damage":36.0,"enemies":"3 Cultists","floor":24.0,"turns":5.0},{"damage":21.0,"enemies":"Centurion and Healer","floor":28.0,"turns":7.0},{"damage":9.0,"enemies":"Snake Plant","floor":31.0,"turns":4.0},{"damage":42.0,"enemies":"Champ","floor":33.0,"turns":11.0},{"damage":4.0,"enemies":"3 Darklings","floor":35.0,"turns":5.0},{"damage":20.0,"enemies":"Orb Walker","floor":37.0,"turns":3.0},{"damage":0.0,"enemies":"Maw","floor":38.0,"turns":6.0},{"damage":53,"enemies":"Spire Growth","floor":39,"turns":5}],"seed_played":"-9001952724392588558","potions_obtained":[{"floor":11.0,"key":"Strength Potion"},{"floor":12.0,"key":"LiquidMemories"},{"floor":14.0,"key":"Weak Potion"},{"floor":33.0,"key":"LiquidBronze"},{"floor":37.0,"key":"Block Potion"}],"is_trial":false,"path_per_floor":["M","M","M","$","M","R","?","R","T","M","M","M","M","E","R","B",null,"M","M","$","?","$","R","M","?","T","R","M","$","R","M","R","B",null,"M","?","M","M","M"],"character_chosen":"DEFECT","items_purchased":["Rebound","Loop","Blood Vial","Fusion"],"campfire_rested":6,"item_purchase_floors":[4,4,20,22],"current_hp_per_floor":[60,58,53,53,33,33,33,54,54,53,34,30,30,4,25,18,58,40,36,36,36,36,57,23,23,23,44,25,25,46,39,60,20,58,56,56,38,40,0,0],"gold":234,"neow_bonus":"THREE_CARDS","is_daily":false,"chose_seed":false,"campfire_upgraded":1,"win_rate":0.0,"timestamp":1608874713,"path_taken":["M","M","M","$","M","R","?","R","T","M","M","M","?","E","R","BOSS","M","M","$","?","$","R","M","?","T","R","?","$","R","M","R","BOSS","M","?","M","M","M"],"items_purchased_type":["Card","Card","Relic","Card"],"build_version":"2020-12-22","purchased_purges":0,"victory":false,"max_hp_per_floor":[71,71,71,71,71,71,71,71,71,71,71,71,71,71,71,71,71,71,71,71,71,71,71,71,71,71,71,71,71,71,71,71,71,71,71,71,71,71,71,71],"relic_stats":{"Blood Vial":16,"counters":[20,94],"Ginger":[5],"MawBank":60,"obtain_stats":[{"Blood Vial":20,"Calling Bell":34,"Thread and Needle":14,"Fusion Hammer":17,"Ginger":34,"Cracked Core":0,"MawBank":34,"StrikeDummy":34,"Mercury Hourglass":9,"Cables":26},{"Blood Vial":12,"Calling Bell":16,"Thread and Needle":9,"Fusion Hammer":10,"Ginger":16,"Cracked Core":0,"MawBank":16,"StrikeDummy":16,"Mercury Hourglass":4,"Cables":13},{"Blood Vial":48,"Calling Bell":75,"Thread and Needle":33,"Fusion Hammer":40,"Ginger":75,"Cracked Core":0,"MawBank":75,"StrikeDummy":75,"Mercury Hourglass":16,"Cables":53}],"Mercury Hourglass":[264],"Cables":[39,22,3,11,3]},"card_choices":[{"not_picked":["Storm","Steam"],"picked":"Darkness","floor":0.0},{"not_picked":["Gash","Hello World"],"picked":"Compile Driver","floor":1.0},{"not_picked":["Heatsinks","Tempest"],"picked":"Stack","floor":2.0},{"not_picked":["Stack","Conserve Battery"],"picked":"Coolheaded","floor":3.0},{"not_picked":["Streamline","Steam"],"picked":"Gash","floor":5.0},{"not_picked":["Rebound","Sweeping Beam"],"picked":"Turbo","floor":10.0},{"not_picked":["Double Energy","Steam Power"],"picked":"Sweeping Beam","floor":11.0},{"not_picked":["Beam Cell","Barrage"],"picked":"Go for the Eyes","floor":12.0},{"not_picked":["Static Discharge","Beam Cell"],"picked":"Streamline","floor":13.0},{"not_picked":["Heatsinks","Barrage"],"picked":"Reinforced Body","floor":14.0},{"not_picked":["Machine Learning","Amplify"],"picked":"Echo Form","floor":16.0},{"not_picked":["Turbo","Sweeping Beam"],"picked":"Rebound","floor":18.0},{"not_picked":["Lockon","Sweeping Beam"],"picked":"Turbo","floor":19.0},{"not_picked":["Coolheaded","Static Discharge"],"picked":"Aggregate","floor":24.0},{"not_picked":["Redo","Static Discharge"],"picked":"Compile Driver","floor":28.0},{"not_picked":["Conserve Battery","Hello World"],"picked":"Compile Driver","floor":31.0},{"not_picked":["Reboot","Rainbow"],"picked":"Machine Learning","floor":33.0},{"not_picked":["Sunder","Storm"],"picked":"Hologram+1","floor":35.0},{"not_picked":["Gash+1","White Noise+1"],"picked":"Cold Snap+1","floor":37.0},{"not_picked":["Cold Snap","Heatsinks"],"picked":"Skim+1","floor":38.0}],"player_experience":806806,"relics_obtained":[{"floor":9.0,"key":"Mercury Hourglass"},{"floor":14.0,"key":"Thread and Needle"},{"floor":26.0,"key":"Cables"},{"floor":34.0,"key":"MawBank"},{"floor":34.0,"key":"StrikeDummy"},{"floor":34.0,"key":"Ginger"}],"event_choices":[{"damage_healed":0.0,"max_hp_gain":0.0,"max_hp_loss":0.0,"gold_gain":0.0,"cards_transformed":["Strike_B"],"event_name":"Transmorgrifier","player_choice":"Transformed","floor":7.0,"gold_loss":0.0,"damage_taken":0.0,"cards_obtained":["Redo"]},{"damage_healed":0.0,"max_hp_gain":0.0,"max_hp_loss":0.0,"gold_gain":0.0,"cards_transformed":["Strike_B","Strike_B"],"event_name":"Drug Dealer","player_choice":"Became Test Subject","floor":21.0,"gold_loss":0.0,"damage_taken":0.0,"cards_obtained":["Stack","Lockon"]},{"damage_healed":0.0,"max_hp_gain":0.0,"max_hp_loss":0.0,"gold_gain":0.0,"event_name":"Upgrade Shrine","player_choice":"Upgraded","floor":25.0,"gold_loss":0.0,"damage_taken":0.0,"cards_upgraded":["Redo"]},{"damage_healed":0.0,"max_hp_gain":0.0,"max_hp_loss":0.0,"gold_gain":0.0,"event_name":"Mysterious Sphere","player_choice":"Ignored","floor":36.0,"gold_loss":0.0,"damage_taken":0.0}],"is_beta":false,"boss_relics":[{"not_picked":["Coffee Dripper","Runic Dome"],"picked":"Fusion Hammer"},{"not_picked":["Inserter","Empty Cage"],"picked":"Calling Bell"}],"items_purged_floors":[],"is_endless":false,"potions_floor_spawned":[11,12,14,16,19,24,33,37],"killed_by":"Spire Growth","ascension_level":20}}