{"host":"6ko66ogg91i6g7xq","time":1608871040,"event":{"mods":["AchievementEnabler","Act Like it!","BaseMod","Colored Map","Colored Powertips","Downfall","Hermit","Minty Spire (QoL Compilation)","Quick Restart","Relic Stats","StSLib","The Jungle","everything is the same but u backflip on backflip"],"gold_per_floor":[112,112,137,54,129,129,146,146,146,180,190,190,190,216,216,317,317,329,279,4,24,24,49,49,64,87,98,98,197,223,242,242,242,242],"floor_reached":33,"playtime":1374,"items_purged":[],"score":348,"play_id":"978ba50f-1121-4d0f-92e3-45c63a50d024","local_time":"20201224233720","is_ascension_mode":true,"campfire_choices":[{"floor":6,"key":"RECALL"},{"data":"Bandage Up","floor":8,"key":"SMITH"},{"data":"Doppelganger","floor":13,"key":"SMITH"},{"data":"Caltrops","floor":15,"key":"SMITH"},{"data":"Glass Knife","floor":24,"key":"SMITH"},{"data":"Blur","floor":28,"key":"SMITH"},{"floor":32,"key":"REST"}],"circlet_count":0,"master_deck":["Strike_G","Strike_G","Strike_G","Strike_G","Strike_G","Defend_G","Defend_G","Defend_G","Defend_G","Defend_G","Survivor","Neutralize","Skewer+1","Bandage Up+1","Caltrops+1","Blur+1","Doppelganger+1","Dash","Glass Knife+1","Backflip","Dodge and Roll+1","Noxious Fumes+1","Catalyst+1"],"relics":["Ring of the Snake","NeowsBlessing","Ice Cream","Frozen Egg 2","Turnip","Black Star","Membership Card","Paper Crane","Ginger","Matryoshka","Boot","Ancient Tea Set","Ninja Scroll","Pear"],"acts_visited":["Exordium","TheCity"],"potions_floor_usage":[14,18,23,23,25,27,30,33],"damage_taken":[{"damage":0,"enemies":"Small Slimes","floor":1,"turns":1},{"damage":0,"enemies":"Jaw Worm","floor":7,"turns":1},{"damage":0,"enemies":"Lagavulin","floor":10,"turns":1},{"damage":0,"enemies":"2 Louse","floor":11,"turns":4},{"damage":18,"enemies":"3 Sentries","floor":14,"turns":9},{"damage":19,"enemies":"The Guardian","floor":16,"turns":14},{"damage":5,"enemies":"Shell Parasite","floor":18,"turns":8},{"damage":3,"enemies":"Spheric Guardian","floor":21,"turns":4},{"damage":2,"enemies":"Book of Stabbing","floor":23,"turns":6},{"damage":35,"enemies":"Centurion and Healer","floor":25,"turns":7},{"damage":0,"enemies":"Snake Plant","floor":27,"turns":5},{"damage":11,"enemies":"Slavers","floor":30,"turns":5},{"damage":26,"enemies":"Snecko","floor":31,"turns":4},{"damage":65,"enemies":"Champ","floor":33,"turns":13}],"seed_played":"3481012626865888040","potions_obtained":[{"floor":1,"key":"Poison Potion"},{"floor":14,"key":"Guardian:BlockOnCardUsePotion"},{"floor":16,"key":"LiquidBronze"},{"floor":21,"key":"ColorlessPotion"},{"floor":22,"key":"Swift Potion"},{"floor":25,"key":"Weak Potion"},{"floor":27,"key":"DistilledChaos"},{"floor":31,"key":"FearPotion"}],"is_trial":false,"path_per_floor":["M","?","T","$","?","R","M","R","T","E","M","$","R","E","R","B",null,"M","?","$","M","?","E","R","M","T","M","R","?","E","M","R","B"],"character_chosen":"THE_SILENT","items_purchased":["Bandage Up","Membership Card","Paper Crane"],"campfire_rested":1,"item_purchase_floors":[4,20,20],"current_hp_per_floor":[70,70,70,70,59,59,59,59,59,59,65,65,65,53,53,40,70,70,70,70,68,68,66,66,37,37,43,43,43,48,28,52,0,0],"gold":242,"neow_bonus":"THREE_ENEMY_KILL","is_daily":false,"chose_seed":false,"campfire_upgraded":5,"win_rate":0.0,"timestamp":1608871040,"path_taken":["M","?","?","?","?","R","M","R","T","E","?","?","R","E","R","BOSS","M","?","$","?","?","E","R","?","T","M","R","?","E","M","R","BOSS"],"items_purchased_type":["Card","Relic","Relic"],"build_version":"2020-12-22","purchased_purges":0,"victory":false,"max_hp_per_floor":[70,70,70,70,70,70,70,70,70,70,70,70,70,70,70,70,70,70,70,70,70,70,70,70,70,70,70,70,70,80,80,80,80,80],"relic_stats":{"counters":[14,82],"Turnip":[19],"Black Star":2,"Ginger":[8],"Boot":[16],"obtain_stats":[{"Ice Cream":9,"Pear":30,"NeowsBlessing":0,"Ginger":23,"Frozen Egg 2":10,"Paper Crane":20,"Boot":26,"Ancient Tea Set":26,"Matryoshka":23,"Ninja Scroll":30,"Turnip":14,"Black Star":17,"Membership Card":20,"Ring of the Snake":0},{"Ice Cream":2,"Pear":12,"NeowsBlessing":0,"Ginger":9,"Frozen Egg 2":3,"Paper Crane":7,"Boot":10,"Ancient Tea Set":10,"Matryoshka":9,"Ninja Scroll":12,"Turnip":5,"Black Star":6,"Membership Card":7,"Ring of the Snake":0},{"Ice Cream":2,"Pear":65,"NeowsBlessing":0,"Ginger":48,"Frozen Egg 2":3,"Paper Crane":38,"Boot":55,"Ancient Tea Set":55,"Matryoshka":48,"Ninja Scroll":65,"Turnip":16,"Black Star":30,"Membership Card":38,"Ring of the Snake":0}],"Ring of the Snake":[28]},"card_choices":[{"not_picked":["Riddle With Holes","All Out Attack"],"picked":"Skewer","floor":1},{"not_picked":["Well Laid Plans","Dodge and Roll"],"picked":"Caltrops","floor":7},{"not_picked":["Slice","Dagger Throw"],"picked":"Blur","floor":10},{"not_picked":["Dash","Bane"],"picked":"Doppelganger","floor":11},{"not_picked":["Endless Agony","Poisoned Stab"],"picked":"Dash","floor":14},{"not_picked":["Tools of the Trade+1","Bullet Time"],"picked":"Glass Knife","floor":16},{"not_picked":["Dodge and Roll","Calculated Gamble"],"picked":"Backflip","floor":18},{"not_picked":["Riddle With Holes","Well Laid Plans+1"],"picked":"Dodge and Roll+1","floor":21},{"not_picked":["Dagger Throw","Terror"],"picked":"Noxious Fumes+1","floor":23},{"not_picked":["Dagger Throw+1","Concentrate","Reflex"],"picked":"SKIP","floor":25},{"not_picked":["Poisoned Stab+1","Concentrate+1","Calculated Gamble"],"picked":"SKIP","floor":27},{"not_picked":["Backflip","Calculated Gamble"],"picked":"Catalyst+1","floor":30},{"not_picked":["Dodge and Roll","Tools of the Trade+1","Catalyst"],"picked":"SKIP","floor":31}],"player_experience":242437,"relics_obtained":[{"floor":9,"key":"Ice Cream"},{"floor":10,"key":"Frozen Egg 2"},{"floor":14,"key":"Turnip"},{"floor":23,"key":"Ginger"},{"floor":23,"key":"Matryoshka"},{"floor":26,"key":"Boot"},{"floor":26,"key":"Ancient Tea Set"},{"floor":30,"key":"Ninja Scroll"},{"floor":30,"key":"Pear"}],"event_choices":[{"damage_healed":0,"gold_gain":0,"player_choice":"Grow","damage_taken":0,"max_hp_gain":0,"max_hp_loss":0,"event_name":"Living Wall","floor":2,"gold_loss":0,"cards_upgraded":["Skewer"]},{"damage_healed":0,"gold_gain":75,"player_choice":"Gather Gold","damage_taken":11,"max_hp_gain":0,"max_hp_loss":0,"event_name":"World of Goop","floor":5,"gold_loss":0},{"damage_healed":0,"gold_gain":0,"player_choice":"Bet on Murderer","damage_taken":0,"max_hp_gain":0,"max_hp_loss":0,"event_name":"The Joust","floor":19,"gold_loss":50},{"damage_healed":0,"gold_gain":0,"player_choice":"Got Potions","damage_taken":0,"max_hp_gain":0,"max_hp_loss":0,"event_name":"Lab","floor":22,"gold_loss":0},{"damage_healed":0,"gold_gain":99,"player_choice":"Stole From Cult","damage_taken":0,"max_hp_gain":0,"max_hp_loss":0,"event_name":"Nest","floor":29,"gold_loss":0}],"is_beta":false,"boss_relics":[{"not_picked":["Astrolabe","Fusion Hammer"],"picked":"Black Star"}],"items_purged_floors":[],"is_endless":false,"potions_floor_spawned":[1,14,16,21,25,27,31],"killed_by":"Champ","ascension_level":2}}