{"host":"i2dh2hduyfd5x40f","time":1608925135,"event":{"mods":["2.2 Compatiblity","AchievementEnabler","BaseMod","Better Third Choice","BetterRewards","Card Forge","Colored Map","Colored Powertips","Gold Saver","Minty Spire (QoL Compilation)","Permanent Neow","Quick Restart","Relic Filter","Remove Card Discount Mod","Shop Mod","StSLib","SuperFastMode"],"gold_per_floor":[1738,1757,1773,1348,1358,1383,1383,1408,1408,1408,1444,1444,1479,1494,1494,1625,1625,1648,1648,1648],"floor_reached":19,"playtime":1210,"items_purged":[],"score":484,"play_id":"9ce217b7-0a4f-4561-b374-565f3820f4b7","local_time":"20201226043855","is_ascension_mode":true,"campfire_choices":[{"floor":12.0,"key":"RECALL"},{"floor":15.0,"key":"REST"}],"circlet_count":0,"master_deck":["Bane+1","Poisoned Stab+1","Envenom+1","Backflip+1","Crippling Poison+1","Bandage Up+1","Scrawl+1","DeusExMachina+1","Scrawl+1","DeusExMachina+1","After Image+1","Noxious Fumes+1","Adrenaline+1","Grand Finale+1","Bouncing Flask+1","Feed+1","A Thousand Cuts"],"relics":["Hammer of Thor","Seething Fire","Anvil of the Gods","Fusion Hammer","Bronze Scales","Strange Spoon","MerchantsRug","FossilizedHelix","Pen Nib","Regal Pillow","Ninja Scroll","Golden Idol","Anchor","Incense Burner","Runic Pyramid"],"acts_visited":[],"potions_floor_usage":[],"damage_taken":[{"damage":0.0,"enemies":"Cultist","floor":1.0,"turns":2.0},{"damage":0.0,"enemies":"2 Louse","floor":2.0,"turns":1.0},{"damage":1.0,"enemies":"Jaw Worm","floor":3.0,"turns":2.0},{"damage":0.0,"enemies":"Exordium Wildlife","floor":5.0,"turns":2.0},{"damage":0.0,"enemies":"3 Sentries","floor":6.0,"turns":3.0},{"damage":0.0,"enemies":"Lagavulin","floor":8.0,"turns":1.0},{"damage":0.0,"enemies":"3 Sentries","floor":11.0,"turns":1.0},{"damage":0.0,"enemies":"Lagavulin","floor":13.0,"turns":1.0},{"damage":0.0,"enemies":"2 Fungi Beasts","floor":14.0,"turns":1.0},{"damage":0.0,"enemies":"Slime Boss","floor":16.0,"turns":4.0},{"damage":0.0,"enemies":"Shell Parasite","floor":18.0,"turns":2.0}],"seed_played":"4178483734049335875","potions_obtained":[{"floor":3.0,"key":"FearPotion"},{"floor":5.0,"key":"DuplicationPotion"},{"floor":8.0,"key":"CultistPotion"},{"floor":11.0,"key":"SteroidPotion"}],"is_trial":false,"path_per_floor":["M","M","M","$","M","E","?","E","T","?","E","R","E","M","R","B",null,"M","$"],"character_chosen":"THE_SILENT","items_purchased":["Bronze Scales","Strange Spoon","MerchantsRug"],"campfire_rested":1,"item_purchase_floors":[4,4,4],"current_hp_per_floor":[63,63,62,62,62,68,68,70,70,70,70,70,70,70,70,74,74,78,78,78],"gold":1648,"neow_bonus":"BOSS_RELIC","is_daily":false,"chose_seed":false,"campfire_upgraded":0,"win_rate":0.0,"timestamp":1608925135,"path_taken":["M","M","?","$","M","E","?","E","T","?","E","R","E","M","R","BOSS","M","$"],"items_purchased_type":["Relic","Relic","Relic"],"build_version":"2020-12-22","purchased_purges":0,"victory":false,"max_hp_per_floor":[70,70,70,70,70,70,70,70,70,70,70,70,70,70,70,74,74,78,78,78],"card_choices":[{"not_picked":["Underhanded Strike","Skewer"],"picked":"Crippling Poison","floor":1.0},{"not_picked":["Poisoned Stab","Dodge and Roll","PiercingWail"],"picked":"SKIP","floor":2.0},{"not_picked":["Bane","PiercingWail","Deadly Poison"],"picked":"SKIP","floor":3.0},{"not_picked":["Quick Slash","Backflip","Deflect"],"picked":"SKIP","floor":5.0},{"not_picked":["Caltrops","Dash","Choke"],"picked":"SKIP","floor":6.0},{"not_picked":["Choke","Tactician","Poisoned Stab"],"picked":"SKIP","floor":8.0},{"not_picked":["Prepared","Noxious Fumes"],"picked":"Bouncing Flask","floor":11.0},{"not_picked":["Dagger Throw","Dodge and Roll","Bouncing Flask"],"picked":"SKIP","floor":13.0},{"not_picked":["Dodge and Roll","All Out Attack","Finisher"],"picked":"SKIP","floor":14.0},{"not_picked":["Envenom","Malaise"],"picked":"A Thousand Cuts","floor":16.0},{"not_picked":["Masterful Stab","Slice","Deflect"],"picked":"SKIP","floor":18}],"player_experience":434189,"relics_obtained":[{"floor":6.0,"key":"FossilizedHelix"},{"floor":8.0,"key":"Regal Pillow"},{"floor":9.0,"key":"Ninja Scroll"},{"floor":11.0,"key":"Anchor"},{"floor":13.0,"key":"Incense Burner"}],"event_choices":[{"damage_healed":0.0,"max_hp_gain":0.0,"max_hp_loss":0.0,"gold_gain":0.0,"event_name":"Big Fish","player_choice":"Box","floor":7.0,"gold_loss":0.0,"damage_taken":0.0,"relics_obtained":["Pen Nib"],"cards_obtained":["Regret"]},{"damage_healed":0.0,"max_hp_gain":0.0,"max_hp_loss":0.0,"gold_gain":0.0,"event_name":"Golden Idol","player_choice":"Take Wound","floor":10.0,"gold_loss":0.0,"damage_taken":0.0,"relics_obtained":["Golden Idol"],"cards_obtained":["Injury"]}],"is_beta":false,"boss_relics":[{"not_picked":["Black Star","Runic Dome"],"picked":"Runic Pyramid"}],"items_purged_floors":[],"is_endless":false,"potions_floor_spawned":[3,5,8,11,14],"ascension_level":6}}