{"host":"y76clbnovzmw9ubx","time":1608902572,"event":{"mods":["AchievementEnabler","BaseMod","Minty Spire (QoL Compilation)","Permanent Neow","Relic Stats"],"gold_per_floor":[114,133,133,151,166,192,203,203,203,203,238,252,272,272,272],"floor_reached":14,"playtime":899,"items_purged":[],"score":258,"play_id":"e5866089-939f-4cc1-b76b-5e807b5ba717","local_time":"20201225082252","is_ascension_mode":true,"campfire_choices":[{"data":"Barrage","floor":8,"key":"SMITH"},{"data":"Auto Shields","floor":10,"key":"SMITH"}],"circlet_count":0,"master_deck":["AscendersBane","Strike_B","Strike_B","Strike_B","Strike_B","Defend_B","Defend_B","Defend_B","Defend_B","Zap","Dualcast","Glacier","Skim","Barrage+1","Auto Shields+1","Amplify","Go for the Eyes","Sunder"],"relics":["Velvet Choker","Bag of Marbles","Meat on the Bone"],"acts_visited":["Exordium"],"potions_floor_usage":[6,7],"damage_taken":[{"damage":1,"enemies":"Cultist","floor":1,"turns":4},{"damage":0,"enemies":"Small Slimes","floor":2,"turns":4},{"damage":1,"enemies":"Jaw Worm","floor":4,"turns":5},{"damage":9,"enemies":"Large Slime","floor":5,"turns":7},{"damage":0,"enemies":"Lagavulin","floor":6,"turns":9},{"damage":6,"enemies":"Exordium Wildlife","floor":7,"turns":4},{"damage":2,"enemies":"3 Sentries","floor":11,"turns":8},{"damage":0,"enemies":"Blue Slaver","floor":12,"turns":4},{"damage":41,"enemies":"Gremlin Gang","floor":13,"turns":7},{"damage":24,"enemies":"Gremlin Nob","floor":14,"turns":3}],"seed_played":"-2238887603116521427","potions_obtained":[{"floor":1,"key":"EssenceOfSteel"},{"floor":2,"key":"SkillPotion"},{"floor":5,"key":"Swift Potion"},{"floor":13,"key":"PotionOfCapacity"}],"is_trial":false,"path_per_floor":["M","M","$","M","M","E","M","R","T","R","E","M","M","E"],"character_chosen":"DEFECT","items_purchased":[],"campfire_rested":0,"item_purchase_floors":[],"current_hp_per_floor":[63,63,63,62,53,53,47,47,47,47,45,45,16,0,0],"gold":272,"neow_bonus":"BOSS_RELIC","is_daily":false,"chose_seed":false,"campfire_upgraded":2,"win_rate":0.0,"timestamp":1608902572,"path_taken":["M","M","$","M","M","E","?","R","T","R","E","M","?","E"],"items_purchased_type":[],"build_version":"2020-12-22","purchased_purges":0,"victory":false,"max_hp_per_floor":[71,71,71,71,71,71,71,71,71,71,71,71,71,71,71],"relic_stats":{"counters":[10,55],"obtain_stats":[{"Velvet Choker":0,"Bag of Marbles":6,"Cracked Core":0,"Meat on the Bone":11},{"Velvet Choker":0,"Bag of Marbles":5,"Cracked Core":0,"Meat on the Bone":7},{"Velvet Choker":0,"Bag of Marbles":29,"Cracked Core":0,"Meat on the Bone":41}],"Meat on the Bone":12},"card_choices":[{"not_picked":["Stack","Sweeping Beam"],"picked":"Glacier","floor":1},{"not_picked":["Redo","Coolheaded","Aggregate"],"picked":"SKIP","floor":2},{"not_picked":["Coolheaded","Hologram"],"picked":"Skim","floor":4},{"not_picked":["Doom and Gloom","Recycle"],"picked":"Barrage","floor":5},{"not_picked":["Double Energy","Gash"],"picked":"Auto Shields","floor":6},{"not_picked":["FTL","Stack","Hologram"],"picked":"SKIP","floor":7},{"not_picked":["White Noise","Reprogram"],"picked":"Amplify","floor":11},{"not_picked":["Sweeping Beam","Coolheaded"],"picked":"Go for the Eyes","floor":12},{"not_picked":["Go for the Eyes","Fusion"],"picked":"Sunder","floor":13}],"player_experience":2975556,"relics_obtained":[{"floor":6,"key":"Bag of Marbles"},{"floor":11,"key":"Meat on the Bone"}],"event_choices":[],"is_beta":false,"boss_relics":[],"items_purged_floors":[],"is_endless":false,"potions_floor_spawned":[1,2,5,13],"killed_by":"Gremlin Nob","ascension_level":20}}