{"host":"l66odvkqh04jpxx0","time":1608878236,"event":{"mods":["BaseMod","Colored Powertips","Conspire","Hermit","Luminous","Minty Spire (QoL Compilation)","Quick Restart","Replay The Spire","StSLib","The Construct","The Cursed","The Mystic","The Servant 0.9.4"],"gold_per_floor":[117,156,156,172,183,183,196,221,221,234,247,172,188,200,200,301,301,318,318,318],"floor_reached":19,"playtime":2512,"items_purged":["mysticmod:Defend_Mystic"],"score":163,"play_id":"a246978c-94fb-4285-a889-7dad03874080","local_time":"20201225143716","is_ascension_mode":false,"campfire_choices":[{"floor":6,"key":"REST"},{"data":"Crow Ritual","floor":15,"key":"SMITH"}],"circlet_count":0,"master_deck":["Strike_G+2","Strike_G+1","Strike_G+2","Defend_G","Defend_G","Defend_G","Defend_G","Survivor","Neutralize","Crow Ritual+1","Prepared","Predator","Dagger Throw","Night Terror","Acrobatics+1"],"relics":["Ring of the Snake","Replay:Bottled Eggs","Odd Mushroom","Simple Rune","Replay:Drink Me"],"acts_visited":["Exordium","TheCity"],"potions_floor_usage":[8,8,14,16],"damage_taken":[{"damage":7,"enemies":"Small Slimes","floor":1,"turns":4},{"damage":17,"enemies":"conspire:MimicChest","floor":2,"turns":10},{"damage":0,"enemies":"conspire:RoseBush","floor":4,"turns":4},{"damage":14,"enemies":"Jaw Worm","floor":5,"turns":4},{"damage":0,"enemies":"Looter","floor":7,"turns":3},{"damage":0,"enemies":"The Mushroom Lair","floor":8,"turns":4},{"damage":21,"enemies":"Exordium Wildlife","floor":10,"turns":3},{"damage":3,"enemies":"Lots of Slimes","floor":11,"turns":4},{"damage":10,"enemies":"3 Louse","floor":13,"turns":3},{"damage":0,"enemies":"Exordium Thugs","floor":14,"turns":3},{"damage":6,"enemies":"Hexaghost","floor":16,"turns":7},{"damage":23,"enemies":"Chosen","floor":18,"turns":5},{"damage":30,"enemies":"Spheric Guardian","floor":19,"turns":4}],"seed_played":"982584647774928137","potions_obtained":[{"floor":5,"key":"AttackPotion"},{"floor":7,"key":"AttackPotion"},{"floor":11,"key":"Swift Potion"},{"floor":13,"key":"SteroidPotion"},{"floor":16,"key":"Elixir"},{"floor":18,"key":"Ancient Potion"}],"is_trial":false,"path_per_floor":["M","?","?","M","M","R","M","?","T","M","M","$","M","M","R","B",null,"M","M"],"character_chosen":"THE_SILENT","items_purchased":[],"campfire_rested":1,"item_purchase_floors":[],"current_hp_per_floor":[63,46,39,39,25,46,46,46,46,25,22,22,12,12,12,6,53,30,0,0],"gold":318,"neow_bonus":"RANDOM_COLORLESS_2","is_daily":false,"chose_seed":false,"campfire_upgraded":1,"win_rate":0.0,"timestamp":1608878236,"path_taken":["M","?","?","M","M","R","M","?","T","?","M","$","M","M","R","BOSS","M","?"],"items_purchased_type":[],"build_version":"2020-12-22","purchased_purges":1,"victory":false,"max_hp_per_floor":[70,70,70,70,70,70,70,70,70,70,70,70,70,70,70,70,53,53,53,53],"card_choices":[{"not_picked":["Metamorphosis","Sadistic Nature"],"picked":"Crow Ritual","floor":0},{"not_picked":["Deadly Poison","Blur"],"picked":"Prepared","floor":1},{"not_picked":["Catalyst","Dodge and Roll","Well Laid Plans"],"picked":"SKIP","floor":4},{"not_picked":["Bane","Outmaneuver","Flechettes"],"picked":"SKIP","floor":5},{"not_picked":["ReplayTheSpireMod:Speed Training","ReplayTheSpireMod:Scrap Shanks"],"picked":"Predator","floor":7},{"not_picked":["Cloak And Dagger","Slice","PiercingWail"],"picked":"SKIP","floor":10},{"not_picked":["Sneak Up","Terror"],"picked":"Dagger Throw","floor":11},{"not_picked":["Noxious Fumes","Fluid Movement","Outmaneuver"],"picked":"SKIP","floor":13},{"not_picked":["Footwork","Dagger Spray","Masterful Stab"],"picked":"SKIP","floor":14},{"not_picked":["Doppelganger","Atom Bomb"],"picked":"Night Terror","floor":16},{"not_picked":["Slice","Poisoned Stab+1"],"picked":"Acrobatics+1","floor":18}],"player_experience":63656,"relics_obtained":[{"floor":2,"key":"Replay:Bottled Eggs"},{"floor":8,"key":"Odd Mushroom"},{"floor":9,"key":"Simple Rune"}],"event_choices":[{"cards_removed":["Luminous:Light_Flash_Shower"],"damage_healed":0,"gold_gain":0,"player_choice":"Card Removal","damage_taken":7,"max_hp_gain":0,"max_hp_loss":0,"event_name":"Golden Wing","floor":3,"gold_loss":0},{"damage_healed":0,"gold_gain":0,"player_choice":"Fought Mushrooms","damage_taken":0,"max_hp_gain":0,"max_hp_loss":0,"event_name":"Mushrooms","floor":8,"gold_loss":0}],"is_beta":false,"boss_relics":[{"not_picked":["Replay:Bronze Core","conspire:SpecialSausage"],"picked":"Replay:Drink Me"}],"items_purged_floors":[12],"is_endless":false,"potions_floor_spawned":[5,7,11,13,16,18],"killed_by":"Spheric Guardian","ascension_level":0}}