{"host":"i3iesnh100m6i1gd","time":1608868357,"event":{"mods":["BaseMod","Colored Powertips","Downfall","Minty Spire (QoL Compilation)","Replay The Spire","StSLib"],"gold_per_floor":[117,137,149,149,149,149,159,186,186,186,200,24,44,44,44,148,148,167,167,167,182,107,124,124,134,215,215,246,246,274,337,337,337,337],"floor_reached":33,"playtime":3135,"items_purged":["A Thousand Cuts"],"score":310,"play_id":"5c4637a5-35e4-4945-87cf-910ffb5623ee","local_time":"20201224195237","is_ascension_mode":false,"campfire_choices":[{"floor":6,"key":"REST"},{"data":"ReplayTheSpireMod:Speed Training","floor":10,"key":"SMITH"},{"floor":15,"key":"REST"},{"floor":24,"key":"REST"},{"floor":27,"key":"REST"},{"data":"RitualDagger","floor":29,"key":"SMITH"},{"floor":32,"key":"REST"}],"circlet_count":0,"master_deck":["Strike_G","Strike_G","Strike_G+1","Defend_G","Defend_G","Defend_G+1","Survivor","Neutralize+1","ReplayTheSpireMod:Speed Training+1","Infinite Blades+1","Infinite Blades","Escape Plan","Deflect","Acrobatics+1","Blade Dance","ReplayTheSpireMod:Scrap Shanks","Hidden Blade","RitualDagger+1","Choke+1","Infinite Blades","Adrenaline","Masterful Stab"],"relics":["Ring of the Snake","Anchor","Darkstone Periapt","Gremlin Food","ReplayTheSpireMod:DimensionalGlitch","Ninja Scroll","Iron Hammer","Letter Opener","Replay:Baseball"],"acts_visited":["Exordium","TheCity"],"potions_floor_usage":[8,11,16,16,23,28,33,33],"damage_taken":[{"damage":2,"enemies":"Cultist","floor":1,"turns":5},{"damage":1,"enemies":"Small Slimes","floor":2,"turns":5},{"damage":0,"enemies":"2 Louse","floor":3,"turns":4},{"damage":1,"enemies":"Large Slime","floor":7,"turns":6},{"damage":5,"enemies":"Lagavulin","floor":8,"turns":8},{"damage":0,"enemies":"Exordium Thugs","floor":11,"turns":5},{"damage":0,"enemies":"Blue Slaver","floor":13,"turns":4},{"damage":55,"enemies":"Fading Forest","floor":16,"turns":11},{"damage":16,"enemies":"Spheric Guardian","floor":18,"turns":5},{"damage":3,"enemies":"Shell Parasite","floor":21,"turns":7},{"damage":22,"enemies":"Cultist and Chosen","floor":23,"turns":7},{"damage":0,"enemies":"Shelled Parasite and Fungi","floor":25,"turns":5},{"damage":31,"enemies":"Slavers","floor":28,"turns":6},{"damage":10,"enemies":"Replay:Snechameleon","floor":30,"turns":6},{"damage":44,"enemies":"Automaton","floor":33,"turns":6}],"seed_played":"-3630745624979179922","potions_obtained":[{"floor":1,"key":"Block Potion"},{"floor":7,"key":"GamblersBrew"},{"floor":8,"key":"Elixir"},{"floor":13,"key":"AttackPotion"},{"floor":18,"key":"Block Potion"},{"floor":23,"key":"EssenceOfSteel"},{"floor":25,"key":"Regen Potion"},{"floor":31,"key":"Milkshake"},{"floor":31,"key":"Death Potion"}],"is_trial":false,"path_per_floor":["M","M","M","?","?","R","M","E","T","R","M","$","M","?","R","B",null,"M","?","?","M","$","M","R","M","T","R","E","R","E","?","R","B"],"character_chosen":"THE_SILENT","items_purchased":["Blade Dance","Gremlin Food"],"campfire_rested":5,"item_purchase_floors":[12,12],"current_hp_per_floor":[47,46,46,39,39,60,59,54,54,54,54,54,54,59,75,20,75,59,59,53,50,50,28,50,50,50,72,49,49,39,21,43,0,0],"gold":337,"neow_bonus":"REMOVE_TWO","is_daily":false,"chose_seed":false,"campfire_upgraded":2,"win_rate":0.0,"timestamp":1608868357,"path_taken":["M","?","M","?","?","R","M","E","T","R","M","$","M","?","R","BOSS","M","?","?","M","$","M","R","M","T","R","E","R","E","?","R","BOSS"],"items_purchased_type":["Card","Relic"],"build_version":"2020-12-22","purchased_purges":1,"victory":false,"max_hp_per_floor":[70,70,70,70,70,70,70,70,70,70,70,70,70,75,75,75,75,75,75,75,75,75,75,75,75,75,75,75,75,75,75,75,75,75],"card_choices":[{"not_picked":["Leg Sweep","Toxin Wave"],"picked":"ReplayTheSpireMod:Speed Training","floor":1},{"not_picked":["Sucker Punch","Blur"],"picked":"Infinite Blades","floor":2},{"not_picked":["ReplayTheSpireMod:Speed Training","Underhanded Strike"],"picked":"Infinite Blades","floor":3},{"not_picked":["Hidden Blade","Draining Mist"],"picked":"Escape Plan","floor":7},{"not_picked":["Sneak Up","Riddle With Holes"],"picked":"Deflect","floor":8},{"not_picked":["Toxin Wave","Skewer"],"picked":"Acrobatics","floor":11},{"not_picked":["Dagger Spray","Skewer"],"picked":"ReplayTheSpireMod:Scrap Shanks","floor":13},{"not_picked":["Corpse Explosion","Bullet Time"],"picked":"A Thousand Cuts","floor":16},{"not_picked":["Dash","Underhanded Strike"],"picked":"Hidden Blade","floor":18},{"not_picked":["Poisoned Stab","ReplayTheSpireMod:Scrap Shanks","Outmaneuver"],"picked":"SKIP","floor":21},{"not_picked":["Dagger Throw","Noxious Fumes"],"picked":"Choke+1","floor":23},{"not_picked":["Outmaneuver","Skewer","Sucker Punch"],"picked":"SKIP","floor":25},{"not_picked":["Outmaneuver","Sucker Punch"],"picked":"Infinite Blades","floor":28},{"not_picked":["Slice+1","Reflex"],"picked":"Adrenaline","floor":30},{"not_picked":["Dodge and Roll","Sucker Punch+1"],"picked":"Masterful Stab","floor":31}],"player_experience":93075,"relics_obtained":[{"floor":8,"key":"Anchor"},{"floor":9,"key":"Darkstone Periapt"},{"floor":26,"key":"Ninja Scroll"},{"floor":28,"key":"Iron Hammer"},{"floor":30,"key":"Letter Opener"},{"floor":31,"key":"Replay:Baseball"}],"event_choices":[{"cards_removed":["Defend_G"],"damage_healed":0,"gold_gain":0,"player_choice":"Card Removal","damage_taken":7,"max_hp_gain":0,"max_hp_loss":0,"event_name":"Golden Wing","floor":4,"gold_loss":0},{"damage_healed":0,"gold_gain":0,"player_choice":"Grow","damage_taken":0,"max_hp_gain":0,"max_hp_loss":0,"event_name":"Living Wall","floor":5,"gold_loss":0,"cards_upgraded":["Neutralize"]},{"damage_healed":0,"gold_gain":0,"player_choice":"Donut","damage_taken":0,"max_hp_gain":5,"max_hp_loss":0,"event_name":"Big Fish","floor":14,"gold_loss":0},{"cards_removed":["Defend_G"],"damage_healed":0,"gold_gain":0,"player_choice":"Elegance","damage_taken":0,"max_hp_gain":0,"max_hp_loss":0,"event_name":"Back to Basics","floor":19,"gold_loss":0},{"damage_healed":0,"gold_gain":0,"player_choice":"Joined the Cult","damage_taken":6,"max_hp_gain":0,"max_hp_loss":0,"event_name":"Nest","floor":20,"gold_loss":0,"cards_obtained":["RitualDagger"]}],"is_beta":false,"boss_relics":[{"not_picked":["Coffee Dripper","Ring of the Serpent"],"picked":"ReplayTheSpireMod:DimensionalGlitch"}],"items_purged_floors":[22],"is_endless":false,"potions_floor_spawned":[1,7,8,13,18,23,25],"killed_by":"Automaton","ascension_level":0}}