{"host":"lxgv1wbl12oya7hr","time":1608876326,"event":{"mods":["BaseMod","Minty Spire (QoL Compilation)","Permanent Neow","StSLib"],"gold_per_floor":[111,111,34,34,53,80,37,63,63,82,111,136,150,169,169,269,269,288,307,307,327,327,327,327],"floor_reached":23,"playtime":1364,"items_purged":[],"score":273,"play_id":"dd2f4a95-3369-4f47-a2b4-0eebb2b2fc49","local_time":"20201224220526","is_ascension_mode":true,"campfire_choices":[{"data":"All Out Attack","floor":15,"key":"SMITH"}],"circlet_count":0,"master_deck":["Survivor","Neutralize","Sucker Punch+1","Endless Agony","Underhanded Strike","Backflip","Slice","Underhanded Strike","Choke","A Thousand Cuts","Infinite Blades","All Out Attack+1","Infinite Blades","Quick Slash","Quick Slash","All Out Attack+1","Reflex","Endless Agony","Envenom","Slice","Dodge and Roll+1"],"relics":["Pandora\u0027s Box","Sundial","Toy Ornithopter","Whetstone","Oddly Smooth Stone","Sozu"],"acts_visited":["Exordium","TheCity"],"potions_floor_usage":[11,11,14,16,18],"damage_taken":[{"damage":6,"enemies":"2 Louse","floor":1,"turns":2},{"damage":0,"enemies":"Cultist","floor":5,"turns":2},{"damage":22,"enemies":"3 Sentries","floor":6,"turns":4},{"damage":18,"enemies":"Lagavulin","floor":8,"turns":6},{"damage":0,"enemies":"Small Slimes","floor":10,"turns":2},{"damage":0,"enemies":"Gremlin Nob","floor":11,"turns":2},{"damage":1,"enemies":"Looter","floor":13,"turns":2},{"damage":0,"enemies":"Large Slime","floor":14,"turns":3},{"damage":37,"enemies":"The Guardian","floor":16,"turns":7},{"damage":24,"enemies":"2 Thieves","floor":18,"turns":3},{"damage":12,"enemies":"Shell Parasite","floor":19,"turns":3},{"damage":12,"enemies":"Snecko","floor":21,"turns":4},{"damage":17,"enemies":"Book of Stabbing","floor":23,"turns":2}],"seed_played":"-9040351039672060148","potions_obtained":[{"floor":1,"key":"SkillPotion"},{"floor":8,"key":"LiquidMemories"},{"floor":11,"key":"Block Potion"},{"floor":13,"key":"Fruit Juice"},{"floor":16,"key":"LiquidBronze"}],"is_trial":false,"path_per_floor":["M","?","$","?","M","E","?","E","T","M","E","T","M","M","R","B",null,"M","M","?","M","?","E"],"character_chosen":"THE_SILENT","items_purchased":["Infinite Blades"],"campfire_rested":0,"item_purchase_floors":[3],"current_hp_per_floor":[64,70,70,75,75,53,53,35,35,35,45,45,44,54,54,22,80,56,44,29,17,17,0,0],"gold":327,"neow_bonus":"BOSS_RELIC","is_daily":false,"chose_seed":false,"campfire_upgraded":1,"win_rate":0.0,"timestamp":1608876326,"path_taken":["M","?","?","?","M","E","?","E","T","M","E","?","M","?","R","BOSS","M","M","?","M","?","E"],"items_purchased_type":["Card"],"build_version":"2020-12-22","purchased_purges":0,"victory":false,"max_hp_per_floor":[70,70,70,75,75,75,75,75,75,75,75,75,75,80,80,80,80,80,80,85,85,85,85,85],"card_choices":[{"not_picked":["Quick Slash","Endless Agony"],"picked":"All Out Attack","floor":1},{"not_picked":["Bane","Tactician"],"picked":"Quick Slash","floor":5},{"not_picked":["Poisoned Stab","Skewer"],"picked":"Quick Slash","floor":6},{"not_picked":["Prepared","Bane"],"picked":"All Out Attack","floor":8},{"not_picked":["Bane","Deadly Poison"],"picked":"Reflex","floor":10},{"not_picked":["Deadly Poison","Accuracy"],"picked":"Endless Agony","floor":11},{"not_picked":["Accuracy","Dagger Spray"],"picked":"Underhanded Strike","floor":13},{"not_picked":["Well Laid Plans","Dagger Spray"],"picked":"Envenom","floor":14},{"not_picked":["Caltrops","Poisoned Stab"],"picked":"Slice","floor":18},{"not_picked":["Bane","Dagger Spray","Leg Sweep"],"picked":"SKIP","floor":19},{"not_picked":["Deadly Poison","Poisoned Stab"],"picked":"Dodge and Roll+1","floor":21}],"player_experience":2184180,"relics_obtained":[{"floor":6,"key":"Sundial"},{"floor":8,"key":"Toy Ornithopter"},{"floor":11,"key":"Whetstone"},{"floor":12,"key":"Oddly Smooth Stone"}],"event_choices":[{"cards_removed":["Concentrate"],"damage_healed":6,"gold_gain":0,"player_choice":"Offered Uncommon","damage_taken":0,"max_hp_gain":0,"max_hp_loss":0,"event_name":"Bonfire Elementals","floor":2,"gold_loss":0},{"damage_healed":0,"gold_gain":0,"player_choice":"Donut","damage_taken":0,"max_hp_gain":5,"max_hp_loss":0,"event_name":"Big Fish","floor":4,"gold_loss":0},{"damage_healed":0,"gold_gain":0,"player_choice":"Left Gold","damage_taken":0,"max_hp_gain":0,"max_hp_loss":0,"event_name":"World of Goop","floor":7,"gold_loss":43},{"damage_healed":0,"gold_gain":0,"player_choice":"Shed Blood","damage_taken":20,"max_hp_gain":5,"max_hp_loss":0,"event_name":"Forgotten Altar","floor":20,"gold_loss":0},{"cards_removed":["Underhanded Strike"],"damage_healed":0,"gold_gain":0,"player_choice":"Purged","damage_taken":0,"max_hp_gain":0,"max_hp_loss":0,"event_name":"Purifier","floor":22,"gold_loss":0}],"is_beta":false,"boss_relics":[{"not_picked":["WristBlade","Black Star"],"picked":"Sozu"}],"items_purged_floors":[],"is_endless":false,"potions_floor_spawned":[1,8,11,13,16,18],"killed_by":"Book of Stabbing","ascension_level":1}}