{"host":"qjr2x8lg4bxz99yh","time":1608920742,"event":{"mods":["Act Like it!","BaseMod","Colored Powertips","Downfall","Friendly Minions","Hallownest","Hermit","Minty Spire (QoL Compilation)","Replay The Spire","StSLib","The Bug Knight","The Cursed","The Disciple","The Hierophant","The Jungle","The Necromancer","The Runesmith","everything is the same but u backflip on backflip"],"gold_per_floor":[119,133,133,133,133,146,157,157,157,184,184,184,184,184,203,203,203,303,303,315,297,17,32,47,47,61,61,87,100,15,48,48,58,58,163,163,183,203,18,32,43,43,73,73,73,90,90,106,106,118,118,118],"floor_reached":53,"playtime":4752,"items_purged":[],"score":614,"play_id":"c40f243a-e26d-4491-b214-d285ffc7ddbf","local_time":"20201225122542","is_ascension_mode":false,"campfire_choices":[{"floor":8.0,"key":"REST"},{"data":"Chaos","floor":13.0,"key":"SMITH"},{"data":"Redo","floor":17,"key":"SMITH"},{"data":"Leap","floor":25,"key":"SMITH"},{"data":"Echo Form","floor":27,"key":"SMITH"},{"floor":34,"key":"REST"},{"floor":42,"key":"REST"},{"floor":47,"key":"REST"},{"floor":51,"key":"REST"}],"circlet_count":0,"master_deck":["Strike_B+1","Strike_B","Strike_B+1","Defend_B","Defend_B","Defend_B","Zap","Dualcast","Leap+1","Cold Snap","Defragment+1","Scrape","Coolheaded","Cold Snap","Chaos+1","Redo+1","Machine Learning+1","Sunder","Beam Cell+1","Hologram+1","Capacitor+1","Streamline+1","Echo Form+1","Turbo+1","Tempest","Sweeping Beam","Electrodynamics","Time Bomb+1","Chaos+1","The Bomb","Hello World","Storm","Steam","Hologram+1","Hello World+1","Echo Form+1","Panic Button+1"],"relics":["FrozenCore","Kunai","CaptainsWheel","Spirit Poop","Painkiller Herb","Replay:Ringing Soul","ReplayTheSpireMod:TigerMarble","Durian","MealTicket","Gremlin Food","Frozen Egg 2"],"acts_visited":["Exordium","TheCity","TheBeyond"],"potions_floor_usage":[18,26,37,37,46,48,50,52],"damage_taken":[{"damage":4.0,"enemies":"2 Louse","floor":1.0,"turns":3.0},{"damage":4.0,"enemies":"Small Slimes","floor":2.0,"turns":3.0},{"damage":1.0,"enemies":"Jaw Worm","floor":6.0,"turns":3.0},{"damage":15.0,"enemies":"3 Louse","floor":7.0,"turns":3.0},{"damage":6.0,"enemies":"Lagavulin","floor":10.0,"turns":6.0},{"damage":12.0,"enemies":"Gremlin Gang","floor":14.0,"turns":3.0},{"damage":3,"enemies":"Looter","floor":15,"turns":3},{"damage":10,"enemies":"Fading Forest","floor":18,"turns":11},{"damage":2,"enemies":"3 Byrds","floor":20,"turns":5},{"damage":11,"enemies":"2 Thieves","floor":21,"turns":4},{"damage":0,"enemies":"Chosen and Byrds","floor":23,"turns":4},{"damage":0,"enemies":"Centurion and Healer","floor":24,"turns":6},{"damage":16,"enemies":"Snake Plant","floor":26,"turns":3},{"damage":0,"enemies":"Snecko","floor":29,"turns":5},{"damage":0,"enemies":"Replay:Snechameleon","floor":31,"turns":5},{"damage":0,"enemies":"Cultist and Chosen","floor":33,"turns":3},{"damage":52,"enemies":"Automaton","floor":35,"turns":9},{"damage":7,"enemies":"3 Shapes","floor":37,"turns":4},{"damage":16,"enemies":"Orb Walker","floor":38,"turns":3},{"damage":36,"enemies":"Writhing Mass","floor":40,"turns":5},{"damage":19,"enemies":"Jaw Worm Horde","floor":41,"turns":3},{"damage":21,"enemies":"Reptomancer","floor":43,"turns":7},{"damage":0,"enemies":"4 Shapes","floor":46,"turns":3},{"damage":54,"enemies":"Transient","floor":48,"turns":5},{"damage":16,"enemies":"3 Darklings","floor":50,"turns":4},{"damage":58,"enemies":"Replay:Hell Engine","floor":52,"turns":11}],"seed_played":"-6320083735549140164","potions_obtained":[{"floor":1.0,"key":"Dexterity Potion"},{"floor":7.0,"key":"Dexterity Potion"},{"floor":15,"key":"Fire Potion"},{"floor":18,"key":"SteroidPotion"},{"floor":23,"key":"LifebloodPotion"},{"floor":26,"key":"sneckomod:MuddlingPotion"},{"floor":33,"key":"sneckomod:MuddlingPotion"},{"floor":35,"key":"ColorlessPotion"},{"floor":37,"key":"BlessingOfTheForge"},{"floor":40,"key":"CultistPotion"},{"floor":46,"key":"SteroidPotion"},{"floor":50,"key":"DuplicationPotion"}],"is_trial":false,"path_per_floor":["M","M","?","PTL","PTL","M","M","R","?","E","T","?","R","M","M","?","R","B",null,"?","?","T","?","?","T","?","T","T","?","?","E","?","?","T","B",null,"?","?","T","?","?","T","E","?","T","?","T","?","?","?","T","B",null],"character_chosen":"DEFECT","items_purchased":["Replay:Ringing Soul","Hologram+1","The Bomb"],"campfire_rested":5,"item_purchase_floors":[22,22,39],"current_hp_per_floor":[50,46,46,46,46,45,30,52,52,46,46,64,64,52,49,49,49,51,72,70,59,62,65,68,68,55,55,55,58,63,66,47,50,80,31,106,102,89,107,74,58,94,76,76,76,79,117,66,69,56,96,38],"gold":118,"neow_bonus":"TRANSFORM_TWO_CARDS","is_daily":false,"chose_seed":false,"campfire_upgraded":4,"win_rate":0.0,"timestamp":1608920742,"path_taken":["M","M","?","PTL","PTL","M","M","R","?","E","T","?","R","M","M","?","R","BOSS","?","?","T","?","?","T","?","T","T","?","?","E","?","?","T","BOSS","?","?","T","?","?","T","E","?","T","?","T","?","?","?","T","BOSS"],"items_purchased_type":["Relic","Card","Card"],"build_version":"2020-12-22","purchased_purges":0,"victory":true,"max_hp_per_floor":[75,75,75,75,75,75,75,75,75,75,75,75,75,75,75,72,72,72,72,72,72,75,78,81,81,84,84,84,87,92,95,100,103,103,106,106,109,112,115,118,121,121,124,124,124,127,127,130,133,136,136,136],"card_choices":[{"not_picked":["Compile Driver","Go for the Eyes"],"picked":"Defragment","floor":1.0},{"not_picked":["Stack","Reprogram"],"picked":"Scrape","floor":2.0},{"not_picked":["Redo","Stack"],"picked":"Coolheaded","floor":6.0},{"not_picked":["Sweeping Beam","ReplayTheSpireMod:GoodbyeWorld"],"picked":"Cold Snap","floor":7.0},{"not_picked":["Coolheaded","Redo"],"picked":"Chaos","floor":10.0},{"not_picked":["Cold Snap","Ball Lightning","Streamline"],"picked":"SKIP","floor":14},{"not_picked":["Crystallizer","Coolheaded"],"picked":"Redo","floor":15},{"not_picked":["ReplayTheSpireMod:Omega Cannon","Fission"],"picked":"Machine Learning","floor":18},{"not_picked":["Redo","Ball Lightning+1"],"picked":"Sunder","floor":20},{"not_picked":["BasicCrystalCard","Cold Snap"],"picked":"Beam Cell+1","floor":21},{"not_picked":["Panic Button","Sunder"],"picked":"Capacitor+1","floor":23},{"not_picked":["Sweeping Beam","Barrage"],"picked":"Streamline+1","floor":24},{"not_picked":["Lockon","Rebound+1"],"picked":"Echo Form","floor":26},{"not_picked":["Leap","Consume"],"picked":"Turbo+1","floor":29},{"not_picked":["Go for the Eyes","Turbo"],"picked":"Tempest","floor":31},{"not_picked":["Coolheaded","Lockon+1"],"picked":"Sweeping Beam","floor":33},{"not_picked":["Thunder Strike","Biased Cognition"],"picked":"Electrodynamics","floor":35},{"not_picked":["Chaos","Streamline"],"picked":"Time Bomb+1","floor":37},{"not_picked":["FTL","Hologram+1"],"picked":"Chaos+1","floor":38},{"not_picked":["Streamline","ReplaySort+1"],"picked":"Hello World","floor":40},{"not_picked":["Barrage","Sweeping Beam+1"],"picked":"Storm","floor":41},{"not_picked":["ReplayTheSpireMod:System Scan","BasicCrystalCard"],"picked":"Steam","floor":43},{"not_picked":["ReplayTheSpireMod:System Scan","Reprogram"],"picked":"Hologram+1","floor":46},{"not_picked":["Compile Driver+1","Time Bomb+1"],"picked":"Hello World+1","floor":48},{"not_picked":["Echo Form+1","Stack"],"picked":"Panic Button+1","floor":50}],"player_experience":39217,"relics_obtained":[{"floor":10.0,"key":"Kunai"},{"floor":11.0,"key":"CaptainsWheel"},{"floor":28,"key":"ReplayTheSpireMod:TigerMarble"},{"floor":31,"key":"MealTicket"},{"floor":43,"key":"Gremlin Food"},{"floor":45,"key":"Frozen Egg 2"}],"event_choices":[{"damage_healed":0.0,"max_hp_gain":0.0,"max_hp_loss":0.0,"gold_gain":0.0,"event_name":"Living Wall","player_choice":"Grow","floor":3.0,"gold_loss":0.0,"damage_taken":0.0,"cards_upgraded":["Defragment"]},{"damage_healed":18.0,"max_hp_gain":0.0,"max_hp_loss":0.0,"gold_gain":0.0,"event_name":"Mushrooms","player_choice":"Healed and dodged fight","floor":12.0,"gold_loss":0.0,"damage_taken":0.0,"cards_obtained":["Parasite"]},{"cards_removed":["Parasite"],"damage_healed":0,"gold_gain":0,"player_choice":"Offered Curse","damage_taken":0,"relics_obtained":["Spirit Poop"],"max_hp_gain":0,"max_hp_loss":0,"event_name":"Bonfire Elementals","floor":16,"gold_loss":0},{"damage_healed":0,"gold_gain":0,"player_choice":"Obtained Relic","damage_taken":0,"relics_obtained":["Durian"],"max_hp_gain":0,"max_hp_loss":0,"event_name":"Addict","floor":30,"gold_loss":85},{"damage_healed":0,"gold_gain":0,"player_choice":"Shed Blood","damage_taken":24,"max_hp_gain":5,"max_hp_loss":0,"event_name":"Forgotten Altar","floor":32,"gold_loss":0},{"damage_healed":0,"gold_gain":0,"player_choice":"Ignored","damage_taken":0,"max_hp_gain":0,"max_hp_loss":0,"event_name":"Purifier","floor":44,"gold_loss":0},{"damage_healed":0,"gold_gain":0,"player_choice":"Copied","damage_taken":0,"max_hp_gain":0,"max_hp_loss":0,"event_name":"Duplicator","floor":49,"gold_loss":0,"cards_obtained":["Echo Form"]}],"is_beta":false,"boss_relics":[{"not_picked":["Cursed Key","Replay:Drink Me"],"picked":"Painkiller Herb"},{"not_picked":["Runic Dome","Replay:Bronze Core"],"picked":"FrozenCore"}],"items_purged_floors":[],"is_endless":false,"potions_floor_spawned":[1,7,15,18,23,26,33,35,37,40,46,50],"ascension_level":0}}