{"host":"pwvccrb83t5l255a","time":1608919331,"event":{"mods":["2.2 Compatiblity","AchievementEnabler","BaseMod","BetterRewards","Block Reminder","Colored Map","Colored Powertips","Googly Eyes","Minty Spire (QoL Compilation)","Quick Restart","Rare Cards Sparkle","Relic Sorter","Relic Stats","StSLib","The IronCluck"],"gold_per_floor":[110,127,302,317,45,45,45,88,88,88,88,13,13,34,34,160,160,184,184,41,140,140,140,176,199,199,224,3,3,3,26,26,149,149,173,16,29,29,29,29,49,49,125,125,159,159,173,173,173],"floor_reached":48,"playtime":1910,"items_purged":["Injury"],"score":524,"play_id":"b1713cd7-cf0e-4e7f-9020-193906940a46","local_time":"20201225130211","is_ascension_mode":false,"campfire_choices":[{"data":"Backstab","floor":6.0,"key":"SMITH"},{"floor":13.0,"key":"REST"},{"floor":15.0,"key":"REST"},{"floor":23.0,"key":"REST"},{"floor":30.0,"key":"REST"},{"floor":32.0,"key":"REST"},{"floor":40,"key":"REST"},{"floor":46,"key":"REST"}],"circlet_count":0,"master_deck":["Strike_G+1","Strike_G+1","Strike_G+1","Strike_G+1","Strike_G+1","Defend_G+1","Defend_G+1","Defend_G+1","Defend_G+1","Survivor","Neutralize+1","Deadly Poison","Backstab+1","Deadly Poison","Bane","Crippling Poison+1","Poisoned Stab+1","Dagger Spray+1","Noxious Fumes+1","Poisoned Stab+1","Corpse Explosion","Noxious Fumes+1","Doubt"],"relics":["Ring of the Snake","NeowsBlessing","Kunai","Golden Idol","Mercury Hourglass","Art of War","SacredBark","MutagenicStrength","Dream Catcher","Blood Vial","Vajra","TheAbacus","Black Star","Regal Pillow","Bag of Marbles","Eternal Feather","Bottled Lightning","Oddly Smooth Stone"],"acts_visited":["Exordium","TheCity","TheBeyond"],"potions_floor_usage":[],"damage_taken":[{"damage":0.0,"enemies":"Cultist","floor":1.0,"turns":1.0},{"damage":0.0,"enemies":"Jaw Worm","floor":2.0,"turns":1.0},{"damage":0.0,"enemies":"2 Louse","floor":4.0,"turns":1.0},{"damage":17.0,"enemies":"Gremlin Nob","floor":8.0,"turns":4.0},{"damage":0.0,"enemies":"Looter","floor":14.0,"turns":2.0},{"damage":37.0,"enemies":"Slime Boss","floor":16.0,"turns":10.0},{"damage":22.0,"enemies":"2 Thieves","floor":18.0,"turns":5.0},{"damage":31.0,"enemies":"Book of Stabbing","floor":24.0,"turns":5.0},{"damage":9.0,"enemies":"3 Byrds","floor":25.0,"turns":3.0},{"damage":0.0,"enemies":"Snecko","floor":27.0,"turns":4.0},{"damage":0.0,"enemies":"Centurion and Healer","floor":31.0,"turns":4.0},{"damage":59.0,"enemies":"Automaton","floor":33.0,"turns":7.0},{"damage":7,"enemies":"3 Darklings","floor":35,"turns":2},{"damage":27,"enemies":"3 Shapes","floor":37,"turns":3},{"damage":16,"enemies":"Sphere and 2 Shapes","floor":41,"turns":3},{"damage":65,"enemies":"Reptomancer","floor":45,"turns":6},{"damage":0,"enemies":"3 Darklings","floor":47,"turns":1},{"damage":57,"enemies":"Giant Head","floor":48,"turns":6}],"seed_played":"-1424817719944937367","potions_obtained":[{"floor":2.0,"key":"Swift Potion"},{"floor":14.0,"key":"CultistPotion"},{"floor":16.0,"key":"DuplicationPotion"},{"floor":25.0,"key":"Ancient Potion"},{"floor":31.0,"key":"DistilledChaos"},{"floor":35,"key":"Ancient Potion"},{"floor":45,"key":"SpeedPotion"}],"is_trial":false,"path_per_floor":["M","M","?","M","$","R","?","E","T","?","?","$","R","M","R","B",null,"M","?","$","?","?","R","E","M","T","M","$","?","R","M","R","B",null,"M","$","M","?","?","R","M","?","T","?","E","R","M","E"],"character_chosen":"THE_SILENT","items_purchased":["Deadly Poison","Kunai","Crippling Poison","Dream Catcher","TheAbacus","Regal Pillow"],"campfire_rested":7,"item_purchase_floors":[5,5,12,20,28,36],"current_hp_per_floor":[70,70,70,70,70,70,70,53,53,46,32,32,53,53,70,33,70,48,48,48,48,48,69,38,31,31,33,33,33,54,56,70,11,70,63,63,38,38,38,70,54,54,54,70,5,53,55,0,0],"gold":173,"neow_bonus":"THREE_ENEMY_KILL","is_daily":false,"chose_seed":false,"campfire_upgraded":1,"win_rate":0.0,"timestamp":1608919331,"path_taken":["M","?","?","M","$","R","?","E","T","?","?","$","R","M","R","BOSS","M","?","$","?","?","R","E","M","T","?","$","?","R","M","R","BOSS","M","$","M","?","?","R","?","?","T","?","E","R","M","E"],"items_purchased_type":["Card","Relic","Card","Relic","Relic","Relic"],"build_version":"2020-12-22","purchased_purges":1,"victory":false,"max_hp_per_floor":[70,70,70,70,70,70,70,70,70,70,70,70,70,70,70,70,70,70,70,70,70,70,70,70,70,70,70,70,70,70,70,70,70,70,70,70,70,70,70,70,70,70,70,70,70,70,70,70,70],"relic_stats":{"Regal Pillow":26,"counters":[18,67],"Golden Idol":112,"Eternal Feather":12,"Mercury Hourglass":[283],"Blood Vial":12,"Dream Catcher":5,"TheAbacus":[30],"Art of War":[1],"Black Star":1,"Kunai":[17],"obtain_stats":[{"Regal Pillow":36,"NeowsBlessing":0,"Golden Idol":7,"SacredBark":17,"Vajra":26,"Oddly Smooth Stone":45,"Eternal Feather":43,"Mercury Hourglass":8,"Blood Vial":24,"Dream Catcher":20,"TheAbacus":28,"MutagenicStrength":19,"Art of War":9,"Black Star":34,"Bag of Marbles":39,"Kunai":5,"Bottled Lightning":45,"Ring of the Snake":0},{"Regal Pillow":13,"NeowsBlessing":0,"Golden Idol":3,"SacredBark":6,"Vajra":9,"Oddly Smooth Stone":16,"Eternal Feather":15,"Mercury Hourglass":4,"Blood Vial":8,"Dream Catcher":7,"TheAbacus":10,"MutagenicStrength":7,"Art of War":4,"Black Star":12,"Bag of Marbles":14,"Kunai":3,"Bottled Lightning":16,"Ring of the Snake":0},{"Regal Pillow":48,"NeowsBlessing":0,"Golden Idol":3,"SacredBark":19,"Vajra":32,"Oddly Smooth Stone":60,"Eternal Feather":54,"Mercury Hourglass":7,"Blood Vial":29,"Dream Catcher":24,"TheAbacus":36,"MutagenicStrength":24,"Art of War":7,"Black Star":47,"Bag of Marbles":51,"Kunai":3,"Bottled Lightning":60,"Ring of the Snake":0}],"Ring of the Snake":[36]},"card_choices":[{"not_picked":["PiercingWail","Reflex"],"picked":"Deadly Poison","floor":1.0},{"not_picked":["Underhanded Strike","All Out Attack"],"picked":"Backstab","floor":2.0},{"not_picked":["Dash","Quick Slash","Flechettes"],"picked":"SKIP","floor":4.0},{"not_picked":["PiercingWail","Dodge and Roll"],"picked":"Bane","floor":8.0},{"not_picked":["Dagger Throw","Escape Plan","Blade Dance"],"picked":"SKIP","floor":14.0},{"not_picked":["Choke+1","Expertise"],"picked":"Poisoned Stab+1","floor":18.0},{"not_picked":["Flying Knee","Calculated Gamble+1"],"picked":"Dagger Spray+1","floor":23.0},{"not_picked":["Glass Knife","Eviscerate","Flying Knee"],"picked":"SKIP","floor":24.0},{"not_picked":["Cloak And Dagger","Deadly Poison","Prepared"],"picked":"SKIP","floor":25.0},{"not_picked":["Dagger Throw+1","Dash","Underhanded Strike"],"picked":"SKIP","floor":27.0},{"not_picked":["Deflect","Expertise"],"picked":"Noxious Fumes+1","floor":31.0},{"not_picked":["Prepared+1","Blur"],"picked":"Poisoned Stab+1","floor":32.0},{"not_picked":["Grand Finale","Venomology"],"picked":"Corpse Explosion","floor":33.0},{"not_picked":["Poisoned Stab+1","Expertise","Distraction+1"],"picked":"SKIP","floor":35},{"not_picked":["Setup+1","Bane+1"],"picked":"Noxious Fumes+1","floor":37},{"not_picked":["Slice","Acrobatics","Dagger Throw"],"picked":"SKIP","floor":41},{"not_picked":["Night Terror","Phantasmal Killer","Quick Slash"],"picked":"SKIP","floor":45},{"not_picked":["Outmaneuver+1","Distraction+1","Flying Knee+1"],"picked":"SKIP","floor":47}],"player_experience":218049,"relics_obtained":[{"floor":8.0,"key":"Mercury Hourglass"},{"floor":9.0,"key":"Art of War"},{"floor":24.0,"key":"Blood Vial"},{"floor":26.0,"key":"Vajra"},{"floor":43,"key":"Eternal Feather"},{"floor":45,"key":"Bottled Lightning"},{"floor":45,"key":"Oddly Smooth Stone"}],"event_choices":[{"damage_healed":0.0,"max_hp_gain":0.0,"max_hp_loss":0.0,"gold_gain":175.0,"event_name":"Liars Game","player_choice":"AGREE","floor":3.0,"gold_loss":0.0,"damage_taken":0.0,"cards_obtained":["Doubt"]},{"damage_healed":0.0,"max_hp_gain":0.0,"max_hp_loss":0.0,"gold_gain":0.0,"event_name":"Golden Idol","player_choice":"Take Wound","floor":7.0,"gold_loss":0.0,"damage_taken":0.0,"relics_obtained":["Golden Idol"],"cards_obtained":["Injury"]},{"cards_removed":["Doubt"],"damage_healed":0.0,"max_hp_gain":0.0,"max_hp_loss":0.0,"gold_gain":0.0,"event_name":"Golden Wing","player_choice":"Card Removal","floor":10.0,"gold_loss":0.0,"damage_taken":7.0},{"damage_healed":0.0,"max_hp_gain":0.0,"max_hp_loss":0.0,"gold_gain":0.0,"event_name":"Shining Light","player_choice":"Entered Light","floor":11.0,"gold_loss":0.0,"damage_taken":14.0,"cards_upgraded":["Neutralize","Strike_G"]},{"damage_healed":0.0,"max_hp_gain":0.0,"max_hp_loss":0.0,"gold_gain":0.0,"event_name":"Drug Dealer","player_choice":"Inject Mutagens","floor":19.0,"gold_loss":0.0,"damage_taken":0.0,"relics_obtained":["MutagenicStrength"]},{"damage_healed":0.0,"max_hp_gain":0.0,"max_hp_loss":0.0,"gold_gain":99.0,"event_name":"Nest","player_choice":"Stole From Cult","floor":21.0,"gold_loss":0.0,"damage_taken":0.0},{"damage_healed":0.0,"max_hp_gain":0.0,"max_hp_loss":0.0,"gold_gain":0.0,"event_name":"Upgrade Shrine","player_choice":"Upgraded","floor":22.0,"gold_loss":0.0,"damage_taken":0.0,"cards_upgraded":["Crippling Poison"]},{"damage_healed":0.0,"max_hp_gain":0.0,"max_hp_loss":0.0,"gold_gain":0.0,"event_name":"Back to Basics","player_choice":"Simplicity","floor":29.0,"gold_loss":0.0,"damage_taken":0.0,"cards_upgraded":["Strike_G","Strike_G","Strike_G","Strike_G","Defend_G","Defend_G","Defend_G","Defend_G","Defend_G"]},{"cards_removed":["Defend_G"],"damage_healed":0,"gold_gain":0,"player_choice":"Removed Skill","damage_taken":0,"max_hp_gain":0,"max_hp_loss":0,"event_name":"Falling","floor":38,"gold_loss":0},{"damage_healed":0,"gold_gain":0,"player_choice":"Gave Potion","damage_taken":0,"relics_obtained":["Bag of Marbles"],"max_hp_gain":0,"max_hp_loss":0,"event_name":"WeMeetAgain","floor":39,"gold_loss":0},{"damage_healed":0,"gold_gain":0,"player_choice":"Ignored","damage_taken":0,"max_hp_gain":0,"max_hp_loss":0,"event_name":"Mysterious Sphere","floor":42,"gold_loss":0},{"damage_healed":16,"gold_gain":0,"player_choice":"Heal","damage_taken":0,"max_hp_gain":0,"max_hp_loss":0,"event_name":"MindBloom","floor":44,"gold_loss":0,"cards_obtained":["Doubt"]}],"is_beta":false,"boss_relics":[{"not_picked":["Astrolabe","Velvet Choker"],"picked":"SacredBark"},{"not_picked":["Cursed Key","Pandora\u0027s Box"],"picked":"Black Star"}],"items_purged_floors":[28],"is_endless":false,"potions_floor_spawned":[2,14,16,25,31,35,45],"killed_by":"Giant Head","ascension_level":0}}