{"host":"xb2tau8pgi8aflss","time":1608906949,"event":{"mods":["AchievementEnabler","BaseMod","Hermit","Minty Spire (QoL Compilation)","StSLib","SuperFastMode"],"gold_per_floor":[116,116,128,148,148,148,51,77,77,77,103,119,136,166,166,269,269,280,71,71,96,96,96,96,96,150,150,26,39,54,84,84,184,184,196,97,97,117,117,151,151,179,179,211,223,34,52,52,52,52],"floor_reached":51,"playtime":2455,"items_purged":["Fission"],"score":1099,"play_id":"cf67176d-2a95-4594-ac95-afbb8f3a3f9c","local_time":"20201225233549","is_ascension_mode":true,"campfire_choices":[{"data":"Defragment","floor":6,"key":"SMITH"},{"floor":10,"key":"REST"},{"floor":15,"key":"REST"},{"floor":23,"key":"REST"},{"data":"Reboot","floor":25,"key":"SMITH"},{"data":"Aggregate","floor":27,"key":"SMITH"},{"floor":32,"key":"REST"},{"data":"Enlightenment","floor":41,"key":"SMITH"},{"data":"Madness","floor":49,"key":"SMITH"}],"circlet_count":0,"master_deck":["Strike_B+1","Strike_B+1","Strike_B+1","Defend_B+1","Defend_B+1","Defend_B+1","Dualcast","Enlightenment+1","Defragment+1","Coolheaded","Genetic Algorithm+1","Streamline","Doom and Gloom","Reboot+1","Seek","BootSequence","Cold Snap","Cold Snap","Echo Form","Aggregate+1","Coolheaded","Conserve Battery","Undo","Turbo","Stack","Conserve Battery+1","Seek","Skim","Genetic Algorithm+1","Stack+1","Madness","Madness+1","Meteor Strike","Sunder","Hologram+1"],"relics":["FrozenCore","TungstenRod","Gambling Chip","The Courier","Calipers","MealTicket","Red Mask","Dead Branch","Bag of Marbles","Membership Card","Orichalcum","Nuclear Battery","Runic Capacitor","Ginger","Pocketwatch","Toy Ornithopter","Unceasing Top","White Beast Statue","Medical Kit"],"acts_visited":["Exordium","TheCity","TheBeyond"],"potions_floor_usage":[14,14,14,14,14,14,30,35,44],"damage_taken":[{"damage":0,"enemies":"Cultist","floor":1,"turns":4},{"damage":13,"enemies":"Jaw Worm","floor":3,"turns":4},{"damage":12,"enemies":"Small Slimes","floor":4,"turns":4},{"damage":35,"enemies":"Gremlin Nob","floor":8,"turns":4},{"damage":23,"enemies":"3 Sentries","floor":11,"turns":5},{"damage":2,"enemies":"Blue Slaver","floor":12,"turns":3},{"damage":0,"enemies":"2 Fungi Beasts","floor":13,"turns":3},{"damage":2,"enemies":"Lagavulin","floor":14,"turns":4},{"damage":19,"enemies":"The Guardian","floor":16,"turns":13},{"damage":1,"enemies":"Spheric Guardian","floor":18,"turns":5},{"damage":48,"enemies":"Masked Bandits","floor":21,"turns":10},{"damage":0,"enemies":"Shell Parasite","floor":29,"turns":4},{"damage":21,"enemies":"Chosen and Byrds","floor":30,"turns":7},{"damage":24,"enemies":"Book of Stabbing","floor":31,"turns":10},{"damage":5,"enemies":"Automaton","floor":33,"turns":22},{"damage":11,"enemies":"3 Darklings","floor":35,"turns":6},{"damage":0,"enemies":"Orb Walker","floor":38,"turns":5},{"damage":0,"enemies":"Reptomancer","floor":40,"turns":8},{"damage":0,"enemies":"Nemesis","floor":42,"turns":7},{"damage":0,"enemies":"Giant Head","floor":44,"turns":13},{"damage":0,"enemies":"Spire Growth","floor":45,"turns":3},{"damage":0,"enemies":"Transient","floor":47,"turns":5},{"damage":42,"enemies":"Time Eater","floor":50,"turns":14}],"seed_played":"-2705494239713642423","potions_obtained":[{"floor":1,"key":"SpeedPotion"},{"floor":3,"key":"PotionOfCapacity"},{"floor":8,"key":"BlessingOfTheForge"},{"floor":12,"key":"EntropicBrew"},{"floor":18,"key":"Strength Potion"},{"floor":29,"key":"SkillPotion"},{"floor":31,"key":"Explosive Potion"},{"floor":35,"key":"BlessingOfTheForge"},{"floor":38,"key":"SpeedPotion"},{"floor":44,"key":"SkillPotion"}],"is_trial":false,"path_per_floor":["M","?","M","M","?","R","$","E","T","R","E","M","M","E","R","B",null,"M","$","?","?","?","R","T","R","T","R","$","M","M","E","R","B",null,"M","$","?","M","?","E","R","E","T","E","M","$","M","?","R","B",null],"character_chosen":"DEFECT","items_purchased":["Streamline","Doom and Gloom","MealTicket","Coolheaded","Conserve Battery","Membership Card","Runic Capacitor","Sunder","White Beast Statue","Medical Kit"],"campfire_rested":4,"item_purchase_floors":[7,7,19,19,19,28,36,46,46,46],"current_hp_per_floor":[75,68,55,43,43,43,43,8,8,30,7,5,5,3,25,6,58,57,57,57,9,9,31,31,31,31,31,46,46,25,1,23,18,61,50,65,65,65,57,57,57,57,57,62,62,75,75,75,75,33],"gold":52,"neow_bonus":"RANDOM_COLORLESS","is_daily":false,"chose_seed":false,"campfire_upgraded":5,"win_rate":0.0,"timestamp":1608906949,"path_taken":["M","?","M","M","?","R","$","E","T","R","E","M","?","E","R","BOSS","M","?","?","?","?","R","?","R","T","R","$","?","M","E","R","BOSS","M","$","?","?","?","E","R","E","T","E","M","$","M","?","R","BOSS"],"items_purchased_type":["Card","Card","Relic","Card","Card","Relic","Relic","Card","Relic","Relic"],"build_version":"2020-12-22","purchased_purges":1,"victory":true,"max_hp_per_floor":[75,75,75,75,75,75,75,75,75,75,75,75,75,75,75,75,75,75,75,75,75,75,75,75,75,75,75,75,75,75,75,75,75,75,75,75,75,75,75,75,75,75,75,75,75,75,75,75,75,75],"card_choices":[{"not_picked":["Madness","Deep Breath"],"picked":"Enlightenment","floor":0},{"not_picked":["Conserve Battery","Coolheaded"],"picked":"Defragment","floor":1},{"not_picked":["Leap","BootSequence"],"picked":"Coolheaded","floor":3},{"not_picked":["Go for the Eyes","Scrape"],"picked":"Genetic Algorithm","floor":4},{"not_picked":["Barrage","Tempest"],"picked":"Reboot","floor":8},{"not_picked":["Sweeping Beam","Compile Driver"],"picked":"Seek","floor":11},{"not_picked":["Barrage","Coolheaded"],"picked":"BootSequence","floor":12},{"not_picked":["Hologram","Redo"],"picked":"Cold Snap","floor":13},{"not_picked":["Hello World","Leap"],"picked":"Cold Snap","floor":14},{"not_picked":["Amplify","Fission"],"picked":"Echo Form","floor":16},{"not_picked":["Stack","Beam Cell"],"picked":"Aggregate","floor":18},{"not_picked":["Aggregate","Ball Lightning"],"picked":"Undo","floor":21},{"not_picked":["Leap+1","Static Discharge","Gash"],"picked":"SKIP","floor":29},{"not_picked":["Sweeping Beam","Tempest"],"picked":"Stack","floor":30},{"not_picked":["Stack+1","Go for the Eyes"],"picked":"Conserve Battery+1","floor":31},{"not_picked":["Amplify","Electrodynamics"],"picked":"Seek","floor":33},{"not_picked":["Doom and Gloom","Redo"],"picked":"Skim","floor":35},{"not_picked":["Sweeping Beam+1","Aggregate+1"],"picked":"Stack+1","floor":38},{"not_picked":["Barrage","Turbo"],"picked":"Meteor Strike","floor":40},{"not_picked":["Rip and Tear","Self Repair+1"],"picked":"Sunder","floor":42},{"not_picked":["Multi-Cast","Go for the Eyes","Lockon+1"],"picked":"SKIP","floor":44},{"not_picked":["Redo+1","Gash+1","Static Discharge+1"],"picked":"SKIP","floor":45},{"not_picked":["Storm+1","Ball Lightning+1"],"picked":"Hologram+1","floor":47}],"player_experience":763620,"relics_obtained":[{"floor":8,"key":"TungstenRod"},{"floor":9,"key":"Gambling Chip"},{"floor":11,"key":"The Courier"},{"floor":14,"key":"Calipers"},{"floor":21,"key":"Red Mask"},{"floor":24,"key":"Dead Branch"},{"floor":26,"key":"Bag of Marbles"},{"floor":31,"key":"Orichalcum"},{"floor":40,"key":"Ginger"},{"floor":42,"key":"Pocketwatch"},{"floor":43,"key":"Toy Ornithopter"},{"floor":44,"key":"Unceasing Top"}],"event_choices":[{"cards_removed":["Defend_B"],"damage_healed":0,"gold_gain":0,"player_choice":"Card Removal","damage_taken":7,"max_hp_gain":0,"max_hp_loss":0,"event_name":"Golden Wing","floor":2,"gold_loss":0},{"damage_healed":0,"gold_gain":0,"player_choice":"Upgraded","damage_taken":0,"max_hp_gain":0,"max_hp_loss":0,"event_name":"Upgrade Shrine","floor":5,"gold_loss":0,"cards_upgraded":["Genetic Algorithm"]},{"damage_healed":0,"gold_gain":0,"player_choice":"Simplicity","damage_taken":0,"max_hp_gain":0,"max_hp_loss":0,"event_name":"Back to Basics","floor":20,"gold_loss":0,"cards_upgraded":["Strike_B","Strike_B","Strike_B","Strike_B","Defend_B","Defend_B","Defend_B"]},{"damage_healed":0,"gold_gain":0,"player_choice":"Fought Bandits","damage_taken":0,"max_hp_gain":0,"max_hp_loss":0,"event_name":"Masked Bandits","floor":21,"gold_loss":0},{"damage_healed":0,"gold_gain":0,"cards_transformed":["Zap","Strike_B"],"player_choice":"Became Test Subject","damage_taken":0,"max_hp_gain":0,"max_hp_loss":0,"event_name":"Drug Dealer","floor":22,"gold_loss":0,"cards_obtained":["Fission","Turbo"]},{"damage_healed":0,"gold_gain":0,"player_choice":"Copied","damage_taken":0,"max_hp_gain":0,"max_hp_loss":0,"event_name":"Duplicator","floor":37,"gold_loss":0,"cards_obtained":["Genetic Algorithm"]},{"damage_healed":0,"gold_gain":0,"player_choice":"Embrace Madness","damage_taken":9,"max_hp_gain":0,"max_hp_loss":0,"event_name":"Winding Halls","floor":39,"gold_loss":0,"cards_obtained":["Madness","Madness"]},{"cards_removed":["Sunder"],"damage_healed":0,"gold_gain":0,"player_choice":"Removed Attack","damage_taken":0,"max_hp_gain":0,"max_hp_loss":0,"event_name":"Falling","floor":48,"gold_loss":0}],"is_beta":false,"boss_relics":[{"not_picked":["Inserter","Pandora\u0027s Box"],"picked":"FrozenCore"},{"not_picked":["Calling Bell","Runic Dome"],"picked":"Nuclear Battery"}],"items_purged_floors":[36],"is_endless":false,"potions_floor_spawned":[1,3,8,12,18,29,31,35,38,44,47],"ascension_level":5}}