{"host":"4ag909k4xupnj24b","time":1608864090,"event":{"mods":["BaseMod","Minty Spire (QoL Compilation)","StSLib"],"gold_per_floor":[109,209,226,240,258,258,268,268,268,268,268,302,302,329,329,427,427,440,452,44,44,44,75,75,105,105,105,105,105],"floor_reached":28,"playtime":4429,"items_purged":["Strike_G"],"score":396,"play_id":"3563a464-8324-4b7e-8f23-083af0890d52","local_time":"20201224184130","is_ascension_mode":true,"campfire_choices":[{"data":"Die Die Die","floor":6,"key":"SMITH"},{"data":"Poisoned Stab","floor":8,"key":"SMITH"},{"data":"Dodge and Roll","floor":10,"key":"SMITH"},{"data":"Trip","floor":13,"key":"SMITH"},{"floor":15,"key":"REST"},{"floor":24,"key":"REST"},{"data":"Footwork","floor":27,"key":"SMITH"}],"circlet_count":0,"master_deck":["AscendersBane","Strike_G","Strike_G","Strike_G","Strike_G","Defend_G","Defend_G","Defend_G","Defend_G","Defend_G","Survivor","Neutralize","Dodge and Roll+1","Poisoned Stab+1","Underhanded Strike","Die Die Die+1","Backflip","Slice+1","Trip+1","Poisoned Stab+1","Endless Agony+1","Die Die Die+1","Skewer+1","Deadly Poison","Footwork+1","Cloak And Dagger","Sucker Punch+1"],"relics":["Sozu","Molten Egg 2","Juzu Bracelet","Ornamental Fan","Black Star","Paper Crane","Strawberry","Bottled Lightning","Letter Opener","Akabeko","Darkstone Periapt"],"acts_visited":["Exordium","TheCity"],"potions_floor_usage":[],"damage_taken":[{"damage":0,"enemies":"Jaw Worm","floor":1,"turns":4},{"damage":0,"enemies":"Cultist","floor":3,"turns":5},{"damage":0,"enemies":"2 Louse","floor":4,"turns":3},{"damage":2,"enemies":"Looter","floor":5,"turns":4},{"damage":13,"enemies":"Blue Slaver","floor":7,"turns":3},{"damage":15,"enemies":"3 Sentries","floor":12,"turns":9},{"damage":16,"enemies":"Gremlin Nob","floor":14,"turns":3},{"damage":19,"enemies":"The Guardian","floor":16,"turns":11},{"damage":6,"enemies":"Shell Parasite","floor":18,"turns":5},{"damage":9,"enemies":"2 Thieves","floor":19,"turns":3},{"damage":31,"enemies":"Book of Stabbing","floor":23,"turns":7},{"damage":33,"enemies":"Slavers","floor":25,"turns":7},{"damage":22,"enemies":"Snake Plant","floor":28,"turns":3}],"seed_played":"1500678963922214898","potions_obtained":[],"is_trial":false,"path_per_floor":["M","?","M","M","M","R","M","R","T","R","?","E","R","E","R","B",null,"M","M","$","?","?","E","R","E","T","R","M"],"character_chosen":"THE_SILENT","items_purchased":["Paper Crane","Footwork"],"campfire_rested":2,"item_purchase_floors":[20,20],"current_hp_per_floor":[63,63,63,63,61,61,48,48,48,48,48,33,33,17,38,19,57,51,42,42,65,56,32,55,22,22,22,0,0],"gold":105,"neow_bonus":"BOSS_RELIC","is_daily":false,"chose_seed":false,"campfire_upgraded":5,"win_rate":0.0,"timestamp":1608864090,"path_taken":["M","?","M","M","?","R","M","R","T","R","?","E","R","E","R","BOSS","M","M","$","?","?","E","R","E","T","R","M"],"items_purchased_type":["Relic","Card"],"build_version":"2020-12-22","purchased_purges":1,"victory":false,"max_hp_per_floor":[70,70,70,70,70,70,70,70,70,70,70,70,70,70,70,70,70,70,70,70,70,70,77,77,77,77,77,77,77],"card_choices":[{"not_picked":["Outmaneuver","Setup"],"picked":"Dodge and Roll","floor":1},{"not_picked":["Masterful Stab","Deflect"],"picked":"Poisoned Stab","floor":3},{"not_picked":["Endless Agony","Dodge and Roll"],"picked":"Underhanded Strike","floor":4},{"not_picked":["Quick Slash","Flying Knee"],"picked":"Die Die Die","floor":5},{"not_picked":["Quick Slash","Blade Dance"],"picked":"Backflip","floor":7},{"not_picked":["Grand Finale+1","Cloak And Dagger"],"picked":"Poisoned Stab+1","floor":12},{"not_picked":["Outmaneuver","Calculated Gamble"],"picked":"Endless Agony+1","floor":14},{"not_picked":["Unload+1","Night Terror"],"picked":"Die Die Die+1","floor":16},{"not_picked":["Deadly Poison","Predator+1"],"picked":"Skewer+1","floor":18},{"not_picked":["Dagger Throw+1","Choke+1"],"picked":"Deadly Poison","floor":19},{"not_picked":["Dodge and Roll","Escape Plan+1"],"picked":"Cloak And Dagger","floor":23},{"not_picked":["Dagger Throw+1","Outmaneuver+1"],"picked":"Sucker Punch+1","floor":25}],"player_experience":800556,"relics_obtained":[{"floor":9,"key":"Molten Egg 2"},{"floor":12,"key":"Juzu Bracelet"},{"floor":14,"key":"Ornamental Fan"},{"floor":23,"key":"Strawberry"},{"floor":23,"key":"Bottled Lightning"},{"floor":25,"key":"Letter Opener"},{"floor":25,"key":"Akabeko"},{"floor":26,"key":"Darkstone Periapt"}],"event_choices":[{"damage_healed":0,"gold_gain":100,"player_choice":"Pray","damage_taken":0,"max_hp_gain":0,"max_hp_loss":0,"event_name":"Golden Shrine","floor":2,"gold_loss":0},{"damage_healed":0,"gold_gain":0,"player_choice":"2 cards matched","damage_taken":0,"max_hp_gain":0,"max_hp_loss":0,"event_name":"Match and Keep!","floor":11,"gold_loss":0,"cards_obtained":["Slice","Trip"]},{"damage_healed":23,"gold_gain":0,"player_choice":"Heal","damage_taken":0,"max_hp_gain":0,"max_hp_loss":0,"event_name":"The Library","floor":21,"gold_loss":0},{"damage_healed":0,"gold_gain":0,"player_choice":"Stopped","damage_taken":9,"max_hp_gain":0,"max_hp_loss":0,"event_name":"Cursed Tome","floor":22,"gold_loss":0}],"is_beta":false,"boss_relics":[{"not_picked":["HoveringKite","Cursed Key"],"picked":"Black Star"}],"items_purged_floors":[20],"is_endless":false,"potions_floor_spawned":[1,4,14,16,23],"killed_by":"Snake Plant","ascension_level":10}}