{"host":"uqku1jlo3s1abgrh","time":1608899149,"event":{"mods":["BaseMod","ChefMod","Downfall","Minty Spire (QoL Compilation)","Robot Space Explorer","StSLib","The Dragon Tamer"],"gold_per_floor":[117,127,127,140,140,170,186,186,209,209,209,219,238,83,83,181,181,193,212,212,230,230,264,264,296,296,371,271,118,129,148,148,251,251,269,284,296,22,0,12,44,55,81,81,96,96,115,115,115,115,115,115,28,61,61,61],"floor_reached":55,"playtime":5376,"items_purged":["RobotSpaceExplorer:Defend","RobotSpaceExplorer:Strike","RobotSpaceExplorer:Defend"],"score":766,"play_id":"a502db9b-32cc-44e6-89f4-007562282e8b","local_time":"20201225202549","is_ascension_mode":false,"campfire_choices":[{"data":"RobotSpaceExplorer:LaserBurst","floor":8,"key":"SMITH"},{"data":"RobotSpaceExplorer:Multitool","floor":10,"key":"SMITH"},{"data":"RobotSpaceExplorer:StarLightning","floor":15,"key":"SMITH"},{"data":"RobotSpaceExplorer:DualCore","floor":24,"key":"SMITH"},{"data":"RobotSpaceExplorer:ScrapToss","floor":32,"key":"SMITH"},{"floor":44,"key":"RECALL"},{"floor":49,"key":"REST"},{"data":"RobotSpaceExplorer:JunkDive","floor":52,"key":"SMITH"}],"circlet_count":0,"master_deck":["RobotSpaceExplorer:Strike+1","RobotSpaceExplorer:Defend","RobotSpaceExplorer:Scan","RobotSpaceExplorer:MiniLasers+1","RobotSpaceExplorer:SurgingShield+1","RobotSpaceExplorer:DualCore+1","RobotSpaceExplorer:LaserBurst+1","RobotSpaceExplorer:SurgingShield","RobotSpaceExplorer:Pulsar","RobotSpaceExplorer:Multitool+1","RobotSpaceExplorer:JunkDive+1","RobotSpaceExplorer:GearShield+1","RobotSpaceExplorer:StarLightning+1","RobotSpaceExplorer:StarLightning+1","RobotSpaceExplorer:ScrapToss+1","Impatience"],"relics":["RobotSpaceExplorer:RoboCore","NeowsBlessing","Centennial Puzzle","RobotSpaceExplorer:ClockworkSextant","SlaversCollar","Dream Catcher","MealTicket","Kunai","Juzu Bracelet","PreservedInsect","Busted Crown","War Paint","Bronze Scales","Red Mask","Meat on the Bone","Shuriken"],"acts_visited":["Exordium","TheCity","TheBeyond","TheEnding"],"potions_floor_usage":[6,6,21,55,55],"damage_taken":[{"damage":0,"enemies":"2 Louse","floor":1,"turns":1},{"damage":0,"enemies":"Small Slimes","floor":2,"turns":1},{"damage":0,"enemies":"Cultist","floor":4,"turns":1},{"damage":5,"enemies":"Lagavulin","floor":6,"turns":7},{"damage":5,"enemies":"Blue Slaver","floor":7,"turns":3},{"damage":8,"enemies":"Exordium Thugs","floor":12,"turns":3},{"damage":3,"enemies":"Exordium Wildlife","floor":13,"turns":3},{"damage":0,"enemies":"Slime Boss","floor":16,"turns":8},{"damage":5,"enemies":"Shell Parasite","floor":18,"turns":3},{"damage":5,"enemies":"3 Byrds","floor":19,"turns":5},{"damage":3,"enemies":"Snecko","floor":21,"turns":5},{"damage":3,"enemies":"Book of Stabbing","floor":23,"turns":4},{"damage":4,"enemies":"Slavers","floor":25,"turns":4},{"damage":9,"enemies":"3 Cultists","floor":30,"turns":5},{"damage":13,"enemies":"Shelled Parasite and Fungi","floor":31,"turns":3},{"damage":8,"enemies":"Collector","floor":33,"turns":6},{"damage":1,"enemies":"Orb Walker","floor":35,"turns":4},{"damage":18,"enemies":"3 Darklings","floor":36,"turns":6},{"damage":0,"enemies":"4 Shapes","floor":37,"turns":6},{"damage":0,"enemies":"Transient","floor":40,"turns":5},{"damage":0,"enemies":"Giant Head","floor":41,"turns":5},{"damage":5,"enemies":"Spire Growth","floor":42,"turns":4},{"damage":22,"enemies":"Writhing Mass","floor":45,"turns":5},{"damage":0,"enemies":"Jaw Worm Horde","floor":47,"turns":3},{"damage":6,"enemies":"Donu and Deca","floor":50,"turns":7},{"damage":4,"enemies":"Shield and Spear","floor":54,"turns":4},{"damage":86,"enemies":"The Heart","floor":55,"turns":5}],"seed_played":"-5803589854341697536","potions_obtained":[{"floor":2,"key":"RobotSpaceExplorer:LiquidFusion"},{"floor":4,"key":"BlessingOfTheForge"},{"floor":6,"key":"champ:CounterPotion"},{"floor":12,"key":"SpeedPotion"},{"floor":18,"key":"Fire Potion"},{"floor":21,"key":"Strength Potion"},{"floor":25,"key":"PowerPotion"}],"is_trial":false,"path_per_floor":["M","M","?","M","?","E","M","R","T","R","?","M","M","$","R","B",null,"M","M","?","M","?","E","R","E","T","?","$","$","M","M","R","B",null,"M","M","M","$","?","M","E","M","T","R","M","?","M","?","R","B",null,"R","$","E","B"],"character_chosen":"RobotSpaceExplorer","items_purchased":["RobotSpaceExplorer:StarLightning","PreservedInsect","Bronze Scales","Impatience"],"campfire_rested":1,"item_purchase_floors":[14,29,38,53],"current_hp_per_floor":[75,75,60,60,60,55,50,50,50,50,50,42,39,39,39,39,75,70,65,65,62,62,59,59,55,55,48,63,75,66,53,53,45,75,74,56,56,71,71,71,71,66,66,66,44,44,44,44,66,60,75,75,75,71,0,0],"gold":61,"neow_bonus":"THREE_ENEMY_KILL","is_daily":false,"chose_seed":false,"campfire_upgraded":6,"win_rate":0.0,"timestamp":1608899149,"path_taken":["M","M","?","M","?","E","?","R","T","R","?","M","M","$","R","BOSS","M","M","?","M","?","E","R","E","T","?","?","$","M","M","R","BOSS","M","M","M","$","?","M","E","M","T","R","M","?","M","?","R","BOSS","R","$","E","BOSS"],"items_purchased_type":["Card","Relic","Relic","Card"],"build_version":"2020-12-22","purchased_purges":3,"victory":false,"max_hp_per_floor":[75,75,75,75,75,75,75,75,75,75,75,75,75,75,75,75,75,75,75,75,75,75,75,75,75,75,75,75,75,75,75,75,75,75,75,75,75,75,75,75,75,75,75,75,75,75,75,75,75,75,75,75,75,75,75,75],"card_choices":[{"not_picked":["RobotSpaceExplorer:Probe","RobotSpaceExplorer:StunGrenade"],"picked":"RobotSpaceExplorer:SurgingShield","floor":1},{"not_picked":["RobotSpaceExplorer:StunGrenade","RobotSpaceExplorer:ToxicBomb"],"picked":"RobotSpaceExplorer:DualCore","floor":2},{"not_picked":["RobotSpaceExplorer:ToxicBomb","RobotSpaceExplorer:Ammunition"],"picked":"RobotSpaceExplorer:LaserBurst","floor":4},{"not_picked":["RobotSpaceExplorer:ScrapToss","RobotSpaceExplorer:Blitz"],"picked":"RobotSpaceExplorer:Pulsar","floor":6},{"not_picked":["RobotSpaceExplorer:Calculate","RobotSpaceExplorer:Electroshield"],"picked":"RobotSpaceExplorer:Multitool","floor":7},{"not_picked":["RobotSpaceExplorer:ExhaustFan","RobotSpaceExplorer:LuckyStrike"],"picked":"RobotSpaceExplorer:JunkDive","floor":12},{"not_picked":["RobotSpaceExplorer:LaserBurst","RobotSpaceExplorer:FrostMissile"],"picked":"RobotSpaceExplorer:GearShield","floor":13},{"not_picked":["RobotSpaceExplorer:BlastShield","RobotSpaceExplorer:Explosion"],"picked":"RobotSpaceExplorer:Exploration","floor":16},{"not_picked":["RobotSpaceExplorer:SwiftStep","RobotSpaceExplorer:ToxicBomb","RobotSpaceExplorer:PowerGlove"],"picked":"SKIP","floor":18},{"not_picked":["RobotSpaceExplorer:GlueShot+1","RobotSpaceExplorer:FreezingShield","RobotSpaceExplorer:FrostMissile"],"picked":"SKIP","floor":19},{"not_picked":["RobotSpaceExplorer:MiniDrones","RobotSpaceExplorer:SwiftStep","RobotSpaceExplorer:Pulsar"],"picked":"SKIP","floor":21},{"not_picked":["RobotSpaceExplorer:StunGrenade","RobotSpaceExplorer:Discharger","RobotSpaceExplorer:GlueShot"],"picked":"SKIP","floor":23},{"not_picked":["RobotSpaceExplorer:Pulsar","RobotSpaceExplorer:FranticSearch","RobotSpaceExplorer:Ammunition"],"picked":"SKIP","floor":25},{"not_picked":["RobotSpaceExplorer:StarDust","RobotSpaceExplorer:MetalStrike+1"],"picked":"RobotSpaceExplorer:ScrapToss","floor":30},{"not_picked":["RobotSpaceExplorer:FranticSearch","RobotSpaceExplorer:DualCore","RobotSpaceExplorer:Smokescreen"],"picked":"SKIP","floor":31},{"not_picked":["RobotSpaceExplorer:ShockMissile","RobotSpaceExplorer:Explosion"],"picked":"RobotSpaceExplorer:Exploration","floor":33},{"not_picked":["RobotSpaceExplorer:GlueSpray"],"picked":"SKIP","floor":35},{"not_picked":["RobotSpaceExplorer:ImprovisedAttack+1"],"picked":"SKIP","floor":36},{"not_picked":["RobotSpaceExplorer:ImprovisedAttack+1"],"picked":"SKIP","floor":36},{"not_picked":["RobotSpaceExplorer:Discharger"],"picked":"SKIP","floor":37},{"not_picked":["RobotSpaceExplorer:LaserBurst+1"],"picked":"SKIP","floor":40},{"not_picked":["RobotSpaceExplorer:DualCore+1"],"picked":"SKIP","floor":41},{"not_picked":["RobotSpaceExplorer:GlueShot"],"picked":"SKIP","floor":42},{"not_picked":["RobotSpaceExplorer:Jetpack"],"picked":"SKIP","floor":45},{"not_picked":["RobotSpaceExplorer:ShockKick+1"],"picked":"SKIP","floor":47},{"not_picked":["RobotSpaceExplorer:FranticSearch"],"picked":"SKIP","floor":54}],"player_experience":220327,"relics_obtained":[{"floor":6,"key":"Centennial Puzzle"},{"floor":9,"key":"RobotSpaceExplorer:ClockworkSextant"},{"floor":21,"key":"Dream Catcher"},{"floor":23,"key":"MealTicket"},{"floor":25,"key":"Kunai"},{"floor":26,"key":"Juzu Bracelet"},{"floor":36,"key":"War Paint"},{"floor":41,"key":"Meat on the Bone"},{"floor":54,"key":"Shuriken"}],"event_choices":[{"damage_healed":0,"gold_gain":0,"player_choice":"Entered Light","damage_taken":15,"max_hp_gain":0,"max_hp_loss":0,"event_name":"Shining Light","floor":3,"gold_loss":0,"cards_upgraded":["RobotSpaceExplorer:Strike","RobotSpaceExplorer:MiniLasers"]},{"damage_healed":0,"gold_gain":0,"cards_transformed":["RobotSpaceExplorer:Strike"],"player_choice":"Transformed","damage_taken":0,"max_hp_gain":0,"max_hp_loss":0,"event_name":"Transmorgrifier","floor":5,"gold_loss":0,"cards_obtained":["RobotSpaceExplorer:SurgingShield"]},{"cards_removed":["RobotSpaceExplorer:Defend"],"damage_healed":0,"gold_gain":0,"player_choice":"Card Removal","damage_taken":0,"max_hp_gain":0,"max_hp_loss":0,"event_name":"Wheel of Change","floor":11,"gold_loss":0},{"damage_healed":0,"gold_gain":0,"player_choice":"Ignored","damage_taken":0,"max_hp_gain":0,"max_hp_loss":0,"event_name":"Cursed Tome","floor":20,"gold_loss":0},{"damage_healed":0,"gold_gain":0,"player_choice":"Copied","damage_taken":0,"max_hp_gain":0,"max_hp_loss":0,"event_name":"Duplicator","floor":22,"gold_loss":0,"cards_obtained":["RobotSpaceExplorer:StarLightning"]},{"damage_healed":0,"gold_gain":75,"player_choice":"Touch","damage_taken":7,"max_hp_gain":0,"max_hp_loss":0,"event_name":"FaceTrader","floor":27,"gold_loss":0},{"damage_healed":0,"gold_gain":0,"player_choice":"Paid","damage_taken":0,"relics_obtained":["Red Mask"],"max_hp_gain":0,"max_hp_loss":0,"event_name":"Tomb of Lord Red Mask","floor":39,"gold_loss":22},{"cards_removed":["RobotSpaceExplorer:Strike"],"damage_healed":0,"gold_gain":0,"player_choice":"Purged","damage_taken":0,"max_hp_gain":0,"max_hp_loss":0,"event_name":"Purifier","floor":46,"gold_loss":0},{"damage_healed":0,"gold_gain":0,"player_choice":"0 cards matched","damage_taken":0,"max_hp_gain":0,"max_hp_loss":0,"event_name":"Match and Keep!","floor":48,"gold_loss":0,"cards_obtained":[]}],"is_beta":false,"boss_relics":[{"not_picked":["Fusion Hammer","Snecko Eye"],"picked":"SlaversCollar"},{"not_picked":["Runic Dome","Velvet Choker"],"picked":"Busted Crown"}],"items_purged_floors":[14,28,38],"is_endless":false,"potions_floor_spawned":[2,4,6,12,18,21,25,36,37,41,45,54],"killed_by":"The Heart","ascension_level":0}}