{"host":"j019w4cyowrad0mf","time":1608860766,"event":{"mods":["2.2 Compatiblity","Act Like it!","BaseMod","CapriCore","Gensokyo","HololiveMod","Marisa????????","Minty Spire (QoL Compilation)","Reimu??????","StSLib","Waifu the Spire","WarShipGirlsR/????R mod"],"gold_per_floor":[118,31,31,12,25,25,0,0,27,52,68,68,328,355,355,457,457,476,476,488,488,488],"floor_reached":21,"playtime":1740,"items_purged":[],"score":212,"play_id":"41bb033d-2e7c-419a-baf7-6a4343f91f41","local_time":"20201224174606","is_ascension_mode":false,"campfire_choices":[{"data":"rmod:diamondstrike","floor":6,"key":"SMITH"},{"data":"rmod:basicallowance","floor":8,"key":"SMITH"},{"data":"rmod:fuelsupply","floor":12,"key":"SMITH"},{"data":"rmod:expedition","floor":15,"key":"SMITH"}],"circlet_count":0,"master_deck":["rmod:strick","rmod:strick","rmod:strick","rmod:strick","rmod:defend","rmod:defend","rmod:defend","rmod:defend","rmod:basicallowance+1","rmod:maingunfire","rmod:selfconfidence","rmod:expedition","rmod:fuelsupply+1","Pain","rmod:diamondstrike+1","rmod:ring","rmod:expedition+1","rmod:tearstotiara","rmod:aggressivemary","rmod:desperatesituation","CurseOfTheBell","rmod:capitalist+1","rmod:maintain","rmod:supportaircraftcarrier"],"relics":["rmod:firstchargereward","Nunchaku","Gensokyo:LunaticRedEyes","Oddly Smooth Stone","Sundial","Calling Bell","Potion Belt","Shuriken","WingedGreaves"],"acts_visited":["Exordium","Gensokyo:Gensokyo"],"potions_floor_usage":[13,14,14,16,20],"damage_taken":[{"damage":11,"enemies":"Gensokyo:Python","floor":1,"turns":3},{"damage":6,"enemies":"Gensokyo:2_Kodama","floor":5,"turns":3},{"damage":22,"enemies":"Gensokyo:Cirno","floor":10,"turns":8},{"damage":0,"enemies":"Gensokyo:3_Fairies","floor":11,"turns":2},{"damage":1,"enemies":"Gensokyo:LivingMonolith","floor":13,"turns":3},{"damage":5,"enemies":"Gensokyo:Mamizou","floor":14,"turns":8},{"damage":21,"enemies":"Gensokyo:Kokoro","floor":16,"turns":11},{"damage":44,"enemies":"Gensokyo:CosmicMonolith","floor":18,"turns":7},{"damage":30,"enemies":"Gensokyo:3_Dogs","floor":20,"turns":4},{"damage":12,"enemies":"Gensokyo:3_Gloops","floor":21,"turns":4}],"seed_played":"3166838203688565556","potions_obtained":[{"floor":1,"key":"BlessingOfTheForge"},{"floor":10,"key":"SkillPotion"},{"floor":11,"key":"AttackPotion"},{"floor":13,"key":"Regen Potion"},{"floor":16,"key":"Explosive Potion"},{"floor":18,"key":"GrandPatriotsElixir:ReiMu"}],"is_trial":false,"path_per_floor":["M","$","?","COS","M","R","?","R","T","E","M","R","M","E","R","B",null,"M","?","M","M"],"character_chosen":"PRAEFECT","items_purchased":["rmod:expedition","rmod:fuelsupply"],"campfire_rested":0,"item_purchase_floors":[2,2],"current_hp_per_floor":[64,64,64,64,58,58,70,70,70,48,48,48,47,57,57,36,75,31,31,1,0,0],"gold":488,"neow_bonus":"RANDOM_COMMON_RELIC","is_daily":false,"chose_seed":false,"campfire_upgraded":4,"win_rate":0.0,"timestamp":1608860766,"path_taken":["M","$","?","COS","M","R","?","R","T","E","?","R","M","E","R","BOSS","M","?","M","M"],"items_purchased_type":["Card","Card"],"build_version":"2020-12-22","purchased_purges":0,"victory":false,"max_hp_per_floor":[75,75,75,75,75,75,75,75,75,75,75,75,75,75,75,75,75,75,75,75,75,75],"card_choices":[{"not_picked":["rmod:smokecover","rmod:combined"],"picked":"rmod:selfconfidence","floor":1},{"not_picked":["rmod:maintain","rmod:goodfighter"],"picked":"rmod:diamondstrike","floor":5},{"not_picked":["rmod:maintain","rmod:ammunitionsupply"],"picked":"rmod:ring","floor":10},{"not_picked":["rmod:rockthrower","rmod:capitalist"],"picked":"rmod:expedition","floor":11},{"not_picked":["rmod:luckystar","rmod:supriseattacks"],"picked":"rmod:tearstotiara","floor":13},{"not_picked":["rmod:circuitoustactics","rmod:slowdown"],"picked":"rmod:aggressivemary","floor":14},{"not_picked":["rmod:supriseattacks","rmod:abidefaith"],"picked":"rmod:desperatesituation","floor":16},{"not_picked":["rmod:combined+1","rmod:goodsister"],"picked":"rmod:capitalist+1","floor":18},{"not_picked":[],"picked":"rmod:maintain","floor":19},{"not_picked":["rmod:diaomin","rmod:openingtorpedo+1"],"picked":"rmod:supportaircraftcarrier","floor":20}],"player_experience":306767,"relics_obtained":[{"floor":10,"key":"Oddly Smooth Stone"},{"floor":14,"key":"Sundial"},{"floor":17,"key":"Potion Belt"},{"floor":17,"key":"Shuriken"},{"floor":17,"key":"WingedGreaves"}],"event_choices":[],"is_beta":false,"boss_relics":[{"not_picked":["Busted Crown","Runic Dome"],"picked":"Calling Bell"}],"items_purged_floors":[],"is_endless":false,"potions_floor_spawned":[1,10,11,13,16,18],"killed_by":"Gensokyo:3_Gloops","ascension_level":0}}