{"host":"gn186bjtwta2igqx","time":1608903910,"event":{"mods":["BaseMod","BetterRewards","Colored Map","Downfall","Infinite Spire","Minty Spire (QoL Compilation)","StSLib"],"gold_per_floor":[0,12,27,46,57,57,57,77,77,90,117,117,117,134,150,150,150,150],"floor_reached":16,"playtime":880,"items_purged":[],"score":106,"play_id":"c230ad60-03fa-4374-b6f2-39e53d06ff5f","local_time":"20201225144510","is_ascension_mode":false,"campfire_choices":[{"floor":1,"key":"RECALL"},{"floor":13,"key":"REST"}],"circlet_count":0,"master_deck":["Slimebound:Strike_Slimebound","Slimebound:Strike_Slimebound+1","Slimebound:Strike_Slimebound","Slimebound:Tackle","Slimebound:Defend_Slimebound+1","Slimebound:Defend_Slimebound","Slimebound:Defend_Slimebound","Slimebound:Defend_Slimebound","Slimebound:Split+1","Slimebound:CorrosiveSpit","Slimebound:OozeBath","Slimebound:GoopSpray","Slimebound:SlimeSpikes","Slimebound:SamplingLick","Slimebound:SplitBruiser+1","Regret","Slimebound:FinishingTackle","Slimebound:RollThrough","Slimebound:Equalize","Slimebound:ViciousTackle","Slimebound:Prepare"],"relics":["Slimebound:AbsorbEndCombat","Blue Candle","Matryoshka","infinitespire:EmpoweringShard"],"acts_visited":["Exordium"],"potions_floor_usage":[11,14],"damage_taken":[{"damage":15,"enemies":"Small Slimes","floor":2,"turns":3},{"damage":7,"enemies":"2 Louse","floor":3,"turns":3},{"damage":12,"enemies":"Jaw Worm","floor":4,"turns":3},{"damage":19,"enemies":"Blue Slaver","floor":5,"turns":4},{"damage":4,"enemies":"2 Fungi Beasts","floor":8,"turns":3},{"damage":23,"enemies":"3 Louse","floor":10,"turns":3},{"damage":13,"enemies":"3 Sentries","floor":11,"turns":5},{"damage":30,"enemies":"Exordium Wildlife","floor":14,"turns":4},{"damage":12,"enemies":"Red Slaver","floor":15,"turns":2},{"damage":39,"enemies":"downfall:Defect","floor":16,"turns":4}],"seed_played":"-700122747923796206","potions_obtained":[{"floor":5,"key":"Guardian:BlockOnCardUsePotion"},{"floor":8,"key":"LiquidMemories"},{"floor":15,"key":"PowerPotion"}],"is_trial":false,"path_per_floor":["R","M","M","M","M","?","T","M","?","M","E","T","R","M","M","B"],"character_chosen":"SLIMEBOUND","items_purchased":[],"campfire_rested":1,"item_purchase_floors":[],"current_hp_per_floor":[60,51,50,44,33,33,33,37,37,20,19,19,37,23,21,0,0,0],"gold":150,"neow_bonus":"THREE_RARE_CARDS","is_daily":false,"chose_seed":false,"campfire_upgraded":0,"win_rate":0.0,"timestamp":1608903910,"path_taken":["R","M","M","M","M","?","T","M","?","M","E","?","R","?","M","BOSS"],"items_purchased_type":[],"build_version":"2020-12-22","purchased_purges":0,"victory":false,"max_hp_per_floor":[60,60,60,60,60,60,60,60,60,60,60,60,60,60,60,60,60,60],"card_choices":[{"not_picked":["Slimebound:OneTwoCombo","Slimebound:RallyTheTroops"],"picked":"Slimebound:OozeBath","floor":0},{"not_picked":["Slimebound:ComboTackle","Slimebound:LeechingTouch"],"picked":"Slimebound:GoopSpray","floor":2},{"not_picked":["Slimebound:PressTheAttack","Slimebound:GrowthPunch"],"picked":"Slimebound:SlimeSpikes","floor":3},{"not_picked":["Slimebound:GrowthPunch","Slimebound:LeechEnergy"],"picked":"Slimebound:SamplingLick","floor":4},{"not_picked":["Slimebound:Repurpose","Slimebound:LeechEnergy"],"picked":"Slimebound:SplitBruiser","floor":5},{"not_picked":["Slimebound:GrowthPunch","Slimebound:SlimeTap"],"picked":"Slimebound:FinishingTackle","floor":8},{"not_picked":["Slimebound:ProtectTheBoss","Slimebound:GoopSpray"],"picked":"Slimebound:RollThrough","floor":10},{"not_picked":["Slimebound:HauntingLick","Slimebound:ForwardTackle"],"picked":"Slimebound:Equalize","floor":11},{"not_picked":["Slimebound:ComboTackle","Slimebound:LeechEnergy"],"picked":"Slimebound:ViciousTackle","floor":14},{"not_picked":["Slimebound:ViciousTackle","Slimebound:SplitAcid"],"picked":"Slimebound:Prepare","floor":15}],"player_experience":134306,"relics_obtained":[{"floor":7,"key":"Blue Candle"},{"floor":11,"key":"Matryoshka"},{"floor":12,"key":"infinitespire:EmpoweringShard"}],"event_choices":[],"is_beta":false,"boss_relics":[],"items_purged_floors":[],"is_endless":false,"potions_floor_spawned":[5,8,15],"killed_by":"downfall:Defect","ascension_level":0}}