{"host":"i6h98ln524gxv8ri","time":1608870405,"event":{"mods":["ATMod(阿瑾Mod)","Act Like it!","BaseMod","Gensokyo","Minty Spire (QoL Compilation)","Quick Restart","Shop Mod","StSLib","Uncapped","【东方二次创作】八云紫mod"],"gold_per_floor":[130,130,144,158,174,199,246,287,299,322,347,384,410,440,452,543,555,587,355,369,380,400,400,400,417,417,417,429,443,457,473,473,548,548,558,572,583,603,619,619,637,637,661,661,161,161,173,187,187,266,344,344,355,355,197,211,225,250,278,105,105,105,119,145,156,172,172,246,246,258,273,110,360,460,495,507,524,555,86,86,106,135,135,135,207,207,217,230,195,195,207,236,265,280,315,315,315,0,0,28,28,103,182,182,201,219,232,242,82,115,147,147,181,31,31,31,31,31,31,106,106,117,117,117,130,130,130,4,304,330,330,330,51,51,51,51,125,125,125],"floor_reached":138,"playtime":6511,"items_purged":[],"score":9064,"play_id":"ac8fd327-9af1-4875-a076-918c6d284223","local_time":"20201225122645","daily_mods":["SealedDeck","Vintage","Heirloom","Flight","Lethality"],"is_ascension_mode":true,"campfire_choices":[{"data":"Mirror_TwoAndThreeElementRealm_purple","floor":15.0,"key":"SMITH"},{"data":"LoveAcrossDimensions_purple","floor":23.0,"key":"SMITH"},{"data":"AT_FamilyPortrait","floor":24.0,"key":"SMITH"},{"data":"ExistenceContinue_purple","floor":27.0,"key":"SMITH"},{"data":"Worldmountain_purple","floor":32.0,"key":"SMITH"},{"data":"Worldmountain_purple","floor":40.0,"key":"SMITH"},{"data":"StateErode_purple","floor":44.0,"key":"SMITH"},{"data":"Mirror_FourBoundary_purple","floor":46.0,"key":"SMITH"},{"data":"CommonSense_AntiCommonSense_purple","floor":49.0,"key":"SMITH"},{"data":"Fantasy_PerpetualMotionMachine_purple","floor":62.0,"key":"SMITH"},{"data":"EighthInstrument_OneDividesIntoTwo_purple","floor":67.0,"key":"SMITH"},{"data":"AT_EmpoweredMortalDraw+1","floor":80.0,"key":"PURGE"},{"data":"Price_of_realm_purpleEX","floor":84.0,"key":"PURGE"},{"floor":96.0,"key":"DIG"},{"floor":101.0,"key":"DIG"},{"floor":112.0,"key":"DIG"},{"floor":115.0,"key":"DIG"},{"floor":117.0,"key":"DIG"},{"floor":119.0,"key":"DIG"},{"floor":127.0,"key":"DIG"},{"floor":129.0,"key":"DIG"},{"floor":136.0,"key":"DIG"}],"circlet_count":0,"master_deck":["AT_FamilyPortrait+1","StateErode_purple+1","DimensionStaggered_purple+1","Worldmountain_purple+1","Charmbait_purple+1","EighthInstrument_OneDividesIntoTwo_purple+1","Mirror_FourBoundary_purple+1","Mirror_FormAndEmptin_purple+1","Worldmountain_purple+1","Umbrella_purple+1","ExistenceContinue_purple+1","Mirror_TwoAndThreeElementRealm_purple+1","Fantasy_PerpetualMotionMachine_purple+1","LoveAcrossDimensions_purple+1","CommonSense_AntiCommonSense_purple+1","Monsters_DoubleDeathButterfly_purple+1"],"relics":["Boundary_crack","Memoryfragments_purpleEX","AT_ATBox","Peace Pipe","AT_ChloranthyRing","Bottled Lightning","AT_Manta","Sundial","AT_Kusabimaru","Bottled Flame","Omamori","Molten Egg 2","Blue Candle","Busted Crown","Singing Bowl","Sling","Toy Ornithopter","Bag of Marbles","Mummified Hand","Oddly Smooth Stone","AT_SunfireAegis","Gremlin Horn","Du-Vu Doll","Calipers","Runic Pyramid","Thread and Needle","FossilizedHelix","Ice Cream","Happy Flower","AT_PhaseBoots","Bag of Preparation","Ginger","MealTicket","Medical Kit","Akabeko","Anchor","Vajra","AT_EbonyIvory","SacredBark","AT_BellDemon","Ancient Tea Set","Boot","Unceasing Top","Orichalcum","AT_ImmortalShieldbow","Mercury Hourglass","AT_MortalBlade","TungstenRod","White Beast Statue","AT_BladeRuinedKing","AT_RabadonDeathcap","Shovel","The Courier","AT_TimeSand","Turnip","AT_DeathDance","Cursed Key","Meat on the Bone","AT_LudenTempest","MerchantsRug","Frozen Eye","AT_ArchangelStaff","Eternal Feather","Potion Belt","Juzu Bracelet","Nunchaku","AT_TrinityForce","AT_RedNoBalance","Pen Nib","AT_BellowingDragoncrestRing","ThegodofHakurei_purpleEX","Enchiridion","PreservedInsect","Frozen Egg 2","Pantograph","Gensokyo:CelestialsFlawlessClothing","Lantern","Antimatter_spacedebris","Calling Bell","AT_RedTearstoneRing","Ornamental Fan","Lizard Tail","Dream Catcher","Gensokyo:DirgeOfMelancholy","Gensokyo:ConquerorOfFear","Regal Pillow","Bronze Scales","Membership Card","Old Coin","Bottled Tornado","Kunai","OrangePellets","Gensokyo:MaskOfHope","AT_SilvercatRing","SlaversCollar"],"acts_visited":["Exordium","Gensokyo:Gensokyo","Gensokyo:Gensokyoer","Exordium","Exordium","TheBeyond","TheBeyond","Gensokyo:Gensokyo","TheBeyond"],"potions_floor_usage":[],"damage_taken":[{"damage":0.0,"enemies":"Gensokyo:Python","floor":1.0,"turns":2.0},{"damage":0.0,"enemies":"Gensokyo:2_Kodama","floor":3.0,"turns":1.0},{"damage":8.0,"enemies":"Gensokyo:Gryphon_and_Rabbit","floor":4.0,"turns":2.0},{"damage":0.0,"enemies":"Gensokyo:Python_and_Kodama","floor":5.0,"turns":2.0},{"damage":22.0,"enemies":"Gensokyo:Mamizou","floor":6.0,"turns":3.0},{"damage":17.0,"enemies":"Gensokyo:Aya","floor":7.0,"turns":1.0},{"damage":12.0,"enemies":"Gensokyo:Cirno","floor":8.0,"turns":3.0},{"damage":0.0,"enemies":"Gensokyo:Kitsune","floor":10.0,"turns":1.0},{"damage":0.0,"enemies":"Gensokyo:VengefulSpirit","floor":11.0,"turns":1.0},{"damage":11.0,"enemies":"Gensokyo:Mamizou","floor":12.0,"turns":4.0},{"damage":0.0,"enemies":"Gensokyo:Python_and_Kodama","floor":13.0,"turns":1.0},{"damage":0.0,"enemies":"Gensokyo:3_Kodama","floor":14.0,"turns":1.0},{"damage":26.0,"enemies":"Gensokyo:Reimu","floor":16.0,"turns":5.0},{"damage":0.0,"enemies":"Gensokyo:3_Dogs","floor":18.0,"turns":1.0},{"damage":2.0,"enemies":"Gensokyo:CosmicMonolith","floor":20.0,"turns":1.0},{"damage":0.0,"enemies":"Gensokyo:Swordslinger","floor":21.0,"turns":1.0},{"damage":7.0,"enemies":"Gensokyo:Mirror_and_Dog","floor":22.0,"turns":1.0},{"damage":64.0,"enemies":"Gensokyo:Wraith","floor":25.0,"turns":4.0},{"damage":0.0,"enemies":"Gensokyo:Swordslinger","floor":28.0,"turns":1.0},{"damage":0.0,"enemies":"Gensokyo:Slime_Group","floor":29.0,"turns":1.0},{"damage":0.0,"enemies":"Gensokyo:3_Gloops","floor":30.0,"turns":1.0},{"damage":21.0,"enemies":"Gensokyo:Wraith","floor":31.0,"turns":3.0},{"damage":24.0,"enemies":"Gensokyo:Kaguya","floor":33.0,"turns":2.0},{"damage":0.0,"enemies":"Gensokyo:AncientGuardian","floor":35.0,"turns":1.0},{"damage":0.0,"enemies":"Gensokyo:3_Boulders","floor":36.0,"turns":1.0},{"damage":7.0,"enemies":"Gensokyo:AtlasGolem","floor":37.0,"turns":2.0},{"damage":0.0,"enemies":"Gensokyo:4_Bats","floor":38.0,"turns":1.0},{"damage":0.0,"enemies":"Gensokyo:SeedOfUnknown","floor":39.0,"turns":1.0},{"damage":0.0,"enemies":"Gensokyo:AtlasGolem","floor":41.0,"turns":2.0},{"damage":0.0,"enemies":"Gensokyo:Dusk_and_Dawn","floor":47.0,"turns":1.0},{"damage":0.0,"enemies":"Gensokyo:SeedOfUnknown","floor":48.0,"turns":1.0},{"damage":0.0,"enemies":"Gensokyo:Scarlet_Devils","floor":50.0,"turns":3.0},{"damage":17.0,"enemies":"Gensokyo:Shinki","floor":51.0,"turns":3.0},{"damage":0.0,"enemies":"2 Louse","floor":53.0,"turns":1.0},{"damage":0.0,"enemies":"Jaw Worm","floor":56.0,"turns":1.0},{"damage":0.0,"enemies":"Small Slimes","floor":57.0,"turns":1.0},{"damage":0.0,"enemies":"Lagavulin","floor":58.0,"turns":1.0},{"damage":0.0,"enemies":"Gremlin Nob","floor":59.0,"turns":1.0},{"damage":0.0,"enemies":"Blue Slaver","floor":63.0,"turns":1.0},{"damage":0.0,"enemies":"3 Sentries","floor":64.0,"turns":1.0},{"damage":0.0,"enemies":"2 Fungi Beasts","floor":65.0,"turns":1.0},{"damage":0.0,"enemies":"Gremlin Gang","floor":66.0,"turns":1.0},{"damage":0.0,"enemies":"Slime Boss","floor":68.0,"turns":1.0},{"damage":0.0,"enemies":"Gensokyo:CosmicMonolith","floor":70.0,"turns":1.0},{"damage":0.0,"enemies":"Gensokyo:Chomper","floor":71.0,"turns":1.0},{"damage":0.0,"enemies":"Gensokyo:Chomper","floor":74.0,"turns":1.0},{"damage":0.0,"enemies":"Gensokyo:Koishi","floor":75.0,"turns":1.0},{"damage":0.0,"enemies":"Gensokyo:Slime_Group","floor":76.0,"turns":1.0},{"damage":0.0,"enemies":"Gensokyo:Wraith","floor":77.0,"turns":1.0},{"damage":0.0,"enemies":"Gensokyo:Tenshi","floor":78.0,"turns":1.0},{"damage":0.0,"enemies":"Gensokyo:Swordslinger","floor":81.0,"turns":1.0},{"damage":0.0,"enemies":"Gensokyo:Reisen","floor":82.0,"turns":1.0},{"damage":0.0,"enemies":"Gensokyo:Kaguya","floor":85.0,"turns":2.0},{"damage":0.0,"enemies":"3 Darklings","floor":87.0,"turns":1.0},{"damage":0.0,"enemies":"Orb Walker","floor":88.0,"turns":1.0},{"damage":0.0,"enemies":"Sphere and 2 Shapes","floor":91.0,"turns":1.0},{"damage":0.0,"enemies":"Giant Head","floor":92.0,"turns":1.0},{"damage":0.0,"enemies":"Reptomancer","floor":93.0,"turns":1.0},{"damage":0.0,"enemies":"3 Darklings","floor":94.0,"turns":1.0},{"damage":0.0,"enemies":"Giant Head","floor":95.0,"turns":1.0},{"damage":5.0,"enemies":"Giant Head","floor":99.0,"turns":3.0},{"damage":0.0,"enemies":"Reptomancer","floor":100.0,"turns":1.0},{"damage":0.0,"enemies":"Time Eater","floor":102.0,"turns":1.0},{"damage":0.0,"enemies":"Awakened One","floor":103.0,"turns":2.0},{"damage":0.0,"enemies":"Gensokyo:Gryphon","floor":105.0,"turns":1.0},{"damage":0.0,"enemies":"Gensokyo:Python","floor":106.0,"turns":1.0},{"damage":0.0,"enemies":"Gensokyo:2_Kodama","floor":107.0,"turns":1.0},{"damage":0.0,"enemies":"Gensokyo:VengefulSpirit","floor":108.0,"turns":1.0},{"damage":0.0,"enemies":"Gensokyo:Mamizou","floor":110.0,"turns":1.0},{"damage":0.0,"enemies":"Gensokyo:Cirno","floor":111.0,"turns":3.0},{"damage":0.0,"enemies":"Gensokyo:Mamizou","floor":113.0,"turns":1.0},{"damage":0.0,"enemies":"Gensokyo:Reimu","floor":120.0,"turns":1.0},{"damage":0.0,"enemies":"Gensokyo:CosmicMonolith","floor":122.0,"turns":1.0},{"damage":0.0,"enemies":"Gensokyo:3_Dogs","floor":125.0,"turns":1.0},{"damage":0.0,"enemies":"Gensokyo:Reisen","floor":130.0,"turns":1.0},{"damage":0.0,"enemies":"Gensokyo:Eternal_Rivals","floor":137.0,"turns":1.0}],"seed_played":"-9171220183970702839","potions_obtained":[{"floor":3.0,"key":"Dexterity Potion"},{"floor":4.0,"key":"SteroidPotion"},{"floor":7.0,"key":"Weak Potion"},{"floor":16.0,"key":"SpeedPotion"},{"floor":18.0,"key":"Ancient Potion"},{"floor":21.0,"key":"AttackPotion"},{"floor":25.0,"key":"FairyPotion"},{"floor":31.0,"key":"Energy Potion"},{"floor":50.0,"key":"Explosive Potion"},{"floor":57.0,"key":"Swift Potion"},{"floor":58.0,"key":"Weak Potion"},{"floor":91.0,"key":"Fruit Juice"},{"floor":92.0,"key":"EntropicBrew"},{"floor":93.0,"key":"CultistPotion"},{"floor":94.0,"key":"Strength Potion"},{"floor":95.0,"key":"LiquidBronze"},{"floor":102.0,"key":"Swift Potion"},{"floor":103.0,"key":"EssenceOfSteel"},{"floor":120.0,"key":"BlessingOfTheForge"},{"floor":122.0,"key":"GamblersBrew"},{"floor":125.0,"key":"AttackPotion"}],"is_trial":true,"path_per_floor":["M","COS","?","M","M","E","E","E","T","M","M","E","M","M","R","B",null,"M","$","M","M","M","R","R","M","T","R","M","M","M","M","R","B",null,"M","M","M","M","M","R","M","?","T","R","$","R","M","M","R","B","B",null,"M","?","$","M","M","E","E","$","T","R","M","E","M","M","R","B",null,"M","M","$","?","?","E","M","M","E","$","R","M","E","?","R","B",null,"M","M","$","?","M","E","E","M","E","R","?","?","?","E","R","B","B",null,"M","M","M","M","?","E","E","R","E","$","R","?","R","?","R","B",null,"M","?","?","M","?","R","$","R","E","?","?","$","?","?","R","B",null],"character_chosen":"Youkari","items_purchased":["Sling","CommonSense_AntiCommonSense_purple","Medical Kit","Akabeko","Anchor","War Paint","Orichalcum","AT_BladeRuinedKing","AT_TimeSand","Turnip","MerchantsRug","Frozen Eye","Frozen Egg 2","Membership Card","Bottled Tornado","Kunai","OrangePellets"],"campfire_rested":0,"item_purchase_floors":[19,19,45,45,45,55,60,72,79,79,89,89,114,128,133,133,133],"current_hp_per_floor":[59,59,61,55,71,53,38,30,30,34,36,27,39,41,41,18,71,73,73,73,77,72,72,72,46,46,46,48,50,52,61,61,76,87,89,91,91,91,91,91,91,46,46,46,61,61,65,68,68,83,79,91,93,93,95,95,95,97,99,99,99,99,99,101,108,108,108,108,108,108,108,108,100,102,104,104,104,106,106,106,106,108,108,108,110,110,110,110,110,110,120,122,124,124,126,126,126,126,128,130,130,132,134,134,134,79,79,79,79,83,85,94,96,111,120,94,103,103,112,142,142,142,142,142,142,142,142,142,142,144,144,144,144,144,144,144,146,146,146],"gold":125,"neow_bonus":"","is_daily":false,"chose_seed":false,"campfire_upgraded":11,"win_rate":0.0,"timestamp":1608870405,"path_taken":["M","COS","?","M","M","E","E","E","T","M","M","E","M","M","R","BOSS","M","$","M","M","M","R","R","M","T","R","M","M","M","M","R","BOSS","M","M","M","M","M","R","M","?","T","R","$","R","M","M","R","BOSS","BOSS","M","?","$","M","M","E","E","$","T","R","M","E","M","M","R","BOSS","M","?","?","?","?","E","?","M","E","$","R","?","E","?","R","BOSS","M","M","$","?","M","E","E","?","E","R","?","?","?","E","R","BOSS","BOSS","M","M","M","M","?","E","E","R","E","$","R","?","R","?","R","BOSS","M","?","?","M","?","R","?","R","E","?","?","$","?","?","R","BOSS"],"items_purchased_type":["Relic","Card","Relic","Relic","Relic","Relic","Relic","Relic","Relic","Relic","Relic","Relic","Relic","Relic","Relic","Relic","Relic"],"build_version":"2020-12-22","purchased_purges":0,"victory":false,"max_hp_per_floor":[65,65,65,65,79,79,79,79,79,79,79,79,89,89,89,89,89,89,89,89,89,89,89,89,89,89,89,89,89,89,89,89,91,91,91,91,91,91,91,91,91,91,91,91,91,91,91,91,91,93,95,95,95,95,95,95,95,97,99,99,99,99,99,101,108,108,108,108,108,108,108,108,100,102,104,104,104,106,106,106,106,108,108,108,110,110,110,110,110,110,120,122,124,124,126,126,126,126,128,130,130,132,134,134,134,134,134,134,134,136,138,138,140,140,140,140,140,140,140,142,142,142,142,142,142,142,142,142,142,144,144,144,144,144,144,144,146,146,146],"card_choices":[{"not_picked":["Charmbait_purple","Shallow_ocean_purpleEX"],"picked":"AdvanceAttack_purple","floor":6.0},{"not_picked":["StateErode_purple","AdvanceAttack_purple"],"picked":"ExistenceContinue_purple","floor":7.0},{"not_picked":["Umbrella_purple","Mirror_FormAndEmptin_purple"],"picked":"Mirror_TwoAndThreeElementRealm_purple","floor":8.0},{"not_picked":["MeetDecomposer_purple","Erosivefilter_purple"],"picked":"Fantasy_PerpetualMotionMachine_purple","floor":12.0},{"not_picked":["UniverseChoice_purple","MagicEyes_LaplaceDemon_purple"],"picked":"LoveAcrossDimensions_purple","floor":16.0},{"not_picked":["Mirror_TwoAndThreeElementRealm_purple"],"picked":"Singing Bowl","floor":33.0},{"not_picked":["Theboundaryofcreation_purpleEX"],"picked":"Singing Bowl","floor":50.0},{"not_picked":["Human_Monster_Realm_purple"],"picked":"Singing Bowl","floor":51.0},{"not_picked":["Extrememeaning_purpleEX"],"picked":"Singing Bowl","floor":58.0},{"not_picked":["WeekHit_purple+1"],"picked":"Singing Bowl","floor":59.0},{"not_picked":["ExistenceContinue_purple+1"],"picked":"Singing Bowl","floor":64.0},{"not_picked":[],"picked":"Monsters_DoubleDeathButterfly_purple","floor":68.0},{"not_picked":["StateErode_purple+1"],"picked":"Singing Bowl","floor":74.0},{"not_picked":["Charmbait_purple+1"],"picked":"Singing Bowl","floor":75.0},{"not_picked":["Nest_LightFlightworm_purple+1"],"picked":"Singing Bowl","floor":78.0},{"not_picked":["Umbrella_purple+1"],"picked":"Singing Bowl","floor":82.0},{"not_picked":["D_absorption_purple"],"picked":"Singing Bowl","floor":85.0},{"not_picked":["Worldmountain_purple+1"],"picked":"Singing Bowl","floor":92.0},{"not_picked":["SharpContractionReality_purple+1"],"picked":"Singing Bowl","floor":93.0},{"not_picked":["DimensionStaggered_purple"],"picked":"Singing Bowl","floor":95.0},{"not_picked":["Mirror_FormAndEmptin_purple"],"picked":"Singing Bowl","floor":99.0},{"not_picked":["StateDuplicate_purple"],"picked":"Singing Bowl","floor":100.0},{"not_picked":["WasteWire_Metro_purple+1"],"picked":"Singing Bowl","floor":102.0},{"not_picked":["LoveAcrossDimensions_purple"],"picked":"Singing Bowl","floor":103.0},{"not_picked":["Realm_recovery_purpleEX"],"picked":"Singing Bowl","floor":110.0},{"not_picked":["Realm_recovery_purpleEX"],"picked":"Singing Bowl","floor":111.0},{"not_picked":["Boundary_ObjectiveBoundary_purple"],"picked":"Singing Bowl","floor":113.0},{"not_picked":["D_absorption_purple"],"picked":"Singing Bowl","floor":120.0},{"not_picked":["Yakumo_Ran_purple"],"picked":"Singing Bowl","floor":130.0},{"not_picked":["Mirror_TwoAndThreeElementRealm_purple"],"picked":"Singing Bowl","floor":137.0}],"player_experience":26686,"relics_obtained":[{"floor":1.0,"key":"Blood Vial"},{"floor":3.0,"key":"AT_ChloranthyRing"},{"floor":4.0,"key":"Bottled Lightning"},{"floor":5.0,"key":"Mango"},{"floor":6.0,"key":"MawBank"},{"floor":7.0,"key":"AT_Manta"},{"floor":8.0,"key":"Sundial"},{"floor":9.0,"key":"AT_Kusabimaru"},{"floor":10.0,"key":"Bottled Flame"},{"floor":11.0,"key":"Omamori"},{"floor":12.0,"key":"Molten Egg 2"},{"floor":13.0,"key":"Pear"},{"floor":14.0,"key":"Blue Candle"},{"floor":18.0,"key":"Singing Bowl"},{"floor":20.0,"key":"Toy Ornithopter"},{"floor":21.0,"key":"Bag of Marbles"},{"floor":22.0,"key":"Mummified Hand"},{"floor":25.0,"key":"Oddly Smooth Stone"},{"floor":26.0,"key":"AT_SunfireAegis"},{"floor":28.0,"key":"Gremlin Horn"},{"floor":29.0,"key":"Du-Vu Doll"},{"floor":30.0,"key":"Calipers"},{"floor":31.0,"key":"Art of War"},{"floor":35.0,"key":"Thread and Needle"},{"floor":36.0,"key":"FossilizedHelix"},{"floor":37.0,"key":"Ice Cream"},{"floor":38.0,"key":"Happy Flower"},{"floor":39.0,"key":"AT_SpeedBoots"},{"floor":41.0,"key":"Bag of Preparation"},{"floor":43.0,"key":"MealTicket"},{"floor":47.0,"key":"Vajra"},{"floor":48.0,"key":"AT_EbonyIvory"},{"floor":53.0,"key":"AT_BellDemon"},{"floor":56.0,"key":"Boot"},{"floor":57.0,"key":"Unceasing Top"},{"floor":61.0,"key":"AT_ImmortalShieldbow"},{"floor":63.0,"key":"Mercury Hourglass"},{"floor":65.0,"key":"Strawberry"},{"floor":66.0,"key":"Whetstone"},{"floor":70.0,"key":"TungstenRod"},{"floor":71.0,"key":"White Beast Statue"},{"floor":74.0,"key":"AT_RabadonDeathcap"},{"floor":74.0,"key":"Shovel"},{"floor":76.0,"key":"The Courier"},{"floor":81.0,"key":"AT_DeathDance"},{"floor":87.0,"key":"Meat on the Bone"},{"floor":88.0,"key":"AT_LudenTempest"},{"floor":90.0,"key":"AT_ArchangelStaff"},{"floor":91.0,"key":"Eternal Feather"},{"floor":94.0,"key":"Potion Belt"},{"floor":96.0,"key":"Juzu Bracelet"},{"floor":101.0,"key":"Nunchaku"},{"floor":105.0,"key":"AT_SilverBalance"},{"floor":106.0,"key":"Pen Nib"},{"floor":107.0,"key":"AT_BellowingDragoncrestRing"},{"floor":108.0,"key":"ThegodofHakurei_purpleEX"},{"floor":112.0,"key":"PreservedInsect"},{"floor":115.0,"key":"Pantograph"},{"floor":117.0,"key":"Lantern"},{"floor":119.0,"key":"Antimatter_spacedebris"},{"floor":121.0,"key":"AT_RedTearstoneRing"},{"floor":121.0,"key":"Ornamental Fan"},{"floor":121.0,"key":"Lizard Tail"},{"floor":122.0,"key":"Dream Catcher"},{"floor":125.0,"key":"Gensokyo:ConquerorOfFear"},{"floor":125.0,"key":"Regal Pillow"},{"floor":127.0,"key":"Bronze Scales"},{"floor":129.0,"key":"Old Coin"},{"floor":136.0,"key":"AT_SilvercatRing"}],"event_choices":[{"damage_healed":0.0,"max_hp_gain":0.0,"max_hp_loss":0.0,"gold_gain":0.0,"event_name":"WeMeetAgain","player_choice":"Gave Potion","floor":54.0,"gold_loss":0.0,"damage_taken":0.0,"relics_obtained":["Ancient Tea Set"]},{"damage_healed":0.0,"max_hp_gain":0.0,"max_hp_loss":0.0,"gold_gain":0.0,"event_name":"Wheel of Change","player_choice":"Relic","floor":90.0,"gold_loss":0.0,"damage_taken":0.0},{"cards_removed":["AdvanceAttack_purple"],"damage_healed":0.0,"max_hp_gain":0.0,"max_hp_loss":0.0,"gold_gain":0.0,"event_name":"Falling","player_choice":"Removed Attack","floor":97.0,"gold_loss":0.0,"damage_taken":0.0},{"damage_healed":0.0,"max_hp_gain":0.0,"max_hp_loss":0.0,"gold_gain":0.0,"event_name":"Tomb of Lord Red Mask","player_choice":"Paid","floor":98.0,"gold_loss":315.0,"damage_taken":0.0,"relics_obtained":["Red Mask"]}],"is_beta":false,"boss_relics":[{"not_picked":["SlaversCollar","Sozu"],"picked":"Busted Crown"},{"not_picked":["Cursed Key","Runic Dome"],"picked":"Runic Pyramid"},{"not_picked":["Black Star","Astrolabe"],"picked":"SacredBark"},{"not_picked":["Seventeenyearold_girl_Forever","Fusion Hammer"],"picked":"AT_MortalBlade"},{"not_picked":["Tiny House","Sozu"],"picked":"Cursed Key"},{"not_picked":["Velvet Choker","Astrolabe"],"picked":"AT_TrinityForce"},{"not_picked":["Snecko Eye","Runic Dome"],"picked":"Calling Bell"},{"not_picked":["Black Star","Empty Cage"],"picked":"SlaversCollar"}],"items_purged_floors":[],"is_endless":true,"potions_floor_spawned":[3,4,7,8,13,16,18,21,22,25,31,36,37,38,39,50,57,58,63,64,71,74,75,76,77,78,81,82,85,87,88,91,92,93,94,95,99,100,102,103,105,106,107,108,110,111,113,120,122,125,130,137],"ascension_level":20}}