{"host":"f5ezd1v29dtbwkzo","time":1608915071,"event":{"mods":["2.2 Compatiblity","BaseMod","Hermit","Minty Spire (QoL Compilation)","Rare Cards Sparkle","Replay The Spire","StSLib"],"gold_per_floor":[117,134,209,225,225,225,260,275,327,327,337,337,362,537,537,632,632,650,668,684,59,59,69,69],"floor_reached":23,"playtime":996,"items_purged":["Strike_R"],"score":201,"play_id":"47166f4c-2115-48be-8358-180a1f254601","local_time":"20201225195111","is_ascension_mode":false,"campfire_choices":[{"floor":6,"key":"REST"},{"floor":10,"key":"REST"},{"data":"Combust","floor":15,"key":"SMITH"}],"circlet_count":0,"master_deck":["Strike_R","Strike_R+1","Strike_R+1","Defend_R","Defend_R","Defend_R","Defend_R","Bash","Combust+1","Seeing Red","Thunderclap","Reaper","Parasite","ReplayReversal","Doubt","Feed","CurseOfTheBell","Anger+1","Bandage Up","Metamorphosis","Intimidate"],"relics":["Burning Blood","Replay:Towering Pillar of Hats","Replay:Bottled Snecko","Simple Rune","Art of War","Calling Bell","Vajra","Ornamental Fan","Durian","Replay:Bandana","PrismaticShard"],"acts_visited":["Exordium","TheCity"],"potions_floor_usage":[11,16],"damage_taken":[{"damage":10,"enemies":"Cultist","floor":1,"turns":4},{"damage":2,"enemies":"Small Slimes","floor":2,"turns":4},{"damage":10,"enemies":"2 Louse","floor":4,"turns":2},{"damage":36,"enemies":"Gremlin Nob","floor":7,"turns":5},{"damage":11,"enemies":"Exordium Wildlife","floor":8,"turns":5},{"damage":22,"enemies":"Looter","floor":11,"turns":4},{"damage":39,"enemies":"3 Sentries","floor":13,"turns":5},{"damage":68,"enemies":"Fading Forest","floor":16,"turns":11},{"damage":27,"enemies":"Chosen","floor":18,"turns":6},{"damage":13,"enemies":"3 Byrds","floor":19,"turns":6},{"damage":37,"enemies":"3 Cultists","floor":20,"turns":5},{"damage":85,"enemies":"Slavers","floor":23,"turns":4}],"seed_played":"-7399172080599565453","potions_obtained":[{"floor":1,"key":"Venom Potion"},{"floor":8,"key":"SkillPotion"}],"is_trial":false,"path_per_floor":["M","M","?","M","?","R","E","M","T","R","M","?","E","?","R","B",null,"M","M","M","$","?","E"],"character_chosen":"IRONCLAD","items_purchased":["Bandage Up","Replay:Bandana","PrismaticShard","Metamorphosis"],"campfire_rested":2,"item_purchase_floors":[21,21,21,21],"current_hp_per_floor":[52,56,45,41,41,65,35,38,38,62,56,76,55,55,55,8,85,67,72,59,59,59,0,0],"gold":69,"neow_bonus":"ONE_RARE_RELIC","is_daily":false,"chose_seed":false,"campfire_upgraded":1,"win_rate":0.0,"timestamp":1608915071,"path_taken":["M","M","?","M","?","R","E","M","T","R","?","?","E","?","R","BOSS","M","M","M","$","?","E"],"items_purchased_type":["Card","Relic","Relic","Card"],"build_version":"2020-12-22","purchased_purges":1,"victory":false,"max_hp_per_floor":[80,80,80,80,80,80,80,80,80,80,80,80,80,80,80,80,85,88,91,94,94,94,94,94],"card_choices":[{"not_picked":["Shrug It Off","Havoc"],"picked":"Combust","floor":1},{"not_picked":["Sword Boomerang","Heavy Blade"],"picked":"Seeing Red","floor":2},{"not_picked":["Clash","Whirlwind"],"picked":"Thunderclap","floor":4},{"not_picked":["Blood for Blood","Run Through"],"picked":"Reaper","floor":7},{"not_picked":["Wild Strike","ReplayTheSpireMod:LeadingStrike","Replay:Undeath\u0027s Touch"],"picked":"SKIP","floor":8},{"not_picked":["Headbutt","Infernal Blade","Anger"],"picked":"SKIP","floor":11},{"not_picked":["Battle Trance","Havoc"],"picked":"ReplayReversal","floor":13},{"not_picked":["Offering","Juggernaut"],"picked":"Feed","floor":16},{"not_picked":["Clothesline+1","Havoc+1"],"picked":"Anger+1","floor":18},{"not_picked":["Havoc","Perfected Strike","Infernal Blade"],"picked":"SKIP","floor":19},{"not_picked":["Twin Strike+1","Replay:Many Hands","Dark Embrace"],"picked":"SKIP","floor":20}],"player_experience":285208,"relics_obtained":[{"floor":7,"key":"Replay:Bottled Snecko"},{"floor":9,"key":"Simple Rune"},{"floor":13,"key":"Art of War"},{"floor":17,"key":"Vajra"},{"floor":17,"key":"Ornamental Fan"},{"floor":17,"key":"Durian"}],"event_choices":[{"damage_healed":0,"gold_gain":75,"player_choice":"Gather Gold","damage_taken":11,"max_hp_gain":0,"max_hp_loss":0,"event_name":"World of Goop","floor":3,"gold_loss":0},{"damage_healed":0,"gold_gain":0,"player_choice":"0 cards matched","damage_taken":0,"max_hp_gain":0,"max_hp_loss":0,"event_name":"Match and Keep!","floor":5,"gold_loss":0,"cards_obtained":[]},{"damage_healed":20,"gold_gain":0,"player_choice":"Healed and dodged fight","damage_taken":0,"max_hp_gain":0,"max_hp_loss":0,"event_name":"Mushrooms","floor":12,"gold_loss":0,"cards_obtained":["Parasite"]},{"damage_healed":0,"gold_gain":175,"player_choice":"AGREE","damage_taken":0,"max_hp_gain":0,"max_hp_loss":0,"event_name":"Liars Game","floor":14,"gold_loss":0,"cards_obtained":["Doubt"]},{"damage_healed":0,"gold_gain":0,"cards_transformed":["Strike_R"],"player_choice":"Transformed","damage_taken":0,"max_hp_gain":0,"max_hp_loss":0,"event_name":"Transmorgrifier","floor":22,"gold_loss":0,"cards_obtained":["Intimidate"]}],"is_beta":false,"boss_relics":[{"not_picked":["Honey Jar","Empty Cage"],"picked":"Calling Bell"}],"items_purged_floors":[21],"is_endless":false,"potions_floor_spawned":[1,8],"killed_by":"Slavers","ascension_level":0}}