{"host":"uclt3t1usqzz4m5p","time":1608854675,"event":{"mods":["AchievementEnabler","Arknights The Spire","BaseMod","Better Altar","Better Match","Better Sensory Stone","Better Skull","Better Third Choice","Booster Modes","Card Forge","Colored Powertips","Displayed Cursed Tome","GifTheSpireLib","Gremlin Skip","Minty Spire (QoL Compilation)","Permanent Neow","Quick Restart","StSLib","SuperFastMode","The Caster"],"gold_per_floor":[116,130,29,29,47,82,82,82,109,143,143,143,178,191,191,288,288,305,320,320,320,330,330,360,360,360,459,107,107,107,36,36,137,137,147,147,167,167,215,215,215,215,241,241,271,287,297,316,316,316,316],"floor_reached":50,"playtime":3116,"items_purged":[],"score":629,"play_id":"81a25665-45ef-46bf-9ddc-38185355c82e","local_time":"20201224160435","is_ascension_mode":false,"campfire_choices":[{"data":"ats:Emotion Absorption","floor":7.0,"key":"SMITH"},{"data":"ats:Healing Drone","floor":11.0,"key":"SMITH"},{"data":"ats:Shadow Assault","floor":15.0,"key":"SMITH"},{"data":"ats:Rat Pack","floor":23,"key":"SMITH"},{"floor":29,"key":"REST"},{"data":"ats:Encircling Forest","floor":32,"key":"SMITH"},{"data":"ats:Support Order","floor":40,"key":"SMITH"},{"data":"ats:Echo Reverb","floor":44,"key":"SMITH"},{"data":"J.A.X.","floor":49,"key":"SMITH"}],"circlet_count":0,"master_deck":["ats:Strike C","ats:Strike S","ats:Strike V","ats:Armor Crushing Shot","ats:Defend","ats:Defend","ats:Defend+1","ats:Defend","ats:Emotion Absorption+1","ats:Consecutive Shot Auto","ats:Support Order+1","ats:Song Of Battle","ats:Hammer On","ats:Song Of Battle","ats:Healing Drone+1","ats:Overload","Deep Breath+1","ats:Shadow Assault+1","ats:Encircling Forest+1","ats:Rat Pack+1","ats:Defend Order","ats:Neurotoxin+1","J.A.X.+1","ats:Closed Bolt Burst Fire+1","ats:Echo Reverb+1","ats:Rapid Magazine","ats:Wolf Pack","ats:Shell Defense+1","ats:Poison Spread+1","ats:Part Time Job+1","ats:Magnetic Hammer"],"relics":["ats:Sanity","Hammer of Thor","Seething Fire","Anvil of the Gods","ats:Ability Aura","ats:Originium","FossilizedHelix","Vajra","PreservedInsect","ats:Originium","MealTicket","ats:Originium","Mercury Hourglass","ats:Tactical Delivery","ats:Originium","Pantograph","Vajra","Torii","Nunchaku","ats:Support","Philosopher\u0027s Stone","War Paint","Vajra","Boot","ats:Originium","Omamori"],"acts_visited":["Exordium","TheCity","TheBeyond"],"potions_floor_usage":[16,19,19,37,45,50,50,50],"damage_taken":[{"damage":7.0,"enemies":"Small Slimes","floor":1.0,"turns":4.0},{"damage":5.0,"enemies":"2 Louse","floor":2.0,"turns":3.0},{"damage":11.0,"enemies":"Jaw Worm","floor":5.0,"turns":4.0},{"damage":38.0,"enemies":"3 Sentries","floor":6.0,"turns":11.0},{"damage":0.0,"enemies":"Lagavulin","floor":10.0,"turns":5.0},{"damage":0.0,"enemies":"Gremlin Nob","floor":13.0,"turns":3.0},{"damage":0.0,"enemies":"Looter","floor":14.0,"turns":3.0},{"damage":22,"enemies":"Hexaghost","floor":16,"turns":6},{"damage":17,"enemies":"Spheric Guardian","floor":18,"turns":4},{"damage":17,"enemies":"3 Byrds","floor":19,"turns":3},{"damage":10,"enemies":"Sentry and Sphere","floor":22,"turns":3},{"damage":42,"enemies":"Slavers","floor":24,"turns":5},{"damage":14,"enemies":"Automaton","floor":33,"turns":8},{"damage":8,"enemies":"3 Shapes","floor":35,"turns":3},{"damage":12,"enemies":"3 Darklings","floor":37,"turns":6},{"damage":5,"enemies":"Nemesis","floor":45,"turns":7},{"damage":28,"enemies":"Maw","floor":46,"turns":7},{"damage":2,"enemies":"Spire Growth","floor":47,"turns":4},{"damage":27,"enemies":"Sphere and 2 Shapes","floor":48,"turns":5},{"damage":119,"enemies":"Awakened One","floor":50,"turns":10}],"seed_played":"265148483255931225","potions_obtained":[{"floor":0.0,"key":"Weak Potion"},{"floor":0.0,"key":"Fire Potion"},{"floor":0.0,"key":"ats:Top Emergency Sanity Potion"},{"floor":1.0,"key":"AttackPotion"},{"floor":6.0,"key":"Regen Potion"},{"floor":10.0,"key":"Ancient Potion"},{"floor":14.0,"key":"Explosive Potion"},{"floor":18,"key":"AttackPotion"},{"floor":24,"key":"GamblersBrew"},{"floor":46,"key":"Fire Potion"},{"floor":48,"key":"Strength Potion"}],"is_trial":false,"path_per_floor":["M","M","$","?","M","E","R","?","T","E","R","?","E","M","R","B",null,"M","M","?","?","M","R","E","?","T","?","$","R","?","$","R","B",null,"M","?","M","?","T","R","?","?","T","R","E","M","M","M","R","B"],"character_chosen":"DOCTOR_CLASS","items_purchased":["ats:Song Of Battle","ats:Hammer On","Nunchaku","ats:Support","Swift Potion","ats:Rapid Magazine"],"campfire_rested":1,"item_purchase_floors":[3,3,28,28,28,31],"current_hp_per_floor":[65,60,60,57,46,8,8,8,8,26,26,26,26,26,26,10,72,58,53,53,53,43,43,7,7,7,7,22,43,43,58,58,64,72,64,64,58,58,58,58,58,58,58,58,65,52,62,49,49,0,0],"gold":316,"neow_bonus":"THREE_SMALL_POTIONS","is_daily":false,"chose_seed":false,"campfire_upgraded":8,"win_rate":0.0,"timestamp":1608854675,"path_taken":["M","M","$","?","M","E","R","?","T","E","R","?","E","M","R","BOSS","M","M","?","?","M","R","E","?","T","?","$","R","?","$","R","BOSS","M","?","?","?","?","R","?","?","T","R","E","?","M","M","R","BOSS"],"items_purchased_type":["Card","Card","Relic","Relic","Potion","Card"],"build_version":"2020-12-22","purchased_purges":0,"victory":false,"max_hp_per_floor":[72,72,72,72,72,72,72,72,72,72,72,72,72,72,72,72,72,72,72,72,72,72,72,72,72,72,72,72,72,72,72,72,72,72,72,72,72,72,72,72,72,72,72,72,72,72,72,72,72,72,72],"card_choices":[{"not_picked":["ats:Childhood Dance","ats:Demon Strength"],"picked":"ats:Consecutive Shot Auto","floor":1.0},{"not_picked":["ats:Childhood Dance","ats:Explosion Area Strengthen"],"picked":"ats:Support Order","floor":2.0},{"not_picked":["ats:Poison Spread","ats:Leaping Hammer"],"picked":"ats:Song Of Battle","floor":5.0},{"not_picked":["ats:Childhood Dance","ats:Counter Healing Mode"],"picked":"ats:Healing Drone","floor":6.0},{"not_picked":["ats:Flexible Camouflage","ats:Directed Diagnosis"],"picked":"ats:Overload","floor":10.0},{"not_picked":["Blind","Purity"],"picked":"Deep Breath","floor":12.0},{"not_picked":["ats:Revitalization","ats:Flexible Camouflage"],"picked":"ats:Shadow Assault","floor":13.0},{"not_picked":["ats:Counter Healing Mode","ats:Soul Absorption"],"picked":"ats:Encircling Forest","floor":14.0},{"not_picked":["ats:Fractured Body","ats:Ambush"],"picked":"ats:Rat Pack","floor":16},{"not_picked":["ats:Childhood Dance","ats:Consecutive Shot Auto"],"picked":"ats:Defend Order","floor":18},{"not_picked":["ats:Apocalypse","ats:Powerful Strike"],"picked":"ats:Neurotoxin+1","floor":19},{"not_picked":["ats:Consecutive Shot Auto","ats:Spore Proliferation"],"picked":"ats:Closed Bolt Burst Fire+1","floor":22},{"not_picked":["ats:Assault Order+1","ats:Leaping Hammer"],"picked":"ats:Echo Reverb","floor":24},{"not_picked":["ats:Soul Rend","ats:Nebulous Foxfire"],"picked":"ats:Wolf Pack","floor":33},{"not_picked":["ats:Directed Diagnosis","ats:Hammer On","ats:Childhood Dance"],"picked":"SKIP","floor":35},{"not_picked":["ats:Cat Scratch+1","ats:Flame Of Heaven+1"],"picked":"ats:Shell Defense+1","floor":37},{"not_picked":["ats:Apocalypse+1","ats:Support Order"],"picked":"ats:Poison Spread+1","floor":45},{"not_picked":["ats:Healing Strengthening","ats:Powerful Strike+1"],"picked":"ats:Part Time Job+1","floor":46},{"not_picked":["ats:Revitalization+1","ats:Hammer On","ats:Powerful Strike+1"],"picked":"SKIP","floor":47},{"not_picked":["ats:Neurotoxin","ats:Curse Doll"],"picked":"ats:Magnetic Hammer","floor":48}],"player_experience":554838,"relics_obtained":[{"floor":6.0,"key":"ats:Originium"},{"floor":6.0,"key":"FossilizedHelix"},{"floor":9.0,"key":"PreservedInsect"},{"floor":10.0,"key":"ats:Originium"},{"floor":10.0,"key":"MealTicket"},{"floor":13.0,"key":"ats:Originium"},{"floor":13.0,"key":"Mercury Hourglass"},{"floor":24,"key":"ats:Originium"},{"floor":24,"key":"Pantograph"},{"floor":26,"key":"Torii"},{"floor":39,"key":"War Paint"},{"floor":43,"key":"Boot"},{"floor":45,"key":"ats:Originium"},{"floor":45,"key":"Omamori"}],"event_choices":[{"damage_healed":0.0,"max_hp_gain":0.0,"max_hp_loss":0.0,"gold_gain":0.0,"event_name":"betterThird:BetterScrap","player_choice":"Relic ","floor":4.0,"gold_loss":0.0,"damage_taken":3.0,"cards_obtained":["Finisher"]},{"damage_healed":0.0,"max_hp_gain":0.0,"max_hp_loss":0.0,"gold_gain":1.0,"event_name":"betterStone:BetterStone","player_choice":"1","floor":12.0,"gold_loss":0.0,"damage_taken":0.0},{"damage_healed":0,"gold_gain":0,"player_choice":"Obtain J.A.X.","damage_taken":0,"max_hp_gain":0,"max_hp_loss":0,"event_name":"Drug Dealer","floor":20,"gold_loss":0,"cards_obtained":["J.A.X."]},{"damage_healed":0,"gold_gain":0,"player_choice":"Ignored","damage_taken":0,"max_hp_gain":0,"max_hp_loss":0,"event_name":"Ghosts","floor":21,"gold_loss":0},{"damage_healed":0,"gold_gain":99,"player_choice":"Steal","damage_taken":0,"max_hp_gain":0,"max_hp_loss":0,"event_name":"betterThird:BetterNest","floor":27,"gold_loss":0},{"damage_healed":0,"gold_gain":0,"player_choice":"Ignored","damage_taken":0,"max_hp_gain":0,"max_hp_loss":0,"event_name":"The Mausoleum","floor":30,"gold_loss":0},{"damage_healed":0,"gold_gain":0,"player_choice":"Got Potions","damage_taken":0,"max_hp_gain":0,"max_hp_loss":0,"event_name":"Lab","floor":36,"gold_loss":0},{"cards_removed":["ats:Strike G"],"damage_healed":0,"gold_gain":0,"player_choice":"Removed Attack","damage_taken":0,"max_hp_gain":0,"max_hp_loss":0,"event_name":"Falling","floor":38,"gold_loss":0},{"damage_healed":0,"gold_gain":0,"player_choice":"Ignored","damage_taken":0,"max_hp_gain":0,"max_hp_loss":0,"event_name":"Tomb of Lord Red Mask","floor":41,"gold_loss":0}],"is_beta":false,"boss_relics":[{"not_picked":["SacredBark","ats:Omniscience"],"picked":"ats:Tactical Delivery"},{"not_picked":["Runic Dome","Black Star"],"picked":"Philosopher\u0027s Stone"}],"items_purged_floors":[],"is_endless":false,"potions_floor_spawned":[1,6,10,14,18,24,35,46,48],"killed_by":"Awakened One","ascension_level":0}}