{"host":"vhvm1b4sel61ztfv","time":1608855583,"event":{"mods":["BaseMod","BetterRewards","Minty Spire (QoL Compilation)","Replay The Spire","StSLib"],"gold_per_floor":[116,128,128,147,171,204,204,204,250,215,215,234,234,252,252,383,383,398,463,170,195,219,219,257,257,257,276,291,305,108,108,108,236,236,252,123,123,147,168,168,207,207,283,283,283,298,3,3,3,28,28,28],"floor_reached":53,"playtime":3270,"items_purged":["Strike_R","Strike_R","Demonic Infusion"],"score":1009,"play_id":"c64af74f-27ed-4cdf-a0bc-1a3ce06736d1","local_time":"20201224191943","is_ascension_mode":false,"campfire_choices":[{"data":"Fire Breathing","floor":7,"key":"SMITH"},{"floor":11,"key":"DIG"},{"data":"Juggernaut","floor":13,"key":"SMITH"},{"data":"Rage","floor":15,"key":"SMITH"},{"data":"Searing Blow+1","floor":23,"key":"SMITH"},{"floor":25,"key":"REST"},{"data":"Demon Form","floor":32,"key":"SMITH"},{"data":"Seeing Red","floor":40,"key":"SMITH"},{"data":"Searing Blow+2","floor":42,"key":"SMITH"},{"data":"Inflame","floor":49,"key":"SMITH"},{"floor":51,"key":"DIG"}],"circlet_count":0,"master_deck":["Strike_R+1","Strike_R+1","Strike_R+1","Defend_R","Defend_R","Defend_R","Defend_R","Bash+1","Rage+1","Wild Strike+1","ReplayTheSpireMod:Private Reserves","Clash","Heavy Blade","Fire Breathing+1","Juggernaut+1","Dropkick+1","Twin Strike+1","Body Slam+1","Demon Form+1","Seeing Red+1","Anger+1","Searing Blow+3","Rage+1","Pummel+1","Flame Barrier","Fire Breathing","Feed+1","Massacre+1","Inflame+1"],"relics":["Black Blood","Membership Card","Mirror","Shovel","Whetstone","HandDrill","MealTicket","Guide Book","Divine Protection","BargainBundle","Golden Idol","Molten Egg 2","Bag of Preparation","Bag of Marbles","Anchor","DollysMirror","Omamori","Oddly Smooth Stone","Dream Catcher","Snack Pack","Replay:Rubber Ducky","Mark of Pain","ReplayTheSpireMod:CursedCoin","Lizard Tail","Chameleon Ring","ReplayTheSpireMod:Spearhead","Letter Opener","Brimstone","Eternal Feather","TungstenRod"],"acts_visited":["Exordium","TheCity","TheBeyond"],"potions_floor_usage":[16,16,18,22,22,24,27,29,29,39,41,52,52,52],"damage_taken":[{"damage":0,"enemies":"2 Louse","floor":1,"turns":2},{"damage":0,"enemies":"Small Slimes","floor":2,"turns":3},{"damage":0,"enemies":"Cultist","floor":4,"turns":2},{"damage":2,"enemies":"Exordium Wildlife","floor":5,"turns":3},{"damage":9,"enemies":"3 Sentries","floor":6,"turns":5},{"damage":0,"enemies":"Lots of Slimes","floor":12,"turns":3},{"damage":0,"enemies":"Gremlin Gang","floor":14,"turns":3},{"damage":36,"enemies":"Slime Boss","floor":16,"turns":6},{"damage":2,"enemies":"2 Thieves","floor":18,"turns":3},{"damage":8,"enemies":"3 Byrds","floor":21,"turns":5},{"damage":7,"enemies":"Snecko","floor":22,"turns":4},{"damage":26,"enemies":"Gremlin Leader","floor":24,"turns":6},{"damage":0,"enemies":"Chosen and Byrds","floor":27,"turns":4},{"damage":0,"enemies":"Cultist and Chosen","floor":28,"turns":4},{"damage":3,"enemies":"Snake Plant","floor":29,"turns":2},{"damage":51,"enemies":"Collector","floor":33,"turns":7},{"damage":0,"enemies":"3 Shapes","floor":35,"turns":5},{"damage":0,"enemies":"3 Darklings","floor":38,"turns":5},{"damage":25,"enemies":"Sphere and 2 Shapes","floor":39,"turns":6},{"damage":0,"enemies":"R_Hoarder","floor":41,"turns":4},{"damage":0,"enemies":"Jaw Worm Horde","floor":46,"turns":2},{"damage":1,"enemies":"3 Darklings","floor":50,"turns":4},{"damage":72,"enemies":"Donu and Deca","floor":52,"turns":8}],"seed_played":"278769193282850387","potions_obtained":[{"floor":1,"key":"Milkshake"},{"floor":4,"key":"Energy Potion"},{"floor":5,"key":"AttackPotion"},{"floor":18,"key":"FearPotion"},{"floor":19,"key":"Swift Potion"},{"floor":22,"key":"LiquidBronze"},{"floor":24,"key":"SteroidPotion"},{"floor":28,"key":"Swift Potion"},{"floor":35,"key":"BlessingOfTheForge"},{"floor":39,"key":"Flashbang"},{"floor":48,"key":"HeartOfIron"},{"floor":48,"key":"Block Potion"}],"is_trial":false,"path_per_floor":["M","M","?","M","M","E","R","?","T","?","R","M","R","M","R","B",null,"M","?","$","M","M","R","E","R","T","M","M","M","$","?","R","B",null,"M","$","T","M","M","R","E","R","T","PTL","PTL","M","$","?","R","M","R","B",null],"character_chosen":"IRONCLAD","items_purchased":["Membership Card","Whetstone","HandDrill","MealTicket","Guide Book","Divine Protection","CultistPotion","BargainBundle","Rage","Wild Strike+1","ReplayTheSpireMod:Private Reserves","DollysMirror","Omamori","Oddly Smooth Stone","PowerPotion","Demonic Infusion","Replay:Rubber Ducky","ReplayTheSpireMod:CursedCoin","Lizard Tail","BlessingOfTheForge","Fire Breathing","Brimstone","Eternal Feather","Massacre+1","Inflame","SkillPotion"],"campfire_rested":1,"item_purchase_floors":[0,0,0,0,0,0,0,0,0,0,0,20,20,20,20,30,30,36,36,36,36,47,47,47,47,47],"current_hp_per_floor":[78,80,60,66,70,67,67,67,67,80,80,80,80,80,80,50,80,80,48,63,67,72,72,58,80,80,80,80,80,80,74,74,39,80,80,80,80,80,67,67,79,79,79,79,79,80,80,80,80,84,84,26],"gold":28,"neow_bonus":"","is_daily":false,"chose_seed":false,"campfire_upgraded":8,"win_rate":0.0,"timestamp":1608855583,"path_taken":["M","M","?","M","M","E","R","?","T","?","R","M","R","M","R","BOSS","M","?","$","M","?","R","E","R","T","M","M","M","$","?","R","BOSS","M","$","?","M","M","R","E","R","T","PTL","PTL","?","?","?","R","M","R","BOSS"],"items_purchased_type":["Relic","Relic","Relic","Relic","Relic","Relic","Potion","Relic","Card","Card","Card","Relic","Relic","Relic","Potion","Card","Relic","Relic","Relic","Potion","Card","Relic","Relic","Card","Card","Potion"],"build_version":"2020-12-22","purchased_purges":3,"victory":true,"max_hp_per_floor":[80,80,80,80,80,80,80,80,80,80,80,80,80,80,80,80,80,80,80,80,80,80,80,80,80,80,80,80,80,80,80,80,80,80,80,80,80,80,80,80,80,80,80,80,80,80,80,80,80,84,84,84],"card_choices":[{"not_picked":["Replay:Undeath\u0027s Touch","ReplayTheSpireMod:Limb From Limb"],"picked":"Clash","floor":1},{"not_picked":["Clash","True Grit"],"picked":"Heavy Blade","floor":2},{"not_picked":["Iron Wave","Evolve"],"picked":"Fire Breathing","floor":4},{"not_picked":["Seeing Red","Hemokinesis"],"picked":"Juggernaut","floor":5},{"not_picked":["Cleave+1","Flex"],"picked":"Dropkick+1","floor":6},{"not_picked":["Havoc","Fire Breathing"],"picked":"Twin Strike+1","floor":12},{"not_picked":["Disarm","Inflame"],"picked":"Body Slam+1","floor":14},{"not_picked":["Reaper+1","Berserk"],"picked":"Demon Form","floor":16},{"not_picked":["Iron Wave+1","Intimidate+1"],"picked":"Seeing Red","floor":18},{"not_picked":["ReplayTheSpireMod:Corrosion Curse+1","Replay:Undeath\u0027s Touch+1"],"picked":"Anger+1","floor":19},{"not_picked":["Combust","Rupture"],"picked":"Searing Blow+1","floor":19},{"not_picked":["Power Through","Entrench+1"],"picked":"Pummel+1","floor":21},{"not_picked":["Perfected Strike+1","Sword Boomerang+1"],"picked":"Flame Barrier","floor":22},{"not_picked":["Body Slam+1","Armaments","Abandon+1"],"picked":"SKIP","floor":24},{"not_picked":["Intimidate","Body Slam+1","Flame Barrier"],"picked":"SKIP","floor":27},{"not_picked":["Havoc","True Grit","Flex"],"picked":"SKIP","floor":28},{"not_picked":["Shrug It Off","Armaments","Feel No Pain"],"picked":"SKIP","floor":29},{"not_picked":["Bloodletting","Pommel Strike+1","ReplayTheSpireMod:Strike From Hell+1"],"picked":"SKIP","floor":35},{"not_picked":["Blood for Blood+1","Metallicize+1","Uppercut+1"],"picked":"SKIP","floor":38},{"not_picked":["Body Slam+1","Wild Strike+1","Iron Wave+1"],"picked":"SKIP","floor":39},{"not_picked":["Entrench+1","Wild Strike+1","ReplayTheSpireMod:Strike From Hell+1"],"picked":"SKIP","floor":41},{"not_picked":["Thunderclap+1","Headbutt+1"],"picked":"Feed+1","floor":46},{"not_picked":["Warcry+1","Iron Wave+1","Replay:Undeath\u0027s Touch+1"],"picked":"SKIP","floor":50}],"player_experience":73409,"relics_obtained":[{"floor":6,"key":"Molten Egg 2"},{"floor":9,"key":"Bag of Preparation"},{"floor":11,"key":"Bag of Marbles"},{"floor":19,"key":"Anchor"},{"floor":24,"key":"Dream Catcher"},{"floor":26,"key":"Snack Pack"},{"floor":37,"key":"Chameleon Ring"},{"floor":41,"key":"ReplayTheSpireMod:Spearhead"},{"floor":43,"key":"Letter Opener"},{"floor":51,"key":"TungstenRod"}],"event_choices":[{"damage_healed":0,"gold_gain":0,"player_choice":"Take Damage","damage_taken":20,"relics_obtained":["Golden Idol"],"max_hp_gain":0,"max_hp_loss":0,"event_name":"Golden Idol","floor":3,"gold_loss":0},{"damage_healed":0,"gold_gain":0,"player_choice":"Ignored","damage_taken":0,"max_hp_gain":0,"max_hp_loss":0,"event_name":"Liars Game","floor":8,"gold_loss":0},{"damage_healed":20,"gold_gain":0,"player_choice":"Healed","damage_taken":0,"max_hp_gain":0,"max_hp_loss":0,"event_name":"The Cleric","floor":10,"gold_loss":35},{"damage_healed":0,"gold_gain":0,"player_choice":"","damage_taken":6,"max_hp_gain":0,"max_hp_loss":0,"event_name":"Knowing Skull","floor":31,"potions_obtained":[],"gold_loss":0,"cards_obtained":[]},{"damage_healed":0,"gold_gain":0,"player_choice":"Got Potions","damage_taken":0,"max_hp_gain":0,"max_hp_loss":0,"event_name":"Lab","floor":48,"gold_loss":0}],"is_beta":false,"boss_relics":[{"not_picked":["Astrolabe","Calling Bell"],"picked":"Black Blood"},{"not_picked":["Pandora\u0027s Box","Runic Dome"],"picked":"Mark of Pain"}],"items_purged_floors":[20,30,36],"is_endless":false,"potions_floor_spawned":[1,4,5,18,22,24,28,35,39,50],"ascension_level":0}}