{"host":"e4wnmsyty9uvvtwf","time":1608904696,"event":{"mods":["Aspiration","BaseMod","Colored Map","Colored Powertips","Marisa£®ÏF”Í°°ƒß¿Ì…≥£©","Minty Spire (QoL Compilation)","Rare Cards Sparkle","Replay The Spire","StSLib"],"gold_per_floor":[115,115,130,205,216,216,216,254,280,301,321,321,67,83,83,178,178,201,44,100,100,100,100,100,100],"floor_reached":24,"playtime":594,"items_purged":["Injury"],"score":369,"play_id":"dc432fa7-9c32-43ef-8a01-a66fab8b1842","local_time":"20201225215816","is_ascension_mode":true,"campfire_choices":[{"data":"Apotheosis","floor":6.0,"key":"SMITH"},{"data":"1","floor":12.0,"key":"LIFT"},{"floor":15.0,"key":"REST"},{"floor":23,"key":"REST"}],"circlet_count":0,"master_deck":["AscendersBane","Strike_G","Strike_G","Strike_G","Strike_G","Strike_G+1","Defend_G","Defend_G","Defend_G","Defend_G+1","Defend_G","Survivor","Neutralize","Apotheosis+1","ReplayTheSpireMod:Tripwire","Terror","Footwork","ReplayTheSpireMod:Speed Training","Blade Dance","Flying Knee","Finisher","ReplayTheSpireMod:Trickstab","Doppelganger","Glass Knife","Dagger Spray","Deflect+1","Backstab","Shame"],"relics":["Ring of the Snake","Golden Idol","Girya","Bag of Preparation","WristBlade","OrangePellets","ReplayTheSpireMod:Shallot","Simple Rune"],"acts_visited":["Exordium","TheCity"],"potions_floor_usage":[],"damage_taken":[{"damage":0.0,"enemies":"Jaw Worm","floor":1.0,"turns":5.0},{"damage":0.0,"enemies":"2 Louse","floor":3.0,"turns":4.0},{"damage":1.0,"enemies":"Small Slimes","floor":5.0,"turns":5.0},{"damage":4.0,"enemies":"Lagavulin","floor":8.0,"turns":12.0},{"damage":6.0,"enemies":"Blue Slaver","floor":10.0,"turns":4.0},{"damage":2.0,"enemies":"Exordium Wildlife","floor":11.0,"turns":5.0},{"damage":6.0,"enemies":"3 Louse","floor":14.0,"turns":4.0},{"damage":24.0,"enemies":"Hexaghost","floor":16.0,"turns":7.0},{"damage":21.0,"enemies":"2 Thieves","floor":18.0,"turns":4.0},{"damage":51,"enemies":"Gremlin Leader","floor":24,"turns":4}],"seed_played":"8306842148935617921","potions_obtained":[{"floor":1.0,"key":"BlessingOfTheForge"},{"floor":5.0,"key":"Swift Potion"}],"is_trial":false,"path_per_floor":["M","?","M","?","M","R","?","E","T","M","M","R","$","M","R","B",null,"M","$","?","?","?","R","E"],"character_chosen":"THE_SILENT","items_purchased":["Finisher","ReplayTheSpireMod:Trickstab","OrangePellets"],"campfire_rested":2,"item_purchase_floors":[13,13,19],"current_hp_per_floor":[59,59,59,48,47,47,47,43,43,37,35,35,35,29,47,23,51,30,30,30,30,30,48,0,0],"gold":100,"neow_bonus":"RANDOM_COLORLESS_2","is_daily":false,"chose_seed":false,"campfire_upgraded":1,"win_rate":0.0,"timestamp":1608904696,"path_taken":["M","?","M","?","M","R","?","E","T","M","M","R","$","M","R","BOSS","M","$","?","?","?","R","E"],"items_purchased_type":["Card","Card","Relic"],"build_version":"2020-12-22","purchased_purges":1,"victory":false,"max_hp_per_floor":[60,60,60,60,60,60,60,60,60,60,60,60,60,60,60,60,60,60,60,60,60,60,60,60,60],"card_choices":[{"not_picked":["Secret Technique","ReplayTheSpireMod:Necrogeddon"],"picked":"Apotheosis","floor":0.0},{"not_picked":["Riddle With Holes","Acrobatics"],"picked":"ReplayTheSpireMod:Tripwire","floor":1.0},{"not_picked":["Deadly Poison","Accuracy"],"picked":"Terror","floor":3.0},{"not_picked":["Poisoned Stab","Deadly Poison"],"picked":"Footwork","floor":5.0},{"not_picked":["Deadly Poison","Dagger Throw"],"picked":"ReplayTheSpireMod:Speed Training","floor":8.0},{"not_picked":["Poisoned Stab","ReplayTheSpireMod:Scrap Shanks"],"picked":"Blade Dance","floor":10.0},{"not_picked":["Flechettes","Calculated Gamble"],"picked":"Flying Knee","floor":11.0},{"not_picked":["ReplayTheSpireMod:The Works","Cloak And Dagger"],"picked":"Doppelganger","floor":14.0},{"not_picked":["Atom Bomb","Tools of the Trade"],"picked":"Glass Knife","floor":16.0},{"not_picked":["Acrobatics","Dodge and Roll+1"],"picked":"Dagger Spray","floor":18.0},{"not_picked":["Flechettes","Bane"],"picked":"Deflect+1","floor":20},{"not_picked":["Hidden Blade","Riddle With Holes"],"picked":"Backstab","floor":20}],"player_experience":650046,"relics_obtained":[{"floor":8.0,"key":"Girya"},{"floor":9.0,"key":"Bag of Preparation"},{"floor":20,"key":"ReplayTheSpireMod:Shallot"}],"event_choices":[{"damage_healed":0.0,"max_hp_gain":0.0,"max_hp_loss":0.0,"gold_gain":0.0,"event_name":"Shining Light","player_choice":"Ignored","floor":2.0,"gold_loss":0.0,"damage_taken":0.0},{"damage_healed":0.0,"max_hp_gain":0.0,"max_hp_loss":0.0,"gold_gain":75.0,"event_name":"World of Goop","player_choice":"Gather Gold","floor":4.0,"gold_loss":0.0,"damage_taken":11.0},{"damage_healed":0.0,"max_hp_gain":0.0,"max_hp_loss":0.0,"gold_gain":0.0,"event_name":"Golden Idol","player_choice":"Take Wound","floor":7.0,"gold_loss":0.0,"damage_taken":0.0,"relics_obtained":["Golden Idol"],"cards_obtained":["Injury"]},{"cards_removed":["Pain"],"damage_healed":0,"gold_gain":0,"player_choice":"Elegance","damage_taken":0,"max_hp_gain":0,"max_hp_loss":0,"event_name":"Back to Basics","floor":21,"gold_loss":0},{"damage_healed":0,"gold_gain":0,"player_choice":"Stole Relic","damage_taken":0,"relics_obtained":["Simple Rune"],"max_hp_gain":0,"max_hp_loss":0,"event_name":"Addict","floor":22,"gold_loss":0,"cards_obtained":["Shame"]}],"is_beta":false,"boss_relics":[{"not_picked":["Fusion Hammer","Snecko Heart"],"picked":"WristBlade"}],"items_purged_floors":[13],"is_endless":false,"potions_floor_spawned":[1,5,11],"killed_by":"Gremlin Leader","ascension_level":18}}