{"host":"951sez6ulsv0fw1i","time":1608936530,"event":{"mods":["2.2 Compatiblity","Act Like it!","Aspiration","BaseMod","Better Third Choice","BetterRewards","CCEM","CapriCore","Conspire","Downfall","Gensokyo","Googly Eyes","Hermit","Infinite Spire","JesterMod","Luminous","Marisa????????","Minty Spire (QoL Compilation)","Potionbrewer","Reimu??????","Spicy Shops","StSLib","The Cursed","The Immortal","The Marked","The Runesmith","The Servant 0.9.4","TheVacant"],"gold_per_floor":[118,131,91,91,104,129,147,161,161,188,204,214,214,214,214,214,214],"floor_reached":16,"playtime":839,"items_purged":[],"score":114,"play_id":"d077de5d-4fdb-4a2e-88b0-0d9d1b110059","local_time":"20201225234850","is_ascension_mode":false,"campfire_choices":[{"floor":15,"key":"REST"}],"circlet_count":0,"master_deck":["theMarked:Strike+1","theMarked:Strike","theMarked:Strike","theMarked:Strike+1","theMarked:Strike","theMarked:Defend","theMarked:Defend","theMarked:Defend","theMarked:SoldierOfQuellstein","theMarked:MysticalArsenal","theMarked:TwofoldDefense","theMarked:ParalyzingBlade","theMarked:PowerFlow","theMarked:TunnelVision","theMarked:CreepingChasm","theMarked:Panic","theMarked:RepellingDischarge","theMarked:TurnInvisible","Burn","Pain"],"relics":["theMarked:ArtifactOfAir","PaintedHorse:ReiMu","aspiration:HiddenCompartment","Mercury Hourglass","Whetstone","WarpedTongs"],"acts_visited":["Exordium"],"potions_floor_usage":[11,12],"damage_taken":[{"damage":0,"enemies":"conspire:RoseBush","floor":1,"turns":3},{"damage":10,"enemies":"Jaw Worm","floor":2,"turns":4},{"damage":8,"enemies":"infinitespire:Voidling","floor":5,"turns":3},{"damage":29,"enemies":"3 Sentries","floor":6,"turns":10},{"damage":2,"enemies":"Blue Slaver","floor":7,"turns":4},{"damage":9,"enemies":"3 Louse","floor":8,"turns":4},{"damage":16,"enemies":"Lagavulin","floor":10,"turns":6},{"damage":2,"enemies":"Lots of Slimes","floor":11,"turns":2},{"damage":0,"enemies":"2 Fungi Beasts","floor":12,"turns":3},{"damage":24,"enemies":"The Guardian","floor":16,"turns":8}],"seed_played":"7177905663123885279","potions_obtained":[{"floor":1,"key":"potionbrewer:BarricadePotion"},{"floor":5,"key":"potionbrewer:CleansingPotion"},{"floor":7,"key":"infinitespire:BlackPotion"}],"is_trial":false,"path_per_floor":["M","M","?","?","M","E","M","M","T","E","M","M","?","?","R","B"],"character_chosen":"THE_DEFAULT","items_purchased":[],"campfire_rested":1,"item_purchase_floors":[],"current_hp_per_floor":[77,67,67,67,59,30,28,19,19,3,1,1,1,1,24,0,0],"gold":214,"neow_bonus":"TEN_PERCENT_HP_BONUS","is_daily":false,"chose_seed":false,"campfire_upgraded":0,"win_rate":0.0,"timestamp":1608936530,"path_taken":["M","M","?","?","M","E","M","M","T","E","?","M","?","?","R","BOSS"],"items_purchased_type":[],"build_version":"2020-12-22","purchased_purges":0,"victory":false,"max_hp_per_floor":[77,77,77,77,77,77,77,77,77,77,77,77,77,77,77,77,77],"card_choices":[{"not_picked":["theMarked:Improvise","theMarked:Static"],"picked":"theMarked:MysticalArsenal","floor":1},{"not_picked":["theMarked:TakeCover","theMarked:DeterminationOfTheMarked"],"picked":"theMarked:TwofoldDefense","floor":2},{"not_picked":["theMarked:LightningStrikesTwice","theMarked:EmpowerWeapon"],"picked":"theMarked:ParalyzingBlade","floor":5},{"not_picked":["theMarked:Parkour","theMarked:Static"],"picked":"theMarked:PowerFlow","floor":6},{"not_picked":["theMarked:WastefulAttack","theMarked:ResourceFulStrike"],"picked":"theMarked:TunnelVision","floor":7},{"not_picked":["theMarked:BanishingStrike","theMarked:SwordAndMagic"],"picked":"theMarked:CreepingChasm","floor":8},{"not_picked":["theMarked:ElectricStrings","theMarked:ResourceFulStrike"],"picked":"theMarked:Panic","floor":10},{"not_picked":["theMarked:Improvise","theMarked:MysticalArsenal"],"picked":"theMarked:RepellingDischarge","floor":11},{"not_picked":["theMarked:ElectricStrings","theMarked:CreepingChasm"],"picked":"theMarked:TurnInvisible","floor":12}],"player_experience":527736,"relics_obtained":[{"floor":6,"key":"aspiration:HiddenCompartment"},{"floor":9,"key":"Mercury Hourglass"},{"floor":10,"key":"Whetstone"}],"event_choices":[{"damage_healed":0,"gold_gain":0,"player_choice":"Donate","damage_taken":0,"relics_obtained":["PaintedHorse:ReiMu"],"max_hp_gain":0,"max_hp_loss":0,"event_name":"yidonshenshe","floor":3,"gold_loss":40},{"cards_removed":["theMarked:Defend"],"damage_healed":0,"gold_gain":0,"player_choice":"Purged","damage_taken":0,"max_hp_gain":0,"max_hp_loss":0,"event_name":"Purifier","floor":4,"gold_loss":0},{"damage_healed":1,"gold_gain":0,"player_choice":"Embrace Burn","damage_taken":0,"max_hp_gain":0,"max_hp_loss":77,"event_name":"betterThird:BetterShining","floor":13,"gold_loss":0},{"damage_healed":0,"gold_gain":0,"player_choice":"Rummage","damage_taken":0,"relics_obtained":["WarpedTongs"],"max_hp_gain":0,"max_hp_loss":0,"event_name":"Accursed Blacksmith","floor":14,"gold_loss":0,"cards_obtained":["Pain"]}],"is_beta":false,"boss_relics":[],"items_purged_floors":[],"is_endless":false,"potions_floor_spawned":[1,5,7,10],"killed_by":"The Guardian","ascension_level":0}}