{"host":"j06fkfseroga8i8e","time":1608924118,"event":{"mods":["BaseMod","Bestiary","Colored Map","Colored Powertips","Minty Spire (QoL Compilation)","Relic Stats","StSLib","everything is the same but u backflip on backflip"],"gold_per_floor":[119,51,61,61,74,100,100,129,153,153,188,188,188,208,208,309,309,326,62,62,30,44,44,44,78,103,103,103],"floor_reached":27,"playtime":465,"items_purged":["Blizzard"],"score":395,"play_id":"1e8ef932-0bb0-4f92-b8f2-12f5a8b282d9","local_time":"20201225142158","is_ascension_mode":true,"campfire_choices":[{"floor":10,"key":"REST"},{"floor":13,"key":"REST"},{"data":"Darkness","floor":15,"key":"SMITH"},{"floor":23,"key":"REST"}],"circlet_count":0,"master_deck":["AscendersBane","Zap","Dualcast","Steam","Doom and Gloom+1","FTL","Compile Driver","Ball Lightning","Ball Lightning","Electrodynamics","Recycle","Streamline","Undo","Rebound","Defragment","Turbo","Capacitor","Hyperbeam","Loop","Defragment","Ball Lightning","Writhe","Genetic Algorithm"],"relics":["Cracked Core","NeowsBlessing","Bag of Marbles","Blood Vial","PreservedInsect","Bronze Scales","The Courier","Pandora\u0027s Box","Matryoshka","Gambling Chip","Boot","Lantern","Oddly Smooth Stone"],"acts_visited":["Exordium","TheCity"],"potions_floor_usage":[25,27],"damage_taken":[{"damage":0,"enemies":"Cultist","floor":1,"turns":1},{"damage":0,"enemies":"Jaw Worm","floor":3,"turns":1},{"damage":0,"enemies":"2 Louse","floor":5,"turns":1},{"damage":24,"enemies":"Lagavulin","floor":6,"turns":6},{"damage":8,"enemies":"Gremlin Nob","floor":8,"turns":3},{"damage":19,"enemies":"3 Sentries","floor":11,"turns":6},{"damage":13,"enemies":"Blue Slaver","floor":14,"turns":2},{"damage":32,"enemies":"The Guardian","floor":16,"turns":9},{"damage":22,"enemies":"2 Thieves","floor":18,"turns":3},{"damage":12,"enemies":"Chosen","floor":22,"turns":3},{"damage":41,"enemies":"Slavers","floor":25,"turns":3},{"damage":28,"enemies":"Book of Stabbing","floor":27,"turns":2}],"seed_played":"7092382584331109004","potions_obtained":[{"floor":1,"key":"Dexterity Potion"},{"floor":6,"key":"PotionOfCapacity"},{"floor":25,"key":"Regen Potion"}],"is_trial":false,"path_per_floor":["M","$","M","?","M","E","?","E","T","R","E","T","R","M","R","B",null,"M","$","?","$","M","R","?","E","T","E"],"character_chosen":"DEFECT","items_purchased":["Doom and Gloom","Matryoshka","Defragment"],"campfire_rested":3,"item_purchase_floors":[2,19,21],"current_hp_per_floor":[68,68,68,53,53,29,29,21,21,43,26,26,48,37,37,7,58,38,38,38,38,28,50,50,11,11,0,0],"gold":103,"neow_bonus":"THREE_ENEMY_KILL","is_daily":false,"chose_seed":false,"campfire_upgraded":1,"win_rate":0.0,"timestamp":1608924118,"path_taken":["M","$","?","?","M","E","?","E","T","R","E","?","R","M","R","BOSS","M","$","?","$","M","R","?","E","T","E"],"items_purchased_type":["Card","Relic","Card"],"build_version":"2020-12-22","purchased_purges":1,"victory":false,"max_hp_per_floor":[75,75,75,75,75,75,75,75,75,75,75,75,75,75,75,75,75,75,75,75,75,75,75,75,75,75,75,75],"relic_stats":{"Blood Vial":14,"counters":[12,40],"Bronze Scales":[72],"Gambling Chip":[6],"Pandora\u0027s Box":["Meteor Strike","Recycle","Streamline","Blizzard","Undo","Rebound","Defragment","Turbo"],"PreservedInsect":118,"Boot":[0],"obtain_stats":[{"Lantern":26,"NeowsBlessing":0,"Oddly Smooth Stone":26,"PreservedInsect":9,"The Courier":12,"Boot":25,"Blood Vial":8,"Matryoshka":19,"Bronze Scales":11,"Gambling Chip":24,"Pandora\u0027s Box":17,"Bag of Marbles":6,"Cracked Core":0},{"Lantern":11,"NeowsBlessing":0,"Oddly Smooth Stone":11,"PreservedInsect":5,"The Courier":6,"Boot":11,"Blood Vial":5,"Matryoshka":9,"Bronze Scales":6,"Gambling Chip":10,"Pandora\u0027s Box":8,"Bag of Marbles":4,"Cracked Core":0},{"Lantern":38,"NeowsBlessing":0,"Oddly Smooth Stone":38,"PreservedInsect":12,"The Courier":18,"Boot":38,"Blood Vial":12,"Matryoshka":32,"Bronze Scales":18,"Gambling Chip":35,"Pandora\u0027s Box":29,"Bag of Marbles":9,"Cracked Core":0}]},"card_choices":[{"not_picked":["Reinforced Body","Auto Shields"],"picked":"Steam","floor":1},{"not_picked":["Aggregate","Redo"],"picked":"FTL","floor":3},{"not_picked":["Fusion","Beam Cell"],"picked":"Compile Driver","floor":5},{"not_picked":["Reinforced Body","Scrape"],"picked":"Darkness","floor":6},{"not_picked":["Turbo","Barrage","Steam"],"picked":"SKIP","floor":8},{"not_picked":["Static Discharge","Cold Snap"],"picked":"Ball Lightning","floor":11},{"not_picked":["FTL","Ball Lightning","Leap"],"picked":"SKIP","floor":14},{"not_picked":["FTL","Leap"],"picked":"Ball Lightning","floor":14},{"not_picked":["Thunder Strike","Reboot"],"picked":"Electrodynamics","floor":16},{"not_picked":["Rebound+1","Redo"],"picked":"Capacitor","floor":18},{"not_picked":["Stack","Cold Snap"],"picked":"Ball Lightning","floor":22},{"not_picked":["Barrage","Fission"],"picked":"Genetic Algorithm","floor":25}],"player_experience":565519,"relics_obtained":[{"floor":6,"key":"Bag of Marbles"},{"floor":8,"key":"Blood Vial"},{"floor":9,"key":"PreservedInsect"},{"floor":11,"key":"Bronze Scales"},{"floor":12,"key":"The Courier"},{"floor":25,"key":"Boot"},{"floor":26,"key":"Lantern"},{"floor":26,"key":"Oddly Smooth Stone"}],"event_choices":[{"damage_healed":0,"gold_gain":0,"player_choice":"Entered Light","damage_taken":15,"max_hp_gain":0,"max_hp_loss":0,"event_name":"Shining Light","floor":4,"gold_loss":0,"cards_upgraded":["Strike_B","Doom and Gloom"]},{"damage_healed":0,"gold_gain":0,"player_choice":"Ignored","damage_taken":0,"max_hp_gain":0,"max_hp_loss":0,"event_name":"Liars Game","floor":7,"gold_loss":0},{"damage_healed":0,"gold_gain":0,"cards_transformed":["Meteor Strike","Darkness"],"player_choice":"Became Test Subject","damage_taken":0,"max_hp_gain":0,"max_hp_loss":0,"event_name":"Drug Dealer","floor":20,"gold_loss":0,"cards_obtained":["Hyperbeam","Loop"]},{"damage_healed":0,"gold_gain":0,"player_choice":"Opened","damage_taken":0,"relics_obtained":["Gambling Chip"],"max_hp_gain":0,"max_hp_loss":0,"event_name":"The Mausoleum","floor":24,"gold_loss":0,"cards_obtained":["Writhe"]}],"is_beta":false,"boss_relics":[{"not_picked":["Cursed Key","Busted Crown"],"picked":"Pandora\u0027s Box"}],"items_purged_floors":[19],"is_endless":false,"potions_floor_spawned":[1,6,8,11,25],"killed_by":"Book of Stabbing","ascension_level":12}}