{"host":"phniwng9zo19jwdb","time":1608927887,"event":{"mods":["AchievementEnabler","BaseMod","Colored Powertips","Faster Ascension Climbing","GifTheSpireLib","Minty Spire (QoL Compilation)","Permanent Neow","Quick Restart","Rare Cards Sparkle","StSLib"],"gold_per_floor":[115,115,133,133,150,150,176,186,186,186,198,233,233,7,7,82,82,101,101,114,114,114,114,146,159,159,15,15,44,55,73,73,148,148,162,182,182,193,212,238,238,24,24,24,40,74,74,112,112,112],"floor_reached":51,"playtime":3314,"items_purged":["Strike_G","Shame"],"score":1217,"play_id":"678a6cc7-2746-4934-a1b3-a6aa7d343788","local_time":"20201225212447","is_ascension_mode":true,"campfire_choices":[{"data":"After Image","floor":6,"key":"SMITH"},{"data":"Poisoned Stab","floor":10,"key":"SMITH"},{"data":"Neutralize","floor":13,"key":"SMITH"},{"data":"Bullet Time","floor":15,"key":"SMITH"},{"data":"Envenom","floor":23,"key":"SMITH"},{"data":"Blade Dance","floor":32,"key":"SMITH"},{"data":"Bullet Time","floor":41,"key":"SMITH"},{"data":"Tools of the Trade","floor":44,"key":"SMITH"},{"data":"Infinite Blades","floor":47,"key":"SMITH"},{"data":"Sadistic Nature","floor":49,"key":"SMITH"}],"circlet_count":0,"master_deck":["AscendersBane","Defend_G+1","Defend_G+1","Defend_G+1","Defend_G+1","Defend_G+1","Survivor","Neutralize+1","After Image+1","Blade Dance+1","Blade Dance","Poisoned Stab+1","Bullet Time+1","Envenom+1","Crippling Poison+1","PiercingWail","Escape Plan","After Image+1","Bite+1","Bite+1","Bite+1","Bite+1","Bite+1","Backstab+1","Tools of the Trade+1","Backstab+1","After Image","Riddle With Holes+1","Terror+1","Bullet Time+1","Sadistic Nature+1","Infinite Blades+1"],"relics":["Ring of the Snake","Meat on the Bone","Strawberry","Paper Crane","Molten Egg 2","Black Star","Happy Flower","Regal Pillow","Darkstone Periapt","Orichalcum","DollysMirror","Blood Vial","CaptainsWheel","SacredBark","Smiling Mask","InkBottle","Pantograph","White Beast Statue","Pocketwatch"],"acts_visited":["TheCity","TheBeyond"],"potions_floor_usage":[7,12,24,25,39,48,50],"damage_taken":[{"damage":0.0,"enemies":"2 Louse","floor":1.0,"turns":7.0},{"damage":4,"enemies":"Small Slimes","floor":3,"turns":4},{"damage":2,"enemies":"Jaw Worm","floor":5,"turns":5},{"damage":2,"enemies":"3 Sentries","floor":7,"turns":8},{"damage":4,"enemies":"3 Louse","floor":8,"turns":3},{"damage":8,"enemies":"Large Slime","floor":11,"turns":5},{"damage":19,"enemies":"Lagavulin","floor":12,"turns":8},{"damage":23,"enemies":"The Guardian","floor":16,"turns":17},{"damage":20,"enemies":"Spheric Guardian","floor":18,"turns":8},{"damage":15,"enemies":"Shell Parasite","floor":20,"turns":6},{"damage":57,"enemies":"Slavers","floor":24,"turns":7},{"damage":15,"enemies":"3 Cultists","floor":25,"turns":7},{"damage":17,"enemies":"Gremlin Leader","floor":29,"turns":7},{"damage":5,"enemies":"Shelled Parasite and Fungi","floor":30,"turns":6},{"damage":1,"enemies":"Centurion and Healer","floor":31,"turns":8},{"damage":54,"enemies":"Automaton","floor":33,"turns":13},{"damage":56,"enemies":"3 Darklings","floor":35,"turns":19},{"damage":5,"enemies":"Orb Walker","floor":36,"turns":5},{"damage":23,"enemies":"4 Shapes","floor":38,"turns":7},{"damage":16,"enemies":"Transient","floor":39,"turns":5},{"damage":37,"enemies":"Giant Head","floor":40,"turns":10},{"damage":1,"enemies":"Sphere and 2 Shapes","floor":45,"turns":7},{"damage":22,"enemies":"Nemesis","floor":46,"turns":8},{"damage":17,"enemies":"4 Shapes","floor":48,"turns":8},{"damage":48,"enemies":"Awakened One","floor":50,"turns":10}],"seed_played":"-4174458004637769043","potions_obtained":[{"floor":1,"key":"Fire Potion"},{"floor":3,"key":"Fire Potion"},{"floor":7,"key":"Dexterity Potion"},{"floor":18,"key":"Poison Potion"},{"floor":20,"key":"EssenceOfSteel"},{"floor":33,"key":"PowerPotion"},{"floor":35,"key":"DistilledChaos"},{"floor":40,"key":"ColorlessPotion"},{"floor":48,"key":"FairyPotion"}],"is_trial":false,"path_per_floor":["M","?","M","?","M","R","E","M","T","R","M","E","R","$","R","B",null,"M","?","M","?","?","R","E","M","T","$","?","E","M","M","R","B",null,"M","M","?","M","M","E","R","$","T","R","M","E","R","M","R","B",null],"character_chosen":"THE_SILENT","items_purchased":["Bullet Time","DollysMirror","Sadistic Nature"],"campfire_rested":0,"item_purchase_floors":[14,27,42],"current_hp_per_floor":[63,51,47,47,45,45,50,46,46,46,50,43,43,43,43,32,66,46,46,43,68,68,68,23,20,20,20,20,30,48,53,53,31,48,53,51,51,42,37,38,38,38,38,38,51,42,42,48,48,29],"gold":112,"neow_bonus":"THREE_RARE_CARDS","is_daily":false,"chose_seed":false,"campfire_upgraded":10,"win_rate":0.0,"timestamp":1608927887,"path_taken":["M","?","M","?","M","R","E","M","T","R","M","E","R","$","R","BOSS","M","?","M","?","?","R","E","M","T","?","?","E","M","M","R","BOSS","M","M","?","M","M","E","R","$","T","R","M","E","R","M","R","BOSS"],"items_purchased_type":["Card","Relic","Card"],"build_version":"2020-12-22","purchased_purges":2,"victory":true,"max_hp_per_floor":[70,70,70,70,70,70,77,77,77,77,77,77,77,77,77,77,77,77,77,77,77,77,77,77,77,77,77,53,53,53,53,53,53,53,53,53,53,53,53,53,53,53,53,53,53,53,53,53,53,53],"card_choices":[{"not_picked":["Phantasmal Killer","Wraith Form v2"],"picked":"After Image","floor":0.0},{"not_picked":["Dodge and Roll","Crippling Poison"],"picked":"Blade Dance","floor":1},{"not_picked":["Dodge and Roll","Bane","Slice"],"picked":"SKIP","floor":3},{"not_picked":["Slice","Dagger Spray"],"picked":"Blade Dance","floor":5},{"not_picked":["Dagger Spray","Quick Slash","Phantasmal Killer"],"picked":"SKIP","floor":7},{"not_picked":["Backflip","Slice"],"picked":"Poisoned Stab","floor":8},{"not_picked":["Flechettes","Flying Knee","Underhanded Strike"],"picked":"SKIP","floor":11},{"not_picked":["Prepared","Flying Knee+1","Catalyst"],"picked":"SKIP","floor":12},{"not_picked":["Phantasmal Killer","Die Die Die+1"],"picked":"Envenom","floor":16},{"not_picked":["Eviscerate+1","Expertise"],"picked":"Crippling Poison+1","floor":18},{"not_picked":["Flying Knee+1","Dagger Spray+1"],"picked":"PiercingWail","floor":20},{"not_picked":["Dagger Spray+1","Well Laid Plans","Prepared"],"picked":"SKIP","floor":24},{"not_picked":["Blur","Deflect"],"picked":"Escape Plan","floor":25},{"not_picked":["Acrobatics","Slice+1"],"picked":"Backstab+1","floor":29},{"not_picked":["Outmaneuver","Masterful Stab+1"],"picked":"Tools of the Trade","floor":30},{"not_picked":["Crippling Poison+1","Sucker Punch+1"],"picked":"Backstab+1","floor":31},{"not_picked":["Unload+1","A Thousand Cuts"],"picked":"After Image","floor":33},{"not_picked":["Dagger Spray+1","Underhanded Strike+1"],"picked":"Riddle With Holes+1","floor":35},{"not_picked":["Sucker Punch+1","Deadly Poison"],"picked":"Terror+1","floor":36},{"not_picked":["Outmaneuver","Skewer+1","Underhanded Strike+1"],"picked":"SKIP","floor":38},{"not_picked":["Acrobatics+1","Catalyst","Dagger Throw+1"],"picked":"SKIP","floor":39},{"not_picked":["Dodge and Roll+1","Distraction"],"picked":"Bullet Time","floor":40},{"not_picked":["Dash+1","Dagger Spray+1"],"picked":"Infinite Blades","floor":45},{"not_picked":["Endless Agony+1","Blade Dance","Outmaneuver"],"picked":"SKIP","floor":46},{"not_picked":["Endless Agony+1","Blade Dance","Outmaneuver"],"picked":"SKIP","floor":46},{"not_picked":["Quick Slash+1","Terror","Sucker Punch+1"],"picked":"SKIP","floor":48}],"player_experience":7189,"relics_obtained":[{"floor":7,"key":"Strawberry"},{"floor":9,"key":"Paper Crane"},{"floor":12,"key":"Molten Egg 2"},{"floor":24,"key":"Regal Pillow"},{"floor":24,"key":"Darkstone Periapt"},{"floor":26,"key":"Orichalcum"},{"floor":29,"key":"Blood Vial"},{"floor":29,"key":"CaptainsWheel"},{"floor":40,"key":"Smiling Mask"},{"floor":40,"key":"InkBottle"},{"floor":43,"key":"Pantograph"},{"floor":46,"key":"White Beast Statue"},{"floor":46,"key":"Pocketwatch"}],"event_choices":[{"damage_healed":0,"gold_gain":0,"player_choice":"Success","damage_taken":12,"relics_obtained":["Meat on the Bone"],"max_hp_gain":0,"max_hp_loss":0,"event_name":"Scrap Ooze","floor":2,"gold_loss":0},{"cards_removed":["Clumsy"],"damage_healed":0,"gold_gain":0,"player_choice":"Forget","damage_taken":0,"max_hp_gain":0,"max_hp_loss":0,"event_name":"Living Wall","floor":4,"gold_loss":0},{"damage_healed":0,"gold_gain":0,"player_choice":"Stole Relic","damage_taken":0,"relics_obtained":["Happy Flower"],"max_hp_gain":0,"max_hp_loss":0,"event_name":"Addict","floor":19,"gold_loss":0,"cards_obtained":["Shame"]},{"damage_healed":25,"gold_gain":0,"player_choice":"Heal","damage_taken":0,"max_hp_gain":0,"max_hp_loss":0,"event_name":"The Library","floor":21,"gold_loss":0},{"damage_healed":0,"gold_gain":0,"player_choice":"Simplicity","damage_taken":0,"max_hp_gain":0,"max_hp_loss":0,"event_name":"Back to Basics","floor":22,"gold_loss":0,"cards_upgraded":["Strike_G","Strike_G","Strike_G","Strike_G","Defend_G","Defend_G","Defend_G","Defend_G","Defend_G"]},{"damage_healed":0,"gold_gain":0,"player_choice":"Became a vampire","damage_taken":0,"max_hp_gain":0,"max_hp_loss":24,"event_name":"Vampires","floor":28,"gold_loss":0,"cards_obtained":["Bite","Bite","Bite","Bite","Bite"]},{"damage_healed":0,"gold_gain":0,"player_choice":"Ignored","damage_taken":0,"max_hp_gain":0,"max_hp_loss":0,"event_name":"Tomb of Lord Red Mask","floor":37,"gold_loss":0}],"is_beta":false,"boss_relics":[{"not_picked":["Tiny House","HoveringKite"],"picked":"Black Star"},{"not_picked":["Velvet Choker","Astrolabe"],"picked":"SacredBark"}],"items_purged_floors":[14,42],"is_endless":false,"potions_floor_spawned":[1,3,7,18,20,33,35,38,40,48],"ascension_level":13}}