{"host":"7khtwbkyze7y134w","time":1608911213,"event":{"mods":["AchievementEnabler","BaseMod","Bestiary","Colored Map","Colored Powertips","Highlight Path","Minty Spire (QoL Compilation)","Quick Restart","Relic Stats","Slay-I","StSLib","SuperFastMode"],"gold_per_floor":[111,130,80,80,92,123,136,136,136,156,174,174,184,212,212,314,314,332,345,127,127,141,168,180,197,277,305,316,316,415,42,42,141,141,159,7,7,7,21,49,63,89,89,109,109,124,124,46,46,46,46,46,46,77,77,77],"floor_reached":55,"playtime":3010,"items_purged":["Defend_P","Strike_P"],"score":856,"play_id":"9286f85b-9c58-4624-b4ad-6b305f560040","local_time":"20201225154653","is_ascension_mode":false,"campfire_choices":[{"data":"FlurryOfBlows","floor":8.0,"key":"SMITH"},{"floor":15.0,"key":"REST"},{"data":"FlurryOfBlows","floor":29.0,"key":"SMITH"},{"floor":32.0,"key":"REST"},{"floor":45.0,"key":"RECALL"},{"floor":47.0,"key":"REST"},{"floor":49.0,"key":"REST"},{"data":"MentalFortress","floor":52.0,"key":"SMITH"}],"circlet_count":0,"master_deck":["Strike_P","Defend_P","Eruption+1","Vigilance","ClearTheMind","MentalFortress+1","ClearTheMind","ClearTheMind","FlurryOfBlows+1","FlurryOfBlows+1","MentalFortress+1","Crescendo","Adaptation","EmptyFist","FlurryOfBlows+1","Fasting2","Crescendo","EmptyMind+1","Vengeance","FlurryOfBlows+1","EmptyBody+1","EmptyBody","EmptyBody"],"relics":["PureWater","Yang","Pear","Darkstone Periapt","Empty Cage","Whetstone","Du-Vu Doll","Shuriken","Vajra","PreservedInsect","SacredBark","Anchor","Oddly Smooth Stone","Bag of Marbles","Lantern"],"acts_visited":["TheCity","TheBeyond","TheEnding"],"potions_floor_usage":[54],"damage_taken":[{"damage":1.0,"enemies":"2 Louse","floor":1.0,"turns":4.0},{"damage":0.0,"enemies":"Cultist","floor":2.0,"turns":4.0},{"damage":0.0,"enemies":"Small Slimes","floor":5.0,"turns":3.0},{"damage":4.0,"enemies":"Lagavulin","floor":6.0,"turns":9.0},{"damage":6.0,"enemies":"3 Louse","floor":7.0,"turns":4.0},{"damage":7.0,"enemies":"Exordium Wildlife","floor":10.0,"turns":4.0},{"damage":13.0,"enemies":"Exordium Thugs","floor":11.0,"turns":4.0},{"damage":24.0,"enemies":"Lots of Slimes","floor":13.0,"turns":4.0},{"damage":3.0,"enemies":"3 Sentries","floor":14.0,"turns":8.0},{"damage":10.0,"enemies":"Hexaghost","floor":16.0,"turns":8.0},{"damage":2.0,"enemies":"Shell Parasite","floor":18.0,"turns":4.0},{"damage":13.0,"enemies":"3 Byrds","floor":19.0,"turns":6.0},{"damage":28.0,"enemies":"Centurion and Healer","floor":22.0,"turns":6.0},{"damage":13.0,"enemies":"Gremlin Leader","floor":23.0,"turns":5.0},{"damage":0.0,"enemies":"Shelled Parasite and Fungi","floor":24.0,"turns":4.0},{"damage":0.0,"enemies":"3 Cultists","floor":25.0,"turns":5.0},{"damage":3.0,"enemies":"Slavers","floor":27.0,"turns":5.0},{"damage":0.0,"enemies":"Centurion and Healer","floor":28.0,"turns":4.0},{"damage":4.0,"enemies":"Automaton","floor":33.0,"turns":5.0},{"damage":25.0,"enemies":"3 Darklings","floor":35.0,"turns":4.0},{"damage":0.0,"enemies":"3 Shapes","floor":39.0,"turns":2.0},{"damage":0.0,"enemies":"Reptomancer","floor":40.0,"turns":3.0},{"damage":13.0,"enemies":"3 Darklings","floor":41.0,"turns":4.0},{"damage":6.0,"enemies":"Giant Head","floor":42.0,"turns":5.0},{"damage":12.0,"enemies":"Sphere and 2 Shapes","floor":44.0,"turns":3.0},{"damage":6.0,"enemies":"Spire Growth","floor":46.0,"turns":4.0},{"damage":60.0,"enemies":"Awakened One","floor":50.0,"turns":6.0},{"damage":0,"enemies":"Shield and Spear","floor":54,"turns":3},{"damage":95,"enemies":"The Heart","floor":55,"turns":6}],"seed_played":"-5772595740491422187","potions_obtained":[{"floor":2.0,"key":"Fruit Juice"},{"floor":5.0,"key":"PowerPotion"},{"floor":6.0,"key":"Dexterity Potion"},{"floor":14.0,"key":"EntropicBrew"},{"floor":16.0,"key":"Energy Potion"},{"floor":18.0,"key":"Block Potion"},{"floor":24.0,"key":"BottledMiracle"},{"floor":27.0,"key":"Fire Potion"},{"floor":28.0,"key":"Dexterity Potion"},{"floor":33.0,"key":"Block Potion"},{"floor":35.0,"key":"Block Potion"},{"floor":40.0,"key":"ColorlessPotion"},{"floor":42.0,"key":"PowerPotion"},{"floor":44.0,"key":"SkillPotion"}],"is_trial":false,"path_per_floor":["M","M","?","?","M","E","M","R","T","M","M","?","M","E","R","B",null,"M","M","$","?","M","E","M","M","T","E","M","R","?","$","R","B",null,"M","$","?","$","M","E","M","E","T","M","R","M","R","$","R","B",null,"R","$","E","B"],"character_chosen":"WATCHER","items_purchased":["Whetstone","Fasting2","Crescendo","PreservedInsect","Anchor","DuplicationPotion"],"campfire_rested":4,"item_purchase_floors":[20,31,31,31,36,48],"current_hp_per_floor":[71,71,71,71,71,67,61,61,76,69,56,61,37,34,61,51,92,90,77,77,77,49,36,36,36,36,33,33,33,33,33,60,56,92,67,67,67,67,67,67,54,48,48,36,36,30,57,57,84,24,92,92,92,92,0,0],"gold":77,"neow_bonus":"TRANSFORM_TWO_CARDS","is_daily":false,"chose_seed":false,"campfire_upgraded":3,"win_rate":0.0,"timestamp":1608911213,"path_taken":["M","M","?","?","M","E","?","R","T","M","M","?","M","E","R","BOSS","M","M","$","?","M","E","M","M","T","E","M","R","?","?","R","BOSS","M","$","?","?","?","E","M","E","T","M","R","M","R","?","R","BOSS","R","$","E","BOSS"],"items_purchased_type":["Relic","Card","Card","Relic","Relic","Potion"],"build_version":"2020-12-22","purchased_purges":2,"victory":false,"max_hp_per_floor":[72,72,72,72,72,72,72,72,87,87,87,92,92,92,92,92,92,92,92,92,92,92,92,92,92,92,92,92,92,92,92,92,92,92,92,92,92,92,92,92,92,92,92,92,92,92,92,92,92,92,92,92,92,92,92,92],"relic_stats":{"Darkstone Periapt":0,"counters":[29,136],"Shuriken":[59],"Yang":[436],"PreservedInsect":252,"Whetstone":["Eruption","FlurryOfBlows"],"obtain_stats":[{"Darkstone Periapt":14,"Lantern":54,"Pear":9,"SacredBark":34,"Vajra":27,"Oddly Smooth Stone":40,"Yang":6,"PreservedInsect":31,"Whetstone":20,"Empty Cage":17,"Du-Vu Doll":23,"Anchor":36,"Shuriken":26,"Bag of Marbles":42,"PureWater":0},{"Darkstone Periapt":9,"Lantern":28,"Pear":5,"SacredBark":19,"Vajra":17,"Oddly Smooth Stone":22,"Yang":4,"PreservedInsect":18,"Whetstone":12,"Empty Cage":10,"Du-Vu Doll":14,"Anchor":20,"Shuriken":16,"Bag of Marbles":24,"PureWater":0},{"Darkstone Periapt":44,"Lantern":130,"Pear":24,"SacredBark":96,"Vajra":87,"Oddly Smooth Stone":105,"Yang":20,"PreservedInsect":91,"Whetstone":62,"Empty Cage":52,"Du-Vu Doll":73,"Anchor":100,"Shuriken":82,"Bag of Marbles":114,"PureWater":0}]},"card_choices":[{"not_picked":["EmptyBody","ClearTheMind"],"picked":"MentalFortress","floor":1.0},{"not_picked":["Wallop","JustLucky"],"picked":"ClearTheMind","floor":2.0},{"not_picked":["Consecrate","Pray","Sanctity"],"picked":"SKIP","floor":5.0},{"not_picked":["FlyingSleeves","Pray"],"picked":"ClearTheMind","floor":6.0},{"not_picked":["WaveOfTheHand","Consecrate"],"picked":"FlurryOfBlows","floor":7.0},{"not_picked":["Fasting2","WindmillStrike"],"picked":"FlurryOfBlows","floor":10.0},{"not_picked":["CutThroughFate","SashWhip"],"picked":"MentalFortress","floor":11.0},{"not_picked":["Establishment","Consecrate"],"picked":"Crescendo","floor":13.0},{"not_picked":["Omniscience","FlyingSleeves"],"picked":"Adaptation","floor":14.0},{"not_picked":["PathToVictory","CrushJoints","BowlingBash+1"],"picked":"SKIP","floor":18.0},{"not_picked":["CutThroughFate","WindmillStrike","Worship+1"],"picked":"SKIP","floor":19.0},{"not_picked":["Vengeance","Protect"],"picked":"EmptyFist","floor":22.0},{"not_picked":["SandsOfTime","Conclude","PathToVictory+1"],"picked":"SKIP","floor":23.0},{"not_picked":["Perseverance","LikeWater","MasterReality"],"picked":"SKIP","floor":24.0},{"not_picked":["CutThroughFate","WreathOfFlame+1","FollowUp"],"picked":"SKIP","floor":25.0},{"not_picked":["CutThroughFate","ForeignInfluence+1","Protect+1"],"picked":"SKIP","floor":27.0},{"not_picked":["Vengeance+1","FearNoEvil"],"picked":"FlurryOfBlows","floor":28.0},{"not_picked":["Weave","Consecrate+1","LikeWater"],"picked":"SKIP","floor":35.0},{"not_picked":["FlyingSleeves","JustLucky"],"picked":"EmptyMind+1","floor":39.0},{"not_picked":["SashWhip","BowlingBash+1"],"picked":"Vengeance","floor":40.0},{"not_picked":["FollowUp","Judgement"],"picked":"FlurryOfBlows+1","floor":41.0},{"not_picked":["Fasting2+1","BowlingBash+1","WindmillStrike+1"],"picked":"SKIP","floor":42.0},{"not_picked":["Wireheading","ForeignInfluence+1"],"picked":"EmptyBody+1","floor":44.0},{"not_picked":["EmptyMind+1","CutThroughFate+1"],"picked":"EmptyBody","floor":46.0},{"not_picked":["JustLucky+1","DeusExMachina"],"picked":"EmptyBody","floor":54}],"player_experience":64831,"relics_obtained":[{"floor":6.0,"key":"Yang"},{"floor":9.0,"key":"Pear"},{"floor":14.0,"key":"Darkstone Periapt"},{"floor":23.0,"key":"Du-Vu Doll"},{"floor":26.0,"key":"Shuriken"},{"floor":27.0,"key":"Vajra"},{"floor":40.0,"key":"Oddly Smooth Stone"},{"floor":42.0,"key":"Bag of Marbles"},{"floor":54,"key":"Lantern"}],"event_choices":[{"cards_removed":["Injury"],"damage_healed":0.0,"max_hp_gain":0.0,"max_hp_loss":0.0,"gold_gain":0.0,"event_name":"The Cleric","player_choice":"Card Removal","floor":3.0,"gold_loss":50.0,"damage_taken":0.0},{"damage_healed":0.0,"max_hp_gain":0.0,"max_hp_loss":0.0,"gold_gain":0.0,"event_name":"Accursed Blacksmith","player_choice":"Forge","floor":4.0,"gold_loss":0.0,"damage_taken":0.0,"cards_upgraded":["MentalFortress"]},{"damage_healed":0.0,"max_hp_gain":5.0,"max_hp_loss":0.0,"gold_gain":0.0,"event_name":"Big Fish","player_choice":"Donut","floor":12.0,"gold_loss":0.0,"damage_taken":0.0},{"damage_healed":0.0,"max_hp_gain":0.0,"max_hp_loss":0.0,"gold_gain":0.0,"event_name":"Vampires","player_choice":"Ignored","floor":21.0,"gold_loss":0.0,"damage_taken":0.0},{"damage_healed":0.0,"max_hp_gain":0.0,"max_hp_loss":0.0,"gold_gain":99.0,"event_name":"Nest","player_choice":"Stole From Cult","floor":30.0,"gold_loss":0.0,"damage_taken":0.0},{"cards_removed":["Defend_P"],"damage_healed":0.0,"max_hp_gain":0.0,"max_hp_loss":0.0,"gold_gain":0.0,"event_name":"Purifier","player_choice":"Purged","floor":37.0,"gold_loss":0.0,"damage_taken":0.0}],"is_beta":false,"boss_relics":[{"not_picked":["Calling Bell","Philosopher\u0027s Stone"],"picked":"Empty Cage"},{"not_picked":["Runic Pyramid","Velvet Choker"],"picked":"SacredBark"}],"items_purged_floors":[20,31],"is_endless":false,"potions_floor_spawned":[2,5,6,14,16,18,24,27,28,33,35,40,42,44],"killed_by":"The Heart","ascension_level":0}}