{"host":"x5anfo2w8aotfuta","time":1608915064,"event":{"mods":["AchievementEnabler","BaseMod","Bestiary","Block Reminder","Colored Map","Colored Powertips","DeckTracker","Highlight Path","Minty Spire (QoL Compilation)","Quick Restart","Rare Cards Sparkle","Relic Stats","StSLib"],"gold_per_floor":[117,45,45,65,84,84,111,111,111,121,121,51,51,62,62,160,160,178,188,202,202,213,213,244,264,264,297,311,46,93,143,143,143,143],"floor_reached":33,"playtime":3529,"items_purged":["Strike_R"],"score":373,"play_id":"d4f174b3-6e43-4d87-948a-1221d44fe818","local_time":"20201225085104","is_ascension_mode":true,"campfire_choices":[{"data":"Bash","floor":6,"key":"SMITH"},{"data":"Reaper","floor":8,"key":"SMITH"},{"data":"Metallicize","floor":15,"key":"SMITH"},{"floor":23,"key":"REST"},{"floor":32,"key":"REST"}],"circlet_count":0,"master_deck":["Strike_R","Strike_R","Defend_R","Defend_R","Defend_R","Defend_R","Bash+1","Wild Strike","Pummel","Shrug It Off","Reaper+1","Clothesline","Metallicize+1","Offering","Immolate","Fire Breathing","Shockwave+1","Flame Barrier","Immolate","True Grit+1","Impervious","Entrench"],"relics":["Burning Blood","Boot","Calipers","Ginger","Runic Pyramid","Pen Nib","Pocketwatch","Gremlin Horn","OrangePellets"],"acts_visited":["Exordium","TheCity"],"potions_floor_usage":[7,14,20,22,24,28],"damage_taken":[{"damage":7,"enemies":"Jaw Worm","floor":1,"turns":5},{"damage":0,"enemies":"2 Louse","floor":4,"turns":2},{"damage":6,"enemies":"Cultist","floor":5,"turns":3},{"damage":16,"enemies":"Gremlin Nob","floor":7,"turns":3},{"damage":12,"enemies":"Exordium Wildlife","floor":10,"turns":4},{"damage":12,"enemies":"Exordium Thugs","floor":14,"turns":6},{"damage":66,"enemies":"The Guardian","floor":16,"turns":18},{"damage":6,"enemies":"Chosen","floor":18,"turns":4},{"damage":7,"enemies":"Shell Parasite","floor":19,"turns":8},{"damage":28,"enemies":"Sentry and Sphere","floor":20,"turns":8},{"damage":25,"enemies":"Snake Plant","floor":22,"turns":4},{"damage":48,"enemies":"Book of Stabbing","floor":24,"turns":8},{"damage":24,"enemies":"Shelled Parasite and Fungi","floor":25,"turns":9},{"damage":32,"enemies":"Slavers","floor":27,"turns":2},{"damage":6,"enemies":"Centurion and Healer","floor":28,"turns":5},{"damage":87,"enemies":"Champ","floor":33,"turns":13}],"seed_played":"-6305751998048343850","potions_obtained":[{"floor":1,"key":"Swift Potion"},{"floor":10,"key":"BlessingOfTheForge"},{"floor":14,"key":"LiquidBronze"},{"floor":18,"key":"Block Potion"},{"floor":20,"key":"Weak Potion"},{"floor":27,"key":"Fire Potion"}],"is_trial":false,"path_per_floor":["M","$","?","M","M","R","E","R","T","M","?","$","?","M","R","B",null,"M","M","M","?","M","R","E","M","T","E","M","$","T","?","R","B"],"character_chosen":"IRONCLAD","items_purchased":["Pummel","Metallicize","OrangePellets","Entrench"],"campfire_rested":2,"item_purchase_floors":[2,12,29,29],"current_hp_per_floor":[71,71,64,70,70,70,60,60,60,64,64,64,64,68,68,13,63,70,74,52,52,40,64,29,18,18,22,27,27,27,27,51,0,0],"gold":143,"neow_bonus":"RANDOM_COMMON_RELIC","is_daily":false,"chose_seed":false,"campfire_upgraded":3,"win_rate":0.0,"timestamp":1608915064,"path_taken":["M","$","?","M","M","R","E","R","T","M","?","?","?","?","R","BOSS","M","M","M","?","M","R","E","M","T","E","M","$","?","?","R","BOSS"],"items_purchased_type":["Card","Card","Relic","Card"],"build_version":"2020-12-22","purchased_purges":1,"victory":false,"max_hp_per_floor":[80,80,80,80,80,80,80,80,80,80,80,80,80,80,80,80,80,80,80,80,80,80,80,80,80,80,80,80,80,80,80,80,80,80],"relic_stats":{"OrangePellets":[1],"Gremlin Horn":[1,1],"counters":[16,102],"Pen Nib":[3],"Ginger":[10],"Boot":[144],"obtain_stats":[{"OrangePellets":29,"Calipers":7,"Gremlin Horn":27,"Pen Nib":24,"Ginger":9,"Boot":0,"Burning Blood":0,"Runic Pyramid":17,"Pocketwatch":26},{"OrangePellets":15,"Calipers":4,"Gremlin Horn":14,"Pen Nib":12,"Ginger":4,"Boot":0,"Burning Blood":0,"Runic Pyramid":7,"Pocketwatch":13},{"OrangePellets":89,"Calipers":13,"Gremlin Horn":84,"Pen Nib":73,"Ginger":13,"Boot":0,"Burning Blood":0,"Runic Pyramid":41,"Pocketwatch":82}],"Burning Blood":90,"Pocketwatch":[2]},"card_choices":[{"not_picked":["Rupture","True Grit"],"picked":"Wild Strike","floor":1},{"not_picked":["Rampage","Anger"],"picked":"Shrug It Off","floor":4},{"not_picked":["Anger","Flex","Body Slam"],"picked":"SKIP","floor":5},{"not_picked":["Rampage","Uppercut"],"picked":"Reaper","floor":7},{"not_picked":["Heavy Blade","Cleave"],"picked":"Clothesline","floor":10},{"not_picked":["Power Through","Heavy Blade","Sever Soul"],"picked":"SKIP","floor":14},{"not_picked":["Impervious","Feed"],"picked":"Immolate","floor":16},{"not_picked":["Ghostly Armor+1","Headbutt"],"picked":"Fire Breathing","floor":18},{"not_picked":["Inflame","Pummel"],"picked":"Shockwave+1","floor":19},{"not_picked":["Twin Strike","Pommel Strike+1"],"picked":"Flame Barrier","floor":20},{"not_picked":["Cleave+1","Whirlwind+1"],"picked":"True Grit+1","floor":22},{"not_picked":["Clothesline+1","Flex","Thunderclap+1"],"picked":"SKIP","floor":24},{"not_picked":["Metallicize","Dual Wield"],"picked":"Impervious","floor":25},{"not_picked":["Sentinel","Flex","Thunderclap"],"picked":"SKIP","floor":27},{"not_picked":["Cleave","Searing Blow","Warcry"],"picked":"SKIP","floor":28}],"player_experience":379036,"relics_obtained":[{"floor":7,"key":"Calipers"},{"floor":9,"key":"Ginger"},{"floor":24,"key":"Pen Nib"},{"floor":26,"key":"Pocketwatch"},{"floor":27,"key":"Gremlin Horn"}],"event_choices":[{"cards_removed":["Strike_R"],"damage_healed":0,"gold_gain":0,"player_choice":"Card Removal","damage_taken":7,"max_hp_gain":0,"max_hp_loss":0,"event_name":"Golden Wing","floor":3,"gold_loss":0},{"cards_removed":["Strike_R"],"damage_healed":0,"gold_gain":0,"player_choice":"Forget","damage_taken":0,"max_hp_gain":0,"max_hp_loss":0,"event_name":"Living Wall","floor":11,"gold_loss":0},{"damage_healed":0,"gold_gain":0,"player_choice":"1 cards matched","damage_taken":0,"max_hp_gain":0,"max_hp_loss":0,"event_name":"Match and Keep!","floor":13,"gold_loss":0,"cards_obtained":["Offering"]},{"damage_healed":0,"gold_gain":0,"player_choice":"1 cards matched","damage_taken":0,"max_hp_gain":0,"max_hp_loss":0,"event_name":"Match and Keep!","floor":21,"gold_loss":0,"cards_obtained":["Immolate"]},{"damage_healed":0,"gold_gain":100,"player_choice":"Bet on Murderer","damage_taken":0,"max_hp_gain":0,"max_hp_loss":0,"event_name":"The Joust","floor":31,"gold_loss":50}],"is_beta":false,"boss_relics":[{"not_picked":["Fusion Hammer","Tiny House"],"picked":"Runic Pyramid"}],"items_purged_floors":[29],"is_endless":false,"potions_floor_spawned":[1,10,14,18,20,27],"killed_by":"Champ","ascension_level":6}}