{"host":"vc42n08di9czm3e7","time":1608873698,"event":{"mods":["AchievementEnabler","Act Like it!","BaseMod","Colored Powertips","Downfall","Friendly Minions","GifTheSpireLib","Hubris","Minty Spire (QoL Compilation)","Rare Cards Sparkle","StSLib"],"gold_per_floor":[99,119,28,28,28,28,96,21,21,38,53,73,85,102,119,119,119,119],"floor_reached":16,"playtime":662,"items_purged":[],"score":119,"play_id":"1bb4c9cf-d252-4548-9510-3fa905daf36d","local_time":"20201225002138","is_ascension_mode":false,"campfire_choices":[{"floor":1,"key":"RECALL"},{"data":"Slimebound:Grow","floor":6,"key":"SMITH"},{"data":"Slimebound:LevelUp","floor":8,"key":"SMITH"}],"circlet_count":0,"master_deck":["Slimebound:Strike_Slimebound","Slimebound:Tackle","Slimebound:Defend_Slimebound","Slimebound:Defend_Slimebound","Slimebound:Defend_Slimebound","Slimebound:Defend_Slimebound","Slimebound:Split","Slimebound:CorrosiveSpit","Slimebound:Teamwork","Slimebound:LevelUp+1","Slimebound:DisruptingSlam","Slimebound:Schlurp","Slimebound:FinishingTackle","Slimebound:Grow+1","Slimebound:SplitBruiser","Slimebound:LeechingTouch","Slimebound:GoopSpray","Slimebound:MassFeed","Slimebound:SamplingLick","Slimebound:SlimeBarrage","Slimebound:SlimeSpikes"],"relics":["Slimebound:AbsorbEndCombat","hubris:Icosahedron","Ornamental Fan","downfall:HeartBlessingRed"],"acts_visited":["Exordium"],"potions_floor_usage":[12,12,15],"damage_taken":[{"damage":8,"enemies":"2 Louse","floor":2,"turns":4},{"damage":4,"enemies":"downfall:FleeingMerchant","floor":3,"turns":4},{"damage":14,"enemies":"Jaw Worm","floor":10,"turns":3},{"damage":4,"enemies":"Small Slimes","floor":11,"turns":3},{"damage":25,"enemies":"Gremlin Gang","floor":12,"turns":3},{"damage":0,"enemies":"3 Louse","floor":13,"turns":2},{"damage":16,"enemies":"Exordium Thugs","floor":14,"turns":6},{"damage":5,"enemies":"Blue Slaver","floor":15,"turns":2},{"damage":49,"enemies":"downfall:Defect","floor":16,"turns":5}],"seed_played":"346825846586222270","potions_obtained":[{"floor":2,"key":"SneckoOil"},{"floor":10,"key":"SneckoOil"},{"floor":12,"key":"SteroidPotion"},{"floor":14,"key":"SkillPotion"}],"is_trial":false,"path_per_floor":["R","M","$","?","?","R","T","R","?","M","M","M","M","M","M","B"],"character_chosen":"SLIMEBOUND","items_purchased":["Slimebound:Schlurp","Slimebound:FinishingTackle"],"campfire_rested":0,"item_purchase_floors":[3,3],"current_hp_per_floor":[60,58,60,60,60,60,60,60,60,54,54,35,44,41,45,0,0,0],"gold":119,"neow_bonus":"TRANSFORM_CARD","is_daily":false,"chose_seed":false,"campfire_upgraded":2,"win_rate":0.0,"timestamp":1608873698,"path_taken":["R","M","$","?","?","R","T","R","?","M","?","M","M","M","M","BOSS"],"items_purchased_type":["Card","Card"],"build_version":"2020-12-22","purchased_purges":0,"victory":false,"max_hp_per_floor":[60,60,60,60,60,60,60,60,60,60,60,60,69,72,75,75,75,75],"card_choices":[{"not_picked":["Slimebound:Gluttony","Slimebound:SplitBruiser"],"picked":"Slimebound:LevelUp","floor":2},{"not_picked":["Slimebound:SplitLeeching","Slimebound:Nibble"],"picked":"Slimebound:DisruptingSlam","floor":3},{"not_picked":["Slimebound:RainOfGoop","Slimebound:SplitAcid"],"picked":"Slimebound:LeechingTouch","floor":10},{"not_picked":["Slimebound:SplitAcid","Slimebound:SpikyOuterGoop"],"picked":"Slimebound:GoopSpray","floor":11},{"not_picked":["Slimebound:Dissolve","Slimebound:DisruptingSlam"],"picked":"Slimebound:MassFeed","floor":12},{"not_picked":["Slimebound:SplitLeeching","Slimebound:FlameTackle"],"picked":"Slimebound:SamplingLick","floor":13},{"not_picked":["Slimebound:Gluttony","Slimebound:Nibble"],"picked":"Slimebound:SlimeBarrage","floor":14},{"not_picked":["Slimebound:FlameTackle","Slimebound:SamplingLick"],"picked":"Slimebound:SlimeSpikes","floor":15}],"player_experience":212786,"relics_obtained":[{"floor":7,"key":"Ornamental Fan"}],"event_choices":[{"damage_healed":0,"gold_gain":0,"cards_transformed":["Slimebound:Strike_Slimebound"],"player_choice":"Transformed","damage_taken":0,"max_hp_gain":0,"max_hp_loss":0,"event_name":"Transmorgrifier","floor":9,"gold_loss":0,"cards_obtained":["Slimebound:SplitBruiser"]}],"is_beta":false,"boss_relics":[],"items_purged_floors":[],"is_endless":false,"potions_floor_spawned":[2,10,12,14],"killed_by":"downfall:Defect","ascension_level":0}}