{"host":"u36ni54khriudopt","time":1608904210,"event":{"mods":["BaseMod","Downfall","GifTheSpireLib","Minty Spire (QoL Compilation)","StSLib","[IsaacMod]ÒÔÈö¼âËþ"],"gold_per_floor":[99,99,99,99,99,274,274,309,309,325,29,45,45,60,70,193,193,193,208,223,223,223,267,319,352,352,277,313,45,56,131,141,236,236,236,256,266,366,441,468,516,566,584,509,528,528,528,528],"floor_reached":46,"playtime":3704,"items_purged":["Regret"],"score":535,"play_id":"a5dda8a0-cffb-41b5-b7ba-8abf9e966997","local_time":"20201225215010","is_ascension_mode":false,"campfire_choices":[{"data":"Slimebound:Split","floor":1.0,"key":"SMITH"},{"floor":13.0,"key":"REST"},{"data":"Slimebound:OozeBath","floor":18.0,"key":"SMITH"},{"data":"Slimebound:MassRepurpose","floor":27.0,"key":"SMITH"},{"data":"Slimebound:MinionMaster","floor":35.0,"key":"SMITH"},{"floor":44,"key":"REST"}],"circlet_count":0,"master_deck":["Slimebound:Tackle","Slimebound:Defend_Slimebound+1","Slimebound:Defend_Slimebound","Slimebound:Defend_Slimebound","Slimebound:Defend_Slimebound","Slimebound:Split+1","Slimebound:CorrosiveSpit+1","BettingIsNotGood+1","Slimebound:Grow","Slimebound:SplitMire","Slimebound:Gluttony","Slimebound:SplitAcid","Slimebound:PressTheAttack","Slimebound:MassRepurpose+1","Slimebound:SpikyOuterGoop","Slimebound:LevelUp","Slimebound:LeechEnergy+1","Slimebound:Repurpose","Slimebound:OozeBath+1","Slimebound:Nibble+1","Slimebound:SamplingLick","Slimebound:Tackle+1","Slimebound:Tackle+1","Slimebound:Tackle+1","Slimebound:RainOfGoop","Slimebound:SlimeTap+1","Shame","Slimebound:RollThrough","Slimebound:SplitBruiser+1","Slimebound:RejuvenatingLick+1","Slimebound:AcidTongue+1","Slimebound:ItLooksTasty+1","Slimebound:MinionMaster+1","Slimebound:ProtectTheBoss","Slimebound:Gluttony","Slimebound:SlimeSlap","Slimebound:FormOfPuddle","Slimebound:DivideAndConquer","Regret","Slimebound:Split","expansioncontent:AwakenDeath","Slimebound:HauntingLick","Slimebound:GrowthPunch","Slimebound:SplitBruiser","Slimebound:MinionMaster+1","Slimebound:SplitAcid","Slimebound:SplitBruiser+1","Slimebound:LeadByExample+1"],"relics":["Slimebound:AbsorbEndCombatUpgraded","HushsDoor","BFFS","downfall:HeartsMalice","Bag of Marbles","White Beast Statue","Boot","Dream Catcher","Mummified Hand","downfall:HeartBlessingGreen","Pear","Bottled Tornado","Whetstone","SlaversCollar","downfall:GremlinSack","MoneyPower","Frozen Egg 2","StrikeDummy","Happy Flower","downfall:HeartBlessingBlue"],"acts_visited":["Exordium","TheCity","TheBeyond"],"potions_floor_usage":[36,36,37,40,40,40,40,45,46,46,46],"damage_taken":[{"damage":0.0,"enemies":"Small Slimes","floor":2.0,"turns":1.0},{"damage":0.0,"enemies":"Jaw Worm","floor":3.0,"turns":1.0},{"damage":0.0,"enemies":"Cultist","floor":5.0,"turns":1.0},{"damage":21.0,"enemies":"Large Slime","floor":8.0,"turns":5.0},{"damage":0.0,"enemies":"3 Louse","floor":10.0,"turns":1.0},{"damage":32.0,"enemies":"downfall:FleeingMerchant","floor":11.0,"turns":4.0},{"damage":31.0,"enemies":"Blue Slaver","floor":12.0,"turns":4.0},{"damage":24.0,"enemies":"2 Fungi Beasts","floor":14.0,"turns":4.0},{"damage":27.0,"enemies":"3 Louse","floor":15.0,"turns":3.0},{"damage":36.0,"enemies":"downfall:Watcher","floor":16.0,"turns":8.0},{"damage":52.0,"enemies":"Spheric Guardian","floor":19.0,"turns":6.0},{"damage":82.0,"enemies":"Sentry and Sphere","floor":20.0,"turns":8.0},{"damage":48.0,"enemies":"Centurion and Healer","floor":23.0,"turns":7.0},{"damage":41.0,"enemies":"Book of Stabbing","floor":25.0,"turns":5.0},{"damage":46.0,"enemies":"Snecko","floor":28.0,"turns":7.0},{"damage":26.0,"enemies":"downfall:FleeingMerchant","floor":29.0,"turns":4.0},{"damage":30.0,"enemies":"Sentry and Sphere","floor":30.0,"turns":5.0},{"damage":38.0,"enemies":"Hiden Room Battle","floor":31.0,"turns":5.0},{"damage":40.0,"enemies":"Shelled Parasite and Fungi","floor":32.0,"turns":4.0},{"damage":39.0,"enemies":"downfall:Defect","floor":33.0,"turns":7.0},{"damage":19,"enemies":"3 Darklings","floor":36,"turns":4},{"damage":35,"enemies":"3 Shapes","floor":37,"turns":3},{"damage":51,"enemies":"3 Shapes","floor":38,"turns":5},{"damage":21,"enemies":"Mind Bloom Boss Battle","floor":39,"turns":5},{"damage":104,"enemies":"Reptomancer","floor":40,"turns":7},{"damage":27,"enemies":"Hiden Room Battle","floor":42,"turns":5},{"damage":49,"enemies":"Sphere and 2 Shapes","floor":43,"turns":7},{"damage":54,"enemies":"Jaw Worm Horde","floor":45,"turns":4},{"damage":18,"enemies":"Maw","floor":46,"turns":2}],"seed_played":"-5495342902025132603","potions_obtained":[{"floor":8.0,"key":"champ:CounterPotion"},{"floor":10.0,"key":"Strength Potion"},{"floor":11.0,"key":"FairyPotion"},{"floor":16.0,"key":"Ancient Potion"},{"floor":19.0,"key":"Fire Potion"},{"floor":20.0,"key":"DistilledChaos"},{"floor":23.0,"key":"EntropicBrew"},{"floor":25.0,"key":"Fire Potion"},{"floor":28.0,"key":"FearPotion"},{"floor":32.0,"key":"Weak Potion"},{"floor":33.0,"key":"AttackPotion"},{"floor":36,"key":"Fire Potion"},{"floor":37,"key":"hexamod:EctoCoolerPotion"},{"floor":38,"key":"EntropicBrew"},{"floor":40,"key":"Ancient Potion"},{"floor":42,"key":"SpeedPotion"},{"floor":43,"key":"CultistPotion"},{"floor":45,"key":"Dexterity Potion"}],"is_trial":false,"path_per_floor":["R","M","M","?","M","?","T","M","?","M","$","M","R","M","M","B",null,"R","M","M","?","?","M","T","E","?","R","M","$","M","?","M","B",null,"R","M","M","?","?","E","T","?","M","R","M","M"],"character_chosen":"SLIMEBOUND","items_purchased":["Slimebound:MassRepurpose","Slimebound:SpikyOuterGoop","Pear"],"campfire_rested":2,"item_purchase_floors":[11,11,29],"current_hp_per_floor":[60,60,60,53,53,53,53,48,48,48,36,19,37,35,32,28,60,60,39,29,29,29,37,37,44,44,44,36,62,56,60,64,62,70,70,70,55,48,70,27,27,31,12,46,14,0,0,0],"gold":528,"neow_bonus":"THREE_ENEMY_KILL","is_daily":false,"chose_seed":false,"campfire_upgraded":4,"win_rate":0.0,"timestamp":1608904210,"path_taken":["R","M","M","?","?","?","T","M","?","M","$","M","R","M","M","BOSS","R","M","M","?","?","M","T","E","?","R","M","$","M","?","M","BOSS","R","M","M","?","?","E","T","?","?","R","M","M"],"items_purchased_type":["Card","Card","Relic"],"build_version":"2020-12-22","purchased_purges":1,"victory":false,"max_hp_per_floor":[60,60,60,60,60,60,60,60,60,60,60,60,60,60,60,60,60,60,60,60,60,60,60,60,60,60,60,60,70,70,70,70,70,70,70,70,70,70,70,70,70,70,70,80,80,80,80,80],"card_choices":[{"not_picked":[],"picked":"BettingIsNotGood","floor":0.0},{"not_picked":["Slimebound:FlameTackle","Slimebound:GrowthPunch"],"picked":"Slimebound:Grow","floor":2.0},{"not_picked":["Slimebound:RollThrough","Slimebound:BestDefense"],"picked":"Slimebound:SplitMire","floor":3.0},{"not_picked":["Slimebound:RollThrough","Slimebound:GrowthPunch"],"picked":"Bomb","floor":5.0},{"not_picked":["Slimebound:Prepare","Slimebound:RollThrough"],"picked":"Slimebound:Gluttony","floor":8.0},{"not_picked":["Slimebound:ItLooksTasty","Slimebound:RollThrough"],"picked":"Slimebound:SplitAcid","floor":10.0},{"not_picked":["Slimebound:Dissolve","Bomb"],"picked":"Slimebound:PressTheAttack","floor":11.0},{"not_picked":["Slimebound:FinishingTackle","Slimebound:Dissolve"],"picked":"Slimebound:LevelUp","floor":12.0},{"not_picked":["Slimebound:Schlurp","Slimebound:RollThrough"],"picked":"Slimebound:LeechEnergy","floor":14.0},{"not_picked":["Slimebound:SlimeBrawl","Slimebound:GoopTackle"],"picked":"Slimebound:Repurpose","floor":15.0},{"not_picked":["Slimebound:RallyTheTroops","Slimebound:MassRepurpose"],"picked":"Slimebound:OozeBath","floor":16.0},{"not_picked":["Slimebound:ViciousTackle+1","Slimebound:LeechEnergy"],"picked":"Slimebound:Nibble","floor":19.0},{"not_picked":["Slimebound:GrowthPunch","Slimebound:Schlurp"],"picked":"Slimebound:SamplingLick","floor":20.0},{"not_picked":["Slimebound:DivideAndConquer","Slimebound:SplitLeeching"],"picked":"Slimebound:RainOfGoop","floor":23.0},{"not_picked":["Slimebound:SplitMire+1","Slimebound:PressTheAttack+1"],"picked":"Slimebound:SlimeTap+1","floor":25.0},{"not_picked":["Slimebound:Gluttony","Slimebound:LeechEnergy+1"],"picked":"Slimebound:RollThrough","floor":28.0},{"not_picked":["Slimebound:SlimeSpikes","Slimebound:GoopSpray"],"picked":"Slimebound:SplitBruiser+1","floor":29.0},{"not_picked":["Slimebound:LevelUp","Slimebound:FinishingTackle"],"picked":"Slimebound:RejuvenatingLick+1","floor":30.0},{"not_picked":["Slimebound:GoopSpray+1","Slimebound:RainOfGoop"],"picked":"Slimebound:AcidTongue+1","floor":31.0},{"not_picked":["Slimebound:SplitBruiser","Slimebound:ServeAndProtect"],"picked":"Slimebound:ItLooksTasty+1","floor":32.0},{"not_picked":["Slimebound:DouseInSlime","Slimebound:OneTwoCombo"],"picked":"Slimebound:MinionMaster","floor":33.0},{"not_picked":["Slimebound:FinishingTackle+1","Slimebound:SplitBruiser"],"picked":"Slimebound:ProtectTheBoss","floor":36},{"not_picked":["Slimebound:RollThrough+1","Slimebound:Prepare+1"],"picked":"Slimebound:Gluttony","floor":37},{"not_picked":["Slimebound:RainOfGoop","Slimebound:SlimeSpikes+1"],"picked":"Slimebound:HauntingLick","floor":38},{"not_picked":["Slimebound:ViciousTackle","Slimebound:LeechEnergy+1"],"picked":"Slimebound:GrowthPunch","floor":39},{"not_picked":["Slimebound:ServeAndProtect","Slimebound:Gluttony+1"],"picked":"Slimebound:SplitBruiser","floor":40},{"not_picked":["Slimebound:SplitMire+1","Slimebound:SlimeTap"],"picked":"Slimebound:MinionMaster+1","floor":42},{"not_picked":["Slimebound:LeechEnergy+1","Slimebound:PressTheAttack"],"picked":"Slimebound:SplitAcid","floor":43},{"not_picked":["Slimebound:Prepare+1","Slimebound:SplitMire"],"picked":"Slimebound:SplitBruiser+1","floor":44},{"not_picked":["Slimebound:LivingWall+1","Slimebound:PressTheAttack+1"],"picked":"Slimebound:LeadByExample+1","floor":45}],"player_experience":375764,"relics_obtained":[{"floor":7.0,"key":"White Beast Statue"},{"floor":24.0,"key":"Boot"},{"floor":25.0,"key":"Dream Catcher"},{"floor":31.0,"key":"Bottled Tornado"},{"floor":31.0,"key":"Whetstone"},{"floor":38,"key":"downfall:GremlinSack"},{"floor":39,"key":"MoneyPower"},{"floor":40,"key":"Frozen Egg 2"},{"floor":42,"key":"StrikeDummy"},{"floor":42,"key":"Happy Flower"}],"event_choices":[{"damage_healed":0.0,"max_hp_gain":0.0,"max_hp_loss":0.0,"gold_gain":0.0,"event_name":"Scrap Ooze","player_choice":"Success","floor":4.0,"gold_loss":0.0,"damage_taken":7.0,"relics_obtained":["Bag of Marbles"]},{"cards_removed":["Doubt"],"damage_healed":0.0,"max_hp_gain":0.0,"max_hp_loss":0.0,"gold_gain":0.0,"event_name":"Back to Basics","player_choice":"Elegance","floor":22.0,"gold_loss":0.0,"damage_taken":0.0},{"damage_healed":0.0,"max_hp_gain":0.0,"max_hp_loss":0.0,"gold_gain":0.0,"event_name":"Addict","player_choice":"Stole Relic","floor":26.0,"gold_loss":0.0,"damage_taken":0.0,"relics_obtained":["Mummified Hand"],"cards_obtained":["Shame"]},{"damage_healed":0.0,"max_hp_gain":0.0,"max_hp_loss":0.0,"gold_gain":0.0,"event_name":"HidenRoomEvent","player_choice":"Fight","floor":31.0,"gold_loss":0.0,"damage_taken":0.0},{"damage_healed":0,"gold_gain":0,"player_choice":"Fight","damage_taken":0,"max_hp_gain":0,"max_hp_loss":0,"event_name":"HidenRoomEvent","floor":42,"gold_loss":0}],"is_beta":false,"boss_relics":[{"not_picked":["Snecko Eye","Philosopher\u0027s Stone"],"picked":"Slimebound:AbsorbEndCombatUpgraded"},{"not_picked":[]},{"not_picked":["Slimebound:TarBlob","Tiny House"],"picked":"SlaversCollar"},{"not_picked":[]}],"items_purged_floors":[11],"is_endless":false,"potions_floor_spawned":[8,10,11,12,14,15,16,19,20,23,25,28,29,30,31,32,33,36,37,38,39,40,42,43,45],"killed_by":"Maw","ascension_level":0}}