{"host":"c59zqhrgluvxuu0k","time":1608851534,"event":{"mods":["BaseMod","Better Altar","Better Third Choice","BetterRewards","Colored Map","Colored Powertips","Curses Come First","Downfall","Duelist Mod","Friendly Minions","Hermit","Hubris","Minty Spire (QoL Compilation)","Replay The Spire","Shop Mod","Spicy Shops","StSLib","The Administrix","The Blackbeard","The Cursed","The Death Knight","The Dragon Tamer","The Druid","The Jungle","The Runesmith","The Wild Card"],"gold_per_floor":[99,99,99,99,99,7,7,7,7,39,59,80,5,38,56,157,157,82,98,115,128,128,157,157,177,191,221,36,51,51,51,71,174,174,99,68,83,94,108,125,125,156,256,275,89,102,102,137,149,149,149,177,31,31,31],"floor_reached":56,"playtime":8081,"items_purged":["ReplayTheSpireMod:Restless Dread","Writhe"],"score":1457,"play_id":"ebba78cd-6e9b-46b2-abef-e5b9de8bbb94","local_time":"20201224161213","is_ascension_mode":false,"campfire_choices":[{"floor":1.0,"key":"RECALL"},{"data":"Guardian:EvasiveProtocol","floor":9.0,"key":"SMITH"},{"data":"Guardian:ArmoredProtocol","floor":13.0,"key":"SMITH"},{"data":"Guardian:FloatingOrbs","floor":18.0,"key":"SMITH"},{"floor":30.0,"key":"DIG"},{"floor":35.0,"key":"DIG"},{"floor":47.0,"key":"DIG"},{"floor":54.0,"key":"DIG"}],"circlet_count":0,"master_deck":["Guardian:Strike_Guardian+1","Guardian:Strike_Guardian+1","Guardian:Defend_Guardian","Guardian:Defend_Guardian","Guardian:CurlUp","Guardian:TwinSlam","Guardian:TemporalStrike","Guardian:EvasiveProtocol+1","Guardian:Planning+1","Guardian:VentSteam+1","Guardian:ArmoredProtocol+1","Guardian:GuardianWhirl","Guardian:FloatingOrbs+1","Guardian:Planning+1","Guardian:RevengeProtocol","Guardian:PrismaticBeam+1","Guardian:PiercingHide+1","Guardian:Recover+1","Guardian:ShieldSpikes+1","Guardian:RollAttack+1","Guardian:Repulse","expansioncontent:Corrupt+1","Guardian:SentryBeam","Guardian:StasisField+1","Guardian:SpikerProtocol","Guardian:SpikerProtocol+1","expansioncontent:QuickStudy+1","Guardian:FuturePlans","Guardian:WalkerClaw+1","Guardian:ChargeUp+1","Guardian:CrystalBeam+1","Guardian:BronzeOrb+1","Guardian:TimeCapacitor","Guardian:TimeCapacitor","Guardian:TemporalShield+1","Replay:Parry","Sadistic Nature","Guardian:ExploitGems+1","Guardian:ShieldCharger+1","Guardian:PrimingBeam"],"relics":["Guardian:ModeShifter","downfall:HeartsMalice","Toxic Egg 2","Guardian:PickAxe","hubris:Towel","Replay:PocketPolymizer","Odd Mushroom","downfall:HeartBlessingRed","Shovel","Ring of Chaos","downfall:HeartBlessingBlue","MutagenicStrength","hubris:MedicalManual","Calipers","Potion Belt","ReplayTheSpireMod:ShopPack","PreservedInsect","Painkiller Herb","downfall:HeartBlessingGreen","Whetstone","ReplayTheSpireMod:CursedCoin","Art of War","Blue Candle","hubris:Potato","White Beast Statue","BargainBundle","Omamori","Guardian:PocketSentry","HandDrill","Runesmith:Nanobots","Shuriken","Bottled Tornado","Guardian:StasisUpgradeRelic","Replay:Accelerometer"],"acts_visited":["Exordium","TheCity","TheBeyond","TheEnding"],"potions_floor_usage":[55,55],"damage_taken":[{"damage":0.0,"enemies":"Cultist","floor":2.0,"turns":1.0},{"damage":0.0,"enemies":"downfall:FleeingMerchant","floor":6.0,"turns":1.0},{"damage":0.0,"enemies":"2 Louse","floor":8.0,"turns":1.0},{"damage":5.0,"enemies":"Lagavulin","floor":10.0,"turns":10.0},{"damage":0.0,"enemies":"Small Slimes","floor":11.0,"turns":3.0},{"damage":0.0,"enemies":"The Mushroom Lair","floor":12.0,"turns":5.0},{"damage":3.0,"enemies":"3 Sentries","floor":14.0,"turns":5.0},{"damage":0.0,"enemies":"Blue Slaver","floor":15.0,"turns":3.0},{"damage":38.0,"enemies":"downfall:Defect","floor":16.0,"turns":8.0},{"damage":0.0,"enemies":"Shell Parasite","floor":19.0,"turns":5.0},{"damage":10.0,"enemies":"3 Byrds","floor":20.0,"turns":4.0},{"damage":2.0,"enemies":"Centurion and Healer","floor":21.0,"turns":5.0},{"damage":11.0,"enemies":"theDuelist:KaibaA2","floor":23.0,"turns":4.0},{"damage":7.0,"enemies":"Snake Plant","floor":25.0,"turns":4.0},{"damage":0.0,"enemies":"3 Cultists","floor":26.0,"turns":4.0},{"damage":8.0,"enemies":"Slavers","floor":27.0,"turns":4.0},{"damage":0.0,"enemies":"downfall:FleeingMerchant","floor":28.0,"turns":4.0},{"damage":15.0,"enemies":"Snecko","floor":29.0,"turns":6.0},{"damage":0.0,"enemies":"Cultist and Chosen","floor":32.0,"turns":3.0},{"damage":0.0,"enemies":"downfall:Watcher","floor":33.0,"turns":6.0},{"damage":0.0,"enemies":"downfall:FleeingMerchant","floor":36.0,"turns":4.0},{"damage":0.0,"enemies":"3 Shapes","floor":37.0,"turns":2.0},{"damage":0.0,"enemies":"Orb Walker","floor":38.0,"turns":3.0},{"damage":0.0,"enemies":"Jaw Worm Horde","floor":39.0,"turns":4.0},{"damage":0.0,"enemies":"Maw","floor":40.0,"turns":7.0},{"damage":0.0,"enemies":"Giant Head","floor":42.0,"turns":7.0},{"damage":0.0,"enemies":"downfall:LadyInBlue","floor":43.0,"turns":4.0},{"damage":0.0,"enemies":"Sphere and 2 Shapes","floor":44.0,"turns":3.0},{"damage":0.0,"enemies":"downfall:FleeingMerchant","floor":45.0,"turns":3.0},{"damage":0.0,"enemies":"Jaw Worm Horde","floor":46.0,"turns":2.0},{"damage":11.0,"enemies":"Reptomancer","floor":48.0,"turns":5.0},{"damage":0.0,"enemies":"Spire Growth","floor":49.0,"turns":3.0},{"damage":4.0,"enemies":"downfall:Silent","floor":50.0,"turns":5.0},{"damage":0.0,"enemies":"downfall:CharBossMerchant","floor":52.0,"turns":5.0},{"damage":0,"enemies":"downfall:NeowBoss","floor":55,"turns":15}],"seed_played":"5174620414071276046","potions_obtained":[{"floor":10.0,"key":"Reflective Coating"},{"floor":11.0,"key":"DuplicationPotion"},{"floor":12.0,"key":"Fire Potion"},{"floor":14.0,"key":"champ:CounterPotion"},{"floor":16.0,"key":"Guardian:BlockOnCardUsePotion"},{"floor":21.0,"key":"Strength Potion"},{"floor":23.0,"key":"Guardian:DefensiveModePotion"},{"floor":26.0,"key":"Adrenaline Potion"},{"floor":27.0,"key":"Dexterity Potion"},{"floor":32.0,"key":"SpeedPotion"},{"floor":40.0,"key":"hexamod:EctoCoolerPotion"},{"floor":43.0,"key":"Guardian:DefensiveModePotion"},{"floor":43.0,"key":"Slimebound:ThreeZeroPotion"},{"floor":44.0,"key":"AttackPotion"},{"floor":45.0,"key":"SteroidPotion"},{"floor":46.0,"key":"Regen Potion"},{"floor":48.0,"key":"Languid Potion"},{"floor":49.0,"key":"Dexterity Potion"},{"floor":52.0,"key":"Block Potion"}],"is_trial":false,"path_per_floor":["R","M","T","?","?","$","T","M","R","E","M","?","R","E","M","B",null,"R","M","M","M","?","E","T","M","M","E","$","M","R","?","M","B",null,"T","T","?","?","?","?","T","E","?","?","T","?","T","E","?","B",null,"E","T","T","B",null],"character_chosen":"GUARDIAN","items_purchased":["Guardian:EvasiveProtocol","Guardian:Repulse","ReplayTheSpireMod:ShopPack","ReplayTheSpireMod:CursedCoin","Art of War","expansioncontent:QuickStudy+1","BargainBundle","Guardian:TimeCapacitor","Guardian:TemporalShield+1","Replay:Parry","Sadistic Nature","Omamori","Guardian:PocketSentry","HandDrill","Guardian:StasisUpgradeRelic"],"campfire_rested":0,"item_purchase_floors":[6,28,28,36,36,36,45,45,45,45,45,45,45,45,53],"current_hp_per_floor":[80,80,80,68,68,68,68,68,68,63,63,63,63,60,60,22,80,90,90,80,78,78,67,67,60,60,52,52,37,37,37,37,37,90,90,90,90,90,90,90,90,90,90,90,90,90,90,79,84,80,90,90,90,90,90],"gold":31,"neow_bonus":"THREE_ENEMY_KILL","is_daily":false,"chose_seed":false,"campfire_upgraded":3,"win_rate":0.0,"timestamp":1608851533,"path_taken":["R","M","?","?","?","?","T","M","R","E","?","?","R","E","M","BOSS","R","M","M","M","?","E","T","M","M","E","$","M","R","?","M","BOSS","T","T","?","?","?","?","T","E","?","?","T","?","T","E","?","BOSS","E","T","T","BOSS"],"items_purchased_type":["Card","Card","Relic","Relic","Relic","Card","Relic","Card","Card","Card","Card","Relic","Relic","Relic","Relic"],"build_version":"2020-12-22","purchased_purges":2,"victory":true,"max_hp_per_floor":[80,80,80,80,80,80,80,80,80,80,80,80,80,80,80,80,80,90,90,90,90,90,90,90,90,90,90,90,90,90,90,90,90,90,90,90,90,90,90,90,90,90,90,90,90,90,90,90,90,90,90,90,90,90,90],"card_choices":[{"not_picked":["Guardian:CrystalBeam","Guardian:RefractedBeam"],"picked":"Guardian:Gem_Yellow","floor":2.0},{"not_picked":["Guardian:MultiBeam","Guardian:Gem_White"],"picked":"Guardian:TemporalStrike","floor":6.0},{"not_picked":["Guardian:Suspension+1","Guardian:Incinerate"],"picked":"Guardian:Planning+1","floor":8.0},{"not_picked":["Guardian:CrystalBeam","Guardian:MultiBeam"],"picked":"Guardian:VentSteam+1","floor":10.0},{"not_picked":["Guardian:ChargeCore","Guardian:WalkerClaw"],"picked":"Guardian:ArmoredProtocol","floor":11.0},{"not_picked":["Guardian:Incinerate","Guardian:TemporalStrike"],"picked":"Guardian:GuardianWhirl","floor":12.0},{"not_picked":["Guardian:FastForward+1","Guardian:ArmoredProtocol"],"picked":"Guardian:Planning+1","floor":14.0},{"not_picked":["Guardian:Gem_Green","Guardian:PrimingBeam"],"picked":"Guardian:Gem_Cyan","floor":15.0},{"not_picked":["Guardian:GemFire","Guardian:StasisEngine"],"picked":"Guardian:RevengeProtocol","floor":16.0},{"not_picked":["Guardian:Gem_Lightblue","Guardian:SentryBeam"],"picked":"Guardian:PrismaticBeam+1","floor":19.0},{"not_picked":["Guardian:TemporalShield+1","Guardian:PrismaticBarrier+1"],"picked":"Guardian:PiercingHide+1","floor":20.0},{"not_picked":["Guardian:CrystalBeam","Guardian:DonusPower+1"],"picked":"Guardian:Gem_Green","floor":21.0},{"not_picked":["Guardian:ChargeCore","Guardian:Repulse+1"],"picked":"Guardian:GemFinder","floor":23.0},{"not_picked":["Guardian:Gem_Cyan","Guardian:Gem_Lightblue"],"picked":"Guardian:Gem_Red","floor":25.0},{"not_picked":["Guardian:Gem_Lightblue","Guardian:Gem_Green"],"picked":"Guardian:Gem_Cyan","floor":25.0},{"not_picked":["Guardian:TemporalShield+1","Guardian:WalkerClaw+1"],"picked":"Guardian:Recover+1","floor":25.0},{"not_picked":["Guardian:Gem_Green","Guardian:Gem_Lightblue"],"picked":"Guardian:Gem_Red","floor":26.0},{"not_picked":["Guardian:Gem_Green","Guardian:Gem_Red"],"picked":"Guardian:Gem_Cyan","floor":26.0},{"not_picked":["Guardian:TemporalStrike","Guardian:Gem_Yellow"],"picked":"Guardian:ShieldSpikes+1","floor":26.0},{"not_picked":["Guardian:Gem_Red","Guardian:Gem_Lightblue"],"picked":"Guardian:Gem_Cyan","floor":27.0},{"not_picked":["Guardian:Gem_Green","Guardian:Gem_Red"],"picked":"Guardian:Gem_Cyan","floor":27.0},{"not_picked":["Guardian:TemporalShield+1","Guardian:ShieldSpikes+1"],"picked":"Guardian:Gem_Synthetic","floor":27.0},{"not_picked":["Guardian:Gem_Cyan","Guardian:Incinerate"],"picked":"Guardian:RollAttack+1","floor":28.0},{"not_picked":["Chrysalis","Metamorphosis"],"picked":"expansioncontent:Corrupt","floor":28.0},{"not_picked":["Guardian:Reroute","Guardian:Recover+1","Guardian:Suspension+1"],"picked":"SKIP","floor":29.0},{"not_picked":["Guardian:Suspension+1","Guardian:Gem_Green","Guardian:Incinerate"],"picked":"SKIP","floor":32.0},{"not_picked":["Guardian:GemFinder","Guardian:ConstructionForm"],"picked":"Guardian:StasisField+1","floor":33.0},{"not_picked":["Guardian:SphericShield+1","Guardian:Recover+1"],"picked":"Guardian:SpikerProtocol+1","floor":36.0},{"not_picked":["Guardian:Suspension+1","Guardian:Planning+1"],"picked":"Guardian:FuturePlans","floor":37.0},{"not_picked":["Guardian:VentSteam+1","Guardian:Gem_Green","Guardian:Gem_Lightblue"],"picked":"SKIP","floor":38.0},{"not_picked":["Guardian:Suspension+1","Guardian:Gem_Cyan"],"picked":"Guardian:WalkerClaw+1","floor":39.0},{"not_picked":["Guardian:Gem_Lightblue","Guardian:PrismaticBeam+1"],"picked":"Guardian:ChargeUp+1","floor":40.0},{"not_picked":["Guardian:StasisField+1","Guardian:RollAttack"],"picked":"Guardian:CrystalBeam+1","floor":42.0},{"not_picked":["Guardian:Gem_Blue","Guardian:ChargeCore"],"picked":"Guardian:Gem_Yellow","floor":43.0},{"not_picked":["Guardian:Recover+1","Guardian:Gem_Cyan"],"picked":"Guardian:BronzeOrb+1","floor":44.0},{"not_picked":["Guardian:EvasiveProtocol+1","Guardian:Recover+1"],"picked":"Guardian:TimeCapacitor","floor":45.0},{"not_picked":["Guardian:ChargeCore","Guardian:PiercingHide+1"],"picked":"Guardian:ExploitGems+1","floor":46.0},{"not_picked":["Guardian:Clone+1","Guardian:Reroute+1","Guardian:Incinerate+1"],"picked":"SKIP","floor":48.0},{"not_picked":["Guardian:ShieldCharger+1","Guardian:RefractedBeam+1"],"picked":"Guardian:Gem_Red","floor":49.0},{"not_picked":["Guardian:Planning+1","Guardian:WalkerClaw+1"],"picked":"Guardian:Gem_Crimson","floor":52.0}],"player_experience":2168394,"relics_obtained":[{"floor":3.0,"key":"Toxic Egg 2"},{"floor":10.0,"key":"Replay:PocketPolymizer"},{"floor":12.0,"key":"Odd Mushroom"},{"floor":14.0,"key":"Shovel"},{"floor":23.0,"key":"hubris:MedicalManual"},{"floor":24.0,"key":"Calipers"},{"floor":27.0,"key":"Potion Belt"},{"floor":30.0,"key":"PreservedInsect"},{"floor":35.0,"key":"Whetstone"},{"floor":41.0,"key":"Blue Candle"},{"floor":42.0,"key":"hubris:Potato"},{"floor":43.0,"key":"White Beast Statue"},{"floor":47.0,"key":"Runesmith:Nanobots"},{"floor":48.0,"key":"Shuriken"},{"floor":52.0,"key":"Bottled Tornado"},{"floor":54.0,"key":"Replay:Accelerometer"}],"event_choices":[{"damage_healed":0.0,"max_hp_gain":0.0,"max_hp_loss":0.0,"gold_gain":0.0,"event_name":"Mushrooms","player_choice":"Fought Mushrooms","floor":12.0,"gold_loss":0.0,"damage_taken":0.0},{"damage_healed":0.0,"max_hp_gain":0.0,"max_hp_loss":0.0,"gold_gain":0.0,"event_name":"Drug Dealer","player_choice":"Inject Mutagens","floor":22.0,"gold_loss":0.0,"damage_taken":0.0,"relics_obtained":["MutagenicStrength"]}],"is_beta":false,"boss_relics":[{"not_picked":["hubris:Stopwatch","SacredBark"],"picked":"Ring of Chaos"},{"not_picked":["Replay:Bronze Core","Snecko Eye"],"picked":"Painkiller Herb"}],"items_purged_floors":[36,45],"is_endless":false,"potions_floor_spawned":[10,11,12,14,16,21,23,26,27,32,40,44,45,46,48,49,52],"ascension_level":0}}