{"host":"03a85bwj0a5skoit","time":1608904554,"event":{"mods":["BaseMod","Block Reminder","Minty Spire (QoL Compilation)","Relic Stats","StSLib"],"gold_per_floor":[116,191,24,24,44,74,74,86,86,96,96,114,125,24,24,95,95,107,120,133,181,181,181],"floor_reached":22,"playtime":819,"items_purged":["Strike_B"],"score":426,"play_id":"ddfcbcae-954d-4e15-9840-47bdebcd905b","local_time":"20201226002554","is_ascension_mode":true,"campfire_choices":[{"data":"Sunder","floor":7,"key":"SMITH"},{"data":"Chill","floor":11,"key":"SMITH"},{"data":"Blizzard","floor":15,"key":"SMITH"}],"circlet_count":0,"master_deck":["AscendersBane","Defend_B","Defend_B","Defend_B","Defend_B","Zap","Dualcast","Sunder+1","Blizzard+1","Gash","Meteor Strike","Coolheaded","Chill+1","Rebound","Core Surge","Chill","Coolheaded","Reboot","Genetic Algorithm+1","Redo"],"relics":["Cracked Core","NeowsBlessing","Pear","DataDisk","Empty Cage","CeramicFish"],"acts_visited":["Exordium","TheCity"],"potions_floor_usage":[16,22,22],"damage_taken":[{"damage":0,"enemies":"Jaw Worm","floor":1,"turns":1},{"damage":0,"enemies":"Cultist","floor":5,"turns":1},{"damage":0,"enemies":"3 Sentries","floor":6,"turns":1},{"damage":6,"enemies":"2 Louse","floor":8,"turns":3},{"damage":0,"enemies":"2 Fungi Beasts","floor":10,"turns":2},{"damage":0,"enemies":"Exordium Wildlife","floor":12,"turns":2},{"damage":0,"enemies":"3 Louse","floor":13,"turns":2},{"damage":48,"enemies":"Hexaghost","floor":16,"turns":11},{"damage":15,"enemies":"Chosen","floor":18,"turns":6},{"damage":8,"enemies":"2 Thieves","floor":19,"turns":4},{"damage":17,"enemies":"Snecko","floor":20,"turns":10},{"damage":23,"enemies":"Chosen and Byrds","floor":22,"turns":4}],"seed_played":"7681629189430939853","potions_obtained":[{"floor":1,"key":"SteroidPotion"},{"floor":8,"key":"SteroidPotion"},{"floor":10,"key":"ColorlessPotion"},{"floor":18,"key":"Strength Potion"},{"floor":20,"key":"DuplicationPotion"}],"is_trial":false,"path_per_floor":["M","?","$","?","M","E","R","M","T","M","R","M","M","$","R","B",null,"M","M","M","T","M"],"character_chosen":"DEFECT","items_purchased":["Blizzard","Gash","Chill","Coolheaded"],"campfire_rested":0,"item_purchase_floors":[3,3,14,14],"current_hp_per_floor":[64,53,53,53,53,63,63,57,57,57,57,57,57,57,57,9,63,48,40,23,23,0,0],"gold":181,"neow_bonus":"THREE_ENEMY_KILL","is_daily":false,"chose_seed":false,"campfire_upgraded":3,"win_rate":0.0,"timestamp":1608904554,"path_taken":["M","?","$","?","M","E","R","M","T","M","R","M","M","$","R","BOSS","M","M","?","?","M"],"items_purchased_type":["Card","Card","Card","Card"],"build_version":"2020-12-22","purchased_purges":1,"victory":false,"max_hp_per_floor":[71,71,71,71,71,81,81,81,81,81,81,81,81,81,81,81,81,81,81,81,81,81,81],"relic_stats":{"counters":[12,47],"CeramicFish":0,"obtain_stats":[{"DataDisk":9,"Pear":6,"NeowsBlessing":0,"CeramicFish":21,"Cracked Core":0,"Empty Cage":17},{"DataDisk":4,"Pear":3,"NeowsBlessing":0,"CeramicFish":11,"Cracked Core":0,"Empty Cage":8},{"DataDisk":6,"Pear":3,"NeowsBlessing":0,"CeramicFish":43,"Cracked Core":0,"Empty Cage":23}]},"card_choices":[{"not_picked":["Reinforced Body","Hologram"],"picked":"Sunder","floor":1},{"not_picked":["Ball Lightning","Beam Cell"],"picked":"Coolheaded","floor":5},{"not_picked":["Force Field","Redo"],"picked":"Chill","floor":6},{"not_picked":["Scrape","Reinforced Body"],"picked":"Rebound","floor":8},{"not_picked":["Fusion","Turbo"],"picked":"Core Surge","floor":10},{"not_picked":["Steam Power","Storm","Scrape"],"picked":"SKIP","floor":12},{"not_picked":["Steam","Stack","Conserve Battery"],"picked":"SKIP","floor":13},{"not_picked":["Multi-Cast","Buffer"],"picked":"Reboot","floor":16},{"not_picked":["Leap","Compile Driver","Ball Lightning"],"picked":"SKIP","floor":18},{"not_picked":["Leap+1","Go for the Eyes"],"picked":"Genetic Algorithm+1","floor":19},{"not_picked":["Streamline","Beam Cell"],"picked":"Redo","floor":20}],"player_experience":2307052,"relics_obtained":[{"floor":6,"key":"Pear"},{"floor":9,"key":"DataDisk"},{"floor":21,"key":"CeramicFish"}],"event_choices":[{"damage_healed":0,"gold_gain":75,"player_choice":"Gather Gold","damage_taken":11,"max_hp_gain":0,"max_hp_loss":0,"event_name":"World of Goop","floor":2,"gold_loss":0},{"damage_healed":0,"gold_gain":0,"cards_transformed":["Strike_B"],"player_choice":"Transformed","damage_taken":0,"max_hp_gain":0,"max_hp_loss":0,"event_name":"Transmorgrifier","floor":4,"gold_loss":0,"cards_obtained":["Meteor Strike"]}],"is_beta":false,"boss_relics":[{"not_picked":["Velvet Choker","Nuclear Battery"],"picked":"Empty Cage"}],"items_purged_floors":[3],"is_endless":false,"potions_floor_spawned":[1,8,10,18,20],"killed_by":"Chosen and Byrds","ascension_level":20}}