{"host":"e1pm3b7xpcm97e5w","time":1608867000,"event":{"mods":["BaseMod","Better Skull","Googly Eyes","Minty Spire (QoL Compilation)","Relic Stats","Shop Mod","Spicy Shops","StSLib"],"gold_per_floor":[110,121,86,86,98,98,125,125,148,148,160,195,195,214,214,309,309,328,363,135,135,151,183,183,229,229,229,242,242,272,291,291,395,395,414,414,433,433,452,479,479,524,524,157,157,172,188,238,238,238],"floor_reached":51,"playtime":1635,"items_purged":["Strike_P"],"score":1417,"play_id":"81f6851f-1669-4d90-890f-0f55951ee7d2","local_time":"20201224223000","is_ascension_mode":true,"campfire_choices":[{"data":"Eruption","floor":6,"key":"SMITH"},{"floor":8,"key":"REST"},{"data":"Defend_P","floor":10,"key":"PURGE"},{"data":"Wallop","floor":13,"key":"SMITH"},{"data":"Defend_P","floor":15,"key":"PURGE"},{"floor":24,"key":"REST"},{"data":"PathToVictory","floor":27,"key":"SMITH"},{"floor":29,"key":"REST"},{"data":"Defend_P","floor":32,"key":"PURGE"},{"data":"Defend_P","floor":41,"key":"PURGE"},{"floor":45,"key":"REST"},{"data":"Strike_P+1","floor":49,"key":"PURGE"}],"circlet_count":0,"master_deck":["Strike_P+1","Eruption+1","Vigilance+1","FollowUp+1","Consecrate+1","CutThroughFate+1","Wallop+1","LessonLearned+1","CrushJoints","PathToVictory+1","Protect+1","Vault","Madness+1","Madness+1","BattleHymn+1","TalkToTheHand+1"],"relics":["PureWater","Peace Pipe","Whetstone","Vajra","GoldenEye","Cursed Key","Red Mask","ClockworkSouvenir","Centennial Puzzle","Omamori","Mercury Hourglass","Dead Branch","Fusion Hammer","Frozen Egg 2","Thread and Needle","CloakClasp","Strange Spoon","Strawberry","PrismaticShard","Gambling Chip"],"acts_visited":["Exordium","TheCity","TheBeyond"],"potions_floor_usage":[11,18,19,25,42,50,50,50],"damage_taken":[{"damage":0,"enemies":"2 Louse","floor":1,"turns":2},{"damage":0,"enemies":"Cultist","floor":2,"turns":2},{"damage":0,"enemies":"Small Slimes","floor":5,"turns":1},{"damage":19,"enemies":"Gremlin Nob","floor":7,"turns":3},{"damage":0,"enemies":"Red Slaver","floor":11,"turns":1},{"damage":0,"enemies":"Lagavulin","floor":12,"turns":4},{"damage":0,"enemies":"2 Fungi Beasts","floor":14,"turns":1},{"damage":20,"enemies":"The Guardian","floor":16,"turns":6},{"damage":0,"enemies":"Spheric Guardian","floor":18,"turns":2},{"damage":0,"enemies":"Masked Bandits","floor":19,"turns":2},{"damage":0,"enemies":"2 Thieves","floor":22,"turns":2},{"damage":18,"enemies":"Gremlin Leader","floor":23,"turns":5},{"damage":10,"enemies":"Slavers","floor":25,"turns":2},{"damage":0,"enemies":"Snecko","floor":28,"turns":2},{"damage":6,"enemies":"Book of Stabbing","floor":30,"turns":3},{"damage":0,"enemies":"Sentry and Sphere","floor":31,"turns":2},{"damage":4,"enemies":"Automaton","floor":33,"turns":6},{"damage":0,"enemies":"Orb Walker","floor":35,"turns":2},{"damage":6,"enemies":"3 Darklings","floor":37,"turns":3},{"damage":0,"enemies":"Writhing Mass","floor":39,"turns":3},{"damage":0,"enemies":"Nemesis","floor":40,"turns":4},{"damage":5,"enemies":"2 Orb Walkers","floor":42,"turns":3},{"damage":4,"enemies":"4 Shapes","floor":46,"turns":3},{"damage":0,"enemies":"Transient","floor":47,"turns":7},{"damage":10,"enemies":"Mind Bloom Boss Battle","floor":48,"turns":4},{"damage":20,"enemies":"Time Eater","floor":50,"turns":7}],"seed_played":"5467757971894487421","potions_obtained":[{"floor":2,"key":"Ambrosia"},{"floor":5,"key":"Explosive Potion"},{"floor":14,"key":"Ancient Potion"},{"floor":16,"key":"GamblersBrew"},{"floor":22,"key":"Dexterity Potion"},{"floor":23,"key":"ColorlessPotion"},{"floor":28,"key":"DuplicationPotion"},{"floor":40,"key":"ColorlessPotion"},{"floor":47,"key":"LiquidBronze"}],"is_trial":false,"path_per_floor":["M","M","?","?","M","R","E","R","T","R","M","E","R","M","R","B",null,"M","?","$","?","M","E","R","E","T","R","M","R","E","M","R","B",null,"M","?","M","?","M","E","R","?","T","$","R","M","M","?","R","B",null],"character_chosen":"WATCHER","items_purchased":["ClockworkSouvenir","Strange Spoon","Strawberry","PrismaticShard"],"campfire_rested":4,"item_purchase_floors":[20,44,44,44],"current_hp_per_floor":[47,47,65,65,65,65,46,67,67,67,67,67,67,67,67,47,66,66,66,66,66,66,48,69,59,59,59,59,72,66,66,66,62,70,70,70,64,55,55,55,55,50,50,57,79,75,75,65,65,45],"gold":238,"neow_bonus":"ONE_RARE_RELIC","is_daily":false,"chose_seed":false,"campfire_upgraded":3,"win_rate":0.0,"timestamp":1608867000,"path_taken":["M","M","?","?","M","R","E","R","T","R","M","E","R","?","R","BOSS","M","?","$","?","M","E","R","E","T","R","?","R","E","M","R","BOSS","M","?","M","?","M","E","R","?","T","$","R","M","M","?","R","BOSS"],"items_purchased_type":["Relic","Relic","Relic","Relic"],"build_version":"2020-12-22","purchased_purges":1,"victory":true,"max_hp_per_floor":[72,72,72,72,72,72,72,72,72,72,72,72,72,72,72,72,72,72,72,72,72,72,72,72,72,72,72,72,72,72,72,72,72,72,72,72,72,72,72,72,72,72,72,79,79,79,79,79,79,79],"relic_stats":{"Peace Pipe":7,"Strange Spoon":[20],"Centennial Puzzle":[24],"counters":[26,82],"Dead Branch":[29],"Gambling Chip":[0],"CloakClasp":[68],"Whetstone":["Consecrate","Strike_P"],"GoldenEye":[23],"Cursed Key":2,"obtain_stats":[{"Dead Branch":30,"Vajra":9,"Thread and Needle":42,"Omamori":25,"CloakClasp":43,"Whetstone":7,"Frozen Egg 2":40,"GoldenEye":12,"Cursed Key":17,"PrismaticShard":44,"ClockworkSouvenir":20,"Mercury Hourglass":26,"Peace Pipe":0,"Strange Spoon":44,"Centennial Puzzle":23,"Strawberry":44,"Gambling Chip":48,"Fusion Hammer":34,"Red Mask":19,"PureWater":0},{"Dead Branch":15,"Vajra":4,"Thread and Needle":22,"Omamori":13,"CloakClasp":22,"Whetstone":4,"Frozen Egg 2":21,"GoldenEye":6,"Cursed Key":8,"PrismaticShard":22,"ClockworkSouvenir":10,"Mercury Hourglass":13,"Peace Pipe":0,"Strange Spoon":22,"Centennial Puzzle":12,"Strawberry":22,"Gambling Chip":25,"Fusion Hammer":17,"Red Mask":10,"PureWater":0},{"Dead Branch":38,"Vajra":8,"Thread and Needle":61,"Omamori":33,"CloakClasp":61,"Whetstone":8,"Frozen Egg 2":58,"GoldenEye":13,"Cursed Key":20,"PrismaticShard":61,"ClockworkSouvenir":24,"Mercury Hourglass":33,"Peace Pipe":0,"Strange Spoon":61,"Centennial Puzzle":31,"Strawberry":61,"Gambling Chip":75,"Fusion Hammer":46,"Red Mask":24,"PureWater":0}],"Mercury Hourglass":[178]},"card_choices":[{"not_picked":["Evaluate","CutThroughFate"],"picked":"FollowUp","floor":1},{"not_picked":["FlurryOfBlows","EmptyBody"],"picked":"Consecrate","floor":2},{"not_picked":["SignatureMove","Worship"],"picked":"CutThroughFate","floor":5},{"not_picked":["Crescendo","Prostrate","JustLucky"],"picked":"SKIP","floor":7},{"not_picked":["ForeignInfluence","Crescendo"],"picked":"Wallop","floor":11},{"not_picked":["EmptyMind","Vengeance","Wallop"],"picked":"SKIP","floor":12},{"not_picked":["Collect","Consecrate","Halt"],"picked":"SKIP","floor":14},{"not_picked":["DeusExMachina","Judgement"],"picked":"LessonLearned","floor":16},{"not_picked":["EmptyBody","ForeignInfluence"],"picked":"CrushJoints","floor":18},{"not_picked":["Evaluate+1","CutThroughFate"],"picked":"LikeWater","floor":22},{"not_picked":["Halt","Protect+1"],"picked":"PathToVictory","floor":23},{"not_picked":["Omniscience","Perseverance","SignatureMove"],"picked":"SKIP","floor":25},{"not_picked":["SashWhip","MentalFortress","Wireheading"],"picked":"SKIP","floor":28},{"not_picked":["Conclude+1","Vengeance","WheelKick+1"],"picked":"SKIP","floor":30},{"not_picked":["Meditate","EmptyBody"],"picked":"Protect","floor":31},{"not_picked":["Scrawl","Brilliance"],"picked":"Vault","floor":33},{"not_picked":["Prostrate+1","Crescendo+1","EmptyFist+1"],"picked":"SKIP","floor":35},{"not_picked":["ThirdEye","Swivel+1","Study"],"picked":"SKIP","floor":37},{"not_picked":["SashWhip","Fasting2+1"],"picked":"BattleHymn+1","floor":39},{"not_picked":["Worship","Swivel+1","Adaptation+1"],"picked":"SKIP","floor":40},{"not_picked":["SandsOfTime","Sweeping Beam"],"picked":"TalkToTheHand+1","floor":46},{"not_picked":["Darkness","Wild Strike+1","Anger+1"],"picked":"SKIP","floor":47}],"player_experience":435008,"relics_obtained":[{"floor":7,"key":"Whetstone"},{"floor":9,"key":"Vajra"},{"floor":12,"key":"GoldenEye"},{"floor":19,"key":"Red Mask"},{"floor":23,"key":"Centennial Puzzle"},{"floor":25,"key":"Omamori"},{"floor":26,"key":"Mercury Hourglass"},{"floor":30,"key":"Dead Branch"},{"floor":40,"key":"Frozen Egg 2"},{"floor":42,"key":"Thread and Needle"},{"floor":43,"key":"CloakClasp"},{"floor":48,"key":"Gambling Chip"}],"event_choices":[{"damage_healed":18,"gold_gain":0,"player_choice":"Healed","damage_taken":0,"max_hp_gain":0,"max_hp_loss":0,"event_name":"The Cleric","floor":3,"gold_loss":35},{"cards_removed":["Strike_P"],"damage_healed":0,"gold_gain":0,"player_choice":"Offered Basic","damage_taken":0,"max_hp_gain":0,"max_hp_loss":0,"event_name":"Bonfire Elementals","floor":4,"gold_loss":0},{"damage_healed":0,"gold_gain":0,"player_choice":"Fought Bandits","damage_taken":0,"max_hp_gain":0,"max_hp_loss":0,"event_name":"Masked Bandits","floor":19,"gold_loss":0},{"damage_healed":0,"gold_gain":0,"player_choice":"Forge","damage_taken":0,"max_hp_gain":0,"max_hp_loss":0,"event_name":"Accursed Blacksmith","floor":21,"gold_loss":0,"cards_upgraded":["LessonLearned"]},{"cards_removed":["LikeWater"],"damage_healed":0,"gold_gain":0,"player_choice":"Removed Power","damage_taken":0,"max_hp_gain":0,"max_hp_loss":0,"event_name":"Falling","floor":36,"gold_loss":0},{"damage_healed":0,"gold_gain":0,"player_choice":"Embrace Madness","damage_taken":9,"max_hp_gain":0,"max_hp_loss":0,"event_name":"Winding Halls","floor":38,"gold_loss":0,"cards_obtained":["Madness","Madness"]},{"damage_healed":0,"gold_gain":0,"player_choice":"Fight","damage_taken":0,"max_hp_gain":0,"max_hp_loss":0,"event_name":"Mysterious Sphere","floor":42,"gold_loss":0},{"damage_healed":0,"gold_gain":0,"player_choice":"Fight","damage_taken":0,"max_hp_gain":0,"max_hp_loss":0,"event_name":"MindBloom","floor":48,"gold_loss":0}],"is_beta":false,"boss_relics":[{"not_picked":["VioletLotus","Sozu"],"picked":"Cursed Key"},{"not_picked":["Calling Bell","Runic Dome"],"picked":"Fusion Hammer"}],"items_purged_floors":[20],"is_endless":false,"potions_floor_spawned":[2,5,14,16,22,23,28,30,33,40,47,48],"ascension_level":9}}