{"host":"avq773cl9g5msfol","time":1608903705,"event":{"mods":["AchievementEnabler","Act Like it!","Ascension Unlocker","Aspiration","Astrologer","Bard","Bartender","BaseMod","Better Altar","Better Match","Better Note","Better Sensory Stone","Better Skull","Better Third Choice","BetterRewards","CapriCore","Colored Map","Colored Powertips","Conspire","Dio Mod","Downfall","Elementarium","Energized Spire","Gensokyo","GifTheSpireLib","GungeonMod","Hallownest","Hermit","Highlight Path","Hubris","Humility","Infinite Spire","Jorbs\u0027s Wanderer Trilogy","Koishi","Magitek Elite","Marisa????????","Marked Mod","Menagerie","Minty Spire (QoL Compilation)","Pale of the Ancients","Potionbrewer","Quarter Circle Forward PUNCH!","Rare Cards Sparkle","Reimu??????","Relic Stats","Remilia??????","Replay The Spire","SacredBarkPlus","Somnambulant","Spicy Shops","StSLib","Synergy Search","The Blue Laboratory","The Bug Knight","The Construct","The Cursed","The Exalted","The Hayseed","The Hierophant","The Immortal","The Judge","The Marked","The Mystic","The Problem Sleuth","The Runesmith","The Senshi","The Vixen","The Wild Card","TheArtist","TheFirefly","TheVacant","Wandering Minibosses","vexMod"],"gold_per_floor":[99,111,122,122,141,141,190,222,222,1348,1377,1021,1021,1033,1049,1128,1128,1128,1141,1141,1175,1193,1223,1223,1254,1254,1029,1129,923,923,937,937,1014,1014,1014,1014,1030,634,648,648,674,674,674,674,690,690,356,382,393,393,393,419,67,67,67],"floor_reached":56,"playtime":6356,"items_purged":["Regret","sneckomod:UnknownClassSENSHI_COLOR+1"],"score":2846,"play_id":"c2eb27f0-ff6b-47ef-9b8e-09d8a2b3d2d5","local_time":"20201225204145","is_ascension_mode":true,"campfire_choices":[{"data":"sneckomod:SnekBite","floor":1.0,"key":"SMITH"},{"data":"sneckomod:Nope","floor":9.0,"key":"SMITH"},{"floor":13.0,"key":"RECALL"},{"data":"sneckomod:UnknownUncommonSkill","floor":18.0,"key":"SMITH"},{"data":"sneckomod:TailWhip","floor":18.0,"key":"SMITH"},{"data":"sneckomod:UnknownClassLAVENDER","floor":27.0,"key":"SMITH"},{"data":"sneckomod:UnknownBlock","floor":27.0,"key":"SMITH"},{"floor":30,"key":"REST"},{"data":"sneckomod:Unknown2Cost","floor":35,"key":"SMITH"},{"data":"sneckomod:Unknown","floor":35,"key":"SMITH"},{"floor":54,"key":"REST"}],"circlet_count":0,"master_deck":["AscendersBane","sneckomod:TailWhip+1","sneckomod:SnekBite+1","sneckomod:Unknown+1","sneckomod:Unknown+1","sneckomod:UnknownCommonAttack+1","sneckomod:UnknownClassSOMNAMBULANT_GRAY+1","sneckomod:Nope+1","sneckomod:UnknownClassShop Special+1","sneckomod:UnknownCommonSkill+1","sneckomod:UnknownBlock+1","sneckomod:SoulExchange+1","sneckomod:UnknownClassREIMU_COLOR+1","sneckomod:UnknownClassMKU_RED_COLOR+1","sneckomod:UnknownWeak+1","sneckomod:UnknownClassINFINITE_BLACK+1","sneckomod:UnknownUncommonAttack+1","sneckomod:UnknownClassSOMNAMBULANT_GRAY+1","sneckomod:UnknownUncommonAttack+1","sneckomod:UnknownUncommonPower+1","sneckomod:ImprovisedAttack+1","sneckomod:QuickBite+1","hubris:EnhanceAbility+1","sneckomod:UnknownClassDEFAULT_GRAY_COLOR+1","sneckomod:UnknownVulnerable+1","sneckomod:UnknownClassTIFA+1","sneckomod:UnknownUncommonSkill+1","sneckomod:Unknown3Cost+1","dioMod:KonoDioDa+1","sneckomod:UnknownClassLAVENDER+1","sneckomod:UnknownRarePower+1","sneckomod:Unknown2Cost+1","sneckomod:UnknownClassREMILIA_COLOR+1","sneckomod:UnknownClassASTROLOGER+1","sneckomod:UnknownCommonSkill","sneckomod:UnknownClassGREEN+1","sneckomod:UnknownRarePower+1","Blade Dance+1","Dagger Spray","Dash+1","Replay:Parry+1","Cloak And Dagger","Replay:SS_forest_5","expansioncontent:Chronoboost","Concentrate+1","Glass Knife+1","Unload+1","sneckomod:UnknownRarePower+1","Fluid Movement","sneckomod:UnknownBlock+1","sneckomod:UnknownVulnerable+1","sneckomod:UnknownBlock+1","sneckomod:UnknownCommonAttack+1","sneckomod:UnknownCommonAttack+1"],"relics":["sneckomod:SneckoSoul","Golden Egg","Quantum Egg","hubris:EvacipatedBox","Prayer Wheel","Question Card","wanderingMiniBosses:OtherGremlinHorn","Dead Branch","qcfpunch:Black_Training_Shirt","Replay:Arrowhead","Potion Belt","hubris:EmptyBottle","ChewingGum","vexMod:FocusSash","infinitespire:EmpoweringShard","Onion Ring","potionbrewer:BottledElixir","downfall:HeartBlessingRed","downfall:HeartBlessingGreen","downfall:HeartBlessingBlue","Toy Ornithopter","Power_Wrist","Regal Pillow","aspiration:SilentSkillbook","Bag of Marbles","Cleaning_Rag","TheVixenMod:UmbreonRelic","Replay:Towering Pillar of Hats","hubris:Towel","DemoMod:MonsterBlood","Orichalcum","Replay:Kaleidoscope","OrangePellets"],"acts_visited":["Exordium","TheCity","TheBeyond","TheEnding"],"potions_floor_usage":[29,29,29,32,36,52,55,55,55,55],"damage_taken":[{"damage":0.0,"enemies":"Cultist","floor":2.0,"turns":2.0},{"damage":0.0,"enemies":"Jaw Worm","floor":3.0,"turns":1.0},{"damage":0.0,"enemies":"2 Louse","floor":5.0,"turns":2.0},{"damage":5.0,"enemies":"Gremlin Nob","floor":8.0,"turns":3.0},{"damage":8.0,"enemies":"downfall:FleeingMerchant","floor":10.0,"turns":4.0},{"damage":15.0,"enemies":"Lagavulin","floor":11.0,"turns":3.0},{"damage":10.0,"enemies":"downfall:FleeingMerchant","floor":12.0,"turns":4.0},{"damage":16.0,"enemies":"3 Louse","floor":14.0,"turns":3.0},{"damage":0.0,"enemies":"Large Slime","floor":15.0,"turns":2.0},{"damage":5.0,"enemies":"downfall:Defect","floor":16.0,"turns":2.0},{"damage":15.0,"enemies":"3 Byrds","floor":19.0,"turns":3.0},{"damage":25.0,"enemies":"conspire:MimicChest","floor":21.0,"turns":3.0},{"damage":1.0,"enemies":"Chosen","floor":22.0,"turns":3.0},{"damage":25.0,"enemies":"HollowMod:Nosk","floor":23.0,"turns":2.0},{"damage":0.0,"enemies":"conspire:Head Lice","floor":25.0,"turns":2.0},{"damage":0.0,"enemies":"downfall:LadyInBlue","floor":28.0,"turns":3.0},{"damage":0,"enemies":"downfall:FleeingMerchant","floor":29,"turns":1},{"damage":0,"enemies":"Snake Plant","floor":31,"turns":2},{"damage":16,"enemies":"conspire:HollyBat","floor":32,"turns":25},{"damage":0,"enemies":"downfall:Watcher","floor":33,"turns":2},{"damage":0,"enemies":"3 Shapes","floor":36,"turns":1},{"damage":0,"enemies":"Orb Walker","floor":37,"turns":1},{"damage":11,"enemies":"4 Shapes","floor":39,"turns":2},{"damage":0,"enemies":"4 Shapes","floor":42,"turns":2},{"damage":0,"enemies":"Maw","floor":45,"turns":3},{"damage":19,"enemies":"Nightmare","floor":48,"turns":6},{"damage":0,"enemies":"Jaw Worm Horde","floor":49,"turns":1},{"damage":10,"enemies":"downfall:Ironclad","floor":50,"turns":5},{"damage":43,"enemies":"downfall:CharBossMerchant","floor":52,"turns":6},{"damage":0,"enemies":"downfall:NeowBoss","floor":55,"turns":13}],"seed_played":"-1069696206667098785","potions_obtained":[{"floor":3.0,"key":"blueLaboratory:BottledHope"},{"floor":5.0,"key":"blueLaboratory:BubblePotion"},{"floor":28.0,"key":"Languid Potion"},{"floor":31,"key":"blueLaboratory:FrostheartPotion"}],"is_trial":false,"path_per_floor":["R","M","M","?","M","?","T","E","R","$","E","$","R","M","M","B",null,"R","M","?","?","M","E","T","E","?","R","?","$","R","M","M","B",null,"R","M","M","$","M","?","T","?","T","?","M","?","$","NM","M","B",null,"E","$","R","B",null],"character_chosen":"THE_SNECKO","items_purchased":["sneckomod:UnknownUncommonPower","sneckomod:ImprovisedAttack","sneckomod:QuickBite","hubris:EnhanceAbility","Potion Belt","Elixir","potionbrewer:AcidPotion","ColorlessPotion","Dexterity Potion","sneckomod:UnknownClassSENSHI_COLOR","hubris:EmptyBottle","LifebloodPotion","Power_Wrist","Regal Pillow","sneckomod:UnknownClassASTROLOGER","Bag of Marbles","Dash","Replay:Parry","DemoMod:MonsterBlood","Glass Knife","sneckomod:UnknownVulnerable","sneckomod:UnknownBlock","sneckomod:UnknownCommonAttack","OrangePellets"],"campfire_rested":2,"item_purchase_floors":[10,10,10,10,10,10,10,10,10,12,12,12,29,29,29,38,38,38,47,47,53,53,53,53],"current_hp_per_floor":[83,85,86,86,88,88,88,83,83,83,70,62,62,47,49,45,94,94,79,79,54,68,44,44,44,32,42,43,77,125,127,116,117,125,125,128,128,128,117,117,117,117,117,128,128,128,135,116,117,114,131,94,98,141,141],"gold":67,"neow_bonus":"TEN_PERCENT_HP_BONUS","is_daily":false,"chose_seed":false,"campfire_upgraded":8,"win_rate":0.0,"timestamp":1608903705,"path_taken":["R","M","M","?","?","?","T","E","R","$","E","$","R","M","M","BOSS","R","M","?","?","?","E","T","E","?","R","?","$","R","?","M","BOSS","R","M","M","$","M","?","T","?","?","?","?","?","?","NM","M","BOSS","E","$","R","BOSS"],"items_purchased_type":["Card","Card","Card","Card","Relic","Potion","Potion","Potion","Potion","Card","Relic","Potion","Relic","Relic","Card","Relic","Card","Card","Relic","Card","Card","Card","Card","Relic"],"build_version":"2020-12-22","purchased_purges":2,"victory":true,"max_hp_per_floor":[91,93,94,94,96,96,96,96,96,104,104,106,106,107,109,110,110,110,110,110,110,111,112,112,112,112,122,123,125,125,127,127,128,128,128,128,128,128,128,128,128,128,128,128,128,128,135,135,136,136,136,137,141,141,141],"relic_stats":{"OrangePellets":[4],"Regal Pillow":12,"counters":[30,112],"Dead Branch":[506],"Prayer Wheel":13,"Orichalcum":[30],"Question Card":68,"obtain_stats":[{"Golden Egg":1,"Regal Pillow":29,"downfall:HeartBlessingGreen":27,"DemoMod:GlassGuonStoneRelic":8,"wanderingMiniBosses:OtherGremlinHorn":2,"hubris:EmptyBottle":12,"sneckomod:SneckoSoul":0,"Power_Wrist":29,"hubris:EvacipatedBox":1,"Cleaning_Rag":41,"Frozen Eye":8,"Mummified Hand":21,"downfall:HeartBlessingBlue":27,"DemoMod:MonsterBlood":47,"Prayer Wheel":1,"TheVixenMod:UmbreonRelic":42,"Potion Belt":10,"downfall:HeartBlessingRed":27,"Replay:Towering Pillar of Hats":43,"Quantum Egg":1,"Dead Branch":3,"qcfpunch:Black_Training_Shirt":8,"vexMod:FocusSash":21,"Replay:Kaleidoscope":52,"War Paint":15,"hubris:Towel":46,"Orichalcum":48,"Question Card":1,"Replay:Arrowhead":10,"OrangePellets":53,"Pandora\u0027s Box":10,"ChewingGum":17,"Onion Ring":24,"aspiration:SilentSkillbook":34,"infinitespire:EmpoweringShard":23,"Bag of Marbles":38,"potionbrewer:BottledElixir":25,"Toy Ornithopter":28},{"Golden Egg":0,"Regal Pillow":17,"downfall:HeartBlessingGreen":15,"DemoMod:GlassGuonStoneRelic":4,"wanderingMiniBosses:OtherGremlinHorn":1,"hubris:EmptyBottle":7,"sneckomod:SneckoSoul":0,"Power_Wrist":17,"hubris:EvacipatedBox":0,"Cleaning_Rag":23,"Frozen Eye":4,"Mummified Hand":12,"downfall:HeartBlessingBlue":15,"DemoMod:MonsterBlood":25,"Prayer Wheel":0,"TheVixenMod:UmbreonRelic":23,"Potion Belt":5,"downfall:HeartBlessingRed":15,"Replay:Towering Pillar of Hats":24,"Quantum Egg":0,"Dead Branch":2,"qcfpunch:Black_Training_Shirt":4,"vexMod:FocusSash":12,"Replay:Kaleidoscope":29,"War Paint":9,"hubris:Towel":25,"Orichalcum":26,"Question Card":0,"Replay:Arrowhead":5,"OrangePellets":29,"Pandora\u0027s Box":5,"ChewingGum":10,"Onion Ring":14,"aspiration:SilentSkillbook":20,"infinitespire:EmpoweringShard":14,"Bag of Marbles":22,"potionbrewer:BottledElixir":15,"Toy Ornithopter":16},{"Golden Egg":0,"Regal Pillow":43,"downfall:HeartBlessingGreen":39,"DemoMod:GlassGuonStoneRelic":8,"wanderingMiniBosses:OtherGremlinHorn":2,"hubris:EmptyBottle":19,"sneckomod:SneckoSoul":0,"Power_Wrist":43,"hubris:EvacipatedBox":0,"Cleaning_Rag":76,"Frozen Eye":7,"Mummified Hand":32,"downfall:HeartBlessingBlue":39,"DemoMod:MonsterBlood":81,"Prayer Wheel":0,"TheVixenMod:UmbreonRelic":76,"Potion Belt":12,"downfall:HeartBlessingRed":39,"Replay:Towering Pillar of Hats":78,"Quantum Egg":0,"Dead Branch":3,"qcfpunch:Black_Training_Shirt":8,"vexMod:FocusSash":32,"Replay:Kaleidoscope":99,"War Paint":24,"hubris:Towel":81,"Orichalcum":87,"Question Card":0,"Replay:Arrowhead":12,"OrangePellets":99,"Pandora\u0027s Box":12,"ChewingGum":26,"Onion Ring":37,"aspiration:SilentSkillbook":72,"infinitespire:EmpoweringShard":37,"Bag of Marbles":74,"potionbrewer:BottledElixir":39,"Toy Ornithopter":42}],"Toy Ornithopter":28},"card_choices":[{"not_picked":["sneckomod:SoulDraw","sneckomod:UnknownClassVACANT_COLOR","sneckomod:UnknownClassFIREFLY_COLOR"],"picked":"sneckomod:UnknownCommonAttack","floor":2.0},{"not_picked":["sneckomod:UnknownBlock","sneckomod:UnknownClassCONSTRUCTMOD","sneckomod:RainOfDice"],"picked":"sneckomod:UnknownClassSOMNAMBULANT_GRAY","floor":2.0},{"not_picked":["sneckomod:UnknownClassBREWER_CYAN_COLOR","sneckomod:RainOfDice","sneckomod:UnknownClassVACANT_COLOR"],"picked":"sneckomod:Nope","floor":3.0},{"not_picked":["sneckomod:DiceCrush","sneckomod:UnknownStrike","sneckomod:DiceBlock"],"picked":"sneckomod:UnknownClassShop Special","floor":3.0},{"not_picked":["sneckomod:WideSting","sneckomod:SoulRoll","sneckomod:UnknownCommonAttack"],"picked":"sneckomod:UnknownCommonSkill","floor":5.0},{"not_picked":["sneckomod:UnknownClassVACANT_COLOR","sneckomod:DefensiveFlair","sneckomod:SoulDraw"],"picked":"sneckomod:UnknownBlock","floor":5.0},{"not_picked":["sneckomod:UnknownClassPALE_SHOWMAN_PURPLE_COLOR","sneckomod:TrashToTreasure","sneckomod:Unknown1Cost"],"picked":"sneckomod:SoulExchange","floor":8.0},{"not_picked":["sneckomod:UnknownClassMKU_RED_COLOR","sneckomod:SoulDraw","sneckomod:UnknownClassINFINITE_BLACK"],"picked":"sneckomod:UnknownClassREIMU_COLOR","floor":10.0},{"not_picked":["sneckomod:Unknown1Cost","sneckomod:SoulRoll","sneckomod:UnknownClassDEFAULT_BLUE_COLOR","sneckomod:UnknownCommonAttack"],"picked":"SKIP","floor":11.0},{"not_picked":["sneckomod:SoulDraw","sneckomod:QuickBite","sneckomod:UnknownClassCONSTRUCTMOD"],"picked":"sneckomod:UnknownClassDEFAULT_GRAY_COLOR","floor":12.0},{"not_picked":["sneckomod:IronFang","sneckomod:Mudshield","sneckomod:WideSting"],"picked":"sneckomod:UnknownVulnerable","floor":14.0},{"not_picked":["sneckomod:RainOfDice","sneckomod:UnknownBlock","sneckomod:UnknownCommonSkill","sneckomod:IronFang"],"picked":"SKIP","floor":14.0},{"not_picked":["sneckomod:UnknownClassSLIMEBOUND","sneckomod:UnknownClassShop Special","sneckomod:DiceBlock"],"picked":"sneckomod:UnknownClassTIFA","floor":15.0},{"not_picked":["sneckomod:QuickBite","sneckomod:UnknownCommonSkill","sneckomod:DiceCrush"],"picked":"sneckomod:UnknownUncommonSkill","floor":15.0},{"not_picked":["sneckomod:MorePower","sneckomod:DangerNoodle","sneckomod:SoulExchange"],"picked":"sneckomod:Unknown3Cost","floor":16.0},{"not_picked":["sneckomod:WideSting+1","sneckomod:DiceBlock","sneckomod:UnknownCommonAttack+1","sneckomod:UnknownVulnerable"],"picked":"SKIP","floor":19.0},{"not_picked":["sneckomod:TrashToTreasure","sneckomod:UnknownWeak","sneckomod:SoulRoll","sneckomod:IronFang"],"picked":"SKIP","floor":19.0},{"not_picked":["sneckomod:Nope","sneckomod:IronFang+1","sneckomod:UnknownWeak"],"picked":"sneckomod:UnknownClassLAVENDER","floor":22.0},{"not_picked":["sneckomod:UnknownVulnerable","sneckomod:Unknown1Cost+1","sneckomod:DiceCrush","sneckomod:QuickBite"],"picked":"SKIP","floor":22.0},{"not_picked":["sneckomod:DiceBoulder","sneckomod:UnknownClassBARD_COLOR","sneckomod:UnknownCommonSkill"],"picked":"sneckomod:UnknownRarePower","floor":23.0},{"not_picked":["sneckomod:UnknownWeak","sneckomod:SoulRoll","sneckomod:IronFang","sneckomod:QuickBite"],"picked":"SKIP","floor":25.0},{"not_picked":["sneckomod:UnknownStrike","sneckomod:SnakeSap","sneckomod:UnknownClassTHE_VIXEN_ORANGE"],"picked":"sneckomod:Unknown2Cost","floor":28.0},{"not_picked":["sneckomod:DangerNoodle","sneckomod:UnknownClassBRO_COLOR","sneckomod:SoulDraw"],"picked":"sneckomod:UnknownClassREMILIA_COLOR","floor":29},{"not_picked":["sneckomod:QuickBite","sneckomod:UnknownClassDEFAULT_BLUE_COLOR+1","sneckomod:TrashToTreasure+1"],"picked":"sneckomod:UnknownCommonSkill","floor":31},{"not_picked":["sneckomod:SoulRoll","sneckomod:DiceBlock","sneckomod:UnknownClassCULL_RED_COLOR"],"picked":"sneckomod:UnknownClassGREEN+1","floor":31},{"not_picked":["sneckomod:SoulExchange","sneckomod:Unknown3Cost","sneckomod:SerpentMind"],"picked":"sneckomod:UnknownRarePower","floor":33},{"not_picked":["sneckomod:RainOfDice+1","Underhanded Strike","sneckomod:UnknownClassMKU_RED_COLOR","hubris:TrickCloak"],"picked":"Blade Dance+1","floor":37},{"not_picked":["Slice","sneckomod:Unknown1Cost","Bane","sneckomod:DiceBlock"],"picked":"Dagger Spray","floor":37},{"not_picked":["Backflip","sneckomod:UnknownClassTIFA","sneckomod:QuickMove","sneckomod:Nope+1"],"picked":"Cloak And Dagger","floor":39},{"not_picked":["sneckomod:SoulRoll","sneckomod:UnknownStrike","sneckomod:UnknownClassWORDO_MOD_COLOR","Backflip+1","sneckomod:UnknownWeak+1"],"picked":"SKIP","floor":39},{"not_picked":["Apotheosis","PanicButton","Mayhem","Impatience"],"picked":"Replay:SS_forest_5","floor":40},{"not_picked":["expansioncontent:StudyTheSpire","Replay:Sssssssssshield","Mind Blast","expansioncontent:Collect"],"picked":"expansioncontent:Chronoboost","floor":40},{"not_picked":["sneckomod:UnlimitedRolls","sneckomod:SoulRoll","Dodge and Roll","ReplayTheSpireMod:The Works+1"],"picked":"Concentrate+1","floor":45},{"not_picked":["sneckomod:UnknownClassDEFAULT_GRAY_COLOR+1","Bane","sneckomod:Unknown1Cost","Cloak And Dagger","sneckomod:UnknownStrike"],"picked":"SKIP","floor":45},{"not_picked":["sneckomod:QuickBite","sneckomod:UnknownClassGREEN","sneckomod:Nope","sneckomod:UnknownClassDARK_GREEN_COLOR"],"picked":"Unload","floor":48},{"not_picked":["Backflip","sneckomod:QuickMove","sneckomod:RainOfDice","sneckomod:UnknownClassINFINITE_BLACK"],"picked":"sneckomod:UnknownRarePower","floor":49},{"not_picked":["sneckomod:UnknownCommonSkill","Poisoned Stab","Flying Knee","sneckomod:UnknownClassTIFA"],"picked":"Fluid Movement","floor":49},{"not_picked":["sneckomod:Restock","PiercingWail+1","sneckomod:UnknownStrike","Slice"],"picked":"sneckomod:UnknownBlock+1","floor":52}],"player_experience":1213039,"relics_obtained":[{"floor":2.0,"key":"wanderingMiniBosses:OtherGremlinHorn"},{"floor":8.0,"key":"qcfpunch:Black_Training_Shirt"},{"floor":21.0,"key":"vexMod:FocusSash"},{"floor":23.0,"key":"infinitespire:EmpoweringShard"},{"floor":24.0,"key":"Onion Ring"},{"floor":25.0,"key":"potionbrewer:BottledElixir"},{"floor":28.0,"key":"Toy Ornithopter"},{"floor":41,"key":"Cleaning_Rag"},{"floor":43,"key":"Replay:Towering Pillar of Hats"},{"floor":48,"key":"Orichalcum"},{"floor":52,"key":"Replay:Kaleidoscope"}],"event_choices":[{"damage_healed":0.0,"max_hp_gain":0.0,"max_hp_loss":0.0,"gold_gain":0.0,"event_name":"Upgrade Shrine","player_choice":"Upgraded","floor":4.0,"gold_loss":0.0,"damage_taken":0.0,"cards_upgraded":["sneckomod:UnknownCommonAttack"]},{"damage_healed":0.0,"max_hp_gain":0.0,"max_hp_loss":0.0,"gold_gain":0.0,"event_name":"The Library","player_choice":"Read","floor":20.0,"gold_loss":0.0,"damage_taken":0.0,"cards_obtained":["dioMod:KonoDioDa"]},{"damage_healed":0,"gold_gain":3,"player_choice":"1","damage_taken":0,"max_hp_gain":0,"max_hp_loss":0,"event_name":"betterStone:BetterStone","floor":40,"gold_loss":0},{"damage_healed":0,"gold_gain":0,"player_choice":"Fight the Beast\u0027s assailants","damage_taken":0,"relics_obtained":["TheVixenMod:UmbreonRelic"],"max_hp_gain":0,"max_hp_loss":0,"event_name":"Creature of the Night","floor":42,"gold_loss":0}],"is_beta":false,"boss_relics":[{"not_picked":["ReplayTheSpireMod:DimensionalGlitch","Runesmith:UraniumAnvil","conspire:SlowCooker"],"picked":"ChewingGum"},{"not_picked":["Empty Cage","Runic Dome","conspire:SpecialSausage"],"picked":"aspiration:SilentSkillbook"}],"items_purged_floors":[10,29],"is_endless":false,"potions_floor_spawned":[3,5,14,16,22,23,31,39,42,45,48],"ascension_level":20}}