{"host":"81h68oe4mr04pk3r","time":1608883201,"event":{"mods":["Act Like it!","Aspiration","BaseMod","BetterRewards","Colored Map","Colored Powertips","Conspire","Downfall","Hermit","Hubris","Infinite Spire","Jorbs\u0027s Wanderer Trilogy","Koishi","Lobotomy","LobotomyExtend","Marisa????????","Minty Spire (QoL Compilation)","Quick Restart","Reimu??????","Remilia??????","Replay The Spire","StSLib","The Bug Knight","The Construct","The Cursed","The Disciple","The Servant 0.9.4"],"gold_per_floor":[119,31,31,48,15,43,60,73,73,84,46,46,46,46,46,144,144,161,161,33,53,70,70,70,82,94,118,130,152,183,208,220,232,232],"floor_reached":33,"playtime":2788,"items_purged":["Strike_S","Starlight"],"score":274,"play_id":"00ba5cc3-85b9-4c16-9243-4f5faa0cf346","local_time":"20201225000001","is_ascension_mode":false,"campfire_choices":[{"floor":13,"key":"REST"},{"floor":15,"key":"REST"},{"floor":23,"key":"REST"},{"floor":25,"key":"REST"},{"floor":32,"key":"REST"}],"circlet_count":0,"master_deck":["Strike_S","Strike_S","Strike_S","Defend_S","Defend_S","Defend_S","Defend_S","KidneyShot","Exchange","ReturningBlade","Starlight","Acrobatics","Rearm","Starlight","Starlight+1","FlawlessForm","TimeWarp","Defy","BestPractice","Ricochet","Hightail","Read","Deny","FastForward","FanOfKnives","Rearm","Ricochet","TimeWarp","Advance","BottledTime+1","Weave+1","Protect","Collect","Consecrate","Replay:ManipulateFuture","Consecrate"],"relics":["Uniform","aspiration:Nostalgia","m_SnakeCloak","Prayer Wheel","Replay:Wax Seal","construct:ClawGrip","hubris:Icosahedron","aspiration:WatcherSkillbook","MawBank","hubris:BottledRain"],"acts_visited":["Exordium","TheCity"],"potions_floor_usage":[16,16,16,21,22,30,33,33,33],"damage_taken":[{"damage":3,"enemies":"Jaw Worm","floor":1,"turns":3},{"damage":0,"enemies":"Cultist","floor":4,"turns":3},{"damage":39,"enemies":"3 Sentries","floor":6,"turns":8},{"damage":0,"enemies":"2 Louse","floor":7,"turns":3},{"damage":7,"enemies":"Exordium Wildlife","floor":8,"turns":6},{"damage":10,"enemies":"2 Fungi Beasts","floor":10,"turns":3},{"damage":37,"enemies":"Slime Boss","floor":16,"turns":14},{"damage":30,"enemies":"Shell Parasite","floor":18,"turns":7},{"damage":2,"enemies":"Spheric Guardian","floor":21,"turns":5},{"damage":19,"enemies":"Snake Plant","floor":22,"turns":7},{"damage":22,"enemies":"Centurion and Healer","floor":27,"turns":6},{"damage":5,"enemies":"Snecko","floor":29,"turns":5},{"damage":16,"enemies":"Snake Plant","floor":30,"turns":4},{"damage":7,"enemies":"3 Cultists","floor":31,"turns":6},{"damage":29,"enemies":"conspire:MysteriousRune","floor":33,"turns":4}],"seed_played":"-1777360141611778334","potions_obtained":[{"floor":4,"key":"CultistPotion"},{"floor":7,"key":"Energy Potion"},{"floor":10,"key":"PowerPotion"},{"floor":16,"key":"EssenceOfSteel"},{"floor":18,"key":"CultistPotion"},{"floor":30,"key":"Swift Potion"}],"is_trial":false,"path_per_floor":["M","$","?","M","$","E","M","M","T","M","$","?","R","?","R","B",null,"M","?","$","M","M","R","AVR","R","T","M","?","M","M","M","R","B"],"character_chosen":"THE_SERVANT","items_purchased":["Starlight","Acrobatics","Starlight+1","Read","Rearm"],"campfire_rested":5,"item_purchase_floors":[2,2,5,11,20],"current_hp_per_floor":[62,62,62,62,62,23,23,16,16,6,6,6,25,25,44,7,65,35,35,35,33,14,33,33,52,52,30,30,25,9,2,21,0,0],"gold":232,"neow_bonus":"NOSTALGIA","is_daily":false,"chose_seed":false,"campfire_upgraded":0,"win_rate":0.0,"timestamp":1608883201,"path_taken":["M","$","?","?","$","E","M","M","T","M","?","?","R","?","R","BOSS","M","?","$","M","M","R","AVR","R","T","M","?","M","M","M","R","BOSS"],"items_purchased_type":["Card","Card","Card","Card","Card"],"build_version":"2020-12-22","purchased_purges":2,"victory":false,"max_hp_per_floor":[65,65,65,65,65,65,65,65,65,65,65,65,65,65,65,65,65,65,65,65,65,65,65,65,65,65,65,65,65,65,65,65,65,65],"card_choices":[{"not_picked":["Replace","Rewind"],"picked":"ReturningBlade","floor":1},{"not_picked":["Defy","Foresight"],"picked":"Starlight","floor":4},{"not_picked":["Gouge","Potential"],"picked":"FlawlessForm","floor":6},{"not_picked":["Prepared","Replace"],"picked":"Starlight","floor":7},{"not_picked":["Alleviate","DoubleEdge"],"picked":"TimeWarp","floor":7},{"not_picked":["Calculated Gamble","DoubleEdge"],"picked":"Defy","floor":8},{"not_picked":["Alleviate","TimeWarp"],"picked":"BestPractice","floor":8},{"not_picked":["InstantArmor","Potential"],"picked":"Ricochet","floor":10},{"not_picked":["Gouge","Defy"],"picked":"Hightail","floor":10},{"not_picked":["Unload","Solidify"],"picked":"Deny","floor":16},{"not_picked":["TimeWarp+1","DoubleEdge"],"picked":"FastForward","floor":18},{"not_picked":["SurpressingFire","WasteNot"],"picked":"FanOfKnives","floor":18},{"not_picked":["FanOfKnives+1","TimeWarp"],"picked":"Ricochet","floor":21},{"not_picked":["Ricochet","Starlight"],"picked":"TimeWarp","floor":21},{"not_picked":["Defy","Replace+1"],"picked":"Advance","floor":22},{"not_picked":["GearUp","ShiftingGears"],"picked":"BottledTime+1","floor":22},{"not_picked":["Replay:Hum+1","PathToVictory","TheWorld"],"picked":"Weave+1","floor":27},{"not_picked":["Nirvana+1","FlurryOfBlows","Revamp"],"picked":"Protect","floor":27},{"not_picked":["ClearTheMind","FollowUp","Unruled+1"],"picked":"Collect","floor":29},{"not_picked":["Defy","ShatteredReality","Ricochet+1"],"picked":"Consecrate","floor":29},{"not_picked":["ShatteredReality","Halt","Perseverance+1"],"picked":"Replay:ManipulateFuture","floor":30},{"not_picked":["Alleviate","EmptyFist","Defy","ForgedInTime"],"picked":"SKIP","floor":30},{"not_picked":["Prostrate","TimeWarp","ShiftingGears"],"picked":"Consecrate","floor":31},{"not_picked":["RealityMarble","Revamp","InstantArmor","Contraction"],"picked":"SKIP","floor":31}],"player_experience":177353,"relics_obtained":[{"floor":6,"key":"Prayer Wheel"},{"floor":9,"key":"Replay:Wax Seal"},{"floor":26,"key":"hubris:BottledRain"}],"event_choices":[{"damage_healed":0,"gold_gain":0,"cards_transformed":["Acrobatics"],"player_choice":"Transformed","damage_taken":0,"max_hp_gain":0,"max_hp_loss":0,"event_name":"Transmorgrifier","floor":3,"gold_loss":0,"cards_obtained":["Rearm"]},{"damage_healed":0,"gold_gain":0,"player_choice":"Ignored","damage_taken":0,"max_hp_gain":0,"max_hp_loss":0,"event_name":"Golden Wing","floor":12,"gold_loss":0},{"damage_healed":0,"gold_gain":0,"player_choice":"Ignored","damage_taken":0,"max_hp_gain":0,"max_hp_loss":0,"event_name":"NoteForYourself","floor":28,"gold_loss":0}],"is_beta":false,"boss_relics":[{"not_picked":["hubris:CrackedHourglass","Fusion Hammer"],"picked":"construct:ClawGrip"}],"items_purged_floors":[20,24],"is_endless":false,"potions_floor_spawned":[4,7,10,16,18,22,30],"killed_by":"conspire:MysteriousRune","ascension_level":0}}