{"host":"ix2a18c4ohfsrslv","time":1608864288,"event":{"mods":["BaseMod","Better Third Choice","Downfall","Lobotomy","Minty Spire (QoL Compilation)","Replay The Spire","StSLib","The Dragon Tamer"],"gold_per_floor":[99,99,99,199,3,3,54,54,82,17,36,36,55,66,77,181,181,181,195,195,24,24,24,93,103,103,132,57,69,69,54,68,173,173,173,185,202,202,352,365,365,365,365,365,365],"floor_reached":43,"playtime":3345,"items_purged":["Injury"],"score":457,"play_id":"25b09ac5-333e-4e14-a431-9fee871d52a3","local_time":"20201224184448","is_ascension_mode":true,"campfire_choices":[{"data":"champ:Taunt","floor":1,"key":"SMITH"},{"data":"champ:ViciousMockery","floor":6,"key":"SMITH"},{"floor":12,"key":"REST"},{"data":"champ:Lariat","floor":18,"key":"SMITH"},{"data":"champ:RageSigil","floor":26,"key":"SMITH"},{"floor":28,"key":"REST"},{"data":"champ:ShieldSigil","floor":30,"key":"SMITH"},{"data":"champ:ArenaPreparation","floor":35,"key":"SMITH"},{"floor":42,"key":"RECALL"}],"circlet_count":0,"master_deck":["champ:Strike","champ:Strike","champ:Strike","champ:Defend+1","champ:Defend+1","champ:Defend+1","champ:Defend+1","champ:Execute","champ:Taunt+1","champ:ShieldSigil+1","champ:RageSigil+1","champ:DefensiveShout","champ:ViciousMockery+1","champ:Circumvent","champ:BladeFlurry","champ:RageSigil","champ:BladeFlurry","champ:Lariat+1","champ:RageSigil+1","champ:TornadoPunch+1","Clumsy","champ:TornadoPunch+1","champ:ArenaPreparation+1","champ:MurderStrike","champ:Balance+1","expansioncontent:YouAreMine","champ:RisingSlash","CommonCold"],"relics":["champ:ChampionCrown","downfall:HeartsMalice","CloakClasp","Sling","Pet Ghost","Replay:Bottled Eggs","Cursed Key","Bag of Marbles","Replay:Bottled Steam","MealTicket","downfall:HeartBlessingGreen","ReplayTheSpireMod:CursedCoin","champ:PowerArmor"],"acts_visited":["Exordium","TheCity","TheBeyond"],"potions_floor_usage":[16,25,27,29,33,33],"damage_taken":[{"damage":0,"enemies":"Jaw Worm","floor":2,"turns":1},{"damage":0,"enemies":"2 Louse","floor":3,"turns":1},{"damage":0,"enemies":"2 Louse","floor":4,"turns":1},{"damage":22,"enemies":"downfall:FleeingMerchant","floor":5,"turns":4},{"damage":62,"enemies":"Gremlin Nob","floor":9,"turns":6},{"damage":14,"enemies":"downfall:FleeingMerchant","floor":10,"turns":4},{"damage":5,"enemies":"Cultist","floor":11,"turns":3},{"damage":27,"enemies":"Exordium Thugs","floor":13,"turns":6},{"damage":10,"enemies":"3 Louse","floor":14,"turns":4},{"damage":4,"enemies":"Lots of Slimes","floor":15,"turns":6},{"damage":10,"enemies":"downfall:Ironclad","floor":16,"turns":16},{"damage":0,"enemies":"Shell Parasite","floor":19,"turns":6},{"damage":20,"enemies":"downfall:FleeingMerchant","floor":21,"turns":4},{"damage":5,"enemies":"Spheric Guardian","floor":25,"turns":5},{"damage":42,"enemies":"Gremlin Leader","floor":27,"turns":14},{"damage":21,"enemies":"downfall:FleeingMerchant","floor":29,"turns":4},{"damage":0,"enemies":"downfall:FleeingMerchant","floor":31,"turns":4},{"damage":18,"enemies":"3 Cultists","floor":32,"turns":5},{"damage":26,"enemies":"downfall:Watcher","floor":33,"turns":13},{"damage":33,"enemies":"3 Darklings","floor":36,"turns":5},{"damage":15,"enemies":"Orb Walker","floor":37,"turns":3},{"damage":13,"enemies":"4 Shapes","floor":40,"turns":5},{"damage":81,"enemies":"Maw","floor":43,"turns":7}],"seed_played":"-7419868278358611441","potions_obtained":[{"floor":11,"key":"Dexterity Potion"},{"floor":13,"key":"SteroidPotion"},{"floor":15,"key":"SpeedPotion"},{"floor":16,"key":"SkillPotion"},{"floor":25,"key":"Dexterity Potion"},{"floor":27,"key":"LiquidBronze"},{"floor":33,"key":"Toxic Potion"}],"is_trial":false,"path_per_floor":["R","M","M","?","$","R","T","?","E","$","M","R","M","M","M","B",null,"R","M","?","$","?","T","T","M","R","E","R","$","R","$","M","B",null,"R","M","M","?","?","M","T","R","M"],"character_chosen":"THE_CHAMP","items_purchased":["Sling","champ:Circumvent","champ:BladeFlurry","Bag of Marbles","ReplayTheSpireMod:CursedCoin","Dexterity Potion"],"campfire_rested":2,"item_purchase_floors":[5,5,10,21,29,29],"current_hp_per_floor":[90,90,90,90,90,90,90,90,48,39,39,66,49,49,45,35,90,90,90,90,90,90,90,90,90,90,48,75,69,69,84,71,50,90,90,77,77,77,77,77,77,77,0,0,0],"gold":365,"neow_bonus":"THREE_ENEMY_KILL","is_daily":false,"chose_seed":false,"campfire_upgraded":6,"win_rate":0.0,"timestamp":1608864288,"path_taken":["R","M","M","?","?","R","T","?","E","?","M","R","M","?","M","BOSS","R","M","?","$","?","?","T","?","R","E","R","?","R","?","M","BOSS","R","M","M","?","?","M","T","R","?"],"items_purchased_type":["Relic","Card","Card","Relic","Relic","Potion"],"build_version":"2020-12-22","purchased_purges":1,"victory":false,"max_hp_per_floor":[90,90,90,90,90,90,90,90,90,90,90,90,90,90,90,90,90,90,90,90,90,90,90,90,90,90,90,90,90,90,90,90,90,90,90,90,90,90,90,90,90,90,90,90,90],"card_choices":[{"not_picked":["champ:TornadoPunch","champ:FanOfKnives"],"picked":"champ:ShieldSigil","floor":2},{"not_picked":["champ:CrownThrow","champ:GutPunch"],"picked":"champ:RageSigil","floor":3},{"not_picked":["champ:SkillfulDodge","champ:FanOfKnives"],"picked":"champ:DefensiveShout","floor":4},{"not_picked":["champ:CrookedStrike","champ:TornadoPunch"],"picked":"champ:ViciousMockery","floor":5},{"not_picked":["champ:VampiricStrike","champ:PerfectedStrike","champ:DeathBlow"],"picked":"SKIP","floor":9},{"not_picked":["champ:Circumvent","champ:HeartStrike","champ:AdrenalArmor"],"picked":"SKIP","floor":10},{"not_picked":["champ:TornadoPunch","champ:PerfectedStrike"],"picked":"champ:RageSigil","floor":11},{"not_picked":["champ:Balance","champ:Riposte"],"picked":"champ:BladeFlurry","floor":13},{"not_picked":["champ:Circumvent","champ:AdrenalArmor"],"picked":"champ:Lariat","floor":14},{"not_picked":["champ:Improvising","champ:BerserkersShout","champ:FaceSlap"],"picked":"SKIP","floor":15},{"not_picked":["champ:Backstep","champ:FightOn"],"picked":"champ:RageSigil+1","floor":19},{"not_picked":["champ:ViciousMockery","champ:FlashCut"],"picked":"champ:TornadoPunch+1","floor":21},{"not_picked":["champ:Circumvent","champ:Encircle","champ:Haymaker"],"picked":"SKIP","floor":25},{"not_picked":["champ:FaceSlap","champ:Devastate","champ:DefensiveShout"],"picked":"SKIP","floor":27},{"not_picked":["champ:BladeFlurry+1","champ:Circumvent+1","champ:HeartStrike"],"picked":"SKIP","floor":29},{"not_picked":["champ:PerfectedStrike","champ:PreciseThrust"],"picked":"champ:TornadoPunch+1","floor":31},{"not_picked":["champ:Backstep+1","champ:StanceDance"],"picked":"champ:ArenaPreparation","floor":32},{"not_picked":["champ:HoldFirm","champ:LastStand"],"picked":"champ:MurderStrike","floor":33},{"not_picked":["champ:FlashCut+1","champ:IronFortress+1","champ:Backstep+1"],"picked":"SKIP","floor":36},{"not_picked":["champ:Haymaker","champ:BerserkerStyle+1"],"picked":"champ:Balance+1","floor":37},{"not_picked":["expansioncontent:SlimeTackle","expansioncontent:DefensiveStance"],"picked":"expansioncontent:YouAreMine","floor":38},{"not_picked":["champ:BringItOn","champ:Backstep"],"picked":"champ:RisingSlash","floor":40}],"player_experience":151829,"relics_obtained":[{"floor":4,"key":"CloakClasp"},{"floor":7,"key":"Pet Ghost"},{"floor":9,"key":"Replay:Bottled Eggs"},{"floor":24,"key":"Replay:Bottled Steam"},{"floor":27,"key":"MealTicket"}],"event_choices":[{"damage_healed":0,"gold_gain":0,"player_choice":"Ignored","damage_taken":0,"max_hp_gain":0,"max_hp_loss":0,"event_name":"Vampires","floor":20,"gold_loss":0}],"is_beta":false,"boss_relics":[{"not_picked":["Velvet Choker","Tiny House"],"picked":"Cursed Key"},{"not_picked":["Philosopher\u0027s Stone","Fusion Hammer"],"picked":"champ:PowerArmor"}],"items_purged_floors":[29],"is_endless":false,"potions_floor_spawned":[9,11,13,15,16,25,27,32,33],"killed_by":"Maw","ascension_level":2}}