{"host":"rwzz6mk6bpmb57ql","time":1608870113,"event":{"mods":["AchievementEnabler","BaseMod","BetterRewards","Colored Map","Highlight Path","Hubris","Minty Spire (QoL Compilation)","Replay The Spire","StSLib"],"gold_per_floor":[6619,6619,6619,6637,6658,6696,6696,6734,6734,6007,6023,6047,6078,5417,5417,5543,5543,5556,5496,5519,5519,4813,4848,4863,4881,4908,4159,4159,4177,4198,4232,4232,4361,4361,4379,4398,4078,4098,3457,3457,3477,3477,3477,3520,3538,3557,3557,3577,3577,3577,3577,3577,3577,3611,3611],"floor_reached":56,"playtime":1601,"items_purged":["Storm of Steel","Strike_G","Accuracy+1","Defend_G","Survivor","Neutralize"],"score":2301,"play_id":"917cdd66-a3b9-455f-815e-d5057a4ffff1","local_time":"20201224222153","is_ascension_mode":true,"campfire_choices":[{"floor":7,"key":"RECALL"},{"data":"Blade Dance","floor":15,"key":"SMITH"},{"data":"Skewer","floor":28,"key":"SMITH"},{"data":"Skewer","floor":32,"key":"SMITH"},{"data":"Skewer","floor":40,"key":"SMITH"},{"data":"Calculated Gamble","floor":47,"key":"SMITH"},{"floor":49,"key":"DIG"},{"data":"Madness","floor":52,"key":"SMITH"}],"circlet_count":0,"master_deck":["AscendersBane","Strike_G","Strike_G","Defend_G+1","Finisher","Quick Slash","Hidden Blade+1","Dagger Spray","ReplayTheSpireMod:Scrap Shanks","ReplayTheSpireMod:Scrap Shanks","Blade Dance+1","Unload+1","Skewer+1","Skewer+1","Skewer+1","Poison Darts+1","Storm of Steel+1","Corpse Explosion+1","Eviscerate+1","Calculated Gamble+1","Madness","Madness+1"],"relics":["Ring of the Snake","Potion Belt","White Beast Statue","Golden Idol","Orichalcum","hubris:BottledRain","Chemical X","Thread and Needle","Pet Ghost","Oddly Smooth Stone","Golden Egg","Pear","Snecko Scales","Nilry\u0027s Codex","War Paint","Bird Faced Urn","Sling","Vajra","Happy Flower","TwistedFunnel","hubris:ToyBattleship","TungstenRod","FossilizedHelix","Astrolabe","Blood Vial","ClockworkSouvenir","WingedGreaves","Letter Opener","Blue Doll","hubris:TinFlute","Calipers"],"acts_visited":["Exordium","TheCity","TheBeyond","TheEnding"],"potions_floor_usage":[6,12,12,16,16,20,24,29,31,31,36,46,50,55,55,55,55],"damage_taken":[{"damage":0,"enemies":"2 Louse","floor":1,"turns":1},{"damage":5,"enemies":"Jaw Worm","floor":4,"turns":4},{"damage":12,"enemies":"Small Slimes","floor":5,"turns":3},{"damage":20,"enemies":"Lagavulin","floor":6,"turns":4},{"damage":0,"enemies":"3 Sentries","floor":8,"turns":1},{"damage":0,"enemies":"Exordium Wildlife","floor":11,"turns":1},{"damage":0,"enemies":"Exordium Thugs","floor":12,"turns":3},{"damage":0,"enemies":"Lagavulin","floor":13,"turns":2},{"damage":9,"enemies":"The Guardian","floor":16,"turns":4},{"damage":0,"enemies":"Spheric Guardian","floor":18,"turns":1},{"damage":0,"enemies":"Shell Parasite","floor":20,"turns":1},{"damage":0,"enemies":"Book of Stabbing","floor":23,"turns":1},{"damage":2,"enemies":"Cultist and Chosen","floor":24,"turns":2},{"damage":0,"enemies":"Chosen and Byrds","floor":25,"turns":2},{"damage":0,"enemies":"3 Cultists","floor":29,"turns":3},{"damage":0,"enemies":"Sentry and Sphere","floor":30,"turns":2},{"damage":9,"enemies":"Slavers","floor":31,"turns":2},{"damage":0,"enemies":"hubris:MusketHawk","floor":33,"turns":2},{"damage":0,"enemies":"3 Shapes","floor":35,"turns":1},{"damage":0,"enemies":"Orb Walker","floor":36,"turns":1},{"damage":0,"enemies":"Maw","floor":38,"turns":2},{"damage":0,"enemies":"Sphere and 2 Shapes","floor":41,"turns":1},{"damage":0,"enemies":"R_Hoarder","floor":44,"turns":1},{"damage":0,"enemies":"Spire Growth","floor":45,"turns":1},{"damage":0,"enemies":"Writhing Mass","floor":46,"turns":1},{"damage":0,"enemies":"Jaw Worm Horde","floor":48,"turns":1},{"damage":17,"enemies":"hubris:GrandSnecko","floor":50,"turns":4},{"damage":0,"enemies":"Shield and Spear","floor":54,"turns":1},{"damage":10,"enemies":"The Heart","floor":55,"turns":3}],"seed_played":"-9052385111983925692","potions_obtained":[{"floor":4,"key":"Energy Potion"},{"floor":5,"key":"LiquidMemories"},{"floor":6,"key":"Block Potion"},{"floor":8,"key":"CunningPotion"},{"floor":11,"key":"AttackPotion"},{"floor":12,"key":"CultistPotion"},{"floor":13,"key":"Fire Potion"},{"floor":18,"key":"LifebloodPotion"},{"floor":20,"key":"LiquidBronze"},{"floor":23,"key":"Elixir"},{"floor":24,"key":"Ancient Potion"},{"floor":29,"key":"Venom Potion"},{"floor":31,"key":"SpeedPotion"},{"floor":33,"key":"Adrenaline Potion"},{"floor":36,"key":"BlessingOfTheForge"},{"floor":46,"key":"Milkshake"},{"floor":54,"key":"DistilledChaos"}],"is_trial":false,"path_per_floor":["M","?","?","M","M","E","R","E","T","$","M","M","E","$","R","B",null,"M","?","M","?","$","E","M","M","T","$","R","M","M","E","R","B",null,"M","M","$","M","$","R","M","?","T","E","M","M","R","M","R_BF","B",null,"R","$","E","B",null],"character_chosen":"THE_SILENT","items_purchased":["Chemical X","Thread and Needle","Pet Ghost","ReplayTheSpireMod:Scrap Shanks","Golden Egg","Pear","Accuracy","War Paint","Bird Faced Urn","Sling","TwistedFunnel","hubris:ToyBattleship","TungstenRod","Blood Vial","ClockworkSouvenir","WingedGreaves"],"campfire_rested":0,"item_purchase_floors":[10,10,10,10,14,14,14,22,22,22,27,27,27,37,39,39],"current_hp_per_floor":[133,121,86,81,69,49,49,49,49,49,49,49,49,59,59,50,125,125,125,125,109,109,111,113,113,113,113,113,113,113,104,104,104,139,139,139,139,141,141,141,143,125,125,127,129,131,131,133,133,118,142,142,142,144,138],"gold":3611,"neow_bonus":"ONE_RANDOM_RARE_CARD","is_daily":false,"chose_seed":false,"campfire_upgraded":6,"win_rate":0.0,"timestamp":1608870113,"path_taken":["M","?","?","?","M","E","R","E","T","$","M","M","E","$","R","BOSS","M","?","M","?","$","E","M","M","T","$","R","?","M","E","R","BOSS","M","M","$","M","$","R","M","?","T","E","M","M","R","M","R_BF","BOSS","R","$","E","BOSS"],"items_purchased_type":["Relic","Relic","Relic","Card","Relic","Relic","Card","Relic","Relic","Relic","Relic","Relic","Relic","Relic","Relic","Relic"],"build_version":"2020-12-22","purchased_purges":6,"victory":true,"max_hp_per_floor":[140,140,140,140,140,140,140,140,140,140,140,140,140,150,150,150,150,150,150,150,150,150,150,150,150,150,150,150,150,150,150,150,150,150,150,150,150,150,150,150,150,150,150,150,150,150,150,150,150,150,150,150,150,150,150],"card_choices":[{"not_picked":["Slice","Backflip","hubris:TrickCloak"],"picked":"SKIP","floor":1},{"not_picked":["Dash","Poisoned Stab"],"picked":"Finisher","floor":4},{"not_picked":["Poison Darts","Underhanded Strike"],"picked":"Quick Slash","floor":5},{"not_picked":["Deflect","Dodge and Roll"],"picked":"Hidden Blade","floor":6},{"not_picked":["Bullet Time","Well Laid Plans"],"picked":"Dagger Spray","floor":8},{"not_picked":["Bane","Dodge and Roll","Toxin Wave"],"picked":"SKIP","floor":11},{"not_picked":["Backstab","Bouncing Flask"],"picked":"Blade Dance","floor":12},{"not_picked":["Noxious Fumes","hubris:TrickCloak","Fluid Movement"],"picked":"SKIP","floor":13},{"not_picked":["ReplayTheSpireMod:From All Sides","ReplayTheSpireMod:Necrosis"],"picked":"Unload","floor":16},{"not_picked":["Backflip+1","Cloak And Dagger","Dodge and Roll"],"picked":"SKIP","floor":18},{"not_picked":["Noxious Fumes","Toxin Wave","Flying Knee"],"picked":"SKIP","floor":20},{"not_picked":["hubris:SlightOfHand","Crippling Poison","Backflip"],"picked":"SKIP","floor":23},{"not_picked":["Sucker Punch","Dodge and Roll"],"picked":"Skewer","floor":24},{"not_picked":["Flying Knee","Caltrops","Outmaneuver"],"picked":"SKIP","floor":25},{"not_picked":["Tools of the Trade","Deflect"],"picked":"Skewer","floor":29},{"not_picked":["Deadly Poison","Bouncing Flask"],"picked":"Skewer","floor":30},{"not_picked":["Wraith Form v2","Dash","Eviscerate"],"picked":"SKIP","floor":31},{"not_picked":["Glass Knife","Unload"],"picked":"Poison Darts","floor":33},{"not_picked":["Acrobatics","Deadly Poison"],"picked":"Calculated Gamble","floor":35},{"not_picked":["Acrobatics","Underhanded Strike","Wraith Form v2"],"picked":"SKIP","floor":36},{"not_picked":["Dagger Throw","Deflect","Slice"],"picked":"SKIP","floor":38},{"not_picked":["hubris:Counter","Bouncing Flask","hubris:Sniper+1"],"picked":"SKIP","floor":41},{"not_picked":["Backflip","Flechettes","Heel Hook"],"picked":"SKIP","floor":44},{"not_picked":["Dagger Spray","Bane","Replay:Poison Smokescreen"],"picked":"SKIP","floor":45},{"not_picked":["Flechettes","Dagger Throw","Acrobatics"],"picked":"SKIP","floor":46},{"not_picked":["ReplayTheSpireMod:The Works","Dagger Spray","Flechettes+1"],"picked":"SKIP","floor":48},{"not_picked":["Deflect","Cloak And Dagger+1","Flying Knee"],"picked":"SKIP","floor":54}],"player_experience":160014,"relics_obtained":[{"floor":6,"key":"Orichalcum"},{"floor":8,"key":"hubris:BottledRain"},{"floor":13,"key":"Oddly Smooth Stone"},{"floor":21,"key":"Nilry\u0027s Codex"},{"floor":23,"key":"Vajra"},{"floor":26,"key":"Happy Flower"},{"floor":31,"key":"FossilizedHelix"},{"floor":43,"key":"Letter Opener"},{"floor":44,"key":"Blue Doll"},{"floor":49,"key":"hubris:TinFlute"},{"floor":54,"key":"Calipers"}],"event_choices":[{"damage_healed":0,"gold_gain":0,"player_choice":"Success","damage_taken":12,"relics_obtained":["White Beast Statue"],"max_hp_gain":0,"max_hp_loss":0,"event_name":"Scrap Ooze","floor":2,"gold_loss":0},{"damage_healed":0,"gold_gain":0,"player_choice":"Take Damage","damage_taken":35,"relics_obtained":["Golden Idol"],"max_hp_gain":0,"max_hp_loss":0,"event_name":"Golden Idol","floor":3,"gold_loss":0},{"damage_healed":0,"gold_gain":0,"player_choice":"Obtained Book","damage_taken":16,"max_hp_gain":0,"max_hp_loss":0,"event_name":"Cursed Tome","floor":21,"gold_loss":0},{"damage_healed":0,"gold_gain":0,"player_choice":"Embrace Madness","damage_taken":19,"max_hp_gain":0,"max_hp_loss":0,"event_name":"Winding Halls","floor":42,"gold_loss":0,"cards_obtained":["Madness","Madness"]}],"is_beta":false,"boss_relics":[{"not_picked":["Abe\u0027s Treasure","hubris:TerracottaHorce"],"picked":"Snecko Scales"},{"not_picked":["Replay:Wanted Poster","Snecko Eye"],"picked":"Astrolabe"}],"items_purged_floors":[10,14,22,27,37,39],"is_endless":false,"potions_floor_spawned":[4,5,6,8,11,12,13,16,18,20,23,24,25,29,30,31,33,35,36,38,41,44,45,46,48,54],"ascension_level":12}}