{"host":"qjr2x8lg4bxz99yh","time":1608926869,"event":{"mods":["Act Like it!","BaseMod","Colored Powertips","Downfall","Friendly Minions","Hallownest","Hermit","Minty Spire (QoL Compilation)","Replay The Spire","StSLib","The Bug Knight","The Cursed","The Disciple","The Hierophant","The Jungle","The Necromancer","The Runesmith","everything is the same but u backflip on backflip"],"gold_per_floor":[118,118,30,45,220,220,252,252,322,322,322,322,339,371,391,391,391,391,391],"floor_reached":18,"playtime":1279,"items_purged":[],"score":118,"play_id":"25d39c40-e740-4250-88b2-637515a0bbdd","local_time":"20201225140749","is_ascension_mode":false,"campfire_choices":[{"floor":6,"key":"REST"},{"floor":8,"key":"REST"},{"floor":12,"key":"RECALL"},{"data":"HollowMod:DashSlash","floor":17,"key":"SMITH"}],"circlet_count":0,"master_deck":["HollowMod:NailStrikeStart","HollowMod:NailStrikeStart","HollowMod:NailStrikeStart","HollowMod:NailStrikeStart","HollowMod:QuickDashStart","HollowMod:QuickDashStart","HollowMod:QuickDashStart","HollowMod:QuickDashStart","HollowMod:FocusHealStart","HollowMod:PogoStrike","HollowMod:CrystalDash","Regret","HollowMod:GoodIntentions+1","HollowMod:HowlingWraiths","HollowMod:FastStrike","Doubt","HollowMod:DesolateDive","HollowMod:DashSlash+1","HollowMod:QuirrelsAssistance","HollowMod:DescendingDark","Injury"],"relics":["HollowMod:VesselMask","ReplayTheSpireMod:TigerMarble","Oddly Smooth Stone","Replay:Towering Pillar of Hats","Golden Idol"],"acts_visited":["Exordium"],"potions_floor_usage":[7,14,18],"damage_taken":[{"damage":2,"enemies":"2 Louse","floor":1,"turns":4},{"damage":4,"enemies":"Small Slimes","floor":4,"turns":4},{"damage":38,"enemies":"3 Sentries","floor":7,"turns":8},{"damage":0,"enemies":"Jaw Worm","floor":13,"turns":3},{"damage":23,"enemies":"Gremlin Nob","floor":14,"turns":3},{"damage":7,"enemies":"Looter","floor":15,"turns":3},{"damage":72,"enemies":"Hexaghost","floor":18,"turns":16}],"seed_played":"-4096178823016802464","potions_obtained":[{"floor":4,"key":"Adrenaline Potion"},{"floor":13,"key":"BlessingOfTheForge"},{"floor":14,"key":"PowerPotion"}],"is_trial":false,"path_per_floor":["M","?","$","M","?","R","E","R","T","PTL","PTL","R","M","E","M","?","R","B"],"character_chosen":"THE_BUGKNIGHT","items_purchased":["HollowMod:GoodIntentions+1","HollowMod:HowlingWraiths"],"campfire_rested":2,"item_purchase_floors":[3,3],"current_hp_per_floor":[82,82,82,78,78,82,50,74,74,74,74,74,74,70,69,69,69,0,0],"gold":391,"neow_bonus":"TEN_PERCENT_HP_BONUS","is_daily":false,"chose_seed":false,"campfire_upgraded":1,"win_rate":0.0,"timestamp":1608926869,"path_taken":["M","?","$","M","?","R","E","R","T","PTL","PTL","R","M","E","M","?","R","BOSS"],"items_purchased_type":["Card","Card"],"build_version":"2020-12-22","purchased_purges":0,"victory":false,"max_hp_per_floor":[82,82,82,82,82,82,82,82,82,82,82,82,82,82,82,82,82,82,82],"card_choices":[{"not_picked":["HollowMod:InfectedAttack","HollowMod:MawleksShell"],"picked":"HollowMod:CrystalDash","floor":1},{"not_picked":["HollowMod:CrystalDash","HollowMod:CoiledNail"],"picked":"HollowMod:FastStrike","floor":4},{"not_picked":["HollowMod:DescendingDark","HollowMod:DashSlash"],"picked":"HollowMod:DesolateDive","floor":7},{"not_picked":["HollowMod:SoulShaman","HollowMod:LifebloodCore"],"picked":"HollowMod:DashSlash","floor":13},{"not_picked":["HollowMod:BrokenVessel","HollowMod:GoodIntentions"],"picked":"HollowMod:QuirrelsAssistance","floor":14},{"not_picked":["HollowMod:BlackTendrils","HollowMod:ShadowDash"],"picked":"HollowMod:DescendingDark","floor":15}],"player_experience":48713,"relics_obtained":[{"floor":7,"key":"Oddly Smooth Stone"},{"floor":14,"key":"Replay:Towering Pillar of Hats"}],"event_choices":[{"damage_healed":0,"gold_gain":0,"player_choice":"Box","damage_taken":0,"relics_obtained":["ReplayTheSpireMod:TigerMarble"],"max_hp_gain":0,"max_hp_loss":0,"event_name":"Big Fish","floor":2,"gold_loss":0,"cards_obtained":["Regret"]},{"damage_healed":0,"gold_gain":175,"player_choice":"AGREE","damage_taken":0,"max_hp_gain":0,"max_hp_loss":0,"event_name":"Liars Game","floor":5,"gold_loss":0,"cards_obtained":["Doubt"]},{"damage_healed":0,"gold_gain":0,"player_choice":"Take Wound","damage_taken":0,"relics_obtained":["Golden Idol"],"max_hp_gain":0,"max_hp_loss":0,"event_name":"Golden Idol","floor":16,"gold_loss":0,"cards_obtained":["Injury"]}],"is_beta":false,"boss_relics":[],"items_purged_floors":[],"is_endless":false,"potions_floor_spawned":[4,13,14],"killed_by":"Hexaghost","ascension_level":0}}