{"host":"acpsw8r33r8788yr","time":1608923383,"event":{"mods":["BaseMod","Better Altar","Better Skull","Better Third Choice","BetterRewards","Colored Map","Downfall","Hermit","Highlight Path","Hubris","Minty Spire (QoL Compilation)","Quick Restart","Replay The Spire","Robot Space Explorer","Shop Mod","StSLib","The Bug Knight","The Construct","The Cursed","The Disciple","The Jungle","The Runesmith","The Senshi"],"gold_per_floor":[111,36,53,53,72,100,116,116,116,116,146,161,178,178,178,178],"floor_reached":16,"playtime":643,"items_purged":[],"score":112,"play_id":"69d9635d-124c-4a85-9c1f-2d5580dff57d","local_time":"20201225110943","is_ascension_mode":false,"campfire_choices":[{"data":"HollowMod:MothsMistake","floor":8,"key":"SMITH"}],"circlet_count":0,"master_deck":["HollowMod:NailStrikeStart","HollowMod:NailStrikeStart","HollowMod:NailStrikeStart","HollowMod:QuickDashStart","HollowMod:QuickDashStart","HollowMod:QuickDashStart","HollowMod:QuickDashStart","HollowMod:FocusHealStart","HollowMod:PogoStrike","HollowMod:QuirrelsAssistance","HollowMod:CycloneSlash","HollowMod:DreamGate","HollowMod:LifebloodCore","HollowMod:SiblingsSouls","HollowMod:MothsMistake+1","HollowMod:MothsMistake+1"],"relics":["HollowMod:VesselMask","NeowsBlessing","hubris:Teleporter","Gambling Chip","hubris:MedicalManual"],"acts_visited":["Exordium"],"potions_floor_usage":[6,12],"damage_taken":[{"damage":0,"enemies":"Jaw Worm","floor":1,"turns":1},{"damage":0,"enemies":"Cultist","floor":3,"turns":1},{"damage":0,"enemies":"2 Louse","floor":5,"turns":1},{"damage":18,"enemies":"Gremlin Nob","floor":6,"turns":4},{"damage":11,"enemies":"Large Slime","floor":7,"turns":5},{"damage":16,"enemies":"Lagavulin","floor":12,"turns":6},{"damage":13,"enemies":"Lots of Slimes","floor":13,"turns":2},{"damage":22,"enemies":"3 Louse","floor":14,"turns":3},{"damage":0,"enemies":"Fading Forest","floor":16,"turns":1}],"seed_played":"-1336841642084146034","potions_obtained":[{"floor":3,"key":"Strength Potion"},{"floor":7,"key":"LiquidBronze"},{"floor":14,"key":"Swift Potion"}],"is_trial":false,"path_per_floor":["M","?","M","?","M","E","M","R","T","?","E","M","M","R_BF","B"],"character_chosen":"THE_BUGKNIGHT","items_purchased":[],"campfire_rested":0,"item_purchase_floors":[],"current_hp_per_floor":[75,80,80,80,80,62,57,57,57,57,53,40,24,24,24,24],"gold":178,"neow_bonus":"THREE_ENEMY_KILL","is_daily":false,"chose_seed":false,"campfire_upgraded":1,"win_rate":0.0,"timestamp":1608923383,"path_taken":["M","?","M","?","M","E","?","R","T","?","E","M","M","R_BF","BOSS"],"items_purchased_type":[],"build_version":"2020-12-22","purchased_purges":0,"victory":false,"max_hp_per_floor":[75,80,80,80,80,80,80,80,80,80,80,80,80,80,80,80],"card_choices":[{"not_picked":["HollowMod:DashSlash","HollowMod:CloakDash"],"picked":"HollowMod:QuirrelsAssistance","floor":1},{"not_picked":["HollowMod:DoubleDash","HollowMod:WraithStrike"],"picked":"HollowMod:CycloneSlash","floor":3},{"not_picked":["HollowMod:DescendingDark","HollowMod:FallenFury"],"picked":"HollowMod:SiblingsSouls","floor":5},{"not_picked":["HollowMod:TaintedHusks","HollowMod:Hiveblood","HollowMod:BlackTendrils"],"picked":"SKIP","floor":6},{"not_picked":["HollowMod:HeavyBlow","HollowMod:ShadowDash"],"picked":"HollowMod:MothsMistake","floor":7},{"not_picked":["HollowMod:ZotesMagnificence","HollowMod:DescendingDark"],"picked":"HollowMod:MothsMistake","floor":12},{"not_picked":["HollowMod:NewLittleFool","HollowMod:MawleksShell","HollowMod:HowlingWraiths"],"picked":"SKIP","floor":13},{"not_picked":["HollowMod:SiblingsShadow","HollowMod:GrimmsGift","HollowMod:SoulSplash"],"picked":"SKIP","floor":14}],"player_experience":356459,"relics_obtained":[{"floor":6,"key":"hubris:Teleporter"},{"floor":9,"key":"Gambling Chip"},{"floor":12,"key":"hubris:MedicalManual"}],"event_choices":[{"damage_healed":0,"gold_gain":0,"player_choice":"2 cards matched","damage_taken":0,"max_hp_gain":0,"max_hp_loss":0,"event_name":"Match and Keep!","floor":4,"gold_loss":0,"cards_obtained":["HollowMod:DreamGate","HollowMod:LifebloodCore"]},{"cards_removed":["HollowMod:NailStrikeStart"],"damage_healed":0,"gold_gain":0,"player_choice":"Purged","damage_taken":0,"max_hp_gain":0,"max_hp_loss":0,"event_name":"Purifier","floor":11,"gold_loss":0},{"damage_healed":0,"gold_gain":0,"player_choice":"Upgraded","damage_taken":0,"max_hp_gain":0,"max_hp_loss":0,"event_name":"Upgrade Shrine","floor":15,"gold_loss":0,"cards_upgraded":["HollowMod:MothsMistake"]}],"is_beta":false,"boss_relics":[],"items_purged_floors":[],"is_endless":false,"potions_floor_spawned":[3,7,14],"killed_by":"Fading Forest","ascension_level":0}}