{"host":"v4s5k3c6jywmeofl","time":1608912924,"event":{"mods":["Act Like it!","BaseMod","Colored Map","Downfall","Gensokyo","Hallownest","Hermit","Marisa????????","Minty Spire (QoL Compilation)","Quick Restart","Random Character Button","Rare Cards Sparkle","Replay The Spire","StSLib","The Animator","The Bug Knight","The Cursed","The Hierophant","The Servant 0.9.4"],"gold_per_floor":[110,125,50,50,50,50,81,81,81,96,146,179,179,197,197,296,296,306,322,150,150,624,624,654,670,670,449,776,776,776],"floor_reached":29,"playtime":779,"items_purged":["Hallownest:curseDreamersLament"],"score":322,"play_id":"ce63c16e-14c6-4e10-9018-ed4191b24cdb","local_time":"20201225111524","is_ascension_mode":true,"campfire_choices":[{"data":"Heavy Blade","floor":6,"key":"SMITH"},{"data":"Pommel Strike","floor":8,"key":"SMITH"},{"floor":15,"key":"REST"},{"data":"Inflame","floor":23,"key":"SMITH"}],"circlet_count":0,"master_deck":["Strike_R","Strike_R+1","Strike_R","Strike_R+1","Defend_R+1","Defend_R","Defend_R","Defend_R+1","Bash","Heavy Blade+1","Pommel Strike+1","Pommel Strike","Rampage","Berserk+1","Inflame+1","hermit:ImpendingDoom","Immolate+1","Infernal Blade","Thunderclap","Flex+1","Armaments+1","Life Link","ReplayTheSpireMod:Muscle Training+1","Replay:Undeath\u0027s Touch+1"],"relics":["Black Blood","NeowsBlessing","Hallownest:BankAccountRelic","Hallownest:TeacherSealRelic","War Paint","Iron Hammer","Ring of Searing","Membership Card","Golden Egg","ReplayTheSpireMod:Spearhead","Pondfish Scales","Bronze Scales","Bottled Lightning","ReplayTheSpireMod:TigerMarble","Replay:Arrowhead","Old Coin"],"acts_visited":["Hallownest:Greenpath","Hallownest:CityofTears"],"potions_floor_usage":[],"damage_taken":[{"damage":0,"enemies":"Hallownest:2_MossCreeps","floor":1,"turns":1},{"damage":0,"enemies":"Hallownest:monsterHuskGuard","floor":2,"turns":1},{"damage":0,"enemies":"Hallownest:eliteVengeflyKing","floor":7,"turns":1},{"damage":3,"enemies":"Hallownest:monsterHuskWarrior","floor":10,"turns":3},{"damage":50,"enemies":"Hallownest:eliteMossKnight","floor":12,"turns":7},{"damage":12,"enemies":"Hallownest:MossCreep_and_Mosskin","floor":14,"turns":4},{"damage":35,"enemies":"Hallownest:BossBrokenVessel","floor":16,"turns":6},{"damage":31,"enemies":"Hallownest:Guard_and_Sentry","floor":18,"turns":3},{"damage":32,"enemies":"Hallownest:Flukemon_and_Top","floor":19,"turns":4},{"damage":15,"enemies":"Hallownest:Nosk","floor":24,"turns":5},{"damage":4,"enemies":"Hallownest:monsterShrumalOgre","floor":25,"turns":4},{"damage":20,"enemies":"Hallownest:eliteWatcherKnight","floor":29,"turns":3}],"seed_played":"-1674380182285224292","potions_obtained":[{"floor":10,"key":"AttackPotion"},{"floor":14,"key":"FearPotion"},{"floor":16,"key":"LiquidMemories"},{"floor":24,"key":"LifebloodPotion"}],"is_trial":false,"path_per_floor":["M","M","?","?","?","R","E","R","T","M","?","E","?","M","R","B",null,"M","M","$","?","?","R","E","M","T","$","?","E"],"character_chosen":"IRONCLAD","items_purchased":["Flex","Pondfish Scales","ReplayTheSpireMod:TigerMarble","Replay:Arrowhead","ReplayTheSpireMod:Muscle Training"],"campfire_rested":1,"item_purchase_floors":[20,20,27,27,27],"current_hp_per_floor":[80,80,80,80,80,80,80,80,80,80,80,36,36,30,54,25,80,61,41,41,41,41,41,38,46,46,46,14,0,0],"gold":776,"neow_bonus":"THREE_ENEMY_KILL","is_daily":false,"chose_seed":false,"campfire_upgraded":3,"win_rate":0.0,"timestamp":1608912924,"path_taken":["M","?","?","?","?","R","E","R","T","M","?","E","?","?","R","BOSS","M","M","$","?","?","R","E","M","T","$","?","E"],"items_purchased_type":["Card","Relic","Relic","Relic","Card"],"build_version":"2020-12-22","purchased_purges":1,"victory":false,"max_hp_per_floor":[80,80,80,80,80,80,80,80,80,80,80,80,80,80,80,80,80,80,80,80,80,80,80,80,80,80,80,80,80,80],"card_choices":[{"not_picked":["Headbutt","Whirlwind"],"picked":"Heavy Blade","floor":1},{"not_picked":["Metallicize","Sword Boomerang","ReplayReversal"],"picked":"SKIP","floor":2},{"not_picked":["Shrug It Off","Cleave"],"picked":"Pommel Strike","floor":7},{"not_picked":["Whirlwind","Power Through"],"picked":"Pommel Strike","floor":10},{"not_picked":["Battle Trance","Body Slam"],"picked":"Rampage","floor":12},{"not_picked":["ReplayTheSpireMod:Limb From Limb","Clothesline"],"picked":"Inflame","floor":14},{"not_picked":["Barricade","Fiend Fire"],"picked":"Immolate","floor":16},{"not_picked":["Abandon","Pommel Strike"],"picked":"Infernal Blade","floor":18},{"not_picked":["Sword Boomerang","ReplayTheSpireMod:Strike From Hell"],"picked":"Thunderclap","floor":19},{"not_picked":["Evolve","Sword Boomerang"],"picked":"Armaments+1","floor":24},{"not_picked":["Thunderclap+1","Battle Trance"],"picked":"Life Link","floor":25},{"not_picked":["Twin Strike","True Grit"],"picked":"Replay:Undeath\u0027s Touch+1","floor":28}],"player_experience":154044,"relics_obtained":[{"floor":7,"key":"War Paint"},{"floor":9,"key":"Iron Hammer"},{"floor":11,"key":"Ring of Searing"},{"floor":11,"key":"Ring of Greed"},{"floor":11,"key":"Membership Card"},{"floor":11,"key":"Golden Egg"},{"floor":12,"key":"ReplayTheSpireMod:Spearhead"},{"floor":24,"key":"Bronze Scales"},{"floor":26,"key":"Bottled Lightning"},{"floor":28,"key":"Old Coin"}],"event_choices":[],"is_beta":false,"boss_relics":[{"not_picked":["Busted Crown","Tiny House"],"picked":"Black Blood"}],"items_purged_floors":[20],"is_endless":false,"potions_floor_spawned":[10,14,16,18,24],"killed_by":"Hallownest:eliteWatcherKnight","ascension_level":2}}