{"host":"6ko66ogg91i6g7xq","time":1608889607,"event":{"mods":["AchievementEnabler","Act Like it!","BaseMod","Colored Map","Colored Powertips","Downfall","Hermit","Minty Spire (QoL Compilation)","Quick Restart","Relic Stats","StSLib","The Jungle","everything is the same but u backflip on backflip"],"gold_per_floor":[115,38,213,213,59,94,94,111,111,111,141,153,78,97,97,97,97],"floor_reached":16,"playtime":271,"items_purged":["Doubt"],"score":146,"play_id":"491e0b0b-ee62-499f-a7db-2b789c853088","local_time":"20201225044647","is_ascension_mode":true,"campfire_choices":[{"floor":10,"key":"RECALL"},{"data":"Catalyst","floor":15,"key":"SMITH"}],"circlet_count":0,"master_deck":["Strike_G","Strike_G","Strike_G","Strike_G","Strike_G","Defend_G","Defend_G","Defend_G","Defend_G","Defend_G","Survivor","Neutralize","Footwork","Catalyst+1","Venomology","Neutralize","Corpse Explosion","Dagger Spray"],"relics":["Ring of the Snake","NeowsBlessing","Matryoshka","Anchor","Singing Bowl","Pantograph","Toxic Egg 2"],"acts_visited":["Exordium"],"potions_floor_usage":[11,11,14],"damage_taken":[{"damage":0,"enemies":"Small Slimes","floor":1,"turns":1},{"damage":0,"enemies":"3 Sentries","floor":6,"turns":1},{"damage":0,"enemies":"Jaw Worm","floor":8,"turns":1},{"damage":8,"enemies":"Gremlin Nob","floor":11,"turns":4},{"damage":0,"enemies":"2 Louse","floor":12,"turns":2},{"damage":12,"enemies":"Exordium Thugs","floor":14,"turns":5},{"damage":0,"enemies":"Slime Boss","floor":16,"turns":1}],"seed_played":"7850977306001097317","potions_obtained":[{"floor":1,"key":"BlessingOfTheForge"},{"floor":8,"key":"ColorlessPotion"},{"floor":14,"key":"ColorlessPotion"}],"is_trial":false,"path_per_floor":["M","$","?","T","$","E","?","M","T","R","E","M","$","M","R","B"],"character_chosen":"THE_SILENT","items_purchased":["Catalyst","Anchor"],"campfire_rested":0,"item_purchase_floors":[2,5],"current_hp_per_floor":[70,70,70,70,70,70,70,72,72,72,66,68,68,56,56,76,76],"gold":97,"neow_bonus":"THREE_ENEMY_KILL","is_daily":false,"chose_seed":false,"campfire_upgraded":1,"win_rate":0.0,"timestamp":1608889607,"path_taken":["M","$","?","?","?","E","?","M","T","R","E","M","$","M","R","BOSS"],"items_purchased_type":["Card","Relic"],"build_version":"2020-12-22","purchased_purges":1,"victory":false,"max_hp_per_floor":[70,70,70,70,70,70,70,72,72,72,74,76,76,76,76,76,76],"relic_stats":{"Singing Bowl":6,"counters":[7,15],"Pantograph":20,"obtain_stats":[{"Anchor":5,"Matryoshka":4,"NeowsBlessing":0,"Singing Bowl":6,"Pantograph":9,"Toxic Egg 2":11,"Ring of the Snake":0},{"Anchor":1,"Matryoshka":1,"NeowsBlessing":0,"Singing Bowl":2,"Pantograph":3,"Toxic Egg 2":4,"Ring of the Snake":0},{"Anchor":1,"Matryoshka":1,"NeowsBlessing":0,"Singing Bowl":2,"Pantograph":3,"Toxic Egg 2":7,"Ring of the Snake":0}],"Ring of the Snake":[14]},"card_choices":[{"not_picked":["Dagger Throw","Dodge and Roll"],"picked":"Footwork","floor":1},{"not_picked":["Poisoned Stab","Cloak And Dagger"],"picked":"Venomology","floor":6},{"not_picked":["Outmaneuver","Well Laid Plans","Dodge and Roll"],"picked":"Singing Bowl","floor":8},{"not_picked":["Endless Agony","Prepared+1","Terror+1"],"picked":"Singing Bowl","floor":11},{"not_picked":["Slice","Deflect+1","Backstab"],"picked":"Singing Bowl","floor":12},{"not_picked":["Calculated Gamble+1","PiercingWail+1"],"picked":"Dagger Spray","floor":14}],"player_experience":245107,"relics_obtained":[{"floor":4,"key":"Matryoshka"},{"floor":6,"key":"Singing Bowl"},{"floor":9,"key":"Pantograph"},{"floor":11,"key":"Toxic Egg 2"}],"event_choices":[{"damage_healed":0,"gold_gain":175,"player_choice":"AGREE","damage_taken":0,"max_hp_gain":0,"max_hp_loss":0,"event_name":"Liars Game","floor":3,"gold_loss":0,"cards_obtained":["Doubt"]},{"damage_healed":0,"gold_gain":0,"player_choice":"2 cards matched","damage_taken":0,"max_hp_gain":0,"max_hp_loss":0,"event_name":"Match and Keep!","floor":7,"gold_loss":0,"cards_obtained":["Neutralize","Corpse Explosion"]}],"is_beta":false,"boss_relics":[],"items_purged_floors":[13],"is_endless":false,"potions_floor_spawned":[1,8,14],"killed_by":"Slime Boss","ascension_level":2}}