{"host":"duxoyu97j36znyap","time":1608867493,"event":{"mods":["AlwaysNeverKeys","BaseMod","Bestiary","BetterRewards","Colored Map","DeckTracker","Filter the Spire","Googly Eyes","Minty Spire (QoL Compilation)","Permanent Neow","Rare Cards Sparkle","Relic Stats","StSLib"],"gold_per_floor":[111,124,199,214,389,414,414,414,414],"floor_reached":8,"playtime":248,"items_purged":[],"score":73,"play_id":"f7366d8a-54c3-4715-9e38-56c19d0a913a","local_time":"20201224223813","is_ascension_mode":true,"campfire_choices":[{"floor":7,"key":"REST"}],"circlet_count":0,"master_deck":["Strike_P","Strike_P","Strike_P","Strike_P","Defend_P","Defend_P","Defend_P","Defend_P","Eruption","Vigilance","FearNoEvil","CutThroughFate","ThirdEye","Doubt","Evaluate"],"relics":["Black Star","Pen Nib","Frozen Egg 2"],"acts_visited":["Exordium"],"potions_floor_usage":[],"damage_taken":[{"damage":10.0,"enemies":"Jaw Worm","floor":1.0,"turns":7.0},{"damage":1.0,"enemies":"2 Louse","floor":2.0,"turns":3.0},{"damage":3.0,"enemies":"Small Slimes","floor":4.0,"turns":2.0},{"damage":33.0,"enemies":"Lagavulin","floor":6.0,"turns":8.0},{"damage":28,"enemies":"Gremlin Nob","floor":8,"turns":3}],"seed_played":"-3739974381006339476","potions_obtained":[{"floor":4.0,"key":"DistilledChaos"},{"floor":6,"key":"Ancient Potion"}],"is_trial":false,"path_per_floor":["M","M","?","M","?","E","R","E"],"character_chosen":"WATCHER","items_purchased":[],"campfire_rested":1,"item_purchase_floors":[],"current_hp_per_floor":[55,54,43,40,40,7,28,0,0],"gold":414,"neow_bonus":"BOSS_RELIC","is_daily":false,"chose_seed":false,"campfire_upgraded":0,"win_rate":0.0,"timestamp":1608867493,"path_taken":["M","M","?","M","?","E","R","E"],"items_purchased_type":[],"build_version":"2020-12-22","purchased_purges":0,"victory":false,"max_hp_per_floor":[72,72,72,72,72,72,72,72,72],"relic_stats":{"counters":[5,23],"Pen Nib":[0],"Black Star":1,"obtain_stats":[{"Pen Nib":6,"Black Star":0,"PureWater":0,"Frozen Egg 2":6},{"Pen Nib":4,"Black Star":0,"PureWater":0,"Frozen Egg 2":4},{"Pen Nib":20,"Black Star":0,"PureWater":0,"Frozen Egg 2":20}]},"card_choices":[{"not_picked":["FlurryOfBlows","PathToVictory"],"picked":"FearNoEvil","floor":1.0},{"not_picked":["EmptyBody","SashWhip"],"picked":"CutThroughFate","floor":2.0},{"not_picked":["PathToVictory","SashWhip"],"picked":"ThirdEye","floor":4.0},{"not_picked":["Prostrate","Protect"],"picked":"Evaluate","floor":6}],"player_experience":550404,"relics_obtained":[{"floor":6,"key":"Pen Nib"},{"floor":6,"key":"Frozen Egg 2"}],"event_choices":[{"damage_healed":0.0,"max_hp_gain":0.0,"max_hp_loss":0.0,"gold_gain":75.0,"event_name":"World of Goop","player_choice":"Gather Gold","floor":3.0,"gold_loss":0.0,"damage_taken":11.0},{"damage_healed":0.0,"max_hp_gain":0.0,"max_hp_loss":0.0,"gold_gain":175.0,"event_name":"Liars Game","player_choice":"AGREE","floor":5.0,"gold_loss":0.0,"damage_taken":0.0,"cards_obtained":["Doubt"]}],"is_beta":false,"boss_relics":[],"items_purged_floors":[],"is_endless":false,"potions_floor_spawned":[4,6],"killed_by":"Gremlin Nob","ascension_level":6}}