{"host":"2nhpogk5xa0u9xre","time":1608885053,"event":{"mods":["Aspiration","BaseMod","Colored Powertips","Googly Eyes","Hubris","Infinite Spire","Minty Spire (QoL Compilation)","Rare Cards Sparkle","Replay The Spire","StSLib","The Construct","The Hayseed","The Hierophant","The Runesmith","everything is the same but u backflip on backflip"],"gold_per_floor":[111,131,131,131,148,178,197,230,282,308,318,333,333,352,352,449,449,465,477,477,477,477,477,477],"floor_reached":23,"playtime":963,"items_purged":[],"score":213,"play_id":"7bc7dce8-fa1a-4dc1-ac0d-5e06b38d45ee","local_time":"20201225033053","is_ascension_mode":false,"campfire_choices":[{"floor":13,"key":"REST"},{"floor":15,"key":"REST"}],"circlet_count":0,"master_deck":["Strike_G","Strike_G","Strike_G","Strike_G","Strike_G","Defend_G","Defend_G","Defend_G","Defend_G","Survivor","Neutralize","Footwork","Flying Knee","Escape Plan","Endless Agony","Poisoned Stab","Envenom","Deadly Poison","Prepared","Flying Knee","ReplayTheSpireMod:Necrosis","Backflip","ReplayTheSpireMod:Scrap Shanks"],"relics":["Ring of the Snake","NeowsBlessing","Nunchaku","infinitespire:PuzzleCube","infinitespire:Lucky Rock","Anchor","WristBlade","hubris:BottledHeart","aspiration:RitualStick","hubris:Icosahedron"],"acts_visited":["Exordium","TheCity"],"potions_floor_usage":[6,8,8,16,19],"damage_taken":[{"damage":0.0,"enemies":"Small Slimes","floor":1.0,"turns":1.0},{"damage":0.0,"enemies":"2 Louse","floor":2.0,"turns":1.0},{"damage":0.0,"enemies":"Cultist","floor":5.0,"turns":1.0},{"damage":26,"enemies":"3 Sentries","floor":6,"turns":11},{"damage":3,"enemies":"Red Slaver","floor":7,"turns":5},{"damage":11,"enemies":"Lagavulin","floor":8,"turns":6},{"damage":5,"enemies":"Gremlin Nob","floor":10,"turns":4},{"damage":3,"enemies":"2 Fungi Beasts","floor":11,"turns":4},{"damage":3,"enemies":"Large Slime","floor":12,"turns":5},{"damage":0,"enemies":"Gremlin Gang","floor":14,"turns":5},{"damage":39,"enemies":"Hexaghost","floor":16,"turns":9},{"damage":7,"enemies":"Shell Parasite","floor":18,"turns":6},{"damage":11,"enemies":"3 Byrds","floor":19,"turns":6},{"damage":3,"enemies":"Book of Stabbing","floor":23,"turns":5}],"seed_played":"4064340220980420769","potions_obtained":[{"floor":5.0,"key":"Fire Potion"},{"floor":6,"key":"Reflective Coating"},{"floor":7,"key":"Fire Potion"},{"floor":10,"key":"Swift Potion"},{"floor":14,"key":"Explosive Potion"}],"is_trial":false,"path_per_floor":["M","M","?","?","M","E","M","E","T","E","M","M","R","M","R","B",null,"M","M","?","?","?","E"],"character_chosen":"THE_SILENT","items_purchased":[],"campfire_rested":2,"item_purchase_floors":[],"current_hp_per_floor":[70,70,70,70,70,44,41,30,30,25,22,19,40,40,61,22,70,63,52,1,1,1,0,0],"gold":477,"neow_bonus":"THREE_ENEMY_KILL","is_daily":false,"chose_seed":false,"campfire_upgraded":0,"win_rate":0.0,"timestamp":1608885053,"path_taken":["M","M","?","?","?","E","M","E","T","E","M","M","R","M","R","BOSS","M","M","?","?","?","E"],"items_purchased_type":[],"build_version":"2020-12-22","purchased_purges":0,"victory":false,"max_hp_per_floor":[70,70,70,70,70,70,70,70,70,70,70,70,70,70,70,70,70,70,70,1,1,1,1,1],"card_choices":[{"not_picked":["Riddle With Holes","hubris:SlightOfHand"],"picked":"Footwork","floor":1.0},{"not_picked":["Slice","Dagger Throw"],"picked":"Flying Knee","floor":2.0},{"not_picked":["All Out Attack","ReplayTheSpireMod:Shiv Toss","Catalyst"],"picked":"SKIP","floor":5.0},{"not_picked":["Flying Knee","Slice"],"picked":"Escape Plan","floor":6},{"not_picked":["hubris:SlightOfHand","Underhanded Strike"],"picked":"Endless Agony","floor":7},{"not_picked":["Flying Knee","Outmaneuver"],"picked":"Poisoned Stab","floor":8},{"not_picked":["Acrobatics","Slice"],"picked":"Envenom","floor":10},{"not_picked":["hubris:SlightOfHand","Blade Dance"],"picked":"Deadly Poison","floor":11},{"not_picked":["Finisher","Well Laid Plans"],"picked":"Prepared","floor":12},{"not_picked":["Choke","Caltrops"],"picked":"Flying Knee","floor":14},{"not_picked":["Die Die Die","aspiration:Lunge"],"picked":"ReplayTheSpireMod:Necrosis","floor":16},{"not_picked":["hubris:TrickCloak+1","Prepared"],"picked":"Backflip","floor":18},{"not_picked":["Dagger Throw","Dagger Spray"],"picked":"ReplayTheSpireMod:Scrap Shanks","floor":19}],"player_experience":190693,"relics_obtained":[{"floor":6,"key":"Nunchaku"},{"floor":8,"key":"infinitespire:PuzzleCube"},{"floor":9,"key":"infinitespire:Lucky Rock"},{"floor":10,"key":"Anchor"}],"event_choices":[{"cards_removed":["Replay:Poison Smokescreen"],"damage_healed":0.0,"max_hp_gain":0.0,"max_hp_loss":0.0,"gold_gain":0.0,"event_name":"Bonfire Elementals","player_choice":"Offered Uncommon","floor":4.0,"gold_loss":0.0,"damage_taken":0.0}],"is_beta":false,"boss_relics":[{"not_picked":["aspiration:IroncladSkillbook","Astrolabe"],"picked":"WristBlade"}],"items_purged_floors":[],"is_endless":false,"potions_floor_spawned":[5,6,7,10,14],"killed_by":"Book of Stabbing","ascension_level":0}}