{"host":"gk5m6v7zec9neb0j","time":1608891061,"event":{"mods":["AchievementEnabler","AlwaysNeverKeys","BaseMod","BetterRewards","Block Reminder","Minty Spire (QoL Compilation)","Rare Cards Sparkle","Relic Stats","StSLib"],"gold_per_floor":[116,116,128,142,160,160,180,180,207,55,75,107,137,157,157,260,260,280,280,0,11,30,30,61,61,61,61,73,73,73,90,90,192,192,212,223,243,253,272,272,122,122,122,136,136,155,0,17,17,17,17,17,17,42,42,42],"floor_reached":55,"playtime":2579,"items_purged":["Strike_G","Strike_G","Strike_G","Strike_G"],"score":845,"play_id":"2e2686ad-8505-4acb-a6b6-0ec862da4d6e","local_time":"20201225051101","is_ascension_mode":false,"campfire_choices":[{"data":"Neutralize","floor":6.0,"key":"SMITH"},{"data":"Infinite Blades","floor":8.0,"key":"SMITH"},{"data":"Cloak And Dagger","floor":15.0,"key":"SMITH"},{"data":"Infinite Blades","floor":23.0,"key":"SMITH"},{"floor":25.0,"key":"REST"},{"floor":30.0,"key":"REST"},{"data":"Blade Dance","floor":32.0,"key":"SMITH"},{"data":"Envenom","floor":40.0,"key":"SMITH"},{"floor":42.0,"key":"REST"},{"floor":49,"key":"REST"},{"data":"Footwork","floor":52,"key":"SMITH"}],"circlet_count":0,"master_deck":["Defend_G","Defend_G","Defend_G","Defend_G","Defend_G","Survivor","Neutralize+1","Infinite Blades+1","Dodge and Roll","Dagger Throw","Slice","Cloak And Dagger+1","Escape Plan","Footwork+1","Blade Dance+1","Blade Dance","Infinite Blades+1","Calculated Gamble+1","Envenom+1","Deflect+1"],"relics":["Ring of the Snake","Kunai","Torii","Regal Pillow","Bronze Scales","Potion Belt","Happy Flower","ClockworkSouvenir","Sundial","Bottled Flame","HoveringKite","Bottled Tornado","Red Mask","InkBottle"],"acts_visited":["Exordium","TheCity","TheBeyond","TheEnding"],"potions_floor_usage":[55],"damage_taken":[{"damage":1.0,"enemies":"Jaw Worm","floor":1.0,"turns":6.0},{"damage":0.0,"enemies":"Small Slimes","floor":3.0,"turns":3.0},{"damage":0.0,"enemies":"Cultist","floor":4.0,"turns":4.0},{"damage":0.0,"enemies":"3 Louse","floor":5.0,"turns":4.0},{"damage":0.0,"enemies":"Large Slime","floor":7.0,"turns":6.0},{"damage":0.0,"enemies":"Looter","floor":11.0,"turns":3.0},{"damage":11.0,"enemies":"Gremlin Nob","floor":12.0,"turns":5.0},{"damage":0.0,"enemies":"Red Slaver","floor":14.0,"turns":4.0},{"damage":2.0,"enemies":"Hexaghost","floor":16.0,"turns":11.0},{"damage":12.0,"enemies":"Chosen","floor":18.0,"turns":5.0},{"damage":0.0,"enemies":"3 Byrds","floor":21.0,"turns":3.0},{"damage":0.0,"enemies":"Centurion and Healer","floor":22.0,"turns":7.0},{"damage":29.0,"enemies":"Slavers","floor":24.0,"turns":5.0},{"damage":2.0,"enemies":"Snake Plant","floor":28.0,"turns":4.0},{"damage":1.0,"enemies":"Chosen and Byrds","floor":31.0,"turns":5.0},{"damage":7.0,"enemies":"Champ","floor":33.0,"turns":20.0},{"damage":2.0,"enemies":"Orb Walker","floor":35.0,"turns":4.0},{"damage":1.0,"enemies":"3 Darklings","floor":36.0,"turns":8.0},{"damage":32.0,"enemies":"Transient","floor":37.0,"turns":5.0},{"damage":8.0,"enemies":"Jaw Worm Horde","floor":38.0,"turns":6.0},{"damage":10.0,"enemies":"4 Shapes","floor":39.0,"turns":8.0},{"damage":1,"enemies":"3 Darklings","floor":44,"turns":7},{"damage":0,"enemies":"Writhing Mass","floor":46,"turns":13},{"damage":0,"enemies":"Spire Growth","floor":48,"turns":6},{"damage":38,"enemies":"Donu and Deca","floor":50,"turns":16},{"damage":55,"enemies":"Shield and Spear","floor":54,"turns":13},{"damage":21,"enemies":"The Heart","floor":55,"turns":3}],"seed_played":"5096759741025923868","potions_obtained":[{"floor":16.0,"key":"Fire Potion"},{"floor":22.0,"key":"Weak Potion"},{"floor":24.0,"key":"PowerPotion"},{"floor":28.0,"key":"Fire Potion"},{"floor":54,"key":"Block Potion"}],"is_trial":false,"path_per_floor":["M","?","M","M","M","R","M","R","T","$","M","E","?","M","R","B",null,"M","?","$","M","M","R","E","R","T","?","M","?","R","M","R","B",null,"M","M","M","M","M","R","$","R","T","M","?","M","?","M","R","B",null,"R","$","E","B"],"character_chosen":"THE_SILENT","items_purchased":["Kunai","Infinite Blades","Dodge and Roll","Dagger Throw","Bronze Scales","ClockworkSouvenir"],"campfire_rested":4,"item_purchase_floors":[0,0,0,0,10,20],"current_hp_per_floor":[36,59,59,59,59,59,59,59,59,59,59,48,48,48,48,46,70,58,58,58,58,58,58,29,65,65,65,63,47,70,69,69,62,70,68,67,35,27,17,17,17,53,53,52,52,52,52,52,70,32,70,70,70,15,0,0],"gold":42,"neow_bonus":"","is_daily":false,"chose_seed":false,"campfire_upgraded":7,"win_rate":0.0,"timestamp":1608891061,"path_taken":["M","?","M","M","M","R","M","R","T","$","M","E","?","M","R","BOSS","M","?","$","M","M","R","E","R","T","?","M","?","R","M","R","BOSS","M","M","M","M","M","R","$","R","T","M","?","M","?","M","R","BOSS","R","$","E","BOSS"],"items_purchased_type":["Relic","Card","Card","Card","Relic","Relic"],"build_version":"2020-12-22","purchased_purges":4,"victory":false,"max_hp_per_floor":[70,70,70,70,70,70,70,70,70,70,70,70,70,70,70,70,70,70,70,70,70,70,70,70,70,70,70,70,70,70,70,70,70,70,70,70,70,70,70,70,70,70,70,70,70,70,70,70,70,70,70,70,70,70,70,70],"relic_stats":{"Regal Pillow":32,"Torii":31,"Happy Flower":[89],"counters":[58,367],"Sundial":[22],"Bronze Scales":[591],"HoveringKite":[63],"Kunai":[216],"obtain_stats":[{"Ice Cream":7,"Regal Pillow":9,"Torii":0,"HoveringKite":34,"Bottled Tornado":43,"Ancient Tea Set":4,"ClockworkSouvenir":20,"Tough Bandages":25,"Sundial":24,"Pantograph":12,"Tiny Chest":26,"Red Mask":47,"Chemical X":37,"Kunai":0,"InkBottle":54,"Ring of the Snake":0,"Potion Belt":9,"Happy Flower":13,"Golden Idol":3,"White Beast Statue":9,"Bottled Flame":25,"Bronze Scales":10,"Black Star":17,"Bottled Lightning":43,"StrikeDummy":27,"Toy Ornithopter":27},{"Ice Cream":11,"Regal Pillow":36,"Torii":31,"HoveringKite":21,"Bottled Tornado":52,"Ancient Tea Set":2,"ClockworkSouvenir":41,"Tough Bandages":16,"Sundial":44,"Pantograph":11,"Tiny Chest":16,"Red Mask":54,"Chemical X":22,"Kunai":31,"InkBottle":57,"Ring of the Snake":0,"Potion Belt":3,"Happy Flower":12,"Golden Idol":2,"White Beast Statue":11,"Bottled Flame":16,"Bronze Scales":36,"Black Star":13,"Bottled Lightning":24,"StrikeDummy":17,"Toy Ornithopter":17},{"Ice Cream":57,"Regal Pillow":206,"Torii":183,"HoveringKite":124,"Bottled Tornado":309,"Ancient Tea Set":5,"ClockworkSouvenir":234,"Tough Bandages":94,"Sundial":249,"Pantograph":57,"Tiny Chest":94,"Red Mask":329,"Chemical X":129,"Kunai":183,"InkBottle":364,"Ring of the Snake":0,"Potion Belt":9,"Happy Flower":68,"Golden Idol":5,"White Beast Statue":57,"Bottled Flame":94,"Bronze Scales":206,"Black Star":79,"Bottled Lightning":139,"StrikeDummy":100,"Toy Ornithopter":100}],"InkBottle":[2],"Ring of the Snake":[116]},"card_choices":[{"not_picked":["Backflip","Flying Knee"],"picked":"Slice","floor":1.0},{"not_picked":["Deflect","Flechettes"],"picked":"Cloak And Dagger","floor":3.0},{"not_picked":["Expertise","Underhanded Strike"],"picked":"Escape Plan","floor":4.0},{"not_picked":["Reflex","Backflip"],"picked":"Footwork","floor":5.0},{"not_picked":["Finisher","Leg Sweep","Setup"],"picked":"SKIP","floor":7.0},{"not_picked":["Leg Sweep","Sucker Punch"],"picked":"Blade Dance","floor":11.0},{"not_picked":["All Out Attack","Expertise","Bane"],"picked":"SKIP","floor":12.0},{"not_picked":["Heel Hook","Poisoned Stab","Bane"],"picked":"SKIP","floor":14.0},{"not_picked":["Caltrops+1","Leg Sweep"],"picked":"Blade Dance","floor":18.0},{"not_picked":["Tactician","Acrobatics"],"picked":"Infinite Blades","floor":21.0},{"not_picked":["Flying Knee+1","Footwork"],"picked":"Calculated Gamble+1","floor":22.0},{"not_picked":["Backstab","Setup","Eviscerate"],"picked":"SKIP","floor":24.0},{"not_picked":["Slice","Noxious Fumes","Flying Knee"],"picked":"SKIP","floor":28.0},{"not_picked":["Backstab","Poisoned Stab","Leg Sweep"],"picked":"SKIP","floor":31.0},{"not_picked":["Wraith Form v2","Phantasmal Killer"],"picked":"Envenom","floor":33.0},{"not_picked":["Caltrops","Sucker Punch+1","PiercingWail"],"picked":"SKIP","floor":35.0},{"not_picked":["Cloak And Dagger","Flying Knee","Calculated Gamble"],"picked":"SKIP","floor":36.0},{"not_picked":["Acrobatics+1","Slice+1"],"picked":"Deflect+1","floor":37.0},{"not_picked":["Acrobatics","Dodge and Roll","Infinite Blades"],"picked":"SKIP","floor":38.0},{"not_picked":["Flying Knee+1","Skewer+1","Concentrate"],"picked":"SKIP","floor":39.0},{"not_picked":["Acrobatics+1","Slice","Dagger Spray+1"],"picked":"SKIP","floor":44},{"not_picked":["Dagger Spray+1","Dodge and Roll+1","Backflip+1"],"picked":"SKIP","floor":46},{"not_picked":["Leg Sweep","Expertise+1","Cloak And Dagger"],"picked":"SKIP","floor":48},{"not_picked":["Underhanded Strike+1","Quick Slash","Dagger Throw"],"picked":"SKIP","floor":54}],"player_experience":717617,"relics_obtained":[{"floor":9.0,"key":"Regal Pillow"},{"floor":12.0,"key":"Potion Belt"},{"floor":24.0,"key":"Sundial"},{"floor":26.0,"key":"Bottled Flame"},{"floor":43.0,"key":"Bottled Tornado"},{"floor":54,"key":"InkBottle"}],"event_choices":[{"damage_healed":23.0,"max_hp_gain":0.0,"max_hp_loss":0.0,"gold_gain":0.0,"event_name":"Big Fish","player_choice":"Banana","floor":2.0,"gold_loss":0.0,"damage_taken":0.0},{"damage_healed":0.0,"max_hp_gain":0.0,"max_hp_loss":0.0,"gold_gain":30.0,"event_name":"Dead Adventurer","player_choice":"Searched \u00272\u0027 times","floor":13.0,"gold_loss":0.0,"damage_taken":0.0,"relics_obtained":["Happy Flower"]},{"damage_healed":0.0,"max_hp_gain":0.0,"max_hp_loss":0.0,"gold_gain":0.0,"event_name":"Vampires","player_choice":"Ignored","floor":19.0,"gold_loss":0.0,"damage_taken":0.0},{"damage_healed":0.0,"max_hp_gain":0.0,"max_hp_loss":0.0,"gold_gain":0.0,"event_name":"Cursed Tome","player_choice":"Obtained Book","floor":29.0,"gold_loss":0.0,"damage_taken":16.0},{"cards_removed":["Strike_G"],"damage_healed":0,"gold_gain":0,"player_choice":"Removed Attack","damage_taken":0,"max_hp_gain":0,"max_hp_loss":0,"event_name":"Falling","floor":45,"gold_loss":0},{"damage_healed":0,"gold_gain":0,"player_choice":"Paid","damage_taken":0,"relics_obtained":["Red Mask"],"max_hp_gain":0,"max_hp_loss":0,"event_name":"Tomb of Lord Red Mask","floor":47,"gold_loss":155}],"is_beta":false,"boss_relics":[{"not_picked":["Velvet Choker","Ectoplasm","Pandora\u0027s Box"]},{"not_picked":["Fusion Hammer","Philosopher\u0027s Stone"],"picked":"HoveringKite"}],"items_purged_floors":[0,0,20,41],"is_endless":false,"potions_floor_spawned":[3,4,11,16,22,24,28,38,39,48,54],"killed_by":"The Heart","ascension_level":0}}