{"host":"9373kjg5yrouhim6","time":1608868577,"event":{"mods":["2.2 Compatiblity","AchievementEnabler","Aspiration","BaseMod","Beaked The Cultist","Better Altar","Better Match","Better Note","Better Sensory Stone","Better Skull","Better Third Choice","Colored Map","Colored Powertips","Conspire","Downfall","Friendly Minions","Highlight Path","Hubris","Infinite Spire","Mimic Mod","Minty Spire (QoL Compilation)","Replay The Spire","Spicy Shops","StSLib","The Construct","The Disciple","vexMod"],"gold_per_floor":[99,47,62,62,82,100,100,119,132,142,180,193,193,212,230,326,326,326,476,476,496,511,525,525,625,640,650,650,661,661,679,697,697,697,697],"floor_reached":33,"playtime":2528,"items_purged":[],"score":299,"play_id":"5cd75d5b-718f-4e7f-a854-0928728c9f68","local_time":"20201224225617","is_ascension_mode":false,"campfire_choices":[{"data":"hexamod:WildfireWeapon","floor":1,"key":"SMITH"},{"floor":13,"key":"REST"},{"data":"hexamod:ThermalTransfer","floor":18,"key":"SMITH"},{"floor":28,"key":"REST"},{"floor":30,"key":"REST"}],"circlet_count":0,"master_deck":["hexamod:Strike","hexamod:Strike","hexamod:Strike","hexamod:Strike","hexamod:Defend","hexamod:Defend+1","hexamod:Defend","hexamod:Defend","hexamod:Sear+1","hexamod:Float","hexamod:WildfireWeapon+1","hexamod:Firestarter","hexamod:ThermalTransfer+1","hexamod:Firestarter","hexamod:HeatMetal","hexamod:Firestarter","hexamod:ThermalTransfer+1","hexamod:RadiantFlame","hexamod:Firestarter+1","hexamod:ThermalTransfer","hexamod:ThermalTransfer+1","hexamod:HeatCrush","hexamod:SpectersWail+1"],"relics":["hexamod:SpiritBrand","Orichalcum","Garlic","downfall:CloakOfManyFaces","CultistMask","FaceOfCleric","NlothsMask","GremlinMask","SsserpentHead","BranchBurnRelic"],"acts_visited":["Exordium","TheCity"],"potions_floor_usage":[8,16,23,26,32,33],"damage_taken":[{"damage":0,"enemies":"downfall:FleeingMerchant","floor":2,"turns":4},{"damage":17,"enemies":"2 Louse","floor":3,"turns":3},{"damage":5,"enemies":"Jaw Worm","floor":5,"turns":3},{"damage":0,"enemies":"conspire:RoseBush","floor":6,"turns":2},{"damage":0,"enemies":"Exordium Wildlife","floor":8,"turns":4},{"damage":0,"enemies":"Large Slime","floor":9,"turns":4},{"damage":0,"enemies":"2 Fungi Beasts","floor":10,"turns":3},{"damage":0,"enemies":"Exordium Wildlife","floor":11,"turns":6},{"damage":0,"enemies":"Exordium Wildlife","floor":12,"turns":3},{"damage":3,"enemies":"Blue Slaver","floor":14,"turns":3},{"damage":7,"enemies":"Exordium Thugs","floor":15,"turns":4},{"damage":15,"enemies":"downfall:Silent","floor":16,"turns":6},{"damage":10,"enemies":"Chosen","floor":21,"turns":6},{"damage":9,"enemies":"Snake Plant","floor":22,"turns":3},{"damage":0,"enemies":"Centurion and Healer","floor":23,"turns":5},{"damage":8,"enemies":"downfall:FaceTrader","floor":25,"turns":6},{"damage":22,"enemies":"Cultist and Chosen","floor":26,"turns":7},{"damage":14,"enemies":"Snecko","floor":27,"turns":6},{"damage":14,"enemies":"Centurion and Healer","floor":29,"turns":6},{"damage":6,"enemies":"conspire:HollyBat","floor":31,"turns":7},{"damage":13,"enemies":"Snake Plant","floor":32,"turns":3},{"damage":59,"enemies":"downfall:Watcher","floor":33,"turns":8}],"seed_played":"-4026742835300049169","potions_obtained":[{"floor":3,"key":"Swift Potion"},{"floor":5,"key":"Explosive Potion"},{"floor":6,"key":"sneckomod:MuddlingPotion"},{"floor":12,"key":"construct:ShiftPotion"},{"floor":15,"key":"hexamod:EctoCoolerPotion"},{"floor":16,"key":"Energy Potion"},{"floor":23,"key":"Block Potion"},{"floor":29,"key":"Explosive Potion"}],"is_trial":false,"path_per_floor":["R","$","M","?","M","M","T","M","M","M","MIM","M","R","M","M","B",null,"R","?","?","M","M","M","T","?","M","M","R","M","R","M","M","B"],"character_chosen":"THE_SPIRIT","items_purchased":["hexamod:ThermalTransfer+1"],"campfire_rested":3,"item_purchase_floors":[2],"current_hp_per_floor":[49,49,32,32,27,27,27,27,27,27,27,27,48,45,38,23,70,70,70,70,60,51,51,51,43,22,9,30,32,53,63,51,0,0,0],"gold":697,"neow_bonus":"THREE_RARE_CARDS","is_daily":false,"chose_seed":false,"campfire_upgraded":2,"win_rate":0.0,"timestamp":1608868577,"path_taken":["R","$","M","?","M","M","T","M","M","M","?","M","R","M","M","BOSS","R","?","?","M","?","M","T","?","M","M","R","M","R","M","M","BOSS"],"items_purchased_type":["Card"],"build_version":"2020-12-22","purchased_purges":0,"victory":false,"max_hp_per_floor":[70,70,70,70,70,70,70,70,70,70,70,70,70,70,70,70,70,70,70,70,70,70,70,70,70,71,72,72,73,73,74,75,75,75,75],"card_choices":[{"not_picked":["hexamod:GhostflameInferno","hexamod:HexaLevel"],"picked":"hexamod:WildfireWeapon","floor":0},{"not_picked":["hexamod:GhostLash","hexamod:FourthSeal"],"picked":"hexamod:Firestarter","floor":2},{"not_picked":["hexamod:GhostShield","hexamod:AdvancingGuard","hexamod:FastForward"],"picked":"SKIP","floor":3},{"not_picked":["hexamod:SwordOfDarkness","hexamod:GhostShield","hexamod:BacktrackSmack"],"picked":"SKIP","floor":5},{"not_picked":["hexamod:SpectralAdrenaline","hexamod:TimeOfNeed","hexamod:SwordOfDarkness"],"picked":"SKIP","floor":6},{"not_picked":["hexamod:NecessarySacrifice","hexamod:FastForward"],"picked":"hexamod:Firestarter","floor":8},{"not_picked":["hexamod:NightmareGuise","hexamod:EmpoweredFlame"],"picked":"hexamod:HeatMetal","floor":9},{"not_picked":["hexamod:RadiantFlame","hexamod:AdvancingGuard"],"picked":"hexamod:Firestarter","floor":10},{"not_picked":["hexamod:ShieldOfDarkness","hexamod:NightmareGuise"],"picked":"hexamod:ThermalTransfer","floor":11},{"not_picked":["hexamod:BacktrackSmack","hexamod:FastForward","hexamod:InspiringFlames"],"picked":"SKIP","floor":12},{"not_picked":["hexamod:SpectersWail","hexamod:BacktrackSmack"],"picked":"hexamod:RadiantFlame","floor":14},{"not_picked":["hexamod:Rewind","hexamod:FastForward","hexamod:TimeWarp"],"picked":"SKIP","floor":15},{"not_picked":["hexamod:Rewind+1","hexamod:HeatShield"],"picked":"hexamod:Firestarter+1","floor":21},{"not_picked":["hexamod:NightmareStrike+1","hexamod:BurningTouch","hexamod:GhostLash"],"picked":"SKIP","floor":22},{"not_picked":["hexamod:VolcanoVisage","hexamod:Firestarter"],"picked":"hexamod:ThermalTransfer","floor":23},{"not_picked":["hexamod:BacktrackSmack+1","hexamod:GhostLash"],"picked":"hexamod:ThermalTransfer+1","floor":25},{"not_picked":["hexamod:SwordOfDarkness","hexamod:Firestarter+1"],"picked":"hexamod:HeatCrush","floor":26},{"not_picked":["hexamod:Rewind","hexamod:FirstSeal"],"picked":"hexamod:SpectersWail+1","floor":27},{"not_picked":["hexamod:Firestarter","hexamod:BacktrackSmack","hexamod:Toasty"],"picked":"SKIP","floor":29},{"not_picked":["hexamod:ShieldOfDarkness+1","hexamod:NightmareGuise","hexamod:GhostLash"],"picked":"SKIP","floor":31},{"not_picked":["hexamod:GhostOfSpireFuture","hexamod:SpectersWail","hexamod:NecessarySacrifice"],"picked":"SKIP","floor":32}],"player_experience":350386,"relics_obtained":[{"floor":7,"key":"Garlic"},{"floor":11,"key":"War Paint"},{"floor":24,"key":"Dead Branch"},{"floor":25,"key":"downfall:CloakOfManyFaces"}],"event_choices":[],"is_beta":false,"boss_relics":[{"not_picked":["Honey Jar","Cursed Key","Philosopher\u0027s Stone"]}],"items_purged_floors":[],"is_endless":false,"potions_floor_spawned":[3,5,6,12,15,16,21,23,29],"killed_by":"downfall:Watcher","ascension_level":0}}