{"host":"kabf61oc9jgfwufg","time":1608857641,"event":{"mods":["AchievementEnabler","Act Like it!","Aspiration","Bartender","BaseMod","CatGirl Mod","Conspire","GifTheSpireLib","Halation","HexUI Lib","Hubris","Infinite Spire","Marisa????????","Minty Spire (QoL Compilation)","Pale of the Ancients","Rare Cards Sparkle","Replay The Spire","StSLib","The Animator","The Blackbeard","The Bladedancer","The Cursed","The Jungle","The Marked","The Servant 0.9.4","TheSwordswoman"],"gold_per_floor":[117,117,135,135,135,161,236,249,249,269,18,18,18],"floor_reached":12,"playtime":347,"items_purged":["Mind Blast"],"score":86,"play_id":"72d49cce-31a9-4207-9df1-14a114dd2455","local_time":"20201225005401","is_ascension_mode":true,"campfire_choices":[],"circlet_count":0,"master_deck":["Strike_R","Strike_R","Strike_R","Strike_R","Strike_R","Defend_R","Defend_R","Defend_R","Bash","Go for the Eyes","ReplayTheSpireMod:Muscle Training+1","Cleave","Cleave","Zap","Apotheosis"],"relics":["m_SpellCore","infinitespire:Cubic Diamond","hubris:Icosahedron","hubris:Teleporter","Snack Pack"],"acts_visited":["Exordium"],"potions_floor_usage":[8,8,10],"damage_taken":[{"damage":16,"enemies":"Jaw Worm","floor":1,"turns":4},{"damage":11,"enemies":"2 Louse","floor":3,"turns":3},{"damage":45,"enemies":"3 Sentries","floor":6,"turns":9},{"damage":0,"enemies":"Small Slimes","floor":8,"turns":3},{"damage":0,"enemies":"3 Louse","floor":10,"turns":1},{"damage":24,"enemies":"Gremlin Nob","floor":12,"turns":3}],"seed_played":"3712023905190235571","potions_obtained":[{"floor":1,"key":"Flashbang"},{"floor":6,"key":"EssenceOfSteel"},{"floor":8,"key":"SteroidPotion"}],"is_trial":false,"path_per_floor":["M","?","M","?","?","E","?","M","T","M","$","E"],"character_chosen":"IRONCLAD","items_purchased":["Apotheosis"],"campfire_rested":0,"item_purchase_floors":[11],"current_hp_per_floor":[70,70,59,59,59,14,3,3,3,3,3,0,0],"gold":18,"neow_bonus":"RANDOM_COLORLESS","is_daily":false,"chose_seed":false,"campfire_upgraded":0,"win_rate":0.0,"timestamp":1608857641,"path_taken":["M","?","M","?","?","E","?","M","T","M","$","E"],"items_purchased_type":["Card"],"build_version":"2020-12-22","purchased_purges":1,"victory":false,"max_hp_per_floor":[80,80,80,80,80,80,80,80,80,80,80,80,80],"card_choices":[{"not_picked":["Blind","Replay:Bootleg Shield Generator"],"picked":"Mind Blast","floor":0},{"not_picked":["Evolve","ReplayTheSpireMod:Corrosion Curse","Blood for Blood"],"picked":"SKIP","floor":1},{"not_picked":["conspire:ExplosiveBarrier","Wild Strike"],"picked":"Go for the Eyes","floor":3},{"not_picked":["Body Slam","Demonic Infusion"],"picked":"Cleave","floor":6},{"not_picked":["Warcry","Searing Blow"],"picked":"Cleave","floor":8},{"not_picked":["ReplayTheSpireMod:LeadingStrike","Wild Strike"],"picked":"Zap","floor":10}],"player_experience":29624,"relics_obtained":[{"floor":6,"key":"hubris:Teleporter"},{"floor":9,"key":"Snack Pack"}],"event_choices":[{"damage_healed":0,"gold_gain":75,"player_choice":"Gather Gold","damage_taken":11,"max_hp_gain":0,"max_hp_loss":0,"event_name":"World of Goop","floor":7,"gold_loss":0}],"is_beta":false,"boss_relics":[],"items_purged_floors":[11],"is_endless":false,"potions_floor_spawned":[1,6,8],"killed_by":"Gremlin Nob","ascension_level":2}}