{"host":"bp6b47iftb3mluh0","time":1608909151,"event":{"mods":["ATMod(阿瑾Mod)","Act Like it!","Alarm Clock","Aspiration","Astrologer","BaseMod","Bestiary","Better Third Choice","Better Vampires","Challenge The Spire","Colored Powertips","Conspire","Curses Come First","Dota2Spire","Downfall","Friendly Minions","Gensokyo","Hallownest","Hermit","Kiyohime（清姬）","Lobotomy","LobotomyExtend","Marisa（F雨　魔理沙）","Marked Mod","Minty Spire (QoL Compilation)","Quick Restart","Rare Cards Sparkle","Red Circlet Mod","Relic Stats","Remilia（蕾米莉亚）","Replay The Spire","Reworked Bosses","Ryuuou龙王","Shop Mod","Spicy Shops","StSLib","The Bug Knight","Uncapped","Waifu the Spire","Yakumo Yukari mod","Youmu（魂魄妖梦）","[地精首领爬塔]The Maniac","vexMod","【遗物卡牌】REMEMod","残留之物"],"gold_per_floor":[475],"floor_reached":0,"playtime":0,"items_purged":[],"score":0,"play_id":"b8be06bb-b794-4dab-be75-db9ba33077a6","local_time":"20201225231231","is_ascension_mode":false,"campfire_choices":[],"circlet_count":0,"master_deck":["PlaceholderMod:BaseStrike","PlaceholderMod:BaseStrike","PlaceholderMod:BaseStrike","PlaceholderMod:BaseDefend","PlaceholderMod:BaseDefend","PlaceholderMod:BaseDefend","PlaceholderMod:BaseDefend","PlaceholderMod:Crystal","PlaceholderMod:PoisonWhip","Bludgeon+1","PlaceholderMod:NearChange","PlaceholderMod:Package","PlaceholderMod:Stable","PlaceholderMod:Corrosion+1","PlaceholderMod:CycleAttack","PlaceholderMod:HornyCollision+1","AT_ShadowStep+1","PlaceholderMod:EvolutionSpray+1","PlaceholderMod:HealingAttack+1","PlaceholderMod:MultiReaction+1"],"relics":[],"acts_visited":["Exordium","TheCity"],"potions_floor_usage":[],"damage_taken":[],"seed_played":"-7119310032089141060","potions_obtained":[],"is_trial":false,"path_per_floor":[],"character_chosen":"THE_PLACEHOLDER","items_purchased":[],"campfire_rested":0,"item_purchase_floors":[],"current_hp_per_floor":[59],"gold":475,"neow_bonus":"","is_daily":false,"chose_seed":false,"campfire_upgraded":0,"win_rate":0.0,"timestamp":1608909151,"path_taken":[],"items_purchased_type":[],"build_version":"2020-12-22","purchased_purges":0,"victory":false,"max_hp_per_floor":[59],"relic_stats":{"counters":[10,34],"obtain_stats":[{"ReplayFunnel":7,"PlaceholderMod:Tancle":0,"SsserpentHead":6,"AT_ATBox":0,"Oddly Smooth Stone":11,"downfall:HeartsMalice":0,"Molten Egg 2":10,"LetterFromLob":2,"Toxic Egg 2":12,"Replay:Drink Me":17,"REME_ComplimentaryCards":0},{"ReplayFunnel":4,"PlaceholderMod:Tancle":0,"SsserpentHead":4,"AT_ATBox":0,"Oddly Smooth Stone":6,"downfall:HeartsMalice":0,"Molten Egg 2":6,"LetterFromLob":1,"Toxic Egg 2":7,"Replay:Drink Me":10,"REME_ComplimentaryCards":0},{"ReplayFunnel":4,"PlaceholderMod:Tancle":0,"SsserpentHead":4,"AT_ATBox":0,"Oddly Smooth Stone":12,"downfall:HeartsMalice":0,"Molten Egg 2":12,"LetterFromLob":0,"Toxic Egg 2":16,"Replay:Drink Me":34,"REME_ComplimentaryCards":0}]},"card_choices":[],"player_experience":201841,"relics_obtained":[],"event_choices":[],"is_beta":false,"boss_relics":[],"items_purged_floors":[],"is_endless":false,"potions_floor_spawned":[],"killed_by":"conspire:FuzzyDice","ascension_level":0}}