{"host":"zhypnm5xlgq8j242","time":1608882266,"event":{"mods":["AchievementEnabler","BaseMod","BetterRewards","Colored Powertips","Hermit","Keyboard Shortcuts","Minty Spire (QoL Compilation)","Quick Restart","Replay The Spire","Shop Mod","StSLib","The Cursed","The Hierophant","The Runesmith"],"gold_per_floor":[119,119,135,150,4,4,4],"floor_reached":6,"playtime":450,"items_purged":[],"score":49,"play_id":"7f6f4b6a-388f-4402-8a63-a57a37d8369c","local_time":"20201225164426","is_ascension_mode":true,"campfire_choices":[],"circlet_count":0,"master_deck":["Strike_R","Strike_R","Strike_R","Strike_R","Strike_R","Defend_R","Defend_R","Defend_R","Defend_R","Bash","Shame","Impervious","Body Slam+1","ReplayTheSpireMod:Corrosion Curse","ReplayTheSpireMod:Stacked","Impervious"],"relics":["Burning Blood","DollysMirror"],"acts_visited":["Exordium"],"potions_floor_usage":[6],"damage_taken":[{"damage":16.0,"enemies":"Jaw Worm","floor":1.0,"turns":4.0},{"damage":0.0,"enemies":"Cultist","floor":3.0,"turns":3.0},{"damage":2.0,"enemies":"2 Louse","floor":4.0,"turns":4.0},{"damage":45,"enemies":"Lagavulin","floor":6,"turns":10}],"seed_played":"-7388440078031996168","potions_obtained":[{"floor":3.0,"key":"Adrenaline Potion"}],"is_trial":false,"path_per_floor":["M","?","M","M","$","E"],"character_chosen":"IRONCLAD","items_purchased":["DollysMirror"],"campfire_rested":0,"item_purchase_floors":[5],"current_hp_per_floor":[62,62,68,72,72,27,27],"gold":4,"neow_bonus":"THREE_RARE_CARDS","is_daily":false,"chose_seed":false,"campfire_upgraded":0,"win_rate":0.0,"timestamp":1608882266,"path_taken":["M","?","M","M","$","E"],"items_purchased_type":["Relic"],"build_version":"2020-12-22","purchased_purges":0,"victory":false,"max_hp_per_floor":[80,80,80,80,80,80,80],"card_choices":[{"not_picked":["Hemogenesis","Replay:Many Hands"],"picked":"Impervious","floor":0.0},{"not_picked":["Seeing Red","Wild Strike"],"picked":"Body Slam","floor":1.0},{"not_picked":["Thunderclap","Searing Blow"],"picked":"ReplayTheSpireMod:Corrosion Curse","floor":3.0},{"not_picked":["Run Through","Perfected Strike"],"picked":"ReplayTheSpireMod:Stacked","floor":4.0}],"player_experience":608710,"relics_obtained":[],"event_choices":[{"damage_healed":0.0,"max_hp_gain":0.0,"max_hp_loss":0.0,"gold_gain":0.0,"event_name":"Upgrade Shrine","player_choice":"Upgraded","floor":2.0,"gold_loss":0.0,"damage_taken":0.0,"cards_upgraded":["Body Slam"]}],"is_beta":false,"boss_relics":[],"items_purged_floors":[],"is_endless":false,"potions_floor_spawned":[3],"killed_by":"Lagavulin","ascension_level":7}}