{"host":"d50bw6kybq14xu1u","time":1608874725,"event":{"mods":["BaseMod","Colored Map","Colored Powertips","Minty Spire (QoL Compilation)","Quick Restart"],"gold_per_floor":[111,63,138,138,149,174,99,131,206,225,225,302,302,302],"floor_reached":13,"playtime":304,"items_purged":["Regret"],"score":96,"play_id":"7d371a69-cb92-4644-b9da-ab117b9a271c","local_time":"20201225133845","is_ascension_mode":true,"campfire_choices":[],"circlet_count":0,"master_deck":["Strike_R","Strike_R","Strike_R","Strike_R","Strike_R","Defend_R","Defend_R","Defend_R","Defend_R","Bash","Perfected Strike","Armaments","Wild Strike","Spot Weakness","Pummel","Limit Break"],"relics":["Burning Blood","Unceasing Top","Juzu Bracelet","Pantograph","Ice Cream","Darkstone Periapt","Golden Idol"],"acts_visited":["Exordium"],"potions_floor_usage":[8],"damage_taken":[{"damage":6,"enemies":"Jaw Worm","floor":1,"turns":3},{"damage":2,"enemies":"2 Louse","floor":5,"turns":3},{"damage":38,"enemies":"Lagavulin","floor":6,"turns":8},{"damage":11,"enemies":"Gremlin Nob","floor":8,"turns":3},{"damage":0,"enemies":"Small Slimes","floor":10,"turns":3},{"damage":17,"enemies":"3 Sentries","floor":13,"turns":4}],"seed_played":"-1558332947157906380","potions_obtained":[{"floor":5,"key":"DuplicationPotion"},{"floor":8,"key":"SpeedPotion"}],"is_trial":false,"path_per_floor":["M","$","?","?","M","E","$","E","T","M","?","?","E"],"character_chosen":"IRONCLAD","items_purchased":["Armaments"],"campfire_rested":0,"item_purchase_floors":[2],"current_hp_per_floor":[72,72,61,61,65,33,33,28,28,34,16,16,0,0],"gold":302,"neow_bonus":"ONE_RARE_RELIC","is_daily":false,"chose_seed":false,"campfire_upgraded":0,"win_rate":0.0,"timestamp":1608874725,"path_taken":["M","$","?","?","M","E","?","E","T","M","?","?","E"],"items_purchased_type":["Card"],"build_version":"2020-12-22","purchased_purges":1,"victory":false,"max_hp_per_floor":[72,72,72,72,72,72,72,72,72,72,72,72,72,72],"card_choices":[{"not_picked":["Anger","Rampage"],"picked":"Perfected Strike","floor":1},{"not_picked":["Power Through","Heavy Blade"],"picked":"Wild Strike","floor":5},{"not_picked":["Havoc","Anger"],"picked":"Spot Weakness","floor":6},{"not_picked":["Dark Embrace","Second Wind"],"picked":"Pummel","floor":8},{"not_picked":["Anger","Havoc"],"picked":"Limit Break","floor":10}],"player_experience":9388,"relics_obtained":[{"floor":6,"key":"Pantograph"},{"floor":8,"key":"Ice Cream"},{"floor":9,"key":"Darkstone Periapt"}],"event_choices":[{"damage_healed":0,"gold_gain":75,"player_choice":"Gather Gold","damage_taken":11,"max_hp_gain":0,"max_hp_loss":0,"event_name":"World of Goop","floor":3,"gold_loss":0},{"damage_healed":0,"gold_gain":0,"player_choice":"Box","damage_taken":0,"relics_obtained":["Juzu Bracelet"],"max_hp_gain":0,"max_hp_loss":0,"event_name":"Big Fish","floor":4,"gold_loss":0,"cards_obtained":["Regret"]},{"damage_healed":0,"gold_gain":0,"player_choice":"Take Damage","damage_taken":18,"relics_obtained":["Golden Idol"],"max_hp_gain":0,"max_hp_loss":0,"event_name":"Golden Idol","floor":11,"gold_loss":0},{"damage_healed":0,"gold_gain":77,"player_choice":"Gained Gold","damage_taken":0,"max_hp_gain":0,"max_hp_loss":0,"event_name":"Golden Wing","floor":12,"gold_loss":0}],"is_beta":false,"boss_relics":[],"items_purged_floors":[7],"is_endless":false,"potions_floor_spawned":[5,8],"killed_by":"3 Sentries","ascension_level":1}}