{"host":"7uuqqk35leady37t","time":1608913125,"event":{"mods":["BaseMod","Downfall","Marisa£®ÏF”Í°°ƒß¿Ì…≥£©","Minty Spire (QoL Compilation)","StSLib","The Bug Knight","The Servant 0.9.4","Waifu the Spire","Yuri Mod","[IsaacMod]“‘»ˆº‚À˛"],"gold_per_floor":[112,127,25,75,90,122,46,46,46,59,93,93,155,171,171,171,171],"floor_reached":16,"playtime":969,"items_purged":[],"score":110,"play_id":"0f1bf79d-f8dc-4a48-8113-438c05e5e1f6","local_time":"20201226001845","is_ascension_mode":false,"campfire_choices":[{"data":"HollowMod:InfectionAssault","floor":12,"key":"SMITH"},{"floor":15,"key":"REST"}],"circlet_count":0,"master_deck":["HollowMod:NailStrikeStart","HollowMod:NailStrikeStart","HollowMod:NailStrikeStart","HollowMod:NailStrikeStart","HollowMod:QuickDashStart","HollowMod:QuickDashStart","HollowMod:QuickDashStart","HollowMod:FocusHealStart","HollowMod:PogoStrike","BloodyBrimstone","HollowMod:HowlingWraiths","HollowMod:InfectionAssault+1","HollowMod:Grubsong","HollowMod:SoulStrike","HollowMod:CycloneSlash","HollowMod:VoidDash","HollowMod:TaintedHusks","HollowMod:MothsMistake","HollowMod:DoubleDash","Bomb","HollowMod:LifebloodCocoon"],"relics":["HollowMod:VesselMask","HushsDoor","GuppysHead","Sundial","HollowMod:KingsBrand","Pen Nib","PillsDrop","Strawberry"],"acts_visited":["Exordium"],"potions_floor_usage":[11,11,11,16],"damage_taken":[{"damage":0,"enemies":"2 Louse","floor":1,"turns":1},{"damage":5,"enemies":"Cultist","floor":2,"turns":4},{"damage":23,"enemies":"Hiden Room Battle","floor":4,"turns":3},{"damage":6,"enemies":"Jaw Worm","floor":5,"turns":4},{"damage":9,"enemies":"3 Sentries","floor":6,"turns":2},{"damage":21,"enemies":"Looter","floor":10,"turns":4},{"damage":24,"enemies":"Lagavulin","floor":11,"turns":5},{"damage":13,"enemies":"Red Slaver","floor":14,"turns":2},{"damage":60,"enemies":"HollowMod:FalseKnight","floor":16,"turns":6}],"seed_played":"-2918801005511880582","potions_obtained":[{"floor":1,"key":"Energy Potion"},{"floor":2,"key":"Strength Potion"},{"floor":6,"key":"Regen Potion"},{"floor":14,"key":"Dexterity Potion"}],"is_trial":false,"path_per_floor":["M","M","$","?","M","E","$","?","T","M","E","R","?","M","R","B"],"character_chosen":"THE_BUGKNIGHT","items_purchased":["HollowMod:Grubsong","HollowMod:SoulStrike","HollowMod:MothsMistake"],"campfire_rested":1,"item_purchase_floors":[3,3,7],"current_hp_per_floor":[79,75,75,43,43,34,34,34,34,19,27,27,27,20,44,0,0],"gold":171,"neow_bonus":"TEN_PERCENT_HP_BONUS","is_daily":false,"chose_seed":false,"campfire_upgraded":1,"win_rate":0.0,"timestamp":1608913125,"path_taken":["M","M","$","?","M","E","?","?","T","M","E","R","?","M","R","BOSS"],"items_purchased_type":["Card","Card","Card"],"build_version":"2020-12-22","purchased_purges":0,"victory":false,"max_hp_per_floor":[79,79,79,76,76,73,73,73,73,73,83,83,83,80,80,77,77],"card_choices":[{"not_picked":[],"picked":"BloodyBrimstone","floor":0},{"not_picked":["HollowMod:theNailsmith","HollowMod:DreamGate"],"picked":"HollowMod:HowlingWraiths","floor":1},{"not_picked":["HollowMod:SoulShaman","HollowMod:VengefulVoid"],"picked":"HollowMod:InfectionAssault","floor":2},{"not_picked":["HollowMod:TaintedHusks","HollowMod:DashSlash"],"picked":"HollowMod:CycloneSlash","floor":4},{"not_picked":["HollowMod:CloakDash","HollowMod:SoulShaman"],"picked":"HollowMod:VoidDash","floor":5},{"not_picked":["HollowMod:CloakDash","HollowMod:ZotesMagnificence"],"picked":"HollowMod:TaintedHusks","floor":6},{"not_picked":["HollowMod:BlackTendrils","HollowMod:QuirrelsAssistance"],"picked":"HollowMod:DoubleDash","floor":10},{"not_picked":["HollowMod:MantisMark","HollowMod:VengefulVoid"],"picked":"Bomb","floor":11},{"not_picked":["HollowMod:SoulVessel","HollowMod:HuntersJournal"],"picked":"HollowMod:LifebloodCocoon","floor":14}],"player_experience":3368,"relics_obtained":[{"floor":4,"key":"Sundial"},{"floor":4,"key":"HollowMod:KingsBrand"},{"floor":6,"key":"Pen Nib"},{"floor":9,"key":"PillsDrop"},{"floor":11,"key":"Strawberry"}],"event_choices":[{"damage_healed":0,"gold_gain":0,"player_choice":"Fight","damage_taken":0,"max_hp_gain":0,"max_hp_loss":0,"event_name":"HidenRoomEvent","floor":4,"gold_loss":0},{"cards_removed":["HollowMod:QuickDashStart"],"damage_healed":0,"gold_gain":0,"player_choice":"Purged","damage_taken":0,"max_hp_gain":0,"max_hp_loss":0,"event_name":"Purifier","floor":8,"gold_loss":0},{"damage_healed":0,"gold_gain":62,"player_choice":"Gained Gold","damage_taken":0,"max_hp_gain":0,"max_hp_loss":0,"event_name":"Golden Wing","floor":13,"gold_loss":0}],"is_beta":false,"boss_relics":[],"items_purged_floors":[],"is_endless":false,"potions_floor_spawned":[1,2,6,10,14],"killed_by":"HollowMod:FalseKnight","ascension_level":0}}