{"host":"r3d3rfw8zyydmocx","time":1608878741,"event":{"mods":["Aspiration","BaseMod","Better Third Choice","Colored Powertips","Conspire","Downfall","Hermit","Highlight Path","Hubris","Minty Spire (QoL Compilation)","StSLib","The Hierophant","The Servant 0.9.4"],"gold_per_floor":[99,115,135,135,135,155,182,194,236,248,287,309,321,349,378,494,506,518,544,656,668,691,703,715,344,344,361,361,356,356,367,385,490,490,490,504,516,536,569,579,604,654,670,697,708,708,733,264,277,277],"floor_reached":51,"playtime":3795,"items_purged":["hubris:Despair","conspire:GhostlyStrike","Slimebound:Tackle"],"score":947,"play_id":"e10cdc44-c5da-4b25-abe6-3ee01a374d5f","local_time":"20201224224541","is_ascension_mode":true,"campfire_choices":[{"data":"Mayhem","floor":1.0,"key":"SMITH"},{"data":"Slimebound:SplitMire","floor":8.0,"key":"SMITH"},{"data":"Slimebound:Prepare","floor":18.0,"key":"SMITH"},{"data":"Slimebound:Gluttony","floor":23.0,"key":"SMITH"},{"data":"Slimebound:CheckThePlaybook","floor":28.0,"key":"SMITH"},{"data":"Slimebound:LeechLife","floor":30,"key":"SMITH"},{"data":"Slimebound:MassFeed","floor":35,"key":"SMITH"}],"circlet_count":0,"master_deck":["conspire:GhostlyDefend+1","conspire:GhostlyDefend","conspire:GhostlyDefend","conspire:GhostlyDefend","Slimebound:Split+1","Slimebound:CorrosiveSpit+1","Mayhem+1","Slimebound:SplitMire+1","Slimebound:ItLooksTasty","Slimebound:Prepare+1","Slimebound:MegaLick","Slimebound:LeechLife+1","expansioncontent:YouAreMine","expansioncontent:TimeRipple+1","Slimebound:Gluttony+1","Slimebound:FormOfPuddle+1","Slimebound:CheckThePlaybook+1","Slimebound:LivingWall","Slimebound:SamplingLick+1","Slimebound:MassFeed+1","Slimebound:Recollect+1","Slimebound:Prepare+1","Slimebound:PressTheAttack+1","Slimebound:LeadByExample+1","Slimebound:LevelUp","Slimebound:Gluttony","Slimebound:SamplingLick+1","Slimebound:Prepare"],"relics":["Slimebound:AbsorbEndCombat","downfall:ShatteredFragment","MawBank","hubris:TenFootPole","Pocketwatch","Pantograph","hubris:VirtuousBlindfold","MutagenicStrength","hubris:PeanutButter","Happy Flower","HandDrill","War Paint","Philosopher\u0027s Stone","Anchor","Calipers","Toy Ornithopter","aspiration:Lifesprig","hubris:Zylophone"],"acts_visited":["Exordium","TheCity","TheBeyond"],"potions_floor_usage":[],"damage_taken":[{"damage":10.0,"enemies":"Jaw Worm","floor":2.0,"turns":4.0},{"damage":8.0,"enemies":"Small Slimes","floor":3.0,"turns":3.0},{"damage":16.0,"enemies":"Cultist","floor":6.0,"turns":3.0},{"damage":18.0,"enemies":"Gremlin Nob","floor":9.0,"turns":3.0},{"damage":27.0,"enemies":"Lagavulin","floor":11.0,"turns":5.0},{"damage":22.0,"enemies":"3 Louse","floor":12.0,"turns":2.0},{"damage":12.0,"enemies":"2 Fungi Beasts","floor":14.0,"turns":3.0},{"damage":15.0,"enemies":"Large Slime","floor":15.0,"turns":4.0},{"damage":46.0,"enemies":"downfall:Watcher","floor":16.0,"turns":8.0},{"damage":23.0,"enemies":"conspire:FuzzyDice","floor":19.0,"turns":5.0},{"damage":24.0,"enemies":"downfall:Augmenter","floor":20.0,"turns":5.0},{"damage":28.0,"enemies":"Spheric Guardian","floor":22.0,"turns":4.0},{"damage":17.0,"enemies":"downfall:FleeingMerchant","floor":25.0,"turns":4.0},{"damage":4.0,"enemies":"Snake Plant","floor":27.0,"turns":3.0},{"damage":13.0,"enemies":"downfall:FleeingMerchant","floor":29.0,"turns":4.0},{"damage":2,"enemies":"conspire:SneckoGhost","floor":31,"turns":2},{"damage":28,"enemies":"Chosen and Byrds","floor":32,"turns":4},{"damage":38,"enemies":"downfall:Silent","floor":33,"turns":4},{"damage":23,"enemies":"3 Darklings","floor":36,"turns":5},{"damage":29,"enemies":"3 Shapes","floor":37,"turns":3},{"damage":13,"enemies":"Maw","floor":38,"turns":6},{"damage":26,"enemies":"conspire:MimicChest","floor":39,"turns":5},{"damage":0,"enemies":"4 Shapes","floor":40,"turns":4},{"damage":0,"enemies":"Mind Bloom Boss Battle","floor":42,"turns":2},{"damage":32,"enemies":"Spire Growth","floor":43,"turns":4},{"damage":40,"enemies":"Reptomancer","floor":44,"turns":5},{"damage":15,"enemies":"Sphere and 2 Shapes","floor":45,"turns":4},{"damage":33,"enemies":"Giant Head","floor":47,"turns":6},{"damage":20,"enemies":"3 Darklings","floor":49,"turns":3},{"damage":15,"enemies":"downfall:Ironclad","floor":50,"turns":6}],"seed_played":"4281522923649761407","potions_obtained":[{"floor":2.0,"key":"Block Potion"},{"floor":3.0,"key":"Regen Potion"},{"floor":11.0,"key":"Fruit Juice"},{"floor":16.0,"key":"GamblersBrew"},{"floor":22.0,"key":"SteroidPotion"},{"floor":27.0,"key":"CultistPotion"},{"floor":33,"key":"Slimebound:SlimyTonguePotion"},{"floor":36,"key":"Slimebound:SlimyTonguePotion"},{"floor":49,"key":"Weak Potion"}],"is_trial":false,"path_per_floor":["R","M","M","?","?","M","T","R","E","?","E","M","?","M","M","B",null,"R","M","?","?","M","R","T","$","?","M","R","$","R","E","M","B",null,"R","M","M","M","?","M","T","?","M","E","M","?","E","$","M","B",null],"character_chosen":"SLIMEBOUND","items_purchased":["Happy Flower","HandDrill","War Paint","Slimebound:LivingWall","hubris:Zylophone","Slimebound:Prepare"],"campfire_rested":0,"item_purchase_floors":[25,25,29,29,48,48],"current_hp_per_floor":[54,54,58,40,40,40,40,40,38,30,40,36,36,42,41,52,62,62,65,61,61,49,49,49,62,51,65,65,64,64,65,61,47,61,61,69,56,81,73,85,85,85,68,64,69,67,89,89,81,89],"gold":277,"neow_bonus":"RANDOM_COLORLESS_2","is_daily":false,"chose_seed":false,"campfire_upgraded":7,"win_rate":0.0,"timestamp":1608878741,"path_taken":["R","M","M","?","?","M","T","R","E","?","E","M","?","M","M","BOSS","R","M","?","?","?","R","T","$","?","M","R","$","R","E","M","BOSS","R","M","M","M","?","M","T","?","M","E","M","?","E","$","M","BOSS"],"items_purchased_type":["Relic","Relic","Relic","Card","Relic","Card"],"build_version":"2020-12-22","purchased_purges":3,"victory":true,"max_hp_per_floor":[60,60,60,60,60,60,60,60,60,60,65,65,65,65,65,65,65,65,65,65,65,65,65,65,65,65,65,65,65,65,65,65,65,65,65,69,81,81,81,85,85,85,85,85,85,85,89,89,89,89],"card_choices":[{"not_picked":["Magnetism","Violence"],"picked":"Mayhem","floor":0.0},{"not_picked":["Slimebound:SplitSpecialist","Slimebound:Schlurp"],"picked":"Slimebound:SplitMire","floor":2.0},{"not_picked":["Slimebound:ViciousTackle","Slimebound:SplitAcid","Slimebound:RollThrough"],"picked":"SKIP","floor":3.0},{"not_picked":["Slimebound:ForwardTackle","Slimebound:SlimeSpikes"],"picked":"Slimebound:ItLooksTasty","floor":6.0},{"not_picked":["Slimebound:TongueLash","Slimebound:Grow","Slimebound:FlameTackle"],"picked":"SKIP","floor":9.0},{"not_picked":["Slimebound:HauntingLick","Slimebound:TongueLash","Slimebound:FlameTackle"],"picked":"SKIP","floor":11.0},{"not_picked":["Slimebound:FormOfPuddle","Slimebound:SplitBruiser"],"picked":"Slimebound:Prepare","floor":12.0},{"not_picked":["Slimebound:Schlurp","Slimebound:PressTheAttack"],"picked":"Slimebound:MegaLick","floor":14.0},{"not_picked":["Slimebound:DivideAndConquer","Slimebound:Schlurp","Slimebound:GrowthPunch"],"picked":"SKIP","floor":15.0},{"not_picked":["Slimebound:OneTwoCombo","Slimebound:MassRepurpose"],"picked":"Slimebound:LeechLife","floor":16.0},{"not_picked":["Slimebound:SplitBruiser","Slimebound:RollThrough","Slimebound:DivideAndConquer"],"picked":"SKIP","floor":19.0},{"not_picked":["Slimebound:Darklings","Slimebound:ItLooksTasty+1"],"picked":"Slimebound:Gluttony","floor":20.0},{"not_picked":["Slimebound:FormOfPuddle","Slimebound:LeechingTouch","Slimebound:GoopSpray"],"picked":"SKIP","floor":22.0},{"not_picked":["Slimebound:SplitMire","Slimebound:FlameTackle"],"picked":"Slimebound:FormOfPuddle+1","floor":25.0},{"not_picked":["Slimebound:LeechingTouch+1","Slimebound:ServeAndProtect+1","Slimebound:SlimeSpikes+1"],"picked":"SKIP","floor":27.0},{"not_picked":["Slimebound:Gluttony","Slimebound:ComboTackle"],"picked":"Slimebound:SamplingLick+1","floor":31},{"not_picked":["Slimebound:Schlurp","Slimebound:GoopSpray","Slimebound:SamplingLick"],"picked":"SKIP","floor":32},{"not_picked":["Slimebound:Darklings","Slimebound:SelfFormingGoo"],"picked":"Slimebound:MassFeed","floor":33},{"not_picked":["Slimebound:FinishingTackle+1","Slimebound:TongueLash+1","Slimebound:ComboTackle"],"picked":"SKIP","floor":36},{"not_picked":["Slimebound:FinishingTackle+1","Slimebound:GoopTackle"],"picked":"Slimebound:Recollect+1","floor":37},{"not_picked":["Slimebound:SplitLeeching+1","Slimebound:Schlurp+1"],"picked":"Slimebound:Prepare+1","floor":38},{"not_picked":["Slimebound:SlimeBarrage","Slimebound:GrowthPunch+1","Slimebound:SplitBruiser+1"],"picked":"SKIP","floor":40},{"not_picked":["Slimebound:AcidTongue","Slimebound:MegaLick"],"picked":"Slimebound:PressTheAttack+1","floor":42},{"not_picked":["Slimebound:GrowthPunch","Slimebound:Dissolve+1"],"picked":"Slimebound:LeadByExample+1","floor":43},{"not_picked":["Slimebound:Darklings","Slimebound:SpikyOuterGoop"],"picked":"Slimebound:LevelUp","floor":44},{"not_picked":["Slimebound:GoopSpray+1","Slimebound:LeechingTouch+1"],"picked":"Slimebound:Gluttony","floor":45},{"not_picked":["Slimebound:SlimeSpikes+1","Slimebound:DivideAndConquer"],"picked":"Slimebound:SamplingLick+1","floor":47},{"not_picked":["Slimebound:ComboTackle","Slimebound:LeechingTouch","Slimebound:GoopSpray"],"picked":"SKIP","floor":49}],"player_experience":535677,"relics_obtained":[{"floor":7.0,"key":"MawBank"},{"floor":9.0,"key":"hubris:TenFootPole"},{"floor":11.0,"key":"Pantograph"},{"floor":20.0,"key":"MutagenicStrength"},{"floor":24.0,"key":"hubris:PeanutButter"},{"floor":39,"key":"Anchor"},{"floor":42,"key":"Calipers"},{"floor":44,"key":"Toy Ornithopter"},{"floor":47,"key":"aspiration:Lifesprig"}],"event_choices":[{"damage_healed":0.0,"max_hp_gain":0.0,"max_hp_loss":0.0,"gold_gain":0.0,"event_name":"Scrap Ooze","player_choice":"Success","floor":10.0,"gold_loss":0.0,"damage_taken":18.0,"relics_obtained":["Pocketwatch"]},{"damage_healed":0.0,"max_hp_gain":0.0,"max_hp_loss":0.0,"gold_gain":0.0,"event_name":"conspire:LoneGhost","player_choice":"Agree","floor":13.0,"gold_loss":0.0,"damage_taken":0.0},{"damage_healed":0.0,"max_hp_gain":0.0,"max_hp_loss":0.0,"gold_gain":0.0,"event_name":"Upgrade Shrine","player_choice":"Upgraded","floor":21.0,"gold_loss":0.0,"damage_taken":0.0,"cards_upgraded":["expansioncontent:TimeRipple"]}],"is_beta":false,"boss_relics":[{"not_picked":["aspiration:FutureDiary","SacredBark"],"picked":"hubris:VirtuousBlindfold"},{"not_picked":["aspiration:SilentSkillbook","hubris:BlackHole"],"picked":"Philosopher\u0027s Stone"}],"items_purged_floors":[25,29,48],"is_endless":false,"potions_floor_spawned":[2,3,11,16,22,27,33,36,37,40,43,49],"ascension_level":6}}