{"host":"gflyg4oztsw2ozs7","time":1608887166,"event":{"mods":["AchievementEnabler","BaseMod","DeckTracker","Minty Spire (QoL Compilation)","Permanent Neow","StSLib","SuperFastMode"],"gold_per_floor":[116,116,116,136,104,104,84,84,130,6,22,22,36,53,53,149,149,159,59,78,78,97,97,111,111,138,138,157,157,173,48,48,144,144,161,211,226,226,272,272,299,299,326,176,176,187,238,0,0,0],"floor_reached":51,"playtime":3164,"items_purged":["Regret","Defend_G","Strike_G","Strike_G"],"score":788,"play_id":"e66e430b-f32b-4e99-92a1-bb0fd1a403f1","local_time":"20201225180606","is_ascension_mode":false,"campfire_choices":[{"data":"Backflip","floor":6.0,"key":"SMITH"},{"data":"Tactician","floor":8.0,"key":"SMITH"},{"data":"Backflip","floor":15.0,"key":"SMITH"},{"data":"Prepared","floor":23,"key":"SMITH"},{"data":"Bullet Time","floor":32,"key":"SMITH"},{"data":"Reflex","floor":40,"key":"SMITH"},{"data":"Grand Finale","floor":42,"key":"SMITH"},{"data":"Adrenaline","floor":49,"key":"SMITH"}],"circlet_count":0,"master_deck":["Strike_G","Defend_G","Defend_G","Survivor","Neutralize","Backflip+1","Tactician+1","Dagger Throw","Acrobatics","Backflip","Backflip+1","Bullet Time+1","Reflex+1","Crippling Poison","Prepared+1","Bane","Concentrate","Bouncing Flask+1","Adrenaline+1","Well Laid Plans","Footwork+1","Venomology","Grand Finale+1","Bouncing Flask","Cloak And Dagger+1"],"relics":["Ring of the Snake","Vajra","Boot","Tiny Chest","Sozu","Enchiridion","MealTicket","Letter Opener","Eternal Feather","Empty Cage","Bird Faced Urn","Nunchaku","Juzu Bracelet","Bag of Preparation","Mango","Red Mask"],"acts_visited":["Exordium","TheCity","TheBeyond"],"potions_floor_usage":[],"damage_taken":[{"damage":0.0,"enemies":"Jaw Worm","floor":1.0,"turns":6.0},{"damage":7.0,"enemies":"Small Slimes","floor":4.0,"turns":4.0},{"damage":1.0,"enemies":"Cultist","floor":11.0,"turns":3.0},{"damage":4.0,"enemies":"Blue Slaver","floor":13.0,"turns":3.0},{"damage":0.0,"enemies":"2 Fungi Beasts","floor":14.0,"turns":3.0},{"damage":0,"enemies":"Slime Boss","floor":16,"turns":1},{"damage":7,"enemies":"Spheric Guardian","floor":18,"turns":4},{"damage":2,"enemies":"Shell Parasite","floor":20,"turns":7},{"damage":0,"enemies":"Snecko","floor":22,"turns":5},{"damage":0,"enemies":"Chosen and Byrds","floor":24,"turns":5},{"damage":0,"enemies":"Cultist and Chosen","floor":28,"turns":6},{"damage":7,"enemies":"Snake Plant","floor":30,"turns":3},{"damage":38,"enemies":"Champ","floor":33,"turns":11},{"damage":0,"enemies":"3 Shapes","floor":35,"turns":2},{"damage":0,"enemies":"Mind Bloom Boss Battle","floor":36,"turns":4},{"damage":0,"enemies":"3 Darklings","floor":37,"turns":2},{"damage":16,"enemies":"Nemesis","floor":41,"turns":5},{"damage":7,"enemies":"4 Shapes","floor":46,"turns":3},{"damage":0,"enemies":"2 Orb Walkers","floor":47,"turns":2},{"damage":15,"enemies":"Time Eater","floor":50,"turns":5}],"seed_played":"5285364911512529436","potions_obtained":[{"floor":1.0,"key":"Ancient Potion"},{"floor":7.0,"key":"Fruit Juice"},{"floor":13.0,"key":"PowerPotion"},{"floor":16,"key":"FearPotion"}],"is_trial":false,"path_per_floor":["M","?","?","M","?","R","?","R","T","$","M","$","M","M","R","B",null,"M","$","M","?","M","R","M","?","T","T","M","?","M","$","R","B",null,"M","?","M","?","T","R","E","R","T","$","?","M","?","?","R","B",null],"character_chosen":"THE_SILENT","items_purchased":["Dagger Throw"],"campfire_rested":0,"item_purchase_floors":[10],"current_hp_per_floor":[70,70,70,63,63,63,63,68,68,68,67,67,63,63,63,63,75,68,68,66,50,50,50,50,50,50,50,50,50,43,58,70,32,75,75,75,75,75,75,75,61,73,73,75,71,64,84,84,85,74],"gold":0,"neow_bonus":"RANDOM_COMMON_RELIC","is_daily":false,"chose_seed":false,"campfire_upgraded":8,"win_rate":0.0,"timestamp":1608887166,"path_taken":["M","?","?","M","?","R","?","R","T","$","M","$","M","M","R","BOSS","M","?","M","?","M","R","M","?","T","?","M","?","M","$","R","BOSS","M","?","M","?","?","R","E","R","T","$","?","M","?","?","R","BOSS"],"items_purchased_type":["Card"],"build_version":"2020-12-22","purchased_purges":4,"victory":true,"max_hp_per_floor":[70,70,70,70,70,70,70,75,75,75,75,75,75,75,75,75,75,75,75,75,75,75,75,75,75,75,75,75,75,75,75,75,75,75,75,75,75,75,75,75,75,75,75,75,71,71,85,85,85,85],"card_choices":[{"not_picked":["Riddle With Holes","Accuracy"],"picked":"Backflip","floor":1.0},{"not_picked":["Poisoned Stab","Sucker Punch"],"picked":"Tactician","floor":4.0},{"not_picked":["Infinite Blades","Flechettes"],"picked":"Acrobatics","floor":11.0},{"not_picked":["Riddle With Holes","Glass Knife"],"picked":"Backflip","floor":13.0},{"not_picked":["Skewer","Underhanded Strike"],"picked":"Backflip","floor":14.0},{"not_picked":["Phantasmal Killer","Venomology"],"picked":"Bullet Time","floor":16},{"not_picked":["Dagger Spray","Sucker Punch"],"picked":"Reflex","floor":18},{"not_picked":["Expertise","Poisoned Stab"],"picked":"Crippling Poison","floor":20},{"not_picked":["Accuracy","Escape Plan"],"picked":"Prepared","floor":22},{"not_picked":["Dodge and Roll","Infinite Blades"],"picked":"Bane","floor":24},{"not_picked":["Expertise","Blur"],"picked":"Concentrate","floor":28},{"not_picked":["Blur","Quick Slash+1"],"picked":"Bouncing Flask+1","floor":30},{"not_picked":["Night Terror","Bullet Time"],"picked":"Adrenaline","floor":33},{"not_picked":["Underhanded Strike+1","Flying Knee+1"],"picked":"Well Laid Plans","floor":35},{"not_picked":["Deflect","Dodge and Roll"],"picked":"Footwork+1","floor":37},{"not_picked":["Well Laid Plans+1","PiercingWail"],"picked":"Grand Finale","floor":41},{"not_picked":["Dagger Spray","Dash+1"],"picked":"Bouncing Flask","floor":46},{"not_picked":["Blade Dance+1","Poisoned Stab"],"picked":"Cloak And Dagger+1","floor":47}],"player_experience":79115,"relics_obtained":[{"floor":9.0,"key":"Tiny Chest"},{"floor":21,"key":"Enchiridion"},{"floor":26,"key":"MealTicket"},{"floor":27,"key":"Letter Opener"},{"floor":36,"key":"Bird Faced Urn"},{"floor":39,"key":"Nunchaku"},{"floor":41,"key":"Juzu Bracelet"},{"floor":43,"key":"Bag of Preparation"},{"floor":47,"key":"Mango"}],"event_choices":[{"damage_healed":0.0,"max_hp_gain":0.0,"max_hp_loss":0.0,"gold_gain":0.0,"event_name":"Big Fish","player_choice":"Box","floor":2.0,"gold_loss":0.0,"damage_taken":0.0,"relics_obtained":["Boot"],"cards_obtained":["Regret"]},{"damage_healed":0.0,"max_hp_gain":0.0,"max_hp_loss":0.0,"gold_gain":0.0,"event_name":"Shining Light","player_choice":"Ignored","floor":3.0,"gold_loss":0.0,"damage_taken":0.0},{"damage_healed":0.0,"max_hp_gain":0.0,"max_hp_loss":0.0,"gold_gain":0.0,"event_name":"World of Goop","player_choice":"Left Gold","floor":5.0,"gold_loss":32.0,"damage_taken":0.0},{"damage_healed":0.0,"max_hp_gain":0.0,"max_hp_loss":0.0,"gold_gain":0.0,"event_name":"The Woman in Blue","player_choice":"Bought 1 Potion","floor":7.0,"gold_loss":0.0,"damage_taken":0.0},{"damage_healed":0,"gold_gain":0,"player_choice":"Obtained Book","damage_taken":16,"max_hp_gain":0,"max_hp_loss":0,"event_name":"Cursed Tome","floor":21,"gold_loss":0},{"cards_removed":["Strike_G"],"damage_healed":0,"gold_gain":0,"player_choice":"Purged","damage_taken":0,"max_hp_gain":0,"max_hp_loss":0,"event_name":"Purifier","floor":25,"gold_loss":0},{"damage_healed":0,"gold_gain":0,"player_choice":"Opened","damage_taken":0,"relics_obtained":["Eternal Feather"],"max_hp_gain":0,"max_hp_loss":0,"event_name":"The Mausoleum","floor":29,"gold_loss":0},{"damage_healed":0,"gold_gain":0,"player_choice":"Fight","damage_taken":0,"max_hp_gain":0,"max_hp_loss":0,"event_name":"MindBloom","floor":36,"gold_loss":0},{"damage_healed":0,"gold_gain":0,"cards_transformed":["Defend_G"],"player_choice":"Transformed","damage_taken":0,"max_hp_gain":0,"max_hp_loss":0,"event_name":"Transmorgrifier","floor":38,"gold_loss":0,"cards_obtained":["Venomology"]},{"damage_healed":0,"gold_gain":0,"player_choice":"Max HP","damage_taken":0,"max_hp_gain":0,"max_hp_loss":4,"event_name":"Winding Halls","floor":45,"gold_loss":0},{"damage_healed":0,"gold_gain":0,"player_choice":"Fight","damage_taken":0,"max_hp_gain":0,"max_hp_loss":0,"event_name":"Mysterious Sphere","floor":47,"gold_loss":0},{"damage_healed":0,"gold_gain":0,"player_choice":"Paid","damage_taken":0,"relics_obtained":["Red Mask"],"max_hp_gain":0,"max_hp_loss":0,"event_name":"Tomb of Lord Red Mask","floor":48,"gold_loss":238}],"is_beta":false,"boss_relics":[{"not_picked":["Runic Pyramid","Busted Crown"],"picked":"Sozu"},{"not_picked":["Calling Bell","WristBlade"],"picked":"Empty Cage"}],"items_purged_floors":[10,19,31,44],"is_endless":false,"potions_floor_spawned":[1,13,16,22,28,37,46],"ascension_level":0}}