{"host":"vm8b3ptwl81uq21f","time":1608869439,"event":{"mods":["BaseMod","BetterRewards","Colored Powertips","Downfall","GifTheSpireLib","Googly Eyes","GungeonMod","Halation","Hubris","Minty Spire (QoL Compilation)","Quick Restart","Rare Cards Sparkle","Replay The Spire","Shop Mod","StSLib","Stuff the Spire","The Bug Knight","The IronCluck","[IsaacMod]????"],"gold_per_floor":[110,129,141,141,55,90,108,8,8,25,25,25,36,53,53,53,53],"floor_reached":16,"playtime":758,"items_purged":["DemoMod:Strike_Huntress","Regret"],"score":154,"play_id":"7e78868e-7895-4c5e-932c-28060a8fdb3f","local_time":"20201224231039","is_ascension_mode":false,"campfire_choices":[{"data":"expansioncontent:DashGenerateEvil","floor":11,"key":"SMITH"},{"data":"DemoMod:DoubleVision","floor":15,"key":"SMITH"}],"circlet_count":0,"master_deck":["DemoMod:Strike_Huntress","DemoMod:Strike_Huntress","DemoMod:Defend_Huntress","DemoMod:Defend_Huntress","DemoMod:Defend_Huntress","DemoMod:Defend_Huntress","DemoMod:Roll+1","DemoMod:ManualReload","DemoMod:RustySidearm","DemoMod:CrossBow","DemoMod:BoxingGlove+1","DemoMod:ConditionalReflex+1","Discovery","DemoMod:HardPowerCard","DemoMod:TableSutra","expansioncontent:DashGenerateEvil+1","DemoMod:BattleInHaste","DemoMod:DoubleVision+1"],"relics":["DemoMod:Dog","HushsDoor","YumHeart","DemoMod:GnawedKey","Damocles","PreservedInsect","hubris:TenFootPole","StuffTheSpire:Mouthbags","StuffTheSpire:RedRose","DemoMod:LamentConfigurum","halation:WeightlessCrab","DemoMod:ClearGuonStone","StuffTheSpire:ForceGauntlet","TungstenRod","halation:AfternoonTea","Bag of Preparation"],"acts_visited":["Exordium"],"potions_floor_usage":[],"damage_taken":[{"damage":0,"enemies":"Jaw Worm","floor":1,"turns":3},{"damage":0,"enemies":"2 Louse","floor":2,"turns":2},{"damage":0,"enemies":"Small Slimes","floor":3,"turns":3},{"damage":2,"enemies":"Gremlin Nob","floor":6,"turns":2},{"damage":3,"enemies":"3 Louse","floor":7,"turns":2},{"damage":0,"enemies":"2 Fungi Beasts","floor":10,"turns":2},{"damage":0,"enemies":"Exordium Wildlife","floor":13,"turns":2},{"damage":0,"enemies":"Large Slime","floor":14,"turns":2},{"damage":16,"enemies":"Fading Forest","floor":16,"turns":7}],"seed_played":"-3702858729851297512","potions_obtained":[{"floor":1,"key":"Energy Potion"},{"floor":3,"key":"Ancient Potion"}],"is_trial":false,"path_per_floor":["M","M","M","?","?","E","M","$","T","M","R","?","M","M","R","B"],"character_chosen":"HUNTRESS","items_purchased":["expansioncontent:DashGenerateEvil","DemoMod:BoxingGlove+1","DemoMod:ConditionalReflex+1","DemoMod:GnawedKey","Discovery"],"campfire_rested":0,"item_purchase_floors":[0,0,0,0,0],"current_hp_per_floor":[38,63,63,63,63,61,58,58,58,70,70,70,70,70,70,0,0],"gold":53,"neow_bonus":"","is_daily":false,"chose_seed":false,"campfire_upgraded":2,"win_rate":0.0,"timestamp":1608869439,"path_taken":["M","M","M","?","?","E","M","$","T","M","R","?","M","M","R","BOSS"],"items_purchased_type":["Card","Card","Card","Relic","Card"],"build_version":"2020-12-22","purchased_purges":2,"victory":false,"max_hp_per_floor":[70,70,70,70,70,70,70,70,70,70,70,70,70,70,70,70,70],"card_choices":[{"not_picked":[],"picked":"Bomb","floor":0},{"not_picked":["Bomb","DemoMod:BalloonGun"],"picked":"DemoMod:HardPowerCard","floor":1},{"not_picked":["DemoMod:PracticeMakesPerfect","DemoMod:TeaPot"],"picked":"DemoMod:TableSutra","floor":2},{"not_picked":["DemoMod:PotionOfGunFriendShip","DemoMod:Unmoved"],"picked":"DemoMod:BattleInHaste","floor":3},{"not_picked":["DemoMod:LifeOrb","DemoMod:HuntsMan","DemoMod:SniperShot"],"picked":"SKIP","floor":6},{"not_picked":["DemoMod:Ejector","DemoMod:ChanceBullets","DemoMod:JK47"],"picked":"SKIP","floor":7},{"not_picked":["DemoMod:Ejector","DemoMod:RadGun","DemoMod:StickyCrossBow"],"picked":"SKIP","floor":10},{"not_picked":["DemoMod:ChanceBullets","DemoMod:PotionOfGunFriendShip"],"picked":"Bomb","floor":13},{"not_picked":["DemoMod:GunstockTap","DemoMod:Purify"],"picked":"DemoMod:DoubleVision","floor":14}],"player_experience":308626,"relics_obtained":[{"floor":1,"key":"PreservedInsect"},{"floor":2,"key":"hubris:TenFootPole"},{"floor":3,"key":"StuffTheSpire:Mouthbags"},{"floor":6,"key":"DemoMod:LamentConfigurum"},{"floor":6,"key":"halation:WeightlessCrab"},{"floor":7,"key":"DemoMod:ClearGuonStone"},{"floor":9,"key":"StuffTheSpire:ForceGauntlet"},{"floor":10,"key":"TungstenRod"},{"floor":13,"key":"halation:AfternoonTea"},{"floor":14,"key":"Bag of Preparation"}],"event_choices":[],"is_beta":false,"boss_relics":[],"items_purged_floors":[0,8],"is_endless":false,"potions_floor_spawned":[1,3,10,14],"killed_by":"Fading Forest","ascension_level":0}}