{"host":"93x13jgem5w43hjr","time":1608920433,"event":{"mods":["AchievementEnabler","BaseMod","Colored Map","Colored Powertips","Minty Spire (QoL Compilation)","StSLib","The Animator","The Bug Knight","Waifu the Spire"],"gold_per_floor":[126,151,151,165,184,184,13,39,62,62,78,78,33,48,48,165,165,188,188,198,212,112,112,132,182,182,182,195,195,211,229,229,330,330,345,345,345,358,58,58,58,75,75,75,75,75,92,118,118,118,118],"floor_reached":50,"playtime":3078,"items_purged":["animator:Strike","animator:Defend+1","Parasite"],"score":516,"play_id":"a44cdb0e-2bdb-4f57-861a-89ae74d74fa2","local_time":"20201225112033","is_ascension_mode":false,"campfire_choices":[{"data":"animator:Berserker","floor":6.0,"key":"SMITH"},{"data":"animator:Konayuki","floor":10.0,"key":"SMITH"},{"data":"animator:HigakiRinne","floor":12.0,"key":"SMITH"},{"data":"animator:Berserker","floor":15.0,"key":"SMITH"},{"data":"animator:Saber","floor":23.0,"key":"SMITH"},{"floor":27.0,"key":"DIG"},{"floor":29.0,"key":"DIG"},{"floor":32.0,"key":"DIG"},{"floor":40.0,"key":"REST"},{"floor":46.0,"key":"REST"},{"floor":49,"key":"REST"}],"circlet_count":0,"master_deck":["animator:Strike_Fate+1","animator:Defend_Fate+1","animator:Strike+1","animator:Strike+1","animator:Defend+1","animator:Defend+1","animator:Alexander","animator:Rider","animator:Konayuki+1","animator:Berserker+1","animator:Illya","animator:Canti","animator:HigakiRinne+1","animator:Berserker+1","animator:Saber+1","animator:Nanami+1","animator:Nanami+1","Parasite","animator:LizardPriest","animator:MisakiNakahara","Writhe","animator:Chung+1"],"relics":["animator:LivingPicture","animator:TheMissingPiece","NeowsBlessing","Odd Mushroom","Juzu Bracelet","Cursed Key","Shovel","InkBottle","Eternal Feather","PreservedInsect","SlaversCollar","PrismaticShard","White Beast Statue","Charon\u0027s Ashes"],"acts_visited":["Exordium","TheCity","TheBeyond"],"potions_floor_usage":[50,50],"damage_taken":[{"damage":0.0,"enemies":"Cultist","floor":1.0,"turns":1.0},{"damage":0.0,"enemies":"Jaw Worm","floor":2.0,"turns":1.0},{"damage":0.0,"enemies":"2 Louse","floor":4.0,"turns":1.0},{"damage":8.0,"enemies":"Blue Slaver","floor":5.0,"turns":7.0},{"damage":0.0,"enemies":"The Mushroom Lair","floor":8.0,"turns":3.0},{"damage":0.0,"enemies":"3 Louse","floor":11.0,"turns":3.0},{"damage":0.0,"enemies":"Lots of Slimes","floor":14.0,"turns":5.0},{"damage":0.0,"enemies":"Slime Boss","floor":16.0,"turns":6.0},{"damage":0.0,"enemies":"Spheric Guardian","floor":18.0,"turns":3.0},{"damage":4.0,"enemies":"2 Thieves","floor":20.0,"turns":4.0},{"damage":0.0,"enemies":"Shelled Parasite and Fungi","floor":21.0,"turns":3.0},{"damage":7.0,"enemies":"Sentry and Sphere","floor":24.0,"turns":4.0},{"damage":4.0,"enemies":"Snake Plant","floor":28.0,"turns":4.0},{"damage":6.0,"enemies":"Centurion and Healer","floor":30.0,"turns":5.0},{"damage":0.0,"enemies":"Cultist and Chosen","floor":31.0,"turns":4.0},{"damage":43.0,"enemies":"Automaton","floor":33.0,"turns":8.0},{"damage":4.0,"enemies":"Orb Walker","floor":35.0,"turns":3.0},{"damage":0.0,"enemies":"3 Darklings","floor":36.0,"turns":1.0},{"damage":53.0,"enemies":"Writhing Mass","floor":38.0,"turns":8.0},{"damage":48.0,"enemies":"Spire Growth","floor":42.0,"turns":7.0},{"damage":3.0,"enemies":"4 Shapes","floor":47.0,"turns":4.0},{"damage":33.0,"enemies":"Nemesis","floor":48.0,"turns":9.0},{"damage":56,"enemies":"Time Eater","floor":50,"turns":8}],"seed_played":"8290882147497247355","potions_obtained":[{"floor":3.0,"key":"EntropicBrew"},{"floor":3.0,"key":"Explosive Potion"},{"floor":3.0,"key":"Swift Potion"},{"floor":4.0,"key":"SkillPotion"},{"floor":5.0,"key":"Block Potion"},{"floor":8.0,"key":"Ancient Potion"},{"floor":18.0,"key":"LiquidBronze"},{"floor":24.0,"key":"FairyPotion"},{"floor":31.0,"key":"Block Potion"},{"floor":33.0,"key":"Block Potion"},{"floor":38.0,"key":"Fruit Juice"},{"floor":47.0,"key":"Strength Potion"},{"floor":48.0,"key":"SpeedPotion"}],"is_trial":false,"path_per_floor":["M","M","?","M","M","R","$","?","T","R","M","R","$","M","R","B",null,"M","?","M","M","$","R","M","?","T","R","M","R","M","M","R","B",null,"M","M","?","M","$","R","?","M","T","?","$","R","M","E","R","B"],"character_chosen":"THE_ANIMATOR","items_purchased":["animator:Canti","animator:Berserker","animator:LizardPriest","PrismaticShard"],"campfire_rested":3,"item_purchase_floors":[7,13,39,39],"current_hp_per_floor":[66,66,66,66,59,59,59,60,60,60,60,60,60,60,60,60,68,68,68,64,64,64,64,57,57,57,57,53,53,47,47,56,14,69,65,65,65,17,17,50,50,2,2,2,2,35,32,21,54,0,0],"gold":118,"neow_bonus":"THREE_ENEMY_KILL","is_daily":false,"chose_seed":false,"campfire_upgraded":5,"win_rate":0.0,"timestamp":1608920433,"path_taken":["M","?","?","M","?","R","$","?","T","R","M","R","$","M","R","BOSS","M","?","M","M","$","R","M","?","T","R","M","R","M","M","R","BOSS","M","M","?","M","$","R","?","M","T","?","?","R","M","E","R","BOSS"],"items_purchased_type":["Card","Card","Card","Relic"],"build_version":"2020-12-22","purchased_purges":3,"victory":false,"max_hp_per_floor":[66,66,66,66,67,67,67,68,68,68,68,68,68,68,68,68,68,68,68,68,68,68,68,68,68,68,68,68,68,68,68,68,69,69,69,69,69,74,71,71,71,71,71,71,71,71,71,71,71,71,71],"card_choices":[{"not_picked":["animator:Illya","animator:ElricEdward"],"picked":"animator:Konayuki","floor":1.0},{"not_picked":["animator:Konayuki","animator:YuiTsuruno"],"picked":"animator:Berserker","floor":2.0},{"not_picked":["animator:RoyMustang","animator:Gluttony","animator:Witch"],"picked":"SKIP","floor":4.0},{"not_picked":["animator:Rider","animator:ShinjiMatou"],"picked":"animator:Illya","floor":5.0},{"not_picked":["animator:Shion","animator:SakuraMatou"],"picked":"animator:HigakiRinne","floor":8.0},{"not_picked":["animator:YuiTsuruno","animator:Sloth","animator:Priestess"],"picked":"SKIP","floor":11.0},{"not_picked":["animator:Benimaru","animator:WinryRockbell","animator:Togame"],"picked":"SKIP","floor":14.0},{"not_picked":["animator:Shizu","animator:ItamiYouji"],"picked":"animator:Saber","floor":16.0},{"not_picked":["animator:Hitei","animator:RoyMustang"],"picked":"animator:Nanami+1","floor":18.0},{"not_picked":["animator:Emonzaemon","animator:KyokoSakura+1","animator:Pride"],"picked":"SKIP","floor":21.0},{"not_picked":["animator:Archer","animator:Saber","animator:Millim"],"picked":"SKIP","floor":24.0},{"not_picked":["animator:MaesHughes+1","animator:TukaLunaMarceau+1","animator:Priestess"],"picked":"SKIP","floor":28.0},{"not_picked":["animator:UneriGinkaku","animator:Priestess","animator:Shichika"],"picked":"SKIP","floor":31.0},{"not_picked":["animator:Shizu","animator:Greed"],"picked":"animator:Biyorigo","floor":33.0},{"not_picked":["animator:Shuna+1","animator:Alexander+1","animator:Millim+1"],"picked":"SKIP","floor":35.0},{"not_picked":["animator:Magilou","animator:Kagari"],"picked":"animator:MisakiNakahara","floor":41.0},{"not_picked":["animator:KyokoSakura","White Noise+1","HollowMod:DesolateDive"],"picked":"SKIP","floor":42.0},{"not_picked":["Transmutation","animator:ShinjiMatou+1"],"picked":"animator:Chung+1","floor":47.0},{"not_picked":["Darkness+1","Heavy Blade+1","Dropkick+1"],"picked":"SKIP","floor":48.0}],"player_experience":134629,"relics_obtained":[{"floor":8.0,"key":"Odd Mushroom"},{"floor":9.0,"key":"Juzu Bracelet"},{"floor":26.0,"key":"Shovel"},{"floor":27.0,"key":"InkBottle"},{"floor":29.0,"key":"Eternal Feather"},{"floor":32.0,"key":"PreservedInsect"},{"floor":43.0,"key":"White Beast Statue"},{"floor":48.0,"key":"Charon\u0027s Ashes"}],"event_choices":[{"damage_healed":0.0,"max_hp_gain":0.0,"max_hp_loss":0.0,"gold_gain":0.0,"event_name":"Lab","player_choice":"Got Potions","floor":3.0,"gold_loss":0.0,"damage_taken":0.0},{"damage_healed":0.0,"max_hp_gain":0.0,"max_hp_loss":0.0,"gold_gain":0.0,"event_name":"Mushrooms","player_choice":"Fought Mushrooms","floor":8.0,"gold_loss":0.0,"damage_taken":0.0},{"damage_healed":0.0,"max_hp_gain":0.0,"max_hp_loss":0.0,"gold_gain":0.0,"event_name":"Back to Basics","player_choice":"Simplicity","floor":19.0,"gold_loss":0.0,"damage_taken":0.0,"cards_upgraded":["animator:Strike_Fate","animator:Defend_Fate","animator:Strike","animator:Strike","animator:Defend","animator:Defend","animator:Defend"]},{"damage_healed":0.0,"max_hp_gain":0.0,"max_hp_loss":0.0,"gold_gain":100.0,"event_name":"The Joust","player_choice":"Bet on Murderer","floor":25.0,"gold_loss":50.0,"damage_taken":0.0},{"damage_healed":0.0,"max_hp_gain":0.0,"max_hp_loss":0.0,"gold_gain":0.0,"event_name":"Duplicator","player_choice":"Copied","floor":37.0,"gold_loss":0.0,"damage_taken":0.0,"cards_obtained":["animator:Nanami"]},{"damage_healed":0.0,"max_hp_gain":0.0,"max_hp_loss":0.0,"gold_gain":0.0,"event_name":"SensoryStone","player_choice":"Memory 1","floor":41.0,"gold_loss":0.0,"damage_taken":0.0},{"cards_removed":["animator:Biyorigo"],"damage_healed":0.0,"max_hp_gain":0.0,"max_hp_loss":0.0,"gold_gain":0.0,"event_name":"Falling","player_choice":"Removed Power","floor":44.0,"gold_loss":0.0,"damage_taken":0.0}],"is_beta":false,"boss_relics":[{"not_picked":["SacredBark","animator:CursedBlade"],"picked":"Cursed Key"},{"not_picked":["Tiny House","Mark of Pain"],"picked":"SlaversCollar"}],"items_purged_floors":[7,22,39],"is_endless":false,"potions_floor_spawned":[4,5,8,18,20,24,31,33,38,47,48],"killed_by":"Time Eater","ascension_level":0}}