{"host":"4w8ocelhatf0iefc","time":1608913864,"event":{"mods":["AchievementEnabler","Act Like it!","Aspiration","BaseMod","Colored Map","Colored Powertips","Hubris","Minty Spire (QoL Compilation)","Replay The Spire","StSLib"],"gold_per_floor":[112,123,103,114,39,65,75,75,75],"floor_reached":8,"playtime":297,"items_purged":["Strike_B"],"score":67,"play_id":"68f5c0dd-449b-4ee1-b150-10ad7941c26f","local_time":"20201226003104","is_ascension_mode":true,"campfire_choices":[],"circlet_count":0,"master_deck":["Strike_B","Strike_B","Strike_B","Defend_B","Defend_B","Defend_B","Defend_B","Zap","Dualcast","Sweeping Beam","Cold Snap","Heatsinks","Leap","Turbo"],"relics":["Cracked Core","Prayer Wheel","Pen Nib"],"acts_visited":["Exordium"],"potions_floor_usage":[6,6,8],"damage_taken":[{"damage":0,"enemies":"2 Louse","floor":1,"turns":2},{"damage":1,"enemies":"Cultist","floor":2,"turns":3},{"damage":4,"enemies":"Jaw Worm","floor":4,"turns":3},{"damage":34,"enemies":"Lagavulin","floor":6,"turns":8},{"damage":12,"enemies":"Exordium Wildlife","floor":7,"turns":4},{"damage":35,"enemies":"3 Sentries","floor":8,"turns":9}],"seed_played":"-2351467542315869172","potions_obtained":[{"floor":2,"key":"LiquidMemories"},{"floor":3,"key":"Flashbang"},{"floor":6,"key":"Dexterity Potion"}],"is_trial":false,"path_per_floor":["M","M","?","M","$","E","M","E"],"character_chosen":"DEFECT","items_purchased":[],"campfire_rested":0,"item_purchase_floors":[],"current_hp_per_floor":[82,81,81,77,77,43,31,0,0],"gold":75,"neow_bonus":"TEN_PERCENT_HP_BONUS","is_daily":false,"chose_seed":false,"campfire_upgraded":0,"win_rate":0.0,"timestamp":1608913864,"path_taken":["M","M","?","?","$","E","M","E"],"items_purchased_type":[],"build_version":"2020-12-22","purchased_purges":1,"victory":false,"max_hp_per_floor":[82,82,82,82,82,82,82,82,82],"card_choices":[{"not_picked":["Conserve Battery","Compile Driver"],"picked":"Sweeping Beam","floor":1},{"not_picked":["Redo","Steam Power"],"picked":"ReplayTheSpireMod:Fabricate Wheel","floor":2},{"not_picked":["Leap","Rip and Tear"],"picked":"Cold Snap","floor":4},{"not_picked":["Compile Driver","Leap"],"picked":"Heatsinks","floor":6},{"not_picked":["Skim","Heatsinks"],"picked":"Leap","floor":7},{"not_picked":["Leap","Beam Cell"],"picked":"Turbo","floor":7}],"player_experience":291839,"relics_obtained":[{"floor":6,"key":"Pen Nib"}],"event_choices":[{"damage_healed":0,"gold_gain":0,"player_choice":"Bought 1 Potion","damage_taken":0,"max_hp_gain":0,"max_hp_loss":0,"event_name":"The Woman in Blue","floor":3,"gold_loss":0}],"is_beta":false,"boss_relics":[],"items_purged_floors":[5],"is_endless":false,"potions_floor_spawned":[2,6],"killed_by":"3 Sentries","ascension_level":3}}