{"host":"uae2ry9d6rl7cq98","time":1608888343,"event":{"mods":["AchievementEnabler","BaseMod","BetterRewards","Colored Map","Custom Start","Hermit","Hubris","Infinite Spire","Minty Spire (QoL Compilation)","Replay The Spire","Shop Mod","StSLib","SuperFastMode","The Animator","The Hierophant","The Servant 0.9.4"],"gold_per_floor":[112,287,287,303,319,319,352,365,365,424,150,100,133,133,133,233,233,253,99,99,118,130,159,159,159,186,36,52,52,65,65,65,164,164,191,191,191,16,33,33,65,91,144,144,183,206,235,235,235,235,235,235,35,68,68,68],"floor_reached":55,"playtime":2733,"items_purged":["Strike_B","Languid","Defend_B","Strike_B","Zap"],"score":1101,"play_id":"0674fe9a-5a57-446a-aac5-56ab90ade4f9","local_time":"20201225012543","is_ascension_mode":false,"campfire_choices":[{"floor":6,"key":"REST"},{"floor":15,"key":"RECALL"},{"floor":24,"key":"REST"},{"data":"Crystallizer","floor":29,"key":"SMITH"},{"data":"Loop","floor":32,"key":"SMITH"},{"data":"Creative AI","floor":40,"key":"SMITH"},{"floor":44,"key":"REST"},{"data":"Rainbow","floor":49,"key":"SMITH"},{"data":"Conserve Battery","floor":52,"key":"SMITH"}],"circlet_count":0,"master_deck":["hubris:InfiniteBlow+168","Defend_B","Defend_B","Dualcast","FIFO Queue+1","Loop+1","Consume+1","Conserve Battery","Swift Strike","Heatsinks","Conserve Battery","Panic Button","Crystallizer+1","Rainbow+1","hubris:SpecializedCircuitry","Tempest","Static Discharge+1","Redo+1","BasicCrystalCard+1","Coolheaded+1","Creative AI+1","Reinforced Body+1","Dark Shackles","Melter+1","Conserve Battery+1","BasicCrystalCard+1","Conserve Battery"],"relics":["Cracked Core","Replay:Kaleidoscope","Replay:Bottled Steam","Iron Hammer","hubris:EmptyBottle","MerchantsRug","ReplayTheSpireMod:CursedCoin","Art of War","ReplayFunnel","hubris:RGBLights","Pantograph","ReplayTheSpireMod:Lightbulb","Lantern","hubris:Towel","hubris:TenFootPole","Velvet Choker","infinitespire:EvilPickle","hubris:Icosahedron","hubris:BallOfYels","Ginger","Symbiotic Virus","Letter Opener"],"acts_visited":["TheCity","TheBeyond","TheEnding"],"potions_floor_usage":[23,23,23,33,33,35,54,55,55,55,55,55,55,55],"damage_taken":[{"damage":0,"enemies":"Small Slimes","floor":1,"turns":2},{"damage":0,"enemies":"2 Louse","floor":4,"turns":3},{"damage":0,"enemies":"Cultist","floor":5,"turns":3},{"damage":0,"enemies":"Gremlin Nob","floor":7,"turns":2},{"damage":2,"enemies":"Blue Slaver","floor":8,"turns":2},{"damage":11,"enemies":"3 Sentries","floor":10,"turns":5},{"damage":0,"enemies":"Lagavulin","floor":13,"turns":2},{"damage":0,"enemies":"Slime Boss","floor":16,"turns":2},{"damage":13,"enemies":"3 Byrds","floor":18,"turns":4},{"damage":20,"enemies":"2 Thieves","floor":21,"turns":3},{"damage":11,"enemies":"Centurion and Healer","floor":22,"turns":4},{"damage":32,"enemies":"Slavers","floor":23,"turns":3},{"damage":0,"enemies":"Snecko","floor":28,"turns":2},{"damage":11,"enemies":"Snake Plant","floor":30,"turns":2},{"damage":21,"enemies":"Pondfish","floor":33,"turns":4},{"damage":2,"enemies":"3 Darklings","floor":35,"turns":5},{"damage":37,"enemies":"3 Shapes","floor":39,"turns":4},{"damage":3,"enemies":"R_Hoarder","floor":41,"turns":4},{"damage":6,"enemies":"Giant Head","floor":45,"turns":3},{"damage":0,"enemies":"Maw","floor":46,"turns":2},{"damage":23,"enemies":"Sphere and 2 Shapes","floor":47,"turns":3},{"damage":6,"enemies":"hubris:GrandSnecko","floor":50,"turns":2},{"damage":28,"enemies":"Shield and Spear","floor":54,"turns":4},{"damage":83,"enemies":"The Heart","floor":55,"turns":6}],"seed_played":"5985525560843398439","potions_obtained":[{"floor":1,"key":"PowerPotion"},{"floor":7,"key":"PowerPotion"},{"floor":10,"key":"LiquidMemories"},{"floor":18,"key":"Elixir"},{"floor":28,"key":"BlessingOfTheForge"},{"floor":30,"key":"LiquidBronze"},{"floor":33,"key":"PotionOfCapacity"},{"floor":41,"key":"CultistPotion"},{"floor":45,"key":"FearPotion"}],"is_trial":false,"path_per_floor":["M","?","?","M","M","R","E","M","T","?","$","?","E","?","R_BF","B",null,"M","$","?","M","M","E","R","?","T","$","M","R","M","?","R","B",null,"M","?","?","$","M","R","E","$","T","R","E","M","M","?","R","B",null,"R","$","E","B"],"character_chosen":"DEFECT","items_purchased":["Replay:Bottled Steam","Iron Hammer","hubris:EmptyBottle","FIFO Queue","MerchantsRug","Loop","Consume+1","MealTicket","ReplayTheSpireMod:CursedCoin","FocusPotion","SteroidPotion","Guide Book","ReplayTheSpireMod:Lightbulb","Static Discharge","Symbiotic Virus","Adrenaline Potion"],"campfire_rested":3,"item_purchase_floors":[0,0,0,0,0,0,0,0,0,0,0,11,19,19,53,53],"current_hp_per_floor":[27,27,27,27,27,49,49,47,47,36,51,51,51,51,51,75,75,62,75,75,55,44,12,34,34,34,49,49,49,38,38,38,42,75,73,73,73,75,38,38,35,50,50,72,66,66,43,85,85,79,85,85,85,57,0,0],"gold":68,"neow_bonus":"","is_daily":false,"chose_seed":false,"campfire_upgraded":5,"win_rate":0.0,"timestamp":1608888343,"path_taken":["M","?","?","M","M","R","E","?","T","?","?","?","E","?","R_BF","BOSS","M","$","?","M","?","E","R","?","T","?","M","R","M","?","R","BOSS","M","?","?","$","M","R","E","$","T","R","E","M","M","?","R","BOSS","R","$","E","BOSS"],"items_purchased_type":["Relic","Relic","Relic","Card","Relic","Card","Card","Relic","Relic","Potion","Potion","Relic","Relic","Card","Relic","Potion"],"build_version":"2020-12-22","purchased_purges":5,"victory":false,"max_hp_per_floor":[75,75,75,75,75,75,75,75,75,75,75,75,75,75,75,75,75,75,75,75,75,75,75,75,75,75,75,75,75,75,75,75,75,75,75,75,75,75,75,75,75,75,75,75,75,75,75,85,85,85,85,85,85,85,85,85],"card_choices":[{"not_picked":["Darkness","Ball Lightning"],"picked":"Conserve Battery","floor":1},{"not_picked":["Cold Snap","Double Energy"],"picked":"Heatsinks","floor":4},{"not_picked":["ReplayTheSpireMod:GoodbyeWorld","BootSequence"],"picked":"Conserve Battery","floor":5},{"not_picked":["ReplaySolidLightProjector","Gash","Compile Driver"],"picked":"SKIP","floor":7},{"not_picked":["ReplayTheSpireMod:Repulse","Hologram"],"picked":"Panic Button","floor":8},{"not_picked":["Gash","Steam"],"picked":"Crystallizer","floor":10},{"not_picked":["Panic Button","BasicCrystalCard"],"picked":"Rainbow","floor":13},{"not_picked":["Biased Cognition","hubris:Prefetch"],"picked":"hubris:SpecializedCircuitry","floor":16},{"not_picked":["Beam Cell+1","Steam Power+1"],"picked":"Tempest","floor":18},{"not_picked":["Redo","Reprogram","Lockon+1"],"picked":"SKIP","floor":21},{"not_picked":["Gash","Go for the Eyes+1","Reinforced Body"],"picked":"SKIP","floor":22},{"not_picked":["Gash","ReplayTheSpireMod:Repulse"],"picked":"Redo","floor":23},{"not_picked":["Compile Driver","Hologram"],"picked":"BasicCrystalCard+1","floor":28},{"not_picked":["Auto Shields","Tempest"],"picked":"Coolheaded+1","floor":30},{"not_picked":["hubris:DoWhile","Seek"],"picked":"Creative AI","floor":33},{"not_picked":["Rebound","Compile Driver"],"picked":"Reinforced Body+1","floor":35},{"not_picked":["Blind","Replay:Parry"],"picked":"Dark Shackles","floor":36},{"not_picked":["Recycle","Stack+1","Compile Driver"],"picked":"SKIP","floor":39},{"not_picked":["Streamline+1","hubris:DoWhile"],"picked":"Melter+1","floor":41},{"not_picked":["Hologram","Sweeping Beam"],"picked":"Conserve Battery","floor":45},{"not_picked":["Streamline+1","Rebound","BasicCrystalCard"],"picked":"SKIP","floor":46},{"not_picked":["Glacier+1","Ball Lightning+1"],"picked":"BasicCrystalCard+1","floor":47},{"not_picked":["hubris:DoWhile","Tempest+1"],"picked":"Conserve Battery","floor":54}],"player_experience":250277,"relics_obtained":[{"floor":7,"key":"Art of War"},{"floor":10,"key":"ReplayFunnel"},{"floor":13,"key":"hubris:RGBLights"},{"floor":23,"key":"Lantern"},{"floor":26,"key":"hubris:TenFootPole"},{"floor":41,"key":"Gremlin Food"},{"floor":43,"key":"hubris:BallOfYels"},{"floor":45,"key":"Ginger"},{"floor":54,"key":"Letter Opener"}],"event_choices":[{"damage_healed":0,"gold_gain":175,"player_choice":"AGREE","damage_taken":0,"max_hp_gain":0,"max_hp_loss":0,"event_name":"Liars Game","floor":2,"gold_loss":0,"cards_obtained":["Doubt"]},{"damage_healed":0,"gold_gain":0,"player_choice":"2 cards matched","damage_taken":0,"max_hp_gain":0,"max_hp_loss":0,"event_name":"Match and Keep!","floor":3,"gold_loss":0,"cards_obtained":["Swift Strike","hubris:DoWhile"]},{"damage_healed":0,"gold_gain":0,"player_choice":"Searched \u00272\u0027 times","damage_taken":0,"max_hp_gain":0,"max_hp_loss":0,"event_name":"Dead Adventurer","floor":10,"gold_loss":0},{"cards_removed":["Strike_B"],"damage_healed":0,"gold_gain":0,"player_choice":"Card Removal","damage_taken":0,"max_hp_gain":0,"max_hp_loss":0,"event_name":"The Cleric","floor":12,"gold_loss":50},{"damage_healed":0,"gold_gain":0,"player_choice":"Gave Potion","damage_taken":0,"relics_obtained":["Pantograph"],"max_hp_gain":0,"max_hp_loss":0,"event_name":"WeMeetAgain","floor":14,"gold_loss":0},{"cards_removed":["Strike_B"],"damage_healed":0,"gold_gain":0,"player_choice":"Purged","damage_taken":0,"max_hp_gain":0,"max_hp_loss":0,"event_name":"Purifier","floor":20,"gold_loss":0},{"damage_healed":0,"gold_gain":0,"player_choice":"Memory 1","damage_taken":0,"max_hp_gain":0,"max_hp_loss":0,"event_name":"SensoryStone","floor":36,"gold_loss":0},{"cards_removed":["hubris:DoWhile"],"damage_healed":32,"gold_gain":0,"player_choice":"Offered Rare","damage_taken":0,"max_hp_gain":10,"max_hp_loss":0,"event_name":"Bonfire Elementals","floor":48,"gold_loss":0}],"is_beta":false,"boss_relics":[{"not_picked":["Ring of Chaos","Runic Pyramid"],"picked":"Empty Cage"},{"not_picked":["Pandora\u0027s Box","Busted Crown"],"picked":"Velvet Choker"}],"items_purged_floors":[0,0,11,27,38],"is_endless":false,"potions_floor_spawned":[1,7,10,13,18,28,30,33,41,45],"killed_by":"The Heart","ascension_level":0}}