{"host":"2461dio7vetlq1z3","time":1608892544,"event":{"mods":["2.2 Compatiblity","AchievementEnabler","Aspiration","BaseMod","Better Third Choice","Hermit","Minty Spire (QoL Compilation)","Relic Stats","Spicy Shops","StSLib","The Runesmith","Waifu the Spire"],"gold_per_floor":[19,19,35,35,55,85,85,114,114,114,126,154,154,174,174,272,272,253,20,20,37,37],"floor_reached":21,"playtime":1117,"items_purged":[],"score":286,"play_id":"f5e57389-998f-4f9b-9cbe-14f29464f776","local_time":"20201225113544","is_ascension_mode":true,"campfire_choices":[{"data":"Runesmith:HammerThrow","floor":7,"key":"SMITH"},{"floor":10,"key":"REST"},{"data":"Chrysalis","floor":13,"key":"SMITH"},{"data":"Runesmith:BackupBattery","floor":15,"key":"SMITH"}],"circlet_count":0,"master_deck":["Runesmith:Strike_RS","Runesmith:Strike_RS","Runesmith:Strike_RS","Runesmith:Defend_RS","Runesmith:Defend_RS","Runesmith:Defend_RS+1","Runesmith:Defend_RS","Runesmith:CraftFirestone","Runesmith:Fortify","Chrysalis+1","Runesmith:EarthShield+1","Runesmith:HammerThrow+1","Runesmith:RunicBlueprint","Runesmith:Refine","Runesmith:HeatExchange","Runesmith:MakeshiftArmor","Runesmith:GoWithTheFlow","Runesmith:BackupBattery+1","Runesmith:CreatorForm","Runesmith:ChiselStab+1","Runesmith:LithiumIon","Runesmith:RuneHurl","Runesmith:Refine","Runesmith:BackupBattery","aspiration:UnbridledHammer"],"relics":["Runesmith:BrokenRuby","Lantern","Anchor","aspiration:HummingbirdHeart","aspiration:SeaSaltIceCream","Mummified Hand","War Paint","Coffee Dripper","Orrery"],"acts_visited":["Exordium","TheCity"],"potions_floor_usage":[8],"damage_taken":[{"damage":7,"enemies":"Small Slimes","floor":1,"turns":4},{"damage":0,"enemies":"Cultist","floor":3,"turns":4},{"damage":7,"enemies":"Jaw Worm","floor":5,"turns":3},{"damage":7,"enemies":"Lagavulin","floor":6,"turns":7},{"damage":50,"enemies":"Gremlin Nob","floor":8,"turns":5},{"damage":0,"enemies":"Lots of Slimes","floor":11,"turns":4},{"damage":10,"enemies":"Lagavulin","floor":12,"turns":7},{"damage":0,"enemies":"3 Louse","floor":14,"turns":3},{"damage":0,"enemies":"Hexaghost","floor":16,"turns":14},{"damage":2,"enemies":"2 Thieves","floor":18,"turns":5},{"damage":15,"enemies":"Spheric Guardian","floor":21,"turns":5}],"seed_played":"208558061273596170","potions_obtained":[{"floor":1,"key":"Regen Potion"},{"floor":6,"key":"Fruit Juice"},{"floor":11,"key":"GamblersBrew"},{"floor":16,"key":"Regen Potion"}],"is_trial":false,"path_per_floor":["M","?","M","?","M","E","R","E","T","R","M","E","R","M","R","B",null,"M","$","?","M"],"character_chosen":"RUNESMITH_CLASS","items_purchased":["Runesmith:LithiumIon","Orrery"],"campfire_rested":1,"item_purchase_floors":[19,19],"current_hp_per_floor":[63,63,63,63,56,49,49,4,4,26,26,16,16,16,16,16,75,73,73,73,58,58],"gold":37,"neow_bonus":"RANDOM_COLORLESS_2","is_daily":false,"chose_seed":false,"campfire_upgraded":3,"win_rate":0.0,"timestamp":1608892544,"path_taken":["M","?","?","?","?","E","R","E","T","R","M","E","R","M","R","BOSS","M","$","?","M"],"items_purchased_type":["Card","Relic"],"build_version":"2020-12-22","purchased_purges":0,"victory":false,"max_hp_per_floor":[70,70,70,70,70,70,70,75,75,75,75,75,75,75,75,75,75,75,75,75,75,75],"relic_stats":{"counters":[11,61],"Mummified Hand":[2],"War Paint":["Runesmith:Defend_RS","Runesmith:EarthShield"],"obtain_stats":[{"Runesmith:BrokenRuby":0,"Lantern":2,"Anchor":6,"Mummified Hand":9,"Orrery":19,"aspiration:HummingbirdHeart":8,"Coffee Dripper":17,"aspiration:SeaSaltIceCream":9,"War Paint":12},{"Runesmith:BrokenRuby":0,"Lantern":1,"Anchor":4,"Mummified Hand":5,"Orrery":10,"aspiration:HummingbirdHeart":5,"Coffee Dripper":9,"aspiration:SeaSaltIceCream":5,"War Paint":7},{"Runesmith:BrokenRuby":0,"Lantern":4,"Anchor":18,"Mummified Hand":23,"Orrery":56,"aspiration:HummingbirdHeart":23,"Coffee Dripper":51,"aspiration:SeaSaltIceCream":23,"War Paint":34}]},"card_choices":[{"not_picked":["Secret Weapon","Violence"],"picked":"Chrysalis","floor":0},{"not_picked":["Runesmith:ChiselStab","Runesmith:CraftSpiculum"],"picked":"Runesmith:EarthShield","floor":1},{"not_picked":["Runesmith:CraftMagma","Runesmith:Repurpose"],"picked":"Runesmith:HammerThrow","floor":3},{"not_picked":["Runesmith:CraftIncendium","Runesmith:CraftProtectio"],"picked":"Runesmith:Refine","floor":5},{"not_picked":["Runesmith:CraftVitae","Runesmith:CraftMagma"],"picked":"Runesmith:HeatExchange","floor":6},{"not_picked":["Runesmith:HeatExchange","Runesmith:WhiteBalance","Runesmith:CraftVitae"],"picked":"SKIP","floor":8},{"not_picked":["Runesmith:Electrocute","Runesmith:HeatExchange"],"picked":"Runesmith:MakeshiftArmor","floor":11},{"not_picked":["Runesmith:Attraction","Runesmith:MakeshiftArmor"],"picked":"Runesmith:GoWithTheFlow","floor":12},{"not_picked":["Runesmith:MakeshiftArmor","Runesmith:ChiselStab"],"picked":"Runesmith:BackupBattery","floor":14},{"not_picked":["Runesmith:MetallurgicalResearch","Runesmith:ArcReactor"],"picked":"Runesmith:CreatorForm","floor":16},{"not_picked":["Runesmith:CraftObretio+1","Runesmith:EnergizedChisel"],"picked":"Runesmith:ChiselStab+1","floor":18},{"not_picked":["Runesmith:EnergizedChisel","Runesmith:Terraform"],"picked":"Runesmith:RuneHurl","floor":19},{"not_picked":["Runesmith:PerfectChisel","Runesmith:CraftReservo"],"picked":"Runesmith:Refine","floor":19},{"not_picked":["Runesmith:CraftSpiculum+1","Runesmith:ChargedHammer+1"],"picked":"Runesmith:BackupBattery","floor":19},{"not_picked":["Runesmith:HeatExchange","Runesmith:ChargedHammer"],"picked":"aspiration:UnbridledHammer","floor":19}],"player_experience":921980,"relics_obtained":[{"floor":6,"key":"Anchor"},{"floor":8,"key":"aspiration:HummingbirdHeart"},{"floor":9,"key":"aspiration:SeaSaltIceCream"},{"floor":12,"key":"War Paint"}],"event_choices":[{"damage_healed":0,"gold_gain":0,"player_choice":"Gave Potion","damage_taken":0,"relics_obtained":["Lantern"],"max_hp_gain":0,"max_hp_loss":0,"event_name":"WeMeetAgain","floor":2,"gold_loss":0},{"damage_healed":0,"gold_gain":0,"cards_transformed":["Runesmith:Strike_RS"],"player_choice":"Transformed","damage_taken":0,"max_hp_gain":0,"max_hp_loss":0,"event_name":"Transmorgrifier","floor":4,"gold_loss":0,"cards_obtained":["Runesmith:RunicBlueprint"]}],"is_beta":false,"boss_relics":[{"not_picked":["SlaversCollar","Empty Cage"],"picked":"Coffee Dripper"}],"items_purged_floors":[],"is_endless":false,"potions_floor_spawned":[1,6,11,16],"killed_by":"Spheric Guardian","ascension_level":3}}