{"host":"922zt4fjsmmy4kg9","time":1608862000,"event":{"mods":["A Magickal Journey","Act Like it!","BaseMod","Better Third Choice","Downfall","Friendly Minions","Hermit","HololiveMod","Hubris","Jorbs\u0027s Wanderer Trilogy","Kiyohime????","Koishi","Marisa????????","Minty Spire (QoL Compilation)","Quick Restart","Reimu??????","Shop Mod","Spicy Shops","StSLib","SuperFastMode","The Animator","The Disciple","The Runesmith"],"gold_per_floor":[99,127,149,175,84,84,84],"floor_reached":6,"playtime":221,"items_purged":[],"score":56,"play_id":"34ff80cf-2bfd-43db-8073-bf62b47e366e","local_time":"20201225130640","is_ascension_mode":true,"campfire_choices":[{"data":"animator:HarukoHaruhara","floor":1,"key":"SMITH"}],"circlet_count":0,"master_deck":["AscendersBane","animator:Strike_MadokaMagica","animator:Defend_MadokaMagica","animator:IrohaTamaki","animator:YuiTsuruno","Slimebound:Icky","animator:HarukoHaruhara+1","animator:YachiyoNanami","animator:RoyMustang","animator:Spearman","animator:Strike_MadokaMagica","animator:Strike_GATE","animator:Strike_Overlord","animator:Defend_FullmetalAlchemist","animator:Defend_Fate","animator:Defend_MadokaMagica"],"relics":["animator:LivingPicture","animator:TheMissingPiece"],"acts_visited":["Exordium"],"potions_floor_usage":[],"damage_taken":[{"damage":13,"enemies":"2 Louse","floor":2,"turns":3},{"damage":17,"enemies":"Small Slimes","floor":3,"turns":6},{"damage":11,"enemies":"Cultist","floor":4,"turns":5},{"damage":20,"enemies":"3 Sentries","floor":6,"turns":2}],"seed_played":"8622913106504408284","potions_obtained":[],"is_trial":false,"path_per_floor":["R","M","M","M","?","E"],"character_chosen":"THE_ANIMATOR","items_purchased":[],"campfire_rested":0,"item_purchase_floors":[],"current_hp_per_floor":[59,46,29,18,18,0,0],"gold":84,"neow_bonus":"RANDOM_COLORLESS_2","is_daily":false,"chose_seed":false,"campfire_upgraded":1,"win_rate":0.0,"timestamp":1608862000,"path_taken":["R","M","M","M","?","E"],"items_purchased_type":[],"build_version":"2020-12-22","purchased_purges":0,"victory":false,"max_hp_per_floor":[66,66,66,66,66,66,66],"card_choices":[{"not_picked":["animator:Lelouch","animator:Kira"],"picked":"animator:HarukoHaruhara","floor":0},{"not_picked":["animator:UneriGinkaku","animator:LizardPriest"],"picked":"animator:YachiyoNanami","floor":2},{"not_picked":["animator:Scar","animator:Kuribayashi"],"picked":"animator:RoyMustang","floor":3},{"not_picked":["animator:UneriGinkaku","animator:Gillette"],"picked":"animator:Spearman","floor":4}],"player_experience":1305634,"relics_obtained":[],"event_choices":[],"is_beta":false,"boss_relics":[],"items_purged_floors":[],"is_endless":false,"potions_floor_spawned":[],"killed_by":"3 Sentries","ascension_level":11}}