{"host":"ba8fi0vd2808q8ml","time":1608922094,"event":{"mods":["2.2 Compatiblity","AchievementEnabler","BaseMod","Hermit","Lobotomy","LobotomyExtend","Marisa£¨Ùöéë¡¡Øª×âÞÞ£©","Minty Spire (QoL Compilation)","StSLib","SuperFastMode","Td1madao Mod","The Bug Knight","The Cursed","The Servant 0.9.4"],"gold_per_floor":[120,195,195,195,211,211,240,240,291,291,291],"floor_reached":10,"playtime":169,"items_purged":[],"score":67,"play_id":"aaa052b7-121e-48ef-b3f2-b5008afb8a6b","local_time":"20201226034814","is_ascension_mode":true,"campfire_choices":[{"floor":6,"key":"REST"},{"floor":8,"key":"REST"}],"circlet_count":0,"master_deck":["SpecialBullet","SpecialBullet","SpecialBullet","SpecialBullet","SpecialBullet","SpecialBullet","SpecialBullet","SpecialBullet","ExtractionCode","DisciplinaryCode","TrainingCode","Wellcheers"],"relics":["CogitoBucket","Mummified Hand","Bottled Lightning","Potion Belt"],"acts_visited":["Exordium"],"potions_floor_usage":[],"damage_taken":[{"damage":6,"enemies":"2 Louse","floor":1,"turns":2},{"damage":7,"enemies":"Small Slimes","floor":5,"turns":2},{"damage":45,"enemies":"3 Sentries","floor":7,"turns":7},{"damage":0,"enemies":"Lagavulin","floor":10,"turns":3}],"seed_played":"8139945385603373953","potions_obtained":[],"is_trial":false,"path_per_floor":["M","?","?","?","M","R","E","R","T","E"],"character_chosen":"Angela","items_purchased":[],"campfire_rested":2,"item_purchase_floors":[],"current_hp_per_floor":[71,60,60,42,35,58,16,39,39,39,39],"gold":291,"neow_bonus":"TEN_PERCENT_HP_BONUS","is_daily":false,"chose_seed":false,"campfire_upgraded":0,"win_rate":0.0,"timestamp":1608922094,"path_taken":["M","?","?","?","M","R","E","R","T","E"],"items_purchased_type":[],"build_version":"2020-12-22","purchased_purges":0,"victory":false,"max_hp_per_floor":[77,77,77,77,77,77,77,77,77,77,77],"card_choices":[{"not_picked":["GreenStem","Soda"],"picked":"SKIP","floor":1},{"not_picked":["CherryBlossoms","FairyFestival"],"picked":"Wellcheers","floor":5},{"not_picked":["Loneliness","Lantern"],"picked":"SKIP","floor":5},{"not_picked":["Soda","Noise"],"picked":"SKIP","floor":7}],"player_experience":49257,"relics_obtained":[{"floor":7,"key":"Bottled Lightning"},{"floor":9,"key":"Potion Belt"}],"event_choices":[{"damage_healed":0,"gold_gain":75,"player_choice":"Gather Gold","damage_taken":11,"max_hp_gain":0,"max_hp_loss":0,"event_name":"World of Goop","floor":2,"gold_loss":0},{"damage_healed":0,"gold_gain":0,"player_choice":"Ignored","damage_taken":0,"max_hp_gain":0,"max_hp_loss":0,"event_name":"Liars Game","floor":3,"gold_loss":0},{"damage_healed":0,"gold_gain":0,"player_choice":"Success","damage_taken":18,"relics_obtained":["Mummified Hand"],"max_hp_gain":0,"max_hp_loss":0,"event_name":"Scrap Ooze","floor":4,"gold_loss":0}],"is_beta":false,"boss_relics":[],"items_purged_floors":[],"is_endless":false,"potions_floor_spawned":[],"killed_by":"Lagavulin","ascension_level":1}}