{"host":"h8l1uc7c2i19r904","time":1608890966,"event":{"mods":["AchievementEnabler","BaseMod","Colored Map","Colored Powertips","Downfall","Minty Spire (QoL Compilation)","Quick Restart","Replay The Spire","StSLib","SuperFastMode"],"gold_per_floor":[99,99,114,99,99,129,129,159,159,9,39,39,24,199,214,214,214],"floor_reached":16,"playtime":766,"items_purged":[],"score":139,"play_id":"180c6c83-545d-4ee1-8542-3f6302078c43","local_time":"20201225020926","daily_mods":["Heirloom","Time Dilation","Elite Swarm"],"is_ascension_mode":false,"campfire_choices":[{"floor":1,"key":"RECALL"},{"data":"Burst","floor":10,"key":"SMITH"},{"data":"Wraith Form v2","floor":12,"key":"SMITH"}],"circlet_count":0,"master_deck":["Strike_G","Strike_G","Strike_G","Strike_G","Strike_G","Defend_G","Defend_G","Defend_G+1","Defend_G","Defend_G","Survivor+1","Neutralize","Blade Dance","Burst+1","Replay:Bag of Tricks","Wraith Form v2+1","Doubt","Infinite Blades"],"relics":["Ring of the Snake","Torii","Replay:Mystery Machine","Strawberry","downfall:HeartBlessingRed","downfall:HeartBlessingBlue","StrikeDummy"],"acts_visited":["Exordium"],"potions_floor_usage":[8,16,16],"damage_taken":[{"damage":0,"enemies":"Small Slimes","floor":3,"turns":3},{"damage":0,"enemies":"downfall:FleeingMerchant","floor":4,"turns":4},{"damage":32,"enemies":"3 Sentries","floor":6,"turns":13},{"damage":27,"enemies":"Gremlin Nob","floor":8,"turns":5},{"damage":13,"enemies":"Replay:BlueRogue","floor":11,"turns":3},{"damage":0,"enemies":"downfall:FleeingMerchant","floor":13,"turns":4},{"damage":0,"enemies":"Cultist","floor":15,"turns":3},{"damage":16,"enemies":"downfall:Silent","floor":16,"turns":4}],"seed_played":"-567031674859551473","potions_obtained":[{"floor":6,"key":"Dexterity Potion"},{"floor":11,"key":"Dexterity Potion"},{"floor":15,"key":"AttackPotion"}],"is_trial":false,"path_per_floor":["R","?","M","$","?","E","T","E","?","R","E","R","$","?","M","B"],"character_chosen":"THE_SILENT","items_purchased":[],"campfire_rested":0,"item_purchase_floors":[],"current_hp_per_floor":[70,70,70,70,70,38,38,18,18,28,15,15,15,15,15,0,0],"gold":214,"neow_bonus":"","is_daily":true,"chose_seed":false,"campfire_upgraded":2,"win_rate":0.0,"timestamp":1608890966,"path_taken":["R","?","?","$","?","E","T","E","?","R","E","R","$","?","M","BOSS"],"items_purchased_type":[],"build_version":"2020-12-22","purchased_purges":0,"victory":false,"max_hp_per_floor":[70,70,70,70,70,70,70,77,77,87,87,87,87,87,87,87,87],"card_choices":[{"not_picked":["Deflect","Quick Slash"],"picked":"Blade Dance","floor":3},{"not_picked":["Grand Finale","Sucker Punch","Tools of the Trade"],"picked":"SKIP","floor":4},{"not_picked":["Atom Bomb","Night Terror"],"picked":"Burst","floor":6},{"not_picked":["ReplayTheSpireMod:Necrosis","Grand Finale"],"picked":"Replay:Bag of Tricks","floor":8},{"not_picked":["Corpse Explosion","Die Die Die"],"picked":"Wraith Form v2","floor":11},{"not_picked":["Deadly Poison","PiercingWail","Calculated Gamble"],"picked":"SKIP","floor":13},{"not_picked":["Backflip","Noxious Fumes"],"picked":"Infinite Blades","floor":15}],"player_experience":147208,"relics_obtained":[{"floor":6,"key":"Replay:Mystery Machine"},{"floor":8,"key":"Strawberry"},{"floor":11,"key":"StrikeDummy"}],"event_choices":[{"damage_healed":0,"gold_gain":0,"player_choice":"Upgraded","damage_taken":0,"max_hp_gain":0,"max_hp_loss":0,"event_name":"Upgrade Shrine","floor":2,"gold_loss":0,"cards_upgraded":["Survivor"]}],"is_beta":false,"boss_relics":[],"items_purged_floors":[],"is_endless":false,"potions_floor_spawned":[6,11,15],"killed_by":"downfall:Silent","ascension_level":0}}