{"host":"v4s5k3c6jywmeofl","time":1608874041,"event":{"mods":["Act Like it!","BaseMod","Colored Map","Downfall","Gensokyo","Hallownest","Hermit","Marisa????????","Minty Spire (QoL Compilation)","Quick Restart","Random Character Button","Rare Cards Sparkle","Replay The Spire","StSLib","The Animator","The Bug Knight","The Cursed","The Hierophant","The Servant 0.9.4"],"gold_per_floor":[118,130,80,91,91,120,135,135,135,135,152,152,47,74,74,179,179,445,455,455,439,52,52,52,0,53,5,15,15,285,445,445,545,545,557,352,367,406,419,419,429,429,505,505,505,574,574,588,588,588,588,588,260,291,291,291],"floor_reached":55,"playtime":2875,"items_purged":["Gensokyo:ImpossibleRequest"],"score":800,"play_id":"e715984f-2038-4424-8c5f-9456802f7b13","local_time":"20201225002721","is_ascension_mode":false,"campfire_choices":[{"data":"Armaments","floor":8,"key":"SMITH"},{"data":"Armaments","floor":15,"key":"SMITH"},{"floor":23,"key":"RECALL"},{"floor":32,"key":"REST"},{"floor":40,"key":"REST"},{"floor":49,"key":"REST"},{"floor":52,"key":"REST"}],"circlet_count":0,"master_deck":["Strike_R","Strike_R","Strike_R","Strike_R","Strike_R","Defend_R","Defend_R+1","Defend_R","Defend_R","Bash","Pot Of Greed","Armaments+1","Pot Of Greed","Heavy Blade","Armaments+1","Armaments","Offering","Thunderclap+1","Flex","Warcry+1","Pot Of Greed","Flex","Pommel Strike+1","Pommel Strike","Limit Break","Heavy Blade","Pommel Strike","Looming Evil","Heavy Blade+1","Iron Wave+1","Pot Of Greed","Regret","Thunderclap+1","Thunderclap+1"],"relics":["Burning Blood","Grinning Jar","Gensokyo:OccultBall","Replay:Accelerometer","Red Skull","Gensokyo:NagashiBinaDoll","Gensokyo:Mercy","Replay:Wax Seal","Bronze Scales","Fusion Hammer","Bag of Marbles","Gensokyo:ConquerorOfFear","PreservedInsect","Pen Nib","Cursed Key","Lantern","Unceasing Top","Replay:Bottled Flurry","Shuriken","Oddly Smooth Stone","ReplayTheSpireMod:Shallot"],"acts_visited":["Gensokyo:Gensokyo","Gensokyo:Gensokyoer","Gensokyo:Gensokyoest","TheEnding"],"potions_floor_usage":[16,16,33,33,33,48,55,55,55],"damage_taken":[{"damage":0,"enemies":"Gensokyo:3_Fairies","floor":1,"turns":4},{"damage":7,"enemies":"Gensokyo:2_Kodama","floor":2,"turns":4},{"damage":6,"enemies":"Gensokyo:Python","floor":4,"turns":3},{"damage":24,"enemies":"Gensokyo:Aya","floor":6,"turns":5},{"damage":8,"enemies":"Gensokyo:CorruptedTreant","floor":7,"turns":4},{"damage":8,"enemies":"Gensokyo:3_Kodama","floor":11,"turns":7},{"damage":25,"enemies":"Gensokyo:Mamizou","floor":14,"turns":11},{"damage":18,"enemies":"Gensokyo:Yukari","floor":16,"turns":15},{"damage":45,"enemies":"Gensokyo:2_Gloops","floor":18,"turns":7},{"damage":6,"enemies":"Gensokyo:Chomper","floor":19,"turns":2},{"damage":16,"enemies":"Gensokyo:Swordslinger","floor":28,"turns":4},{"damage":11,"enemies":"Gensokyo:Mirror_and_Dog","floor":30,"turns":4},{"damage":6,"enemies":"Gensokyo:3_Gloops","floor":31,"turns":4},{"damage":28,"enemies":"Gensokyo:Eiki","floor":33,"turns":6},{"damage":6,"enemies":"Gensokyo:3_Boulders","floor":35,"turns":4},{"damage":0,"enemies":"Gensokyo:3_Bats","floor":37,"turns":2},{"damage":7,"enemies":"Gensokyo:Dusk_and_Dawn","floor":39,"turns":3},{"damage":0,"enemies":"Gensokyo:Sharpion","floor":41,"turns":1},{"damage":18,"enemies":"Gensokyo:SeedOfUnknown","floor":48,"turns":4},{"damage":9,"enemies":"Gensokyo:Shinki","floor":50,"turns":6},{"damage":6,"enemies":"Shield and Spear","floor":54,"turns":2},{"damage":83,"enemies":"The Heart","floor":55,"turns":5}],"seed_played":"4617612390002743725","potions_obtained":[{"floor":1,"key":"Block Potion"},{"floor":14,"key":"DistilledChaos"},{"floor":19,"key":"Weak Potion"},{"floor":28,"key":"champ:CounterPotion"},{"floor":31,"key":"LiquidBronze"},{"floor":35,"key":"Strength Potion"},{"floor":37,"key":"ColorlessPotion"}],"is_trial":false,"path_per_floor":["M","M","$","M","?","E","M","R","T","?","M","?","COS","E","R","B",null,"M","M","?","?","$","R","$","?","T","COS","M","$","M","M","R","B",null,"M","$","M","?","M","R","M","COS","T","?","?","T","?","M","R","B",null,"R","$","E","B"],"character_chosen":"IRONCLAD","items_purchased":["Armaments","Flex","PreservedInsect","Pen Nib","Warcry+1","Pommel Strike","Lantern","Oddly Smooth Stone","Adrenaline Potion","SteroidPotion"],"campfire_rested":4,"item_purchase_floors":[3,22,22,22,22,36,36,53,53,53],"current_hp_per_floor":[80,79,79,79,79,61,59,59,59,59,57,57,57,38,38,26,80,41,41,41,80,80,80,80,80,80,80,70,70,65,65,80,58,80,80,80,80,80,79,80,80,80,80,80,68,68,68,56,80,77,80,80,80,80,0,0],"gold":291,"neow_bonus":"RANDOM_COMMON_RELIC","is_daily":false,"chose_seed":false,"campfire_upgraded":2,"win_rate":0.0,"timestamp":1608874041,"path_taken":["M","M","?","M","?","E","M","R","T","?","M","?","COS","E","R","BOSS","M","M","?","?","?","R","$","?","T","COS","M","?","M","M","R","BOSS","M","$","M","?","?","R","M","COS","T","?","?","?","?","M","R","BOSS","R","$","E","BOSS"],"items_purchased_type":["Card","Card","Relic","Relic","Card","Card","Relic","Relic","Potion","Potion"],"build_version":"2020-12-22","purchased_purges":1,"victory":false,"max_hp_per_floor":[80,80,80,80,80,80,80,80,80,80,80,80,80,80,80,80,80,80,80,80,80,80,80,80,80,80,80,80,80,80,80,80,80,80,80,80,80,80,80,80,80,80,80,80,80,80,80,80,80,80,80,80,80,80,80,80],"card_choices":[{"not_picked":["Intimidate","Searing Blow"],"picked":"Pummel","floor":1},{"not_picked":["Sword Boomerang","Warcry","Body Slam"],"picked":"SKIP","floor":2},{"not_picked":["Clothesline","Entrench"],"picked":"Heavy Blade","floor":4},{"not_picked":["Hemogenesis","Whirlwind","Entrench"],"picked":"SKIP","floor":6},{"not_picked":["Defy Death","Whirlwind"],"picked":"Run Through","floor":7},{"not_picked":["Warcry","Rupture"],"picked":"Armaments","floor":11},{"not_picked":["Body Slam","Eclipse"],"picked":"Armaments","floor":14},{"not_picked":["Eclipse","Berserk"],"picked":"Offering","floor":16},{"not_picked":["Clothesline","Clash"],"picked":"Cleave","floor":18},{"not_picked":["Replay:Undeath\u0027s Touch","Sword Boomerang"],"picked":"Thunderclap+1","floor":19},{"not_picked":["Armaments","Searing Blow"],"picked":"Flex","floor":28},{"not_picked":["Body Slam","Juggernaut"],"picked":"Pommel Strike+1","floor":30},{"not_picked":["Rage","Armaments"],"picked":"Pommel Strike","floor":31},{"not_picked":["Feed","Bludgeon"],"picked":"Limit Break","floor":33},{"not_picked":["Twin Strike","Clash+1"],"picked":"Heavy Blade","floor":35},{"not_picked":["Intimidate","Massacre+1","Body Slam"],"picked":"SKIP","floor":37},{"not_picked":["ReplayTheSpireMod:Stacked","Massacre"],"picked":"Heavy Blade+1","floor":38},{"not_picked":["Shrug It Off+1","ReplayTheSpireMod:LeadingStrike"],"picked":"Iron Wave+1","floor":39},{"not_picked":["Reckless Charge+1","Thunderclap","Hemokinesis"],"picked":"SKIP","floor":41},{"not_picked":["Hemogenesis","Clash+1"],"picked":"Thunderclap+1","floor":48},{"not_picked":["Blood for Blood","Sever Soul+1"],"picked":"Thunderclap+1","floor":54}],"player_experience":143115,"relics_obtained":[{"floor":6,"key":"Replay:Accelerometer"},{"floor":9,"key":"Red Skull"},{"floor":11,"key":"Gensokyo:OccultBall"},{"floor":14,"key":"Replay:Wax Seal"},{"floor":16,"key":"Gensokyo:OccultBall"},{"floor":28,"key":"Gensokyo:ConquerorOfFear"},{"floor":33,"key":"Gensokyo:OccultBall"},{"floor":38,"key":"Unceasing Top"},{"floor":39,"key":"Gensokyo:OccultBall"},{"floor":41,"key":"Gensokyo:OccultBall"},{"floor":43,"key":"Replay:Bottled Flurry"},{"floor":46,"key":"Shuriken"},{"floor":54,"key":"ReplayTheSpireMod:Shallot"}],"event_choices":[],"is_beta":false,"boss_relics":[{"not_picked":["Runic Dome","Ooze Armor"],"picked":"Fusion Hammer"},{"not_picked":["Abe\u0027s Treasure","Runic Cube"],"picked":"Cursed Key"}],"items_purged_floors":[53],"is_endless":false,"potions_floor_spawned":[1,14,19,28,31,35,37],"killed_by":"The Heart","ascension_level":0}}