{"host":"2461dio7vetlq1z3","time":1608895255,"event":{"mods":["2.2 Compatiblity","AchievementEnabler","Aspiration","BaseMod","Better Third Choice","Hermit","Minty Spire (QoL Compilation)","Relic Stats","Spicy Shops","StSLib","The Runesmith","Waifu the Spire"],"gold_per_floor":[111,111,36,48,48,75,75,91,116,116,116,130,153,153,153],"floor_reached":14,"playtime":370,"items_purged":[],"score":180,"play_id":"9161b56b-b7ae-40f7-ad40-7dd008e9a61f","local_time":"20201225122055","is_ascension_mode":true,"campfire_choices":[{"floor":7,"key":"REST"},{"data":"Neutralize","floor":10,"key":"SMITH"}],"circlet_count":0,"master_deck":["AscendersBane","Strike_G","Strike_G","Strike_G","Strike_G","Defend_G","Defend_G","Defend_G","Defend_G","Defend_G","Survivor","Neutralize+1","All Out Attack","Deadly Poison","Poisoned Stab","Leg Sweep","Calculated Gamble","Bane"],"relics":["Ring of the Snake","aspiration:Nostalgia","Runesmith:BrokenRuby","Snake Skull","Letter Opener","Vajra","Golden Idol"],"acts_visited":["Exordium"],"potions_floor_usage":[6,6],"damage_taken":[{"damage":0,"enemies":"Small Slimes","floor":1,"turns":4},{"damage":7,"enemies":"Jaw Worm","floor":4,"turns":6},{"damage":16,"enemies":"Lagavulin","floor":6,"turns":8},{"damage":1,"enemies":"Cultist","floor":8,"turns":3},{"damage":0,"enemies":"Looter","floor":12,"turns":3},{"damage":2,"enemies":"Exordium Wildlife","floor":13,"turns":4},{"damage":25,"enemies":"Gremlin Nob","floor":14,"turns":3}],"seed_played":"6124559982349674990","potions_obtained":[{"floor":1,"key":"Ancient Potion"},{"floor":4,"key":"Weak Potion"},{"floor":13,"key":"Fire Potion"}],"is_trial":false,"path_per_floor":["M","?","?","M","?","E","R","M","T","R","?","M","M","E"],"character_chosen":"THE_SILENT","items_purchased":[],"campfire_rested":1,"item_purchase_floors":[],"current_hp_per_floor":[59,59,59,52,47,31,50,49,49,49,26,26,24,0,0],"gold":153,"neow_bonus":"NOSTALGIA","is_daily":false,"chose_seed":false,"campfire_upgraded":1,"win_rate":0.0,"timestamp":1608895255,"path_taken":["M","?","?","M","?","E","R","M","T","R","?","M","?","E"],"items_purchased_type":[],"build_version":"2020-12-22","purchased_purges":0,"victory":false,"max_hp_per_floor":[66,66,66,66,66,66,66,66,66,66,66,66,66,66,66],"relic_stats":{"counters":[7,31],"Golden Idol":8,"Snake Skull":[11],"Letter Opener":[0],"obtain_stats":[{"Runesmith:BrokenRuby":0,"aspiration:Nostalgia":0,"Golden Idol":11,"Vajra":9,"Snake Skull":5,"Letter Opener":6,"Ring of the Snake":0},{"Runesmith:BrokenRuby":0,"aspiration:Nostalgia":0,"Golden Idol":4,"Vajra":4,"Snake Skull":2,"Letter Opener":3,"Ring of the Snake":0},{"Runesmith:BrokenRuby":0,"aspiration:Nostalgia":0,"Golden Idol":21,"Vajra":21,"Snake Skull":10,"Letter Opener":18,"Ring of the Snake":0}],"Ring of the Snake":[14]},"card_choices":[{"not_picked":["Blade Dance","Setup"],"picked":"All Out Attack","floor":1},{"not_picked":["Setup","Prepared"],"picked":"Deadly Poison","floor":4},{"not_picked":["Heel Hook","Concentrate"],"picked":"Poisoned Stab","floor":6},{"not_picked":["Backflip","Quick Slash"],"picked":"Leg Sweep","floor":8},{"not_picked":["Blade Dance","Accuracy"],"picked":"Calculated Gamble","floor":12},{"not_picked":["Slice","Prepared"],"picked":"Bane","floor":13}],"player_experience":925405,"relics_obtained":[{"floor":6,"key":"Letter Opener"},{"floor":9,"key":"Vajra"}],"event_choices":[{"damage_healed":0,"gold_gain":0,"player_choice":"Ignored","damage_taken":111,"max_hp_gain":0,"max_hp_loss":0,"event_name":"betterThird:BetterSerpent","floor":2,"gold_loss":0},{"cards_removed":["Strike_G"],"damage_healed":0,"gold_gain":0,"player_choice":"Card Removal","damage_taken":0,"max_hp_gain":0,"max_hp_loss":0,"event_name":"The Cleric","floor":3,"gold_loss":75},{"damage_healed":0,"gold_gain":0,"player_choice":"Relic ","damage_taken":5,"max_hp_gain":0,"max_hp_loss":0,"event_name":"betterThird:BetterScrap","floor":5,"gold_loss":0,"cards_obtained":["Establishment"]},{"damage_healed":0,"gold_gain":0,"player_choice":"Take Damage","damage_taken":23,"relics_obtained":["Golden Idol"],"max_hp_gain":0,"max_hp_loss":0,"event_name":"Golden Idol","floor":11,"gold_loss":0}],"is_beta":false,"boss_relics":[],"items_purged_floors":[],"is_endless":false,"potions_floor_spawned":[1,4,13],"killed_by":"Gremlin Nob","ascension_level":20}}