{"host":"dntw6kil9p09eemm","time":1608893163,"event":{"mods":["Alarm Clock","Aspiration","BaseMod","Colored Powertips","Downfall","Hermit","Hubris","Minty Spire (QoL Compilation)","Permanent Neow","Shop Mod","Spicy Shops","StSLib","The Runesmith"],"gold_per_floor":[214,227,227,245,262,262,275,4,29,29,46,59,59,77,77,176,176,189,112,112,112,122,122,141,124,151,151,163,163,163,163],"floor_reached":29,"playtime":1162,"items_purged":["Slimebound:Strike_Slimebound"],"score":219,"play_id":"a8b67b95-a8df-4e6e-abd1-501e915f5819","local_time":"20201225194603","is_ascension_mode":false,"campfire_choices":[{"data":"Slimebound:Split","floor":6.0,"key":"SMITH"},{"floor":15.0,"key":"REST"},{"data":"Slimebound:GoopSpray","floor":23,"key":"SMITH"},{"floor":27,"key":"REST"}],"circlet_count":0,"master_deck":["Slimebound:Strike_Slimebound","Slimebound:Strike_Slimebound","Slimebound:Tackle","Slimebound:Defend_Slimebound","Slimebound:Defend_Slimebound","Slimebound:Defend_Slimebound","Slimebound:Split+1","Slimebound:CorrosiveSpit+1","Slimebound:SplitBruiser","Slimebound:GoopSpray+1","Slimebound:DisruptingSlam","Slimebound:SplitBruiser","Slimebound:Overexert","Slimebound:AcidTongue","Slimebound:LivingWall","Slimebound:LeechLife","Slimebound:DisruptingSlam+1","Slimebound:Gluttony","Slimebound:Schlurp"],"relics":["Slimebound:AbsorbEndCombat","Membership Card","MerchantsRug","Singing Bowl","Juzu Bracelet","Black Star","Bird Faced Urn","Pen Nib"],"acts_visited":["Exordium","TheCity"],"potions_floor_usage":[29],"damage_taken":[{"damage":5.0,"enemies":"Jaw Worm","floor":1.0,"turns":4.0},{"damage":8.0,"enemies":"2 Louse","floor":2.0,"turns":3.0},{"damage":8.0,"enemies":"Cultist","floor":4.0,"turns":3.0},{"damage":20.0,"enemies":"Lots of Slimes","floor":5.0,"turns":2.0},{"damage":30.0,"enemies":"Exordium Wildlife","floor":7.0,"turns":4.0},{"damage":13.0,"enemies":"2 Fungi Beasts","floor":11.0,"turns":3.0},{"damage":14.0,"enemies":"Blue Slaver","floor":12.0,"turns":3.0},{"damage":22.0,"enemies":"3 Louse","floor":14.0,"turns":2.0},{"damage":45.0,"enemies":"Slime Boss","floor":16.0,"turns":6.0},{"damage":26.0,"enemies":"Chosen","floor":18.0,"turns":4.0},{"damage":26,"enemies":"3 Byrds","floor":22,"turns":3},{"damage":41,"enemies":"Cultist and Chosen","floor":24,"turns":5},{"damage":45,"enemies":"Snecko","floor":28,"turns":4},{"damage":43,"enemies":"Slavers","floor":29,"turns":2}],"seed_played":"-8939092229488771884","potions_obtained":[{"floor":1.0,"key":"Strength Potion"},{"floor":4.0,"key":"Block Potion"},{"floor":7.0,"key":"Fire Potion"},{"floor":16.0,"key":"champ:CounterPotion"},{"floor":18.0,"key":"DistilledChaos"},{"floor":28,"key":"EssenceOfSteel"}],"is_trial":false,"path_per_floor":["M","M","?","M","M","R","M","$","T","?","M","M","?","M","R","B",null,"M","$","?","?","M","R","M","$","T","R","M","E"],"character_chosen":"SLIMEBOUND","items_purchased":["Membership Card","MerchantsRug","Singing Bowl","Bird Faced Urn","Slimebound:Gluttony"],"campfire_rested":2,"item_purchase_floors":[8,8,8,19,25],"current_hp_per_floor":[60,60,63,63,53,53,39,39,39,39,34,30,30,24,42,19,63,58,58,58,58,56,56,41,41,41,61,38,0,0,0],"gold":163,"neow_bonus":"HUNDRED_GOLD","is_daily":false,"chose_seed":false,"campfire_upgraded":2,"win_rate":0.0,"timestamp":1608893163,"path_taken":["M","M","?","M","M","R","M","$","T","?","M","M","?","M","R","BOSS","M","?","?","?","M","R","M","$","T","R","M","E"],"items_purchased_type":["Relic","Relic","Relic","Relic","Card"],"build_version":"2020-12-22","purchased_purges":1,"victory":false,"max_hp_per_floor":[60,60,63,63,63,63,63,63,63,63,63,63,63,63,63,63,63,63,63,63,63,65,65,67,67,67,67,67,67,67,67],"card_choices":[{"not_picked":["Slimebound:Chomp","Slimebound:AcidTongue"],"picked":"Slimebound:SplitBruiser","floor":1.0},{"not_picked":["Slimebound:AcidTongue","Slimebound:SlimeSpikes"],"picked":"Slimebound:GoopSpray","floor":2.0},{"not_picked":["Slimebound:LeechingTouch","Slimebound:PressTheAttack"],"picked":"Slimebound:DisruptingSlam","floor":4.0},{"not_picked":["Slimebound:HungryTackle","Slimebound:SlimeSpikes"],"picked":"Slimebound:SplitBruiser","floor":5.0},{"not_picked":["Slimebound:RollThrough","Slimebound:LeechEnergy","Slimebound:FinishingTackle"],"picked":"SKIP","floor":7.0},{"not_picked":["Slimebound:FinishingTackle","Slimebound:GoopTackle"],"picked":"Slimebound:Overexert","floor":11.0},{"not_picked":["Slimebound:FlameTackle","Slimebound:GoopSpray"],"picked":"Slimebound:AcidTongue","floor":12.0},{"not_picked":["Slimebound:Schlurp","Slimebound:ForwardTackle"],"picked":"Slimebound:LivingWall","floor":14.0},{"not_picked":["Slimebound:RallyTheTroops","Slimebound:WasteNot"],"picked":"Slimebound:LeechLife","floor":16.0},{"not_picked":["Slimebound:LevelUp","Slimebound:TongueLash+1"],"picked":"Slimebound:DisruptingSlam+1","floor":18.0},{"not_picked":["Slimebound:RollThrough","Slimebound:GoopSpray","Slimebound:LeechEnergy"],"picked":"Singing Bowl","floor":22},{"not_picked":["Slimebound:SplitLeeching+1","Slimebound:SlimeTap","Slimebound:BestDefense"],"picked":"Singing Bowl","floor":24},{"not_picked":["Slimebound:GrowthPunch","Slimebound:ServeAndProtect"],"picked":"Slimebound:Schlurp","floor":28}],"player_experience":462448,"relics_obtained":[{"floor":9.0,"key":"Juzu Bracelet"},{"floor":26,"key":"Pen Nib"}],"event_choices":[{"cards_removed":["Slimebound:Defend_Slimebound"],"damage_healed":0.0,"max_hp_gain":0.0,"max_hp_loss":0.0,"gold_gain":0.0,"event_name":"Purifier","player_choice":"Purged","floor":10.0,"gold_loss":0.0,"damage_taken":0.0},{"damage_healed":0.0,"max_hp_gain":0.0,"max_hp_loss":0.0,"gold_gain":0.0,"event_name":"Accursed Blacksmith","player_choice":"Forge","floor":13.0,"gold_loss":0.0,"damage_taken":0.0,"cards_upgraded":["Slimebound:CorrosiveSpit"]}],"is_beta":false,"boss_relics":[{"not_picked":["Slimebound:TarBlob","hubris:VirtuousBlindfold"],"picked":"Black Star"}],"items_purged_floors":[25],"is_endless":false,"potions_floor_spawned":[1,4,7,16,18,28],"killed_by":"Slavers","ascension_level":0}}