{"host":"jr9f8lmgw9kaplsw","time":1608856521,"event":{"mods":["AchievementEnabler","BaseMod","BetterRewards","Colored Map","Hubris","Minty Spire (QoL Compilation)","Replay The Spire","Shop Mod","StSLib","The Cursed"],"gold_per_floor":[114,114,137,166,16,60,93,118,118,143,185,185,229,254,254,370,370,393,420,449,474,114,114,154,154,204,204,223,223,250,291,291,411,411,456,483,123,160,160,160,187,233,308,358,422,422,451,493,493,507],"floor_reached":51,"playtime":5878,"items_purged":[],"score":933,"play_id":"f1ba5890-3554-4a08-b597-1a8246d2f3b5","local_time":"20201224193521","daily_mods":["Insanity","Purple Cards","DeadlyEvents"],"is_ascension_mode":false,"campfire_choices":[{"floor":12,"key":"REST"},{"floor":15,"key":"DIG"},{"floor":23,"key":"REST"},{"floor":27,"key":"REST"},{"data":"Judgement","floor":32,"key":"SMITH"},{"floor":40,"key":"REST"},{"floor":46,"key":"REST"},{"floor":49,"key":"REST"}],"circlet_count":0,"master_deck":["Coolheaded","Crescendo","Panic Button","Loop","SashWhip","ReplayTheSpireMod:Reroute Power","Weave","CrushJoints","Wireheading","FIFO Queue","Steam+1","BowlingBash","Stack","Crescendo","Fusion","Go for the Eyes","Prostrate","Sweeping Beam","CutThroughFate","Crescendo","Streamline","WheelKick","FTL","CrushJoints","Turbo","Replay:DivineShield","FlurryOfBlows","Static Discharge","Go for the Eyes","Darkness","FearNoEvil","SashWhip","Replay:Battleflow+1","Redo","Sweeping Beam","Prostrate","Streamline","WreathOfFlame","Panic Button","Cold Snap","Barrage","Blizzard","Panic Button","Coolheaded","EmptyFist","Weave","ThirdEye","Doom and Gloom","Leap","SandsOfTime","ForeignInfluence","Regret","Ball Lightning","Streamline","Replay:Hysterical Blindness","Leap","Redo","hubris:Prefetch","Buffer","Capacitor","Judgement+1","Self Repair","Cold Snap","Streamline+1","Omniscience","Cold Snap+1","Ball Lightning+1","Judgement","Gash","Genetic Algorithm+1","Leap+1","Chill","BootSequence+1","Prostrate+1","Chill","Loop","Pot Of Greed","Pot Of Greed","Pot Of Greed","Pot Of Greed","Pot Of Greed","Pot Of Greed","Pot Of Greed","Go for the Eyes","Coolheaded"],"relics":["Cracked Core","Replay:Bandana","ReplayTheSpireMod:CursedCoin","hubris:GlazedTorus","The Courier","Iron Hammer","War Paint","Blood Vial","Omamori","hubris:BlackHole","PreservedInsect","Bronze Scales","ReplayTheSpireMod:TigerMarble","Blue Doll","Replay:Baseball","Ring of Chaos","Calipers","Oddly Smooth Stone","WarpedTongs","Dream Catcher","ReplayTheSpireMod:Shallot","hubris:SlimyHat","StoneCalendar","Grinning Jar"],"acts_visited":["Exordium","TheCity","TheBeyond"],"potions_floor_usage":[13,24,24,33,33],"damage_taken":[{"damage":0,"enemies":"Small Slimes","floor":1,"turns":2},{"damage":9,"enemies":"Jaw Worm","floor":3,"turns":2},{"damage":0,"enemies":"Cultist","floor":4,"turns":2},{"damage":1,"enemies":"Replay:BlueRogue","floor":6,"turns":4},{"damage":10,"enemies":"Lots of Slimes","floor":7,"turns":2},{"damage":10,"enemies":"2 Fungi Beasts","floor":8,"turns":2},{"damage":4,"enemies":"3 Louse","floor":10,"turns":2},{"damage":12,"enemies":"Gremlin Nob","floor":11,"turns":3},{"damage":9,"enemies":"3 Sentries","floor":13,"turns":3},{"damage":0,"enemies":"Large Slime","floor":14,"turns":5},{"damage":0,"enemies":"Slime Boss","floor":16,"turns":5},{"damage":0,"enemies":"2 Thieves","floor":18,"turns":2},{"damage":10,"enemies":"Shell Parasite","floor":19,"turns":2},{"damage":15,"enemies":"Snake Plant","floor":20,"turns":3},{"damage":11,"enemies":"Chosen and Byrds","floor":21,"turns":1},{"damage":19,"enemies":"Replay:Snechameleon","floor":24,"turns":3},{"damage":0,"enemies":"Sentry and Sphere","floor":28,"turns":1},{"damage":0,"enemies":"Snake Plant","floor":30,"turns":2},{"damage":4,"enemies":"Snecko","floor":31,"turns":3},{"damage":25,"enemies":"Collector","floor":33,"turns":5},{"damage":12,"enemies":"3 Darklings","floor":35,"turns":3},{"damage":9,"enemies":"Orb Walker","floor":36,"turns":2},{"damage":24,"enemies":"Maw","floor":38,"turns":6},{"damage":21,"enemies":"4 Shapes","floor":41,"turns":3},{"damage":18,"enemies":"Giant Head","floor":42,"turns":7},{"damage":0,"enemies":"Reptomancer","floor":44,"turns":4},{"damage":35,"enemies":"2 Orb Walkers","floor":45,"turns":5},{"damage":5,"enemies":"Writhing Mass","floor":47,"turns":4},{"damage":9,"enemies":"Giant Head","floor":48,"turns":5},{"damage":45,"enemies":"Time Eater","floor":50,"turns":7}],"seed_played":"-4388098555046818604","potions_obtained":[{"floor":7,"key":"Cursed Concoction"},{"floor":10,"key":"Explosive Potion"},{"floor":13,"key":"DistilledChaos"},{"floor":14,"key":"AttackPotion"},{"floor":24,"key":"Energy Potion"},{"floor":30,"key":"EssenceOfDarkness"},{"floor":35,"key":"SpeedPotion"},{"floor":45,"key":"FairyPotion"}],"is_trial":false,"path_per_floor":["M","?","M","M","$","E","M","M","T","M","E","R","E","M","R_BF","B",null,"M","M","M","M","$","R","E","?","T","R","M","?","M","M","R","B",null,"M","M","$","M","?","R","M","E","T","E","?","R","M","E","R","B",null],"character_chosen":"DEFECT","items_purchased":["ReplayTheSpireMod:CursedCoin","hubris:GlazedTorus","PreservedInsect","Bronze Scales","ReplayTheSpireMod:TigerMarble","Calipers","Oddly Smooth Stone"],"campfire_rested":6,"item_purchase_floors":[5,5,22,22,22,37,37],"current_hp_per_floor":[75,75,66,66,66,65,55,45,45,41,29,51,42,44,44,46,75,75,65,62,53,53,75,56,59,59,78,78,78,78,74,74,58,78,76,69,69,54,54,77,64,48,48,50,17,40,37,40,63,20],"gold":507,"neow_bonus":"","is_daily":true,"chose_seed":false,"campfire_upgraded":1,"win_rate":0.0,"timestamp":1608856521,"path_taken":["M","?","M","M","$","E","?","?","T","M","E","R","?","M","R_BF","BOSS","M","?","M","M","$","R","E","?","T","R","M","?","M","M","R","BOSS","M","M","$","M","?","R","M","E","T","?","?","R","?","?","R","BOSS"],"items_purchased_type":["Relic","Relic","Relic","Relic","Relic","Relic","Relic"],"build_version":"2020-12-22","purchased_purges":0,"victory":true,"max_hp_per_floor":[75,75,75,75,75,75,75,75,75,75,75,75,75,75,75,75,75,75,75,75,75,75,75,75,78,78,78,78,78,78,78,78,78,78,78,78,78,78,78,78,78,78,78,78,78,78,78,78,78,78],"card_choices":[{"not_picked":["Compile Driver","Gash"],"picked":"ForeignInfluence","floor":1},{"not_picked":["ThirdEye","Replay:BluntJabs"],"picked":"Ball Lightning","floor":3},{"not_picked":["Protect","Study"],"picked":"Streamline","floor":4},{"not_picked":["Replay:DivineShield","FlurryOfBlows","Scrape"],"picked":"SKIP","floor":6},{"not_picked":["Streamline","Replay:ManipulateFuture"],"picked":"Leap","floor":7},{"not_picked":["ClearTheMind","CrushJoints"],"picked":"Redo","floor":8},{"not_picked":["Meditate","Storm","Conclude"],"picked":"SKIP","floor":10},{"not_picked":["JustLucky","Compile Driver"],"picked":"hubris:Prefetch","floor":11},{"not_picked":["Storm","Halt"],"picked":"Buffer","floor":13},{"not_picked":["Recycle","ThirdEye"],"picked":"Capacitor","floor":14},{"not_picked":["MasterReality","Omniscience"],"picked":"Judgement","floor":16},{"not_picked":["Compile Driver","Adaptation+1","Go for the Eyes"],"picked":"SKIP","floor":18},{"not_picked":["FlurryOfBlows","PathToVictory"],"picked":"Self Repair","floor":19},{"not_picked":["Prostrate","Replay:Cycle"],"picked":"Cold Snap","floor":20},{"not_picked":["Collect","EmptyFist"],"picked":"Streamline+1","floor":21},{"not_picked":["Omniscience","ReplayTheSpireMod:Calculation Training","BasicCrystalCard+1"],"picked":"SKIP","floor":24},{"not_picked":["ReplayTheSpireMod:Calculation Training","BasicCrystalCard+1"],"picked":"Omniscience","floor":24},{"not_picked":["FlurryOfBlows+1","Replay:Vibes","FlyingSleeves"],"picked":"SKIP","floor":28},{"not_picked":["Prostrate+1","PathToVictory+1"],"picked":"Cold Snap+1","floor":30},{"not_picked":["Consecrate+1","ForeignInfluence"],"picked":"Ball Lightning+1","floor":31},{"not_picked":["LessonLearned","Hyperbeam"],"picked":"Judgement","floor":33},{"not_picked":["Replay:DivineShield+1","Reinforced Body","PathToVictory"],"picked":"SKIP","floor":35},{"not_picked":["Perseverance","ClearTheMind"],"picked":"Gash","floor":36},{"not_picked":["Replay:ManipulateFuture+1","Steam+1"],"picked":"Genetic Algorithm+1","floor":38},{"not_picked":["Hologram","Recycle"],"picked":"Leap+1","floor":41},{"not_picked":["Steam+1","Redo+1"],"picked":"Chill","floor":42},{"not_picked":["Replay:Cycle+1","Static Discharge"],"picked":"BootSequence+1","floor":44},{"not_picked":["Panic Button","Study+1"],"picked":"Prostrate+1","floor":45},{"not_picked":["ReplayTheSpireMod:Omega Cannon","JustLucky"],"picked":"Chill","floor":46},{"not_picked":["Rip and Tear+1","Evaluate"],"picked":"Loop","floor":47},{"not_picked":["CrushJoints","Rip and Tear+1"],"picked":"Go for the Eyes","floor":48},{"not_picked":["Consecrate+1","Hologram"],"picked":"Coolheaded","floor":49}],"player_experience":2782390,"relics_obtained":[{"floor":6,"key":"The Courier"},{"floor":9,"key":"Iron Hammer"},{"floor":11,"key":"War Paint"},{"floor":13,"key":"Blood Vial"},{"floor":15,"key":"Omamori"},{"floor":24,"key":"Blue Doll"},{"floor":26,"key":"Replay:Baseball"},{"floor":42,"key":"Dream Catcher"},{"floor":43,"key":"ReplayTheSpireMod:Shallot"},{"floor":44,"key":"hubris:SlimyHat"},{"floor":45,"key":"StoneCalendar"},{"floor":48,"key":"Grinning Jar"}],"event_choices":[{"damage_healed":0,"gold_gain":0,"player_choice":"Box","damage_taken":0,"relics_obtained":["Replay:Bandana"],"max_hp_gain":0,"max_hp_loss":0,"event_name":"Big Fish","floor":2,"gold_loss":0,"cards_obtained":["Regret"]},{"damage_healed":0,"gold_gain":0,"player_choice":"Rummage","damage_taken":0,"relics_obtained":["WarpedTongs"],"max_hp_gain":0,"max_hp_loss":0,"event_name":"Accursed Blacksmith","floor":39,"gold_loss":0,"cards_obtained":["Pain"]},{"damage_healed":0,"gold_gain":0,"player_choice":"Fight","damage_taken":0,"max_hp_gain":0,"max_hp_loss":0,"event_name":"Mysterious Sphere","floor":45,"gold_loss":0}],"is_beta":false,"boss_relics":[{"not_picked":["Honey Jar","Sozu"],"picked":"hubris:BlackHole"},{"not_picked":["Replay:Wanted Poster","hubris:RunicObelisk"],"picked":"Ring of Chaos"}],"items_purged_floors":[],"is_endless":false,"potions_floor_spawned":[7,10,13,14,16,19,21,24,30,35,38,45,47,48],"ascension_level":0}}