{"host":"anox4050deqdcqoh","time":1608916029,"event":{"mods":["BaseMod","Colored Map","Minty Spire (QoL Compilation)","Quick Restart"],"gold_per_floor":[113,128,128,147,97,122,134,165,213,224,224,236,8,26,26,128,128,143,143,157,157,173,173,173,185,212,212,32,32,47,67,67,67,67],"floor_reached":33,"playtime":2910,"items_purged":["Parasite"],"score":261,"play_id":"1fecbd84-51f2-45fe-965d-70ae49e57790","local_time":"20201225120709","is_ascension_mode":false,"campfire_choices":[{"floor":15,"key":"REST"},{"floor":23,"key":"RECALL"},{"floor":27,"key":"REST"},{"data":"Judgement","floor":29,"key":"SMITH"},{"floor":32,"key":"REST"}],"circlet_count":0,"master_deck":["Strike_P+1","Strike_P+1","Strike_P+1","Strike_P+1","Defend_P+1","Defend_P+1","Defend_P+1","Eruption","Vigilance","Tantrum","Protect","Consecrate","ClearTheMind","FlyingSleeves","CarveReality","ReachHeaven","Crescendo","CutThroughFate","Prostrate","Judgement+1","Prostrate","Wallop","RitualDagger","BattleHymn","Evaluate","FlurryOfBlows","Prostrate","Establishment","FlurryOfBlows+1","FearNoEvil+1"],"relics":["PureWater","Meat on the Bone","Kunai","Dream Catcher","Frozen Eye","Bronze Scales"],"acts_visited":["Exordium","TheCity"],"potions_floor_usage":[6,16,16,16,28,30,31],"damage_taken":[{"damage":2,"enemies":"Cultist","floor":1,"turns":5},{"damage":3,"enemies":"Jaw Worm","floor":2,"turns":3},{"damage":9,"enemies":"Small Slimes","floor":4,"turns":2},{"damage":35,"enemies":"3 Sentries","floor":6,"turns":5},{"damage":3,"enemies":"Exordium Wildlife","floor":7,"turns":4},{"damage":37,"enemies":"Lagavulin","floor":8,"turns":4},{"damage":0,"enemies":"2 Fungi Beasts","floor":10,"turns":1},{"damage":8,"enemies":"Large Slime","floor":12,"turns":3},{"damage":7,"enemies":"Blue Slaver","floor":14,"turns":2},{"damage":30,"enemies":"Hexaghost","floor":16,"turns":4},{"damage":4,"enemies":"Chosen","floor":18,"turns":3},{"damage":0,"enemies":"Spheric Guardian","floor":20,"turns":1},{"damage":7,"enemies":"Chosen and Byrds","floor":22,"turns":4},{"damage":26,"enemies":"3 Cultists","floor":25,"turns":4},{"damage":15,"enemies":"Centurion and Healer","floor":30,"turns":5},{"damage":1,"enemies":"Chosen and Byrds","floor":31,"turns":5},{"damage":84,"enemies":"Collector","floor":33,"turns":6}],"seed_played":"5046516101241017126","potions_obtained":[{"floor":1,"key":"FearPotion"},{"floor":7,"key":"Strength Potion"},{"floor":8,"key":"DistilledChaos"},{"floor":10,"key":"SteroidPotion"},{"floor":22,"key":"SkillPotion"},{"floor":30,"key":"AttackPotion"}],"is_trial":false,"path_per_floor":["M","M","?","M","?","E","M","E","T","M","?","M","$","M","R","B",null,"M","?","M","?","M","R","?","M","T","R","$","R","M","M","R","B"],"character_chosen":"WATCHER","items_purchased":["Frozen Eye","Fruit Juice","FlurryOfBlows","Prostrate"],"campfire_rested":3,"item_purchase_floors":[13,28,28,28],"current_hp_per_floor":[77,74,74,65,65,30,39,14,14,26,45,49,49,42,64,46,76,72,72,72,72,65,65,59,45,45,67,72,72,57,56,80,0,0],"gold":67,"neow_bonus":"TEN_PERCENT_HP_BONUS","is_daily":false,"chose_seed":false,"campfire_upgraded":1,"win_rate":0.0,"timestamp":1608916029,"path_taken":["M","M","?","M","?","E","M","E","T","M","?","M","$","M","R","BOSS","M","?","M","?","M","R","?","M","T","R","$","R","M","M","R","BOSS"],"items_purchased_type":["Relic","Potion","Card","Card"],"build_version":"2020-12-22","purchased_purges":1,"victory":false,"max_hp_per_floor":[79,79,79,79,79,79,79,79,79,79,79,79,76,76,76,76,76,76,76,76,76,76,76,76,76,76,76,81,81,81,81,81,81,81],"card_choices":[{"not_picked":["FlurryOfBlows","FollowUp"],"picked":"Tantrum","floor":1},{"not_picked":["Study","CutThroughFate"],"picked":"Protect","floor":2},{"not_picked":["EmptyFist","SashWhip"],"picked":"Consecrate","floor":4},{"not_picked":["EmptyMind","Tantrum"],"picked":"ClearTheMind","floor":6},{"not_picked":["ClearTheMind","Vault"],"picked":"FlyingSleeves","floor":7},{"not_picked":["JustLucky","BowlingBash"],"picked":"CarveReality","floor":8},{"not_picked":["InnerPeace","Perseverance"],"picked":"ReachHeaven","floor":10},{"not_picked":["WreathOfFlame","JustLucky"],"picked":"Crescendo","floor":12},{"not_picked":["WreathOfFlame","Crescendo"],"picked":"CutThroughFate","floor":14},{"not_picked":["PathToVictory","WreathOfFlame"],"picked":"Prostrate","floor":15},{"not_picked":["MasterReality","Brilliance"],"picked":"Judgement","floor":16},{"not_picked":["Halt","Crescendo"],"picked":"Prostrate","floor":18},{"not_picked":["BowlingBash+1","FlyingSleeves","EmptyBody"],"picked":"SKIP","floor":20},{"not_picked":["BowlingBash","Conclude","EmptyBody"],"picked":"SKIP","floor":22},{"not_picked":["Vengeance","CarveReality"],"picked":"BattleHymn","floor":25},{"not_picked":["WaveOfTheHand","Consecrate"],"picked":"Evaluate","floor":27},{"not_picked":["PathToVictory","Consecrate+1"],"picked":"Establishment","floor":30},{"not_picked":["JustLucky+1","Vengeance"],"picked":"FlurryOfBlows+1","floor":31},{"not_picked":["Evaluate+1","Vengeance+1"],"picked":"FearNoEvil+1","floor":32}],"player_experience":197823,"relics_obtained":[{"floor":6,"key":"Meat on the Bone"},{"floor":8,"key":"Kunai"},{"floor":9,"key":"Dream Catcher"},{"floor":26,"key":"Bronze Scales"}],"event_choices":[{"damage_healed":0,"gold_gain":0,"player_choice":"Ignored","damage_taken":0,"max_hp_gain":0,"max_hp_loss":0,"event_name":"Liars Game","floor":3,"gold_loss":0},{"cards_removed":["Defend_P"],"damage_healed":0,"gold_gain":0,"player_choice":"Card Removal","damage_taken":0,"max_hp_gain":0,"max_hp_loss":0,"event_name":"The Cleric","floor":5,"gold_loss":50},{"damage_healed":19,"gold_gain":0,"player_choice":"Healed and dodged fight","damage_taken":0,"max_hp_gain":0,"max_hp_loss":0,"event_name":"Mushrooms","floor":11,"gold_loss":0,"cards_obtained":["Parasite"]},{"damage_healed":0,"gold_gain":0,"player_choice":"Read","damage_taken":0,"max_hp_gain":0,"max_hp_loss":0,"event_name":"The Library","floor":19,"gold_loss":0,"cards_obtained":["Wallop"]},{"damage_healed":0,"gold_gain":0,"player_choice":"Simplicity","damage_taken":0,"max_hp_gain":0,"max_hp_loss":0,"event_name":"Back to Basics","floor":21,"gold_loss":0,"cards_upgraded":["Strike_P","Strike_P","Strike_P","Strike_P","Defend_P","Defend_P","Defend_P"]},{"damage_healed":0,"gold_gain":0,"player_choice":"Joined the Cult","damage_taken":6,"max_hp_gain":0,"max_hp_loss":0,"event_name":"Nest","floor":24,"gold_loss":0,"cards_obtained":["RitualDagger"]}],"is_beta":false,"boss_relics":[{"not_picked":["Sozu","Fusion Hammer","Busted Crown"]}],"items_purged_floors":[13],"is_endless":false,"potions_floor_spawned":[1,7,8,10,22,30],"killed_by":"Collector","ascension_level":0}}