{"host":"u9xtr94typ21duox","time":1608880552,"event":{"mods":["BaseMod","Key Reminder","KinomotoSakuraMod(木之本樱)","LagranYue(拉格朗・月)","Marisa（F雨　魔理沙）","Minty Spire (QoL Compilation)","Reimu（博丽灵梦）","Remilia（蕾米莉亚）","Replay The Spire","StSLib","Td1madao Mod","The Administrix","The Bladedancer","The Bug Knight","The Construct","The Cursed","The Gatherer","The Runesmith","The Servant 0.9.4","WarShipGirlsR/战舰少女R mod","Youmu（魂魄妖梦）","vexMod"],"gold_per_floor":[18,18,18,32,42,71,82,82,105,105,51,71,71,71],"floor_reached":13,"playtime":381,"items_purged":[],"score":85,"play_id":"dbfaff80-0452-4ce3-898f-726e1a9790ae","local_time":"20201225151552","is_ascension_mode":false,"campfire_choices":[{"data":"Redo","floor":8,"key":"SMITH"},{"data":"ReplayTheSpireMod:Calculation Training","floor":10,"key":"SMITH"}],"circlet_count":0,"master_deck":["Strike_B","Strike_B","Strike_B","Defend_B","Defend_B","Defend_B","Defend_B","Zap","Dualcast","ReplayTheSpireMod:Calculation Training+1","Loop","Time Bomb","Mirror Shield","Redo+1","Capacitor","Capacitor","Panic Button"],"relics":["Cracked Core","LagranYue:RandomDrawCardRelic","Pondfish Scales","Boot","ScarletDevilRocket"],"acts_visited":["Exordium"],"potions_floor_usage":[],"damage_taken":[{"damage":0,"enemies":"2 Louse","floor":1,"turns":3},{"damage":0,"enemies":"Jaw Worm","floor":4,"turns":4},{"damage":0,"enemies":"Cultist","floor":5,"turns":4},{"damage":26,"enemies":"3 Sentries","floor":6,"turns":8},{"damage":10,"enemies":"2 Fungi Beasts","floor":7,"turns":4},{"damage":1,"enemies":"Red Slaver","floor":12,"turns":3},{"damage":40,"enemies":"Gremlin Nob","floor":13,"turns":4}],"seed_played":"9218436529737879044","potions_obtained":[{"floor":1,"key":"GrandPatriotsElixir:ReiMu"},{"floor":6,"key":"ZuzhouPotion:ReiMu"}],"is_trial":false,"path_per_floor":["M","?","?","M","M","E","M","R","T","R","$","M","E"],"character_chosen":"DEFECT","items_purchased":["Capacitor"],"campfire_rested":0,"item_purchase_floors":[11],"current_hp_per_floor":[75,75,75,75,75,49,39,39,39,39,39,38,0,0],"gold":71,"neow_bonus":"ONE_RARE_RELIC","is_daily":false,"chose_seed":false,"campfire_upgraded":2,"win_rate":0.0,"timestamp":1608880552,"path_taken":["M","?","?","M","M","E","M","R","T","R","$","M","E"],"items_purchased_type":["Card"],"build_version":"2020-12-22","purchased_purges":0,"victory":false,"max_hp_per_floor":[75,75,75,75,75,75,75,75,75,75,75,75,75,75],"card_choices":[{"not_picked":["Hologram","Fusion"],"picked":"ReplayTheSpireMod:Calculation Training","floor":1},{"not_picked":["Redo","Steam"],"picked":"Loop","floor":4},{"not_picked":["Go for the Eyes","BasicCrystalCard"],"picked":"Time Bomb","floor":5},{"not_picked":["Heatsinks","BasicCrystalCard"],"picked":"Mirror Shield","floor":6},{"not_picked":["Cold Snap","Blizzard"],"picked":"Redo","floor":7},{"not_picked":["Steam","Redo"],"picked":"Panic Button","floor":12}],"player_experience":242039,"relics_obtained":[{"floor":6,"key":"Boot"},{"floor":9,"key":"ScarletDevilRocket"}],"event_choices":[],"is_beta":false,"boss_relics":[],"items_purged_floors":[],"is_endless":false,"potions_floor_spawned":[1,6],"killed_by":"Gremlin Nob","ascension_level":0}}