{"host":"Charlie","time":1608937007,"event":{"mods":["Aspiration","BaseMod","Better Match","Better Skull","Better Third Choice","BetterRewards","ChefMod","Colored Map","Colored Powertips","Conspire","Curses Come First","Downfall","Ekko","Friendly Minions","Halation","Hermit","Hubris","Infinite Spire","Luminous","Melee Mod","Minty Spire (QoL Compilation)","Quick Restart","Rare Cards Sparkle","Relic Stats","Robot Space Explorer","Shade Mod","Spicy Shops","StSLib","SuperFastMode","Synergy Search","The Animator","The Blue Laboratory","The Caster","The Cursed","The Dragon Tamer","The Factory","The Gatherer","The Jungle","The Marked","The Necromancer","Unceasing Turn Reminder","vexMod","??????REMEMod"],"gold_per_floor":[115,129,140,140,155,185,185,185,185,185,210,210,64,99,99,198,198,217,69,69,69,82,98,98,98,98,98,98],"floor_reached":27,"playtime":1114,"items_purged":[],"score":254,"play_id":"5b8ddbc2-8019-4dd1-bd45-95f41eef144b","local_time":"20201225145647","is_ascension_mode":false,"campfire_choices":[{"data":"theMarked:BindingBlade","floor":7,"key":"SMITH"},{"data":"theMarked:HeritageOfTheMarked","floor":10,"key":"SMITH"},{"floor":15,"key":"REST"},{"data":"theMarked:ChannelForce","floor":24,"key":"SMITH"}],"circlet_count":0,"master_deck":["theMarked:SoldierOfQuellstein","REME_HeartOfCthun+1","theMarked:HeritageOfTheMarked+1","theMarked:MaelstromOfLightning","theMarked:EnhancedHearing","theMarked:BindingBlade+1","theMarked:SwordAndMagic","theMarked:ChannelForce+1","theMarked:EnhanceMovement","theMarked:BindingBlade","theMarked:MuscleMemory","theMarked:TwofoldDefense","theMarked:ReduceFriction","theMarked:Overcharge","theMarked:EnhancedHearing","theMarked:EmpowerWeapon","theMarked:RogueSparks","theMarked:HeritageOfTheMarked+1"],"relics":["theMarked:ArtifactOfAir","REME_ComplimentaryCards","hubris:SlimyHat","Blue Candle","Vajra","halation:PrussianBluePaint","Regal Pillow","halation:PinkSoulGem","aspiration:Lifesprig","Pandora\u0027s Box","Strange Spoon","Vajra","Vajra"],"acts_visited":["Exordium","TheCity"],"potions_floor_usage":[6,11,27,27],"damage_taken":[{"damage":0,"enemies":"Cultist","floor":1,"turns":3},{"damage":0,"enemies":"conspire:RoseBush","floor":2,"turns":3},{"damage":0,"enemies":"2 Louse","floor":3,"turns":2},{"damage":1,"enemies":"conspire:2 RoseBushes","floor":5,"turns":2},{"damage":24,"enemies":"Lagavulin","floor":6,"turns":6},{"damage":0,"enemies":"3 Sentries","floor":11,"turns":2},{"damage":16,"enemies":"Lagavulin","floor":14,"turns":4},{"damage":33,"enemies":"The Guardian","floor":16,"turns":8},{"damage":0,"enemies":"Chosen","floor":18,"turns":4},{"damage":16,"enemies":"conspire:FuzzyDice","floor":22,"turns":4},{"damage":9,"enemies":"conspire:HollyBat","floor":23,"turns":4},{"damage":47,"enemies":"REME_1_Revenger","floor":27,"turns":3}],"seed_played":"-3896368251054868576","potions_obtained":[{"floor":3,"key":"blueLaboratory:BottleOfRum"},{"floor":6,"key":"EssenceOfSteel"},{"floor":11,"key":"Strength Potion"},{"floor":16,"key":"PowerPotion"},{"floor":18,"key":"blueLaboratory:TrueEctoplasm"}],"is_trial":false,"path_per_floor":["M","M","M","?","M","E","R","?","T","R","E","?","$","E","R","B",null,"M","$","?","?","M","M","R","?","T","E"],"character_chosen":"THE_DEFAULT","items_purchased":["aspiration:Lifesprig","Strange Spoon"],"campfire_rested":1,"item_purchase_floors":[13,19],"current_hp_per_floor":[70,70,70,56,55,31,31,31,31,31,31,31,31,15,51,18,70,70,70,70,70,54,45,45,45,45,0,0],"gold":98,"neow_bonus":"RANDOM_COMMON_RELIC","is_daily":false,"chose_seed":false,"campfire_upgraded":3,"win_rate":0.0,"timestamp":1608937007,"path_taken":["M","M","?","?","M","E","R","?","T","R","E","?","?","E","R","BOSS","M","$","?","?","M","M","R","?","T","E"],"items_purchased_type":["Relic","Relic"],"build_version":"2020-12-18","purchased_purges":0,"victory":false,"max_hp_per_floor":[70,70,70,70,70,70,70,70,70,70,70,70,70,70,70,70,70,70,70,70,70,70,70,70,70,70,70,70],"relic_stats":{"Strange Spoon":[11],"Regal Pillow":15,"counters":[12,44],"Blue Candle":[0],"Pandora\u0027s Box":["theMarked:EnhanceMovement","theMarked:BindingBlade","theMarked:MuscleMemory","theMarked:TwofoldDefense","theMarked:ReduceFriction","theMarked:Overcharge","theMarked:EnhancedHearing","theMarked:EmpowerWeapon","theMarked:RogueSparks"],"obtain_stats":[{"theMarked:ArtifactOfAir":0,"Strange Spoon":19,"Regal Pillow":11,"aspiration:Lifesprig":13,"halation:PrussianBluePaint":9,"Blue Candle":6,"Vajra":8,"Pandora\u0027s Box":17,"hubris:SlimyHat":0,"halation:PinkSoulGem":12,"REME_ComplimentaryCards":0},{"theMarked:ArtifactOfAir":0,"Strange Spoon":9,"Regal Pillow":6,"aspiration:Lifesprig":6,"halation:PrussianBluePaint":5,"Blue Candle":5,"Vajra":5,"Pandora\u0027s Box":8,"hubris:SlimyHat":0,"halation:PinkSoulGem":6,"REME_ComplimentaryCards":0},{"theMarked:ArtifactOfAir":0,"Strange Spoon":34,"Regal Pillow":18,"aspiration:Lifesprig":18,"halation:PrussianBluePaint":16,"Blue Candle":16,"Vajra":16,"Pandora\u0027s Box":30,"hubris:SlimyHat":0,"halation:PinkSoulGem":18,"REME_ComplimentaryCards":0}]},"card_choices":[{"not_picked":["theMarked:Static","theMarked:BanishingStrike"],"picked":"theMarked:HeritageOfTheMarked","floor":1},{"not_picked":["theMarked:Panic","theMarked:RepellingDischarge"],"picked":"theMarked:MaelstromOfLightning","floor":2},{"not_picked":["theMarked:GodGivenPower","theMarked:ElectricStrings"],"picked":"theMarked:EnhancedHearing","floor":3},{"not_picked":["theMarked:GodGivenPower","theMarked:ResourceFulStrike"],"picked":"theMarked:BindingBlade","floor":5},{"not_picked":["theMarked:ReduceFriction","theMarked:EnhanceMovement"],"picked":"theMarked:SwordAndMagic","floor":6},{"not_picked":["theMarked:Static","theMarked:ResourceFulStrike","theMarked:Overthink"],"picked":"SKIP","floor":11},{"not_picked":["theMarked:TunnelVision","theMarked:RepellingDischarge","theMarked:Improvise"],"picked":"SKIP","floor":14},{"not_picked":["theMarked:ThrowWeapon","theMarked:DispelDoubt"],"picked":"theMarked:ChannelForce","floor":16},{"not_picked":["theMarked:Improvise","theMarked:Aftermath"],"picked":"theMarked:HeritageOfTheMarked+1","floor":18},{"not_picked":["theMarked:Electrocute","theMarked:HeightenedSenses","theMarked:ChainLightning"],"picked":"SKIP","floor":22},{"not_picked":["theMarked:Generate","theMarked:ContemptForTheProud","theMarked:ChainLightning"],"picked":"SKIP","floor":23}],"player_experience":451793,"relics_obtained":[{"floor":6,"key":"Blue Candle"},{"floor":9,"key":"halation:PrussianBluePaint"},{"floor":11,"key":"Regal Pillow"},{"floor":26,"key":"Vajra"}],"event_choices":[{"damage_healed":70,"gold_gain":0,"player_choice":"Upgrade","damage_taken":14,"max_hp_gain":0,"max_hp_loss":70,"event_name":"betterThird:BetterShining","floor":4,"gold_loss":0,"cards_upgraded":["REME_HeartOfCthun","theMarked:Defend"]}],"is_beta":true,"boss_relics":[{"not_picked":["hubris:BlackHole","vexMod:DeviousBotling"],"picked":"Pandora\u0027s Box"}],"items_purged_floors":[],"is_endless":false,"potions_floor_spawned":[3,6,11,16,18],"killed_by":"REME_1_Revenger","ascension_level":0}}