{"host":"eqvoimh73njwfgdh","time":1608936268,"event":{"mods":["AchievementEnabler","BaseMod","Better Altar","Better Match","Better Note","Better Sensory Stone","Better Skull","Better Third Choice","BetterRewards","Colored Powertips","Conspire","Energized Spire","Hubris","Minty Spire (QoL Compilation)","Permanent Neow","Rare Cards Sparkle","Relic Stats","Replay The Spire","Spicy Shops","StSLib","The Animator","The Blue Laboratory","vexMod"],"gold_per_floor":[110,120,120,150,5,36,36,67,67,67,77,77,107,132,132,230,230,240,180,180,203,230,230,265,265,265,285,26,51,51,51,51,148,148,175,175,223,67,79,79,109,109,109],"floor_reached":42,"playtime":2909,"items_purged":[],"score":545,"play_id":"b526109a-7122-469e-afa3-201604c85233","local_time":"20201225234428","is_ascension_mode":true,"campfire_choices":[{"floor":7,"key":"REST"},{"floor":12,"key":"REST"},{"floor":15,"key":"RECALL"},{"floor":23,"key":"REST"},{"floor":25,"key":"REST"},{"floor":30,"key":"REST"},{"data":"animator:Tyuule","floor":32,"key":"SMITH"},{"floor":40,"key":"REST"}],"circlet_count":0,"master_deck":["animator:Strike_FullmetalAlchemist+1","animator:Defend_FullmetalAlchemist+1","animator:Strike+1","animator:Strike+1","animator:Strike+1","animator:Defend+1","animator:Defend+1","animator:Defend+1","animator:ElricEdward","animator:ElricAlphonse","animator:Boros+1","animator:Mikaela","animator:Tyuule","animator:MaesHughes","animator:Tyuule+1","animator:ElricAlphonse","animator:Yuuichirou","animator:EmiyaShirou","animator:PinaCoLada","animator:Shigure","animator:Shizu","animator:Greed","animator:Arpeggio","animator:Shichika","animator:FeridBathory","animator:Gillette","animator:Archer","animator:ElricEdward","animator:Shigure"],"relics":["animator:LivingPicture","animator:TheMissingPiece","animator:PurgingStone","Oddly Smooth Stone","animator:Hoodie","Iron Hammer","Replay:WaspNest","conspire:RoyalGoblet","Omamori","Orichalcum","Regal Pillow","Durian","animator:OldCoffin","Strawberry","Sozu","animator:EngravedStaff","Membership Card","Happy Flower"],"acts_visited":["Exordium","TheCity","TheBeyond"],"potions_floor_usage":[16,16,33,37],"damage_taken":[{"damage":0,"enemies":"Cultist","floor":1,"turns":5},{"damage":8,"enemies":"Small Slimes","floor":2,"turns":3},{"damage":3,"enemies":"Jaw Worm","floor":4,"turns":4},{"damage":45,"enemies":"3 Sentries","floor":6,"turns":10},{"damage":31,"enemies":"Replay:BlueRogue","floor":8,"turns":8},{"damage":8,"enemies":"Blue Slaver","floor":11,"turns":4},{"damage":0,"enemies":"Large Slime","floor":13,"turns":4},{"damage":24,"enemies":"Hexaghost","floor":16,"turns":7},{"damage":16,"enemies":"Shell Parasite","floor":18,"turns":6},{"damage":46,"enemies":"conspire:MimicChest","floor":22,"turns":7},{"damage":3,"enemies":"animator:HornedBat","floor":24,"turns":11},{"damage":28,"enemies":"Spheric Guardian","floor":27,"turns":6},{"damage":60,"enemies":"Collector","floor":33,"turns":10},{"damage":13,"enemies":"3 Darklings","floor":35,"turns":4},{"damage":43,"enemies":"2 Orb Walkers","floor":37,"turns":7},{"damage":11,"enemies":"3 Shapes","floor":39,"turns":6},{"damage":0,"enemies":"R_Hoarder","floor":41,"turns":7},{"damage":68,"enemies":"Transient","floor":42,"turns":5}],"seed_played":"-496021594923340104","potions_obtained":[{"floor":6,"key":"Fire Potion"},{"floor":11,"key":"AttackPotion"},{"floor":13,"key":"Elixir"},{"floor":24,"key":"AttackPotion"}],"is_trial":false,"path_per_floor":["M","M","?","M","$","E","R","E","T","$","M","R","M","T","R","B",null,"M","?","?","T","?","R","E","R","T","M","$","T","R","?","R","B",null,"M","?","?","$","M","R","E","M"],"character_chosen":"THE_ANIMATOR","items_purchased":["Oddly Smooth Stone","animator:OldCoffin","Membership Card"],"campfire_rested":6,"item_purchase_floors":[5,28,38],"current_hp_per_floor":[66,61,61,63,63,24,43,18,18,18,15,34,40,40,40,22,69,59,59,59,59,14,35,38,70,75,52,52,59,82,82,82,22,82,72,72,30,30,19,58,61,0,0],"gold":109,"neow_bonus":"ONE_RANDOM_RARE_CARD","is_daily":false,"chose_seed":false,"campfire_upgraded":1,"win_rate":0.0,"timestamp":1608936268,"path_taken":["M","?","?","M","$","E","R","E","T","$","M","R","M","?","R","BOSS","M","?","?","?","?","R","E","R","T","?","$","?","R","?","R","BOSS","M","?","?","$","M","R","E","M"],"items_purchased_type":["Relic","Relic","Relic"],"build_version":"2020-12-22","purchased_purges":0,"victory":false,"max_hp_per_floor":[66,66,66,66,66,66,66,66,66,66,66,66,69,69,69,69,69,69,69,69,69,70,70,70,70,75,75,75,82,82,82,82,82,82,82,82,83,83,83,83,86,86,86],"relic_stats":{"Sozu":1,"Regal Pillow":26,"Happy Flower":[1],"counters":[18,113],"Orichalcum":[120],"obtain_stats":[{"Regal Pillow":24,"animator:Hoodie":6,"conspire:RoyalGoblet":17,"Happy Flower":41,"animator:TheMissingPiece":0,"Oddly Smooth Stone":5,"Replay:WaspNest":9,"Omamori":21,"Orichalcum":22,"Sozu":34,"animator:PurgingStone":0,"Strawberry":29,"animator:EngravedStaff":37,"animator:LivingPicture":0,"Iron Hammer":8,"Durian":26,"Membership Card":38,"animator:OldCoffin":28},{"Regal Pillow":11,"animator:Hoodie":4,"conspire:RoyalGoblet":8,"Happy Flower":17,"animator:TheMissingPiece":0,"Oddly Smooth Stone":3,"Replay:WaspNest":5,"Omamori":9,"Orichalcum":10,"Sozu":13,"animator:PurgingStone":0,"Strawberry":12,"animator:EngravedStaff":15,"animator:LivingPicture":0,"Iron Hammer":5,"Durian":11,"Membership Card":15,"animator:OldCoffin":12},{"Regal Pillow":69,"animator:Hoodie":22,"conspire:RoyalGoblet":45,"Happy Flower":108,"animator:TheMissingPiece":0,"Oddly Smooth Stone":12,"Replay:WaspNest":30,"Omamori":51,"Orichalcum":58,"Sozu":85,"animator:PurgingStone":0,"Strawberry":75,"animator:EngravedStaff":96,"animator:LivingPicture":0,"Iron Hammer":30,"Durian":69,"Membership Card":96,"animator:OldCoffin":75}]},"card_choices":[{"not_picked":["animator:Azekura","animator:Bozes"],"picked":"animator:Mikaela","floor":1},{"not_picked":["animator:DolaRiku","animator:Mitsuba"],"picked":"animator:Tyuule","floor":2},{"not_picked":["animator:Mitsurugi","animator:Togame"],"picked":"animator:MaesHughes","floor":4},{"not_picked":["animator:RoryMercury","animator:LeleiLaLalena"],"picked":"animator:Tyuule","floor":6},{"not_picked":["animator:Shigure","animator:Guy"],"picked":"animator:ElricAlphonse","floor":8},{"not_picked":["animator:Hakurou","animator:Entoma"],"picked":"animator:Yuuichirou","floor":11},{"not_picked":["animator:DwarfShaman","animator:MadokaKaname"],"picked":"animator:EmiyaShirou","floor":13},{"not_picked":["animator:Eve","animator:ChaikaTrabant"],"picked":"animator:PinaCoLada","floor":16},{"not_picked":["animator:Shinoa","animator:Mitsuba"],"picked":"animator:Shigure","floor":18},{"not_picked":["animator:DolaSchwi","animator:Kazuma"],"picked":"animator:Greed","floor":22},{"not_picked":["animator:Yoichi","animator:Witch"],"picked":"animator:Arpeggio","floor":24},{"not_picked":["animator:Cocytus","animator:MaesHughes"],"picked":"animator:Shichika","floor":27},{"not_picked":["animator:SwordMaiden","animator:Biyorigo"],"picked":"animator:FeridBathory","floor":33},{"not_picked":["animator:Priestess","animator:Tyuule+1"],"picked":"animator:Gillette","floor":35},{"not_picked":["animator:Shion","animator:Jibril+1"],"picked":"animator:Archer","floor":37},{"not_picked":["animator:Scar","animator:RoyMustang"],"picked":"animator:ElricEdward","floor":39},{"not_picked":["animator:Togame+1","animator:SakuraMatou"],"picked":"animator:Shigure","floor":41}],"player_experience":104071,"relics_obtained":[{"floor":6,"key":"animator:Hoodie"},{"floor":8,"key":"Iron Hammer"},{"floor":9,"key":"Replay:WaspNest"},{"floor":21,"key":"Omamori"},{"floor":22,"key":"Orichalcum"},{"floor":24,"key":"Regal Pillow"},{"floor":26,"key":"Durian"},{"floor":29,"key":"Strawberry"},{"floor":37,"key":"animator:EngravedStaff"},{"floor":41,"key":"Happy Flower"}],"event_choices":[{"damage_healed":0,"gold_gain":0,"player_choice":"Grow","damage_taken":0,"max_hp_gain":0,"max_hp_loss":0,"event_name":"Living Wall","floor":3,"gold_loss":0,"cards_upgraded":["animator:Boros"]},{"damage_healed":0,"gold_gain":0,"player_choice":"Simplicity","damage_taken":0,"max_hp_gain":0,"max_hp_loss":8,"event_name":"betterThird:BetterWriting","floor":31,"gold_loss":0},{"damage_healed":0,"gold_gain":0,"player_choice":"Ignored","damage_taken":0,"max_hp_gain":0,"max_hp_loss":0,"event_name":"Tomb of Lord Red Mask","floor":36,"gold_loss":0},{"damage_healed":0,"gold_gain":0,"player_choice":"Fight","damage_taken":0,"max_hp_gain":0,"max_hp_loss":0,"event_name":"Mysterious Sphere","floor":37,"gold_loss":0}],"is_beta":false,"boss_relics":[{"not_picked":["Empty Cage","ChewingGum"],"picked":"conspire:RoyalGoblet"},{"not_picked":["vexMod:RockOfEvil","Replay:Grab Bag"],"picked":"Sozu"}],"items_purged_floors":[],"is_endless":false,"potions_floor_spawned":[6,11,13,24,39],"killed_by":"Transient","ascension_level":2}}