{"host":"vjkx177ju3wjmzef","time":1608898685,"event":{"mods":["BaseMod","Block Reminder","Colored Map","Colored Powertips","DeckTracker","Googly Eyes","Highlight Path","Minty Spire (QoL Compilation)","Quick Restart","Random Character Button","Relic Stats","Replay The Spire","StSLib"],"gold_per_floor":[111,111,127,127,147,147,187,187,187,187,34,34,74,105,105,121,121],"floor_reached":16,"playtime":666,"items_purged":[],"score":108,"play_id":"ae819fb5-0f04-424d-87c6-273b9da0f899","local_time":"20201225061805","is_ascension_mode":false,"campfire_choices":[{"data":"Perfected Strike","floor":6,"key":"SMITH"},{"data":"Infernal Blade","floor":8,"key":"SMITH"},{"data":"Rage","floor":10,"key":"SMITH"},{"floor":15,"key":"DIG"}],"circlet_count":0,"master_deck":["Strike_R","Strike_R","Strike_R","Strike_R","Strike_R","Defend_R","Defend_R","Bash","Rage+1","Evolve+1","Cleave","Perfected Strike+1","Infernal Blade+1","Dual Wield","Shrug It Off"],"relics":["Burning Blood","Golden Idol","Shuriken","Replay:Accelerometer","Membership Card","Replay:Bandana","Replay:Bottled Snecko"],"acts_visited":["Exordium"],"potions_floor_usage":[16,16],"damage_taken":[{"damage":12,"enemies":"Cultist","floor":1,"turns":5},{"damage":0,"enemies":"2 Louse","floor":3,"turns":3},{"damage":0,"enemies":"Small Slimes","floor":5,"turns":3},{"damage":12,"enemies":"Gremlin Nob","floor":7,"turns":4},{"damage":13,"enemies":"3 Sentries","floor":13,"turns":4},{"damage":0,"enemies":"Blue Slaver","floor":14,"turns":2},{"damage":67,"enemies":"The Guardian","floor":16,"turns":14}],"seed_played":"3891287341421306824","potions_obtained":[{"floor":5,"key":"Adrenaline Potion"},{"floor":14,"key":"PowerPotion"}],"is_trial":false,"path_per_floor":["M","?","M","?","M","R","E","R","T","R","$","?","E","M","R_BF","B"],"character_chosen":"IRONCLAD","items_purchased":["Membership Card"],"campfire_rested":0,"item_purchase_floors":[11],"current_hp_per_floor":[82,82,88,66,72,72,66,66,66,66,66,66,59,65,65,0,0],"gold":121,"neow_bonus":"TEN_PERCENT_HP_BONUS","is_daily":false,"chose_seed":false,"campfire_upgraded":3,"win_rate":0.0,"timestamp":1608898685,"path_taken":["M","?","M","?","M","R","E","R","T","R","$","?","E","M","R_BF","BOSS"],"items_purchased_type":["Relic"],"build_version":"2020-12-22","purchased_purges":0,"victory":false,"max_hp_per_floor":[88,88,88,88,88,88,88,88,88,88,88,88,88,88,88,88,88],"relic_stats":{"counters":[7,35],"Golden Idol":24,"Shuriken":[7],"obtain_stats":[{"Replay:Accelerometer":9,"Replay:Bandana":13,"Golden Idol":4,"Shuriken":7,"Membership Card":11,"Replay:Bottled Snecko":15,"Burning Blood":0},{"Replay:Accelerometer":4,"Replay:Bandana":5,"Golden Idol":2,"Shuriken":4,"Membership Card":4,"Replay:Bottled Snecko":6,"Burning Blood":0},{"Replay:Accelerometer":15,"Replay:Bandana":19,"Golden Idol":8,"Shuriken":15,"Membership Card":15,"Replay:Bottled Snecko":21,"Burning Blood":0}],"Burning Blood":36},"card_choices":[{"not_picked":["Iron Wave","Clothesline"],"picked":"Rage","floor":1},{"not_picked":["Carnage","Replay:Undeath\u0027s Touch"],"picked":"Cleave","floor":3},{"not_picked":["True Grit","Shockwave"],"picked":"Perfected Strike","floor":5},{"not_picked":["Body Slam","Battle Trance"],"picked":"Infernal Blade","floor":7},{"not_picked":["Combust","Impervious"],"picked":"Dual Wield","floor":13},{"not_picked":["Run Through","True Grit"],"picked":"Shrug It Off","floor":14}],"player_experience":139796,"relics_obtained":[{"floor":7,"key":"Shuriken"},{"floor":9,"key":"Replay:Accelerometer"},{"floor":13,"key":"Replay:Bandana"},{"floor":15,"key":"Replay:Bottled Snecko"}],"event_choices":[{"damage_healed":0,"gold_gain":0,"player_choice":"Take Damage","damage_taken":22,"relics_obtained":["Golden Idol"],"max_hp_gain":0,"max_hp_loss":0,"event_name":"Golden Idol","floor":4,"gold_loss":0},{"cards_removed":["Defend_R"],"damage_healed":0,"gold_gain":0,"player_choice":"Forget","damage_taken":0,"max_hp_gain":0,"max_hp_loss":0,"event_name":"Living Wall","floor":12,"gold_loss":0}],"is_beta":false,"boss_relics":[],"items_purged_floors":[],"is_endless":false,"potions_floor_spawned":[5,14],"killed_by":"The Guardian","ascension_level":0}}