{"host":"fdmexzkyss3ff9bv","time":1608899385,"event":{"mods":["BaseMod","Beaked The Cultist","BetterRewards","Downfall","Glutton Mod","Halation","Hubris","Infinite Spire","Minty Spire (QoL Compilation)","Replay The Spire","StSLib","The Animator","The Blackbeard","The Bug Knight","The Construct","The Mystic","The Servant 0.9.4","The Witch"],"gold_per_floor":[112,123,123,139,150,178,178,190,217,182,182,27,52,52,125,229,229,244,244,258,83,93,93,125,125,125,125,125,125,125,125,225,328,328,348,364,464,464],"floor_reached":37,"playtime":5593,"items_purged":[],"score":595,"play_id":"d733f017-7b40-4434-8107-61131e70e214","local_time":"20201225132945","is_ascension_mode":false,"campfire_choices":[{"data":"Chill","floor":7.0,"key":"SMITH"},{"floor":23,"key":"REST"},{"floor":25,"key":"RECALL"},{"floor":28,"key":"REST"},{"data":"Defragment","floor":30,"key":"SMITH"}],"circlet_count":0,"master_deck":["Defend_B","Defend_B","Defend_B+1","Defend_B","Zap","Dualcast","Self Repair+1","Replay:Dark Deal+1","Fusion+1","Chill+1","Panic Button+1","Time Bomb+1","Defragment+1","Undo","Static Discharge","Loop","ReplayTheSpireMod:Omega Cannon+1","White Noise+1","Rip and Tear+1","Sunder+1","Sunder+1","Redo+1","Reinforced Body+1","BasicCrystalCard+1","Fission+1","Bite","Bite","Bite","Bite","Bite","Meteor Strike+1","Barrage+1","Rebound+1","ReplayTheSpireMod:Echo Chamber","Barrage"],"relics":["Cracked Core","Golden Egg","halation:PinkAlligatorPlush","Juzu Bracelet","Replay:Wax Seal","infinitespire:Satchel","Replay:Ringing Soul","Gremlin Food","halation:SmartPhone","Anchor","halation:LettersToHer","ReplayTheSpireMod:Ninjato","ChewingGum","Replay:Kaleidoscope","infinitespire:EvilPickle"],"acts_visited":["Exordium","TheCity","TheBeyond"],"potions_floor_usage":[20,33,33,37,37],"damage_taken":[{"damage":19.0,"enemies":"infinitespire:Voidling","floor":1.0,"turns":5.0},{"damage":1.0,"enemies":"Cultist","floor":2.0,"turns":3.0},{"damage":1.0,"enemies":"2 Louse","floor":4.0,"turns":4.0},{"damage":16.0,"enemies":"Red Slaver","floor":5.0,"turns":4.0},{"damage":13.0,"enemies":"Replay:BlueRogue","floor":6.0,"turns":3.0},{"damage":2.0,"enemies":"Exordium Wildlife","floor":8.0,"turns":6.0},{"damage":21.0,"enemies":"3 Sentries","floor":13.0,"turns":8.0},{"damage":32.0,"enemies":"Hexaghost","floor":16.0,"turns":6.0},{"damage":6,"enemies":"Spheric Guardian","floor":18,"turns":3},{"damage":11,"enemies":"Chosen","floor":20,"turns":4},{"damage":4,"enemies":"Centurion and Healer","floor":22,"turns":2},{"damage":28,"enemies":"Slavers","floor":24,"turns":5},{"damage":53,"enemies":"Pondfish","floor":33,"turns":8},{"damage":6,"enemies":"Orb Walker","floor":35,"turns":3},{"damage":4,"enemies":"3 Darklings","floor":36,"turns":2},{"damage":16,"enemies":"infinitespire:Three Voidlings","floor":37,"turns":3},{"damage":92,"enemies":"Nightmare_Alpha","floor":37,"turns":6}],"seed_played":"-8225769792357173879","potions_obtained":[{"floor":1.0,"key":"AttackPotion"},{"floor":3.0,"key":"EssenceOfDarkness"},{"floor":3.0,"key":"Energy Potion"},{"floor":5.0,"key":"Milkshake"},{"floor":13.0,"key":"Swift Potion"},{"floor":16.0,"key":"ColorlessPotion"},{"floor":22,"key":"Adrenaline Potion"},{"floor":33,"key":"PowerPotion"},{"floor":35,"key":"Block Potion"},{"floor":37,"key":"SteroidPotion"}],"is_trial":false,"path_per_floor":["M","M","?","M","M","E","R","M","T","?","?","$","E","?","R","B",null,"M","?","M","$","M","R","E","R","T","?","R","?","R","AVR","R","B",null,"M","M","?"],"character_chosen":"DEFECT","items_purchased":["Golden Egg","Self Repair","Replay:Dark Deal","Fusion","infinitespire:Satchel","Sunder","Redo","Reinforced Body"],"campfire_rested":2,"item_purchase_floors":[0,0,0,0,12,21,21,21],"current_hp_per_floor":[50,59,59,68,62,59,59,67,67,75,75,75,67,67,67,48,81,76,68,62,38,28,55,31,31,31,31,59,55,55,55,55,22,73,67,79,66,66],"gold":464,"neow_bonus":"","is_daily":false,"chose_seed":false,"campfire_upgraded":2,"win_rate":0.0,"timestamp":1608899385,"path_taken":["M","?","?","?","M","E","R","M","T","?","?","?","E","?","R","BOSS","M","?","M","$","M","R","E","R","T","?","R","?","R","AVR","R","BOSS","M","M","?"],"items_purchased_type":["Relic","Card","Card","Card","Relic","Card","Card","Card"],"build_version":"2020-12-13","purchased_purges":0,"victory":false,"max_hp_per_floor":[75,75,75,75,75,75,75,75,75,75,75,75,78,78,78,81,81,84,84,87,90,93,93,96,96,96,96,96,70,70,70,70,73,73,76,79,82,82],"card_choices":[{"not_picked":["Static Discharge","ReplayTheSpireMod:System Scan"],"picked":"Chill","floor":1.0},{"not_picked":["hubris:Ukulele","Conserve Battery"],"picked":"Panic Button","floor":2.0},{"not_picked":["Hologram","ReplayTheSpireMod:Repulse"],"picked":"Time Bomb","floor":4.0},{"not_picked":["Melter","Storm"],"picked":"Defragment","floor":5.0},{"not_picked":["Conserve Battery","Beam Cell"],"picked":"Undo","floor":6.0},{"not_picked":["Stack","Darkness"],"picked":"Static Discharge","floor":8.0},{"not_picked":["Hologram","Turbo"],"picked":"Loop","floor":13.0},{"not_picked":["Amplify","Machine Learning"],"picked":"ReplayTheSpireMod:Omega Cannon","floor":16.0},{"not_picked":["Loop","Cold Snap"],"picked":"White Noise+1","floor":18},{"not_picked":["Stack","Darkness+1"],"picked":"Rip and Tear+1","floor":20},{"not_picked":["Beam Cell","Redo"],"picked":"BasicCrystalCard+1","floor":22},{"not_picked":["Streamline","ReplayGash"],"picked":"Fission","floor":24},{"not_picked":["Amplify","Seek"],"picked":"Meteor Strike","floor":33},{"not_picked":["Redo+1","Cold Snap+1"],"picked":"Barrage+1","floor":35},{"not_picked":["Coolheaded+1","Steam"],"picked":"Rebound+1","floor":36},{"not_picked":["infinitespire:UltimateForm","infinitespire:SevenWalls"],"picked":"ReplayTheSpireMod:Echo Chamber","floor":37},{"not_picked":["Rebound+1","Ball Lightning"],"picked":"Barrage","floor":37}],"player_experience":23865,"relics_obtained":[{"floor":6.0,"key":"Juzu Bracelet"},{"floor":9.0,"key":"Replay:Wax Seal"},{"floor":13.0,"key":"Replay:Ringing Soul"},{"floor":14.0,"key":"Gremlin Food"},{"floor":24,"key":"halation:LettersToHer"},{"floor":26,"key":"halation:LettersToHer"},{"floor":37,"key":"Replay:Kaleidoscope"}],"event_choices":[{"damage_healed":0.0,"max_hp_gain":0.0,"max_hp_loss":0.0,"gold_gain":0.0,"event_name":"Lab","player_choice":"Got Potions","floor":3.0,"gold_loss":0.0,"damage_taken":0.0},{"damage_healed":18.0,"max_hp_gain":0.0,"max_hp_loss":0.0,"gold_gain":0.0,"event_name":"The Cleric","player_choice":"Healed","floor":10.0,"gold_loss":35.0,"damage_taken":0.0},{"damage_healed":0.0,"max_hp_gain":0.0,"max_hp_loss":0.0,"gold_gain":0.0,"event_name":"Upgrade Shrine","player_choice":"Upgraded","floor":11.0,"gold_loss":0.0,"damage_taken":0.0,"cards_upgraded":["Time Bomb"]},{"damage_healed":0,"gold_gain":0,"player_choice":"Anchor","damage_taken":0,"relics_obtained":["Anchor"],"max_hp_gain":0,"max_hp_loss":0,"event_name":"blackbeard:ShipwreckEvent","floor":19,"gold_loss":0},{"damage_healed":0,"gold_gain":0,"player_choice":"Became a vampire","damage_taken":0,"max_hp_gain":0,"max_hp_loss":29,"event_name":"Vampires","floor":29,"gold_loss":0,"cards_obtained":["Bite","Bite","Bite","Bite","Bite"]}],"is_beta":false,"boss_relics":[{"not_picked":["Replay:Wanted Poster","ReplayTheSpireMod:SealedPack"],"picked":"halation:SmartPhone"},{"not_picked":["Replay:Grab Bag","Inserter"],"picked":"ChewingGum"}],"items_purged_floors":[],"is_endless":true,"potions_floor_spawned":[1,5,13,16,22,24,33,35,37,37],"killed_by":"Nightmare_Alpha","ascension_level":0}}