{"host":"d50bw6kybq14xu1u","time":1608889323,"event":{"mods":["BaseMod","Colored Map","Colored Powertips","Minty Spire (QoL Compilation)","Quick Restart"],"gold_per_floor":[114,134,104,122,141,172,347,347,347,373,28,43,75,95,95,200,200,213,42,42,42,42,53,86,99,99,124,141,141,176,195,195,299,299,309,309,326,336,386,419,435,466,466,500,24,53,70,85,85,85],"floor_reached":51,"playtime":1913,"items_purged":[],"score":990,"play_id":"26973aa7-593d-4988-a5b0-b02f666117e5","local_time":"20201225174203","is_ascension_mode":true,"campfire_choices":[{"data":"Armaments","floor":15,"key":"SMITH"},{"floor":29,"key":"REST"},{"floor":32,"key":"REST"},{"floor":49,"key":"REST"}],"circlet_count":0,"master_deck":["Strike_R","Strike_R","Strike_R","Strike_R","Strike_R","Defend_R","Defend_R","Defend_R","Defend_R","Bash","Armaments+1","Combust","Pommel Strike","Thunderclap","Blood for Blood","Reaper","Dramatic Entrance","Cleave","Infernal Blade","Juggernaut+1","Rupture+1","Mayhem+1","Sword Boomerang","Perfected Strike","Double Tap","Offering","Madness","Madness","Feed","Spot Weakness","Inflame+1","Pummel","Metallicize+1","Rupture+1","Heavy Blade","Pommel Strike","Metallicize+1","Barricade+1","Twin Strike+1","Hemokinesis+1","Clothesline","Dual Wield+1"],"relics":["Black Blood","Torii","CaptainsWheel","Magic Flower","Self Forming Clay","Frozen Egg 2","Fusion Hammer","Nloth\u0027s Gift","Darkstone Periapt","Bottled Tornado","Lantern","Mango","Prayer Wheel","Kunai","Pen Nib","Unceasing Top","Pantograph","Ginger","Vajra"],"acts_visited":["Exordium","TheCity","TheBeyond"],"potions_floor_usage":[50,50,50],"damage_taken":[{"damage":0,"enemies":"2 Louse","floor":1,"turns":1},{"damage":0,"enemies":"Cultist","floor":2,"turns":1},{"damage":0,"enemies":"Small Slimes","floor":4,"turns":1},{"damage":16,"enemies":"3 Louse","floor":5,"turns":3},{"damage":23,"enemies":"Gremlin Nob","floor":6,"turns":4},{"damage":23,"enemies":"Lagavulin","floor":10,"turns":6},{"damage":4,"enemies":"Large Slime","floor":12,"turns":4},{"damage":13,"enemies":"3 Sentries","floor":13,"turns":4},{"damage":10,"enemies":"Looter","floor":14,"turns":2},{"damage":29,"enemies":"The Guardian","floor":16,"turns":10},{"damage":10,"enemies":"Shell Parasite","floor":18,"turns":4},{"damage":6,"enemies":"3 Byrds","floor":23,"turns":4},{"damage":30,"enemies":"Slavers","floor":24,"turns":3},{"damage":23,"enemies":"Centurion and Healer","floor":25,"turns":5},{"damage":21,"enemies":"Gremlin Leader","floor":27,"turns":5},{"damage":10,"enemies":"Sentry and Sphere","floor":28,"turns":4},{"damage":35,"enemies":"Book of Stabbing","floor":30,"turns":5},{"damage":17,"enemies":"Snake Plant","floor":31,"turns":4},{"damage":70,"enemies":"Automaton","floor":33,"turns":8},{"damage":6,"enemies":"3 Shapes","floor":35,"turns":2},{"damage":63,"enemies":"3 Darklings","floor":37,"turns":5},{"damage":23,"enemies":"4 Shapes","floor":38,"turns":3},{"damage":42,"enemies":"2 Orb Walkers","floor":39,"turns":5},{"damage":19,"enemies":"Giant Head","floor":40,"turns":5},{"damage":29,"enemies":"Transient","floor":41,"turns":5},{"damage":39,"enemies":"Reptomancer","floor":42,"turns":5},{"damage":46,"enemies":"Giant Head","floor":44,"turns":7},{"damage":31,"enemies":"Reptomancer","floor":46,"turns":5},{"damage":52,"enemies":"Jaw Worm Horde","floor":47,"turns":4},{"damage":9,"enemies":"3 Darklings","floor":48,"turns":3},{"damage":58,"enemies":"Time Eater","floor":50,"turns":8}],"seed_played":"-6973905639468249057","potions_obtained":[{"floor":3,"key":"Strength Potion"},{"floor":3,"key":"Ancient Potion"},{"floor":4,"key":"EntropicBrew"},{"floor":18,"key":"BlessingOfTheForge"}],"is_trial":false,"path_per_floor":["M","M","?","M","M","E","?","?","T","E","$","M","E","M","R","B",null,"M","$","?","?","?","M","E","M","T","E","M","R","E","M","R","B",null,"M","?","M","M","?","E","M","E","T","E","$","E","M","M","R","B",null],"character_chosen":"IRONCLAD","items_purchased":["Self Forming Clay","Dramatic Entrance","Mayhem+1","Heavy Blade","Pommel Strike","Ginger","Metallicize+1","Strength Potion"],"campfire_rested":3,"item_purchase_floors":[11,11,19,45,45,45,45,45],"current_hp_per_floor":[80,80,80,80,70,53,53,46,46,29,29,39,47,46,46,26,80,80,80,65,65,65,77,56,54,54,74,73,85,73,71,99,38,99,99,87,57,76,60,59,72,51,51,47,47,87,65,94,99,59],"gold":85,"neow_bonus":"THREE_ENEMY_KILL","is_daily":false,"chose_seed":false,"campfire_upgraded":1,"win_rate":0.0,"timestamp":1608889323,"path_taken":["M","M","?","M","?","E","?","?","T","E","$","M","E","M","R","BOSS","M","$","?","?","?","M","E","M","T","E","?","R","E","M","R","BOSS","M","?","M","M","?","E","M","E","T","E","$","E","M","M","R","BOSS"],"items_purchased_type":["Relic","Card","Card","Card","Card","Relic","Card","Potion"],"build_version":"2020-12-22","purchased_purges":0,"victory":true,"max_hp_per_floor":[80,80,80,80,80,80,80,80,80,80,80,80,80,80,80,80,80,80,80,85,85,85,85,85,85,85,85,85,85,99,99,99,99,99,99,99,99,99,99,99,99,99,99,99,99,99,99,99,99,99],"card_choices":[{"not_picked":["Shrug It Off","Hemokinesis"],"picked":"Armaments","floor":1},{"not_picked":["Thunderclap","Pommel Strike"],"picked":"Combust","floor":2},{"not_picked":["Twin Strike","Reckless Charge"],"picked":"Pommel Strike","floor":4},{"not_picked":["Heavy Blade","Dual Wield"],"picked":"Thunderclap","floor":5},{"not_picked":["Hemokinesis","Carnage"],"picked":"Blood for Blood","floor":6},{"not_picked":["Heavy Blade","Dual Wield"],"picked":"Reaper","floor":10},{"not_picked":["Seeing Red","Anger","Reckless Charge"],"picked":"SKIP","floor":12},{"not_picked":["Shrug It Off","Sword Boomerang"],"picked":"Cleave","floor":13},{"not_picked":["Havoc","Shrug It Off"],"picked":"Infernal Blade","floor":14},{"not_picked":["Exhume","Corruption+1"],"picked":"Juggernaut+1","floor":16},{"not_picked":["Battle Trance","Iron Wave+1"],"picked":"Rupture+1","floor":18},{"not_picked":["Dark Embrace+1","Cleave+1"],"picked":"Sword Boomerang","floor":23},{"not_picked":["Fire Breathing+1","Sentinel+1","Bludgeon"],"picked":"SKIP","floor":24},{"not_picked":["Carnage","Wild Strike","Heavy Blade"],"picked":"SKIP","floor":25},{"not_picked":["Anger","Exhume","Battle Trance+1"],"picked":"SKIP","floor":27},{"not_picked":["Shockwave","True Grit"],"picked":"Perfected Strike","floor":28},{"not_picked":["Armaments","Power Through"],"picked":"Double Tap","floor":30},{"not_picked":["Armaments+1","Dark Embrace+1","Warcry+1"],"picked":"SKIP","floor":31},{"not_picked":["Fiend Fire","Bludgeon"],"picked":"Offering","floor":33},{"not_picked":["Havoc","Flame Barrier+1","Sword Boomerang+1"],"picked":"SKIP","floor":35},{"not_picked":["Anger+1","True Grit+1","Body Slam"],"picked":"SKIP","floor":37},{"not_picked":["Anger+1","Cleave"],"picked":"Feed","floor":38},{"not_picked":["True Grit+1","Flex"],"picked":"Spot Weakness","floor":39},{"not_picked":["Spot Weakness+1","Brutality+1"],"picked":"Inflame+1","floor":40},{"not_picked":["Warcry","Fire Breathing+1"],"picked":"Pummel","floor":41},{"not_picked":["Clothesline","Second Wind","Cleave"],"picked":"SKIP","floor":41},{"not_picked":["Iron Wave","Fire Breathing+1"],"picked":"Metallicize+1","floor":42},{"not_picked":["Second Wind","Reckless Charge+1"],"picked":"Rupture+1","floor":44},{"not_picked":["Double Tap","Battle Trance+1"],"picked":"Barricade+1","floor":46},{"not_picked":["Feed","Cleave"],"picked":"Twin Strike+1","floor":47},{"not_picked":["Dual Wield+1","Sword Boomerang+1"],"picked":"Hemokinesis+1","floor":47},{"not_picked":["Burning Pact","Ghostly Armor+1"],"picked":"Clothesline","floor":48},{"not_picked":["Wild Strike","Headbutt+1"],"picked":"Dual Wield+1","floor":48}],"player_experience":11541,"relics_obtained":[{"floor":6,"key":"Torii"},{"floor":9,"key":"CaptainsWheel"},{"floor":10,"key":"Magic Flower"},{"floor":13,"key":"Frozen Egg 2"},{"floor":24,"key":"Darkstone Periapt"},{"floor":26,"key":"Bottled Tornado"},{"floor":27,"key":"Lantern"},{"floor":30,"key":"Mango"},{"floor":39,"key":"Prayer Wheel"},{"floor":40,"key":"Kunai"},{"floor":42,"key":"Pen Nib"},{"floor":43,"key":"Unceasing Top"},{"floor":44,"key":"Pantograph"},{"floor":46,"key":"Vajra"}],"event_choices":[{"damage_healed":0,"gold_gain":0,"player_choice":"Bought 2 Potions","damage_taken":0,"max_hp_gain":0,"max_hp_loss":0,"event_name":"The Woman in Blue","floor":3,"gold_loss":0},{"damage_healed":0,"gold_gain":175,"player_choice":"AGREE","damage_taken":0,"max_hp_gain":0,"max_hp_loss":0,"event_name":"Liars Game","floor":7,"gold_loss":0,"cards_obtained":["Doubt"]},{"cards_removed":["Doubt"],"damage_healed":0,"gold_gain":0,"player_choice":"Card Removal","damage_taken":7,"max_hp_gain":0,"max_hp_loss":0,"event_name":"Golden Wing","floor":8,"gold_loss":0},{"damage_healed":0,"gold_gain":0,"player_choice":"Shed Blood","damage_taken":20,"max_hp_gain":5,"max_hp_loss":0,"event_name":"Forgotten Altar","floor":20,"gold_loss":0},{"damage_healed":0,"gold_gain":0,"player_choice":"Ignored","damage_taken":0,"max_hp_gain":0,"max_hp_loss":0,"event_name":"Vampires","floor":21,"gold_loss":0},{"damage_healed":0,"gold_gain":0,"player_choice":"Traded Relic","damage_taken":0,"relics_obtained":["Nloth\u0027s Gift"],"max_hp_gain":0,"max_hp_loss":0,"event_name":"N\u0027loth","floor":22,"relics_lost":["NeowsBlessing"],"gold_loss":0},{"damage_healed":0,"gold_gain":0,"player_choice":"Embrace Madness","damage_taken":12,"max_hp_gain":0,"max_hp_loss":0,"event_name":"Winding Halls","floor":36,"gold_loss":0,"cards_obtained":["Madness","Madness"]},{"damage_healed":0,"gold_gain":0,"player_choice":"Fight","damage_taken":0,"max_hp_gain":0,"max_hp_loss":0,"event_name":"Mysterious Sphere","floor":39,"gold_loss":0}],"is_beta":false,"boss_relics":[{"not_picked":["Empty Cage","Calling Bell"],"picked":"Fusion Hammer"},{"not_picked":["Snecko Eye","Runic Cube"],"picked":"Black Blood"}],"items_purged_floors":[],"is_endless":false,"potions_floor_spawned":[4,6,12,14,18,24,27,31,38,40,42,46],"ascension_level":1}}