{"host":"ou23awlgcm0pi7o1","time":1608907588,"event":{"mods":["BaseMod","Colored Map","Downfall","Minty Spire (QoL Compilation)","StSLib","Unceasing Turn Reminder"],"gold_per_floor":[0,12,24,39,55,55,80,80,80,109,19,19,19,19,19],"floor_reached":13,"playtime":622,"items_purged":["Regret"],"score":104,"play_id":"86c898ff-16bc-4fb7-91d6-8b901ec36383","local_time":"20201225144628","is_ascension_mode":true,"campfire_choices":[{"data":"champ:VampiricStrike","floor":1,"key":"SMITH"},{"data":"champ:Lariat","floor":6,"key":"SMITH"}],"circlet_count":0,"master_deck":["champ:Strike+1","champ:Strike","champ:Strike","champ:Strike","champ:Defend","champ:Defend+1","champ:Defend","champ:Execute","champ:Taunt+1","champ:VampiricStrike+1","champ:ShieldSigil+1","champ:Lariat+1","champ:BerserkersShout","champ:RageSigil","champ:BerserkersShout"],"relics":["champ:ChampionCrown","Lantern"],"acts_visited":["Exordium"],"potions_floor_usage":[10],"damage_taken":[{"damage":10,"enemies":"Small Slimes","floor":2,"turns":5},{"damage":9,"enemies":"2 Louse","floor":3,"turns":3},{"damage":10,"enemies":"Cultist","floor":4,"turns":5},{"damage":53,"enemies":"Exordium Wildlife","floor":5,"turns":5},{"damage":55,"enemies":"Gremlin Nob","floor":10,"turns":5},{"damage":28,"enemies":"downfall:FleeingMerchant","floor":11,"turns":4},{"damage":64,"enemies":"Lagavulin","floor":13,"turns":4}],"seed_played":"8471073964084827999","potions_obtained":[{"floor":4,"key":"Fire Potion"},{"floor":5,"key":"AttackPotion"}],"is_trial":false,"path_per_floor":["R","M","M","M","M","R","T","?","?","E","$","?","E"],"character_chosen":"THE_CHAMP","items_purchased":[],"campfire_rested":0,"item_purchase_floors":[],"current_hp_per_floor":[90,90,90,90,78,78,78,78,78,50,59,59,0,0,0],"gold":19,"neow_bonus":"THREE_RARE_CARDS","is_daily":false,"chose_seed":false,"campfire_upgraded":2,"win_rate":0.0,"timestamp":1608907588,"path_taken":["R","M","M","M","M","R","T","?","?","E","$","?","E"],"items_purchased_type":[],"build_version":"2020-12-22","purchased_purges":1,"victory":false,"max_hp_per_floor":[90,90,90,90,90,90,90,90,90,90,90,90,90,90,90],"card_choices":[{"not_picked":["champ:CheapShot","champ:EnchantSword"],"picked":"champ:VampiricStrike","floor":0},{"not_picked":["champ:FlashCut","champ:BladeFlurry"],"picked":"champ:ShieldSigil","floor":2},{"not_picked":["champ:RecklessLeap","champ:StanceDance"],"picked":"champ:Lariat","floor":3},{"not_picked":["champ:DefensiveShout","champ:RapidStrikes"],"picked":"champ:BerserkersShout","floor":4},{"not_picked":["champ:AdrenalArmor","champ:Control","champ:PreciseThrust"],"picked":"SKIP","floor":5},{"not_picked":["champ:FanOfKnives","champ:StanceDance"],"picked":"champ:RageSigil","floor":10},{"not_picked":["champ:BladeFlurry","champ:Haymaker"],"picked":"champ:BerserkersShout","floor":11}],"player_experience":347287,"relics_obtained":[{"floor":10,"key":"Lantern"}],"event_choices":[{"cards_removed":["champ:Defend"],"damage_healed":0,"gold_gain":0,"player_choice":"Card Removal","damage_taken":0,"max_hp_gain":0,"max_hp_loss":0,"event_name":"The Cleric","floor":8,"gold_loss":0},{"damage_healed":0,"gold_gain":0,"player_choice":"Upgraded","damage_taken":0,"max_hp_gain":0,"max_hp_loss":0,"event_name":"Upgrade Shrine","floor":12,"gold_loss":0,"cards_upgraded":["champ:Taunt"]}],"is_beta":false,"boss_relics":[],"items_purged_floors":[11],"is_endless":false,"potions_floor_spawned":[4,5],"killed_by":"Lagavulin","ascension_level":5}}