{"host":"f6tqpspb2ou2a4h5","time":1608870786,"event":{"mods":["2.2 Compatiblity","Ascension Unlocker","BaseMod","Colored Map","DeckTracker","Hermit","Highlight Path","KOR Keyword Fix","Keyboard Shortcuts","Minty Spire (QoL Compilation)","Permanent Neow","Quick Restart","Random Character Button","StSLib","SuperFastMode","The Poker Player","everything is the same but u backflip on backflip"],"gold_per_floor":[112,82,0,14,25,25,55,55,81,114,130,141,153,0,0,96,96,85,99,99,99],"floor_reached":20,"playtime":902,"items_purged":[],"score":186,"play_id":"4101a08b-a706-4cb6-8c1e-d6f7a3fd80b3","local_time":"20201225133306","is_ascension_mode":false,"campfire_choices":[{"data":"White Noise","floor":6,"key":"SMITH"},{"data":"Loop","floor":8,"key":"SMITH"},{"floor":15,"key":"REST"}],"circlet_count":0,"master_deck":["Strike_B","Strike_B","Strike_B","Defend_B","Defend_B","Defend_B","Defend_B","Zap","Dualcast","White Noise+1","Loop+1","Glacier","Coolheaded","Coolheaded","Barrage","Beam Cell","Beam Cell","Scrape","Gash","Electrodynamics"],"relics":["Cracked Core","Regal Pillow","Bronze Scales","Lizard Tail","Art of War","Cursed Key"],"acts_visited":["Exordium","TheCity"],"potions_floor_usage":[16,16,18],"damage_taken":[{"damage":0,"enemies":"Small Slimes","floor":1,"turns":3},{"damage":0,"enemies":"Cultist","floor":4,"turns":5},{"damage":1,"enemies":"Jaw Worm","floor":5,"turns":3},{"damage":18,"enemies":"3 Sentries","floor":7,"turns":15},{"damage":12,"enemies":"Gremlin Nob","floor":10,"turns":4},{"damage":5,"enemies":"Blue Slaver","floor":11,"turns":3},{"damage":12,"enemies":"Exordium Wildlife","floor":12,"turns":4},{"damage":11,"enemies":"Large Slime","floor":13,"turns":6},{"damage":19,"enemies":"Hexaghost","floor":16,"turns":8},{"damage":20,"enemies":"2 Thieves","floor":18,"turns":4},{"damage":25,"enemies":"Chosen","floor":19,"turns":5},{"damage":0,"enemies":"Shelled Parasite and Fungi","floor":20,"turns":1}],"seed_played":"8019101033683854754","potions_obtained":[{"floor":1,"key":"EssenceOfSteel"},{"floor":2,"key":"Energy Potion"},{"floor":2,"key":"Energy Potion"},{"floor":7,"key":"EntropicBrew"},{"floor":12,"key":"PotionOfCapacity"},{"floor":19,"key":"FairyPotion"}],"is_trial":false,"path_per_floor":["M","?","$","M","M","R","E","R","T","E","M","M","M","$","R","B",null,"M","M","M"],"character_chosen":"DEFECT","items_purchased":["Glacier","Art of War"],"campfire_rested":1,"item_purchase_floors":[3,14],"current_hp_per_floor":[75,75,75,75,74,74,56,56,56,44,39,27,16,16,53,34,75,55,30,30,30],"gold":99,"neow_bonus":"TRANSFORM_CARD","is_daily":false,"chose_seed":false,"campfire_upgraded":2,"win_rate":0.0,"timestamp":1608870786,"path_taken":["M","?","$","M","M","R","E","R","T","E","?","M","M","$","R","BOSS","M","M","M"],"items_purchased_type":["Card","Relic"],"build_version":"2020-12-22","purchased_purges":0,"victory":false,"max_hp_per_floor":[75,75,75,75,75,75,75,75,75,75,75,75,75,75,75,75,75,75,75,75,75],"card_choices":[{"not_picked":["Barrage","Undo"],"picked":"Loop","floor":1},{"not_picked":["BootSequence","Leap"],"picked":"Coolheaded","floor":4},{"not_picked":["Conserve Battery","Cold Snap"],"picked":"Coolheaded","floor":5},{"not_picked":["Rip and Tear","Chaos"],"picked":"Barrage","floor":7},{"not_picked":["Redo","Creative AI"],"picked":"Beam Cell","floor":10},{"not_picked":["Barrage","Redo"],"picked":"Beam Cell","floor":11},{"not_picked":["Rebound","Lockon"],"picked":"Scrape","floor":12},{"not_picked":["Beam Cell","Stack"],"picked":"Gash","floor":13},{"not_picked":["Thunder Strike","Amplify"],"picked":"Electrodynamics","floor":16},{"not_picked":["Compile Driver+1","Conserve Battery","Leap"],"picked":"SKIP","floor":18},{"not_picked":["Redo","Rip and Tear+1","Conserve Battery"],"picked":"SKIP","floor":19}],"player_experience":49098,"relics_obtained":[{"floor":7,"key":"Regal Pillow"},{"floor":9,"key":"Bronze Scales"},{"floor":10,"key":"Lizard Tail"}],"event_choices":[{"damage_healed":0,"gold_gain":0,"player_choice":"Bought 2 Potions","damage_taken":0,"max_hp_gain":0,"max_hp_loss":0,"event_name":"The Woman in Blue","floor":2,"gold_loss":0}],"is_beta":false,"boss_relics":[{"not_picked":["Runic Dome","SlaversCollar"],"picked":"Cursed Key"}],"items_purged_floors":[],"is_endless":false,"potions_floor_spawned":[1,7,12,19],"killed_by":"Shelled Parasite and Fungi","ascension_level":0}}