{"host":"2461dio7vetlq1z3","time":1608867889,"event":{"mods":["2.2 Compatiblity","AchievementEnabler","Aspiration","BaseMod","Better Third Choice","Downfall","Hermit","Minty Spire (QoL Compilation)","Relic Stats","Spicy Shops","StSLib","The Runesmith","Waifu the Spire"],"gold_per_floor":[117,136,150,160,6,35,46,46,73,73,99,111,111,123,123,123,123,123],"floor_reached":16,"playtime":611,"items_purged":[],"score":143,"play_id":"f580dd56-fc01-490c-afcf-22f00d7dc82b","local_time":"20201225044449","is_ascension_mode":true,"campfire_choices":[{"data":"champ:Taunt","floor":8,"key":"SMITH"},{"floor":10,"key":"REST"},{"data":"champ:Strike","floor":15,"key":"SMITH"}],"circlet_count":0,"master_deck":["champ:Strike","champ:Strike","champ:Strike+1","champ:Strike","champ:Defend+1","champ:Defend","champ:Defend","champ:Defend","champ:Execute","champ:Taunt+1","champ:Haymaker","champ:Duel","champ:DefensiveShout","champ:Aggression+1","champ:Improvising","champ:ShieldSigil+1","champ:PerfectForm","champ:GutPunch"],"relics":["champ:ChampionCrown","Oddly Smooth Stone","champ:Barbells","Ice Cream","aspiration:Lifesprig","Bag of Marbles"],"acts_visited":["Exordium"],"potions_floor_usage":[6],"damage_taken":[{"damage":10,"enemies":"Cultist","floor":1,"turns":3},{"damage":0,"enemies":"Small Slimes","floor":2,"turns":5},{"damage":3,"enemies":"Jaw Worm","floor":3,"turns":4},{"damage":5,"enemies":"2 Fungi Beasts","floor":4,"turns":3},{"damage":58,"enemies":"Lagavulin","floor":6,"turns":7},{"damage":5,"enemies":"Looter","floor":7,"turns":3},{"damage":25,"enemies":"Gremlin Nob","floor":11,"turns":4},{"damage":9,"enemies":"Red Slaver","floor":12,"turns":5},{"damage":10,"enemies":"3 Louse","floor":14,"turns":3},{"damage":0,"enemies":"Slime Boss","floor":16,"turns":1}],"seed_played":"-6556672321316342188","potions_obtained":[{"floor":1,"key":"Fire Potion"},{"floor":3,"key":"hexamod:EctoCoolerPotion"},{"floor":6,"key":"DistilledChaos"},{"floor":14,"key":"PowerPotion"}],"is_trial":false,"path_per_floor":["M","M","M","M","$","E","M","R","T","R","E","M","?","M","R","B"],"character_chosen":"THE_CHAMP","items_purchased":["champ:Barbells"],"campfire_rested":1,"item_purchase_floors":[5],"current_hp_per_floor":[90,90,87,87,87,41,36,36,36,63,43,34,64,58,58,58,58,58],"gold":123,"neow_bonus":"RANDOM_COMMON_RELIC","is_daily":false,"chose_seed":false,"campfire_upgraded":2,"win_rate":0.0,"timestamp":1608867889,"path_taken":["M","M","?","M","$","E","M","R","T","R","E","M","?","M","R","BOSS"],"items_purchased_type":["Relic"],"build_version":"2020-12-22","purchased_purges":0,"victory":false,"max_hp_per_floor":[90,90,90,90,90,90,90,90,90,90,90,90,90,90,90,90,90,90],"relic_stats":{"counters":[10,37],"obtain_stats":[{"Ice Cream":6,"champ:Barbells":5,"aspiration:Lifesprig":9,"Oddly Smooth Stone":0,"champ:ChampionCrown":0,"Bag of Marbles":11},{"Ice Cream":5,"champ:Barbells":4,"aspiration:Lifesprig":6,"Oddly Smooth Stone":0,"champ:ChampionCrown":0,"Bag of Marbles":7},{"Ice Cream":22,"champ:Barbells":15,"aspiration:Lifesprig":25,"Oddly Smooth Stone":0,"champ:ChampionCrown":0,"Bag of Marbles":29}]},"card_choices":[{"not_picked":["champ:SwordSigil","champ:FocusedDefense"],"picked":"champ:Haymaker","floor":1},{"not_picked":["champ:DefensiveShout","champ:Backstep"],"picked":"champ:Duel","floor":2},{"not_picked":["champ:PerfectedStrike","champ:BerserkerStyle"],"picked":"champ:DefensiveShout","floor":3},{"not_picked":["champ:ShieldSigil","champ:FocusedBerserking"],"picked":"champ:Aggression","floor":4},{"not_picked":["champ:Aggression","champ:Backstep"],"picked":"champ:Improvising","floor":6},{"not_picked":["champ:RapidStrikes","champ:Haymaker"],"picked":"champ:ShieldSigil","floor":7},{"not_picked":["champ:BladeFlurry","champ:RageSigil"],"picked":"champ:PerfectForm","floor":11},{"not_picked":["champ:IronFortress","champ:RageSigil","champ:Circumvent"],"picked":"SKIP","floor":12},{"not_picked":["champ:BerserkersShout","champ:ArenaPreparation"],"picked":"champ:GutPunch","floor":14}],"player_experience":1012710,"relics_obtained":[{"floor":6,"key":"Ice Cream"},{"floor":9,"key":"aspiration:Lifesprig"},{"floor":11,"key":"Bag of Marbles"}],"event_choices":[{"damage_healed":30,"gold_gain":0,"player_choice":"Banana","damage_taken":0,"max_hp_gain":0,"max_hp_loss":0,"event_name":"Big Fish","floor":13,"gold_loss":0}],"is_beta":false,"boss_relics":[],"items_purged_floors":[],"is_endless":false,"potions_floor_spawned":[1,3,6,14],"killed_by":"Slime Boss","ascension_level":5}}