{"host":"9ndbo4kgsfoemf7y","time":1608862040,"event":{"mods":["AchievementEnabler","BaseMod","Colored Map","DeckTracker","Keyboard Shortcuts","Minty Spire (QoL Compilation)","Permanent Neow","Quick Restart","Relic Stats","StSLib","SuperFastMode"],"gold_per_floor":[110,130,130,0,12,12,39,39,89,120,120,150,150,162,162,162,162],"floor_reached":16,"playtime":475,"items_purged":["Strike_B"],"score":130,"play_id":"6a563630-fe51-4cfb-ad91-d6d9201b47c1","local_time":"20201225110720","is_ascension_mode":true,"campfire_choices":[{"data":"Genetic Algorithm","floor":6,"key":"SMITH"},{"floor":11,"key":"REST"},{"data":"Coolheaded","floor":13,"key":"SMITH"},{"data":"Glacier","floor":15,"key":"SMITH"}],"circlet_count":0,"master_deck":["Strike_B","Strike_B","Defend_B","Defend_B","Defend_B","Defend_B","Zap","Dualcast","Steam Power","Defragment","Beam Cell","Genetic Algorithm+1","Ball Lightning","Glacier+1","Hologram","Coolheaded+1","Cold Snap"],"relics":["Cracked Core","Smiling Mask","Akabeko","Happy Flower","Omamori","Potion Belt"],"acts_visited":["Exordium"],"potions_floor_usage":[7],"damage_taken":[{"damage":3,"enemies":"Jaw Worm","floor":1,"turns":4},{"damage":10,"enemies":"Small Slimes","floor":2,"turns":4},{"damage":12,"enemies":"2 Louse","floor":5,"turns":4},{"damage":23,"enemies":"Gremlin Nob","floor":7,"turns":4},{"damage":3,"enemies":"Lagavulin","floor":10,"turns":6},{"damage":8,"enemies":"Gremlin Nob","floor":12,"turns":4},{"damage":0,"enemies":"Large Slime","floor":14,"turns":3},{"damage":36,"enemies":"Slime Boss","floor":16,"turns":10}],"seed_played":"-7687314877963411580","potions_obtained":[{"floor":1,"key":"DistilledChaos"},{"floor":12,"key":"EssenceOfSteel"},{"floor":14,"key":"BlessingOfTheForge"}],"is_trial":false,"path_per_floor":["M","M","?","$","M","R","E","?","T","E","R","E","R","M","R","B"],"character_chosen":"DEFECT","items_purchased":["Genetic Algorithm"],"campfire_rested":1,"item_purchase_floors":[4],"current_hp_per_floor":[72,62,59,59,47,47,24,24,24,21,43,35,35,35,35,0,0],"gold":162,"neow_bonus":"TRANSFORM_CARD","is_daily":false,"chose_seed":false,"campfire_upgraded":3,"win_rate":0.0,"timestamp":1608862040,"path_taken":["M","M","?","$","M","R","E","?","T","E","R","E","R","M","R","BOSS"],"items_purchased_type":["Card"],"build_version":"2020-12-22","purchased_purges":1,"victory":false,"max_hp_per_floor":[75,75,75,75,75,75,75,75,75,75,75,75,75,75,75,75,75],"relic_stats":{"Happy Flower":[7],"counters":[8,39],"Smiling Mask":25,"obtain_stats":[{"Potion Belt":12,"Happy Flower":9,"Omamori":10,"Cracked Core":0,"Smiling Mask":3,"Akabeko":7},{"Potion Belt":6,"Happy Flower":4,"Omamori":5,"Cracked Core":0,"Smiling Mask":2,"Akabeko":4},{"Potion Belt":26,"Happy Flower":16,"Omamori":22,"Cracked Core":0,"Smiling Mask":8,"Akabeko":16}]},"card_choices":[{"not_picked":["Rebound","Steam"],"picked":"Defragment","floor":1},{"not_picked":["Go for the Eyes","Gash"],"picked":"Beam Cell","floor":2},{"not_picked":["Beam Cell","Leap"],"picked":"Ball Lightning","floor":5},{"not_picked":["Static Discharge","Compile Driver"],"picked":"Glacier","floor":7},{"not_picked":["Rainbow","Double Energy"],"picked":"Hologram","floor":10},{"not_picked":["Lockon","Go for the Eyes"],"picked":"Coolheaded","floor":12},{"not_picked":["Conserve Battery","Hologram"],"picked":"Cold Snap","floor":14}],"player_experience":741922,"relics_obtained":[{"floor":7,"key":"Akabeko"},{"floor":9,"key":"Happy Flower"},{"floor":10,"key":"Omamori"},{"floor":12,"key":"Potion Belt"}],"event_choices":[{"damage_healed":0,"gold_gain":0,"player_choice":"Success","damage_taken":3,"relics_obtained":["Smiling Mask"],"max_hp_gain":0,"max_hp_loss":0,"event_name":"Scrap Ooze","floor":3,"gold_loss":0},{"damage_healed":0,"gold_gain":0,"player_choice":"Ignored","damage_taken":0,"max_hp_gain":0,"max_hp_loss":0,"event_name":"Shining Light","floor":8,"gold_loss":0}],"is_beta":false,"boss_relics":[],"items_purged_floors":[4],"is_endless":false,"potions_floor_spawned":[1,12,14],"killed_by":"Slime Boss","ascension_level":2}}