{"host":"mytek2nu1hrzdnew","time":1608856440,"event":{"mods":["Aspiration","BaseMod","Conspire","GifTheSpireLib","Gold Saver","Hubris","Melee Mod","Minty Spire (QoL Compilation)","Replay The Spire","StSLib","Stuff the Spire"],"gold_per_floor":[3023,2568,2585,2596,2212,2244,2244,2263,2287,2287,2287,2299,2332,2129,2129,2240,2240,2257,2280,2280,2312,2312,2357,2386,2407,2433,8,25,25,44,63,63,170,170,202,231,141,179,24,62,62,85,85,111,111,140,140,140,140,153],"floor_reached":51,"playtime":4145,"items_purged":["Setup","Poisoned Stab","Dagger Spray","Footwork+1","Footwork+1"],"score":1044,"play_id":"9810c663-6f23-45ff-b2eb-c813cb65b847","local_time":"20201224193359","daily_mods":["SealedDeck","Vintage","Heirloom","Binary"],"is_ascension_mode":false,"campfire_choices":[{"data":"Infinite Blades","floor":7,"key":"SMITH"},{"data":"Infinite Blades","floor":10,"key":"SMITH"},{"data":"Footwork","floor":15,"key":"SMITH"},{"data":"Footwork","floor":32,"key":"SMITH"},{"data":"Backstab","floor":41,"key":"SMITH"},{"data":"Blade Dance","floor":47,"key":"SMITH"},{"data":"Swift Strike","floor":49,"key":"SMITH"}],"circlet_count":0,"master_deck":["Infinite Blades+1","Blade Dance+1","Backstab+1","Slice","StuffTheSpire:ReptileScales+1","Swift Strike+1","Infinite Blades+1","Slice+1","StuffTheSpire:FreeRealEstate+1","Slice","ReplayTheSpireMod:Shiv Toss","ReplayTheSpireMod:Scrap Shanks+1"],"relics":["Unceasing Top","Busted Crown","Vampiric Spirits","Blue Doll","hubris:SlimyHat","Smiling Mask","Bronze Scales","DollysMirror","CeramicFish","Dream Catcher","Replay:Ringing Soul","Pet Ghost","Tough Bandages","BranchBurnRelic","Snecko Scales","Art of War","Nunchaku","Vajra","hubris:BottledRain","aspiration:SeaSaltIceCream","The Courier","War Paint","Potion Belt","Letter Opener","TheAbacus","ReplayTheSpireMod:TigerMarble","aspiration:Lifesprig","Oddly Smooth Stone","Bag of Preparation","hubris:AncientText","conspire:BottledYoYo","StuffTheSpire:OldFever","Replay:Mystery Machine","Centennial Puzzle","Replay:Accelerometer","Eternal Feather","ReplayTheSpireMod:Lightbulb","StuffTheSpire:HeavyRock","aspiration:DSix","hubris:DeckOfHolding","Frozen Egg 2","Bottled Lightning","hubris:HollowSoul","Ancient Tea Set","Strawberry","Bag of Marbles","Omamori","Replay:Rubber Ducky","Molten Egg 2","Paper Crane","hubris:ToyBattleship"],"acts_visited":["Exordium","TheCity","TheBeyond"],"potions_floor_usage":[6,6,12,13,16,23,23,25,31,33,38,50,50],"damage_taken":[{"damage":6,"enemies":"Jaw Worm","floor":1,"turns":2},{"damage":0,"enemies":"Small Slimes","floor":3,"turns":1},{"damage":0,"enemies":"Cultist","floor":4,"turns":2},{"damage":13,"enemies":"3 Sentries","floor":6,"turns":4},{"damage":4,"enemies":"3 Louse","floor":8,"turns":1},{"damage":0,"enemies":"2 Fungi Beasts","floor":12,"turns":2},{"damage":9,"enemies":"Lagavulin","floor":13,"turns":4},{"damage":39,"enemies":"The Guardian","floor":16,"turns":3},{"damage":0,"enemies":"Spheric Guardian","floor":18,"turns":3},{"damage":0,"enemies":"Shell Parasite","floor":19,"turns":3},{"damage":0,"enemies":"Snake Plant","floor":21,"turns":3},{"damage":15,"enemies":"Slavers","floor":23,"turns":3},{"damage":0,"enemies":"3 Cultists","floor":24,"turns":2},{"damage":0,"enemies":"Shelled Parasite and Fungi","floor":25,"turns":2},{"damage":0,"enemies":"Snake Plant","floor":28,"turns":1},{"damage":0,"enemies":"Centurion and Healer","floor":30,"turns":1},{"damage":0,"enemies":"Snecko","floor":31,"turns":1},{"damage":0,"enemies":"Automaton","floor":33,"turns":4},{"damage":0,"enemies":"3 Shapes","floor":35,"turns":2},{"damage":0,"enemies":"3 Darklings","floor":36,"turns":2},{"damage":0,"enemies":"Maw","floor":38,"turns":4},{"damage":0,"enemies":"Nemesis","floor":40,"turns":1},{"damage":0,"enemies":"Spire Growth","floor":42,"turns":2},{"damage":0,"enemies":"R_Hoarder","floor":44,"turns":2},{"damage":0,"enemies":"Giant Head","floor":46,"turns":2},{"damage":0,"enemies":"Donu and Deca","floor":50,"turns":2}],"seed_played":"-5539052434361875934","potions_obtained":[{"floor":1,"key":"CunningPotion"},{"floor":6,"key":"LiquidBronze"},{"floor":8,"key":"Energy Potion"},{"floor":21,"key":"Strength Potion"},{"floor":23,"key":"Swift Potion"},{"floor":24,"key":"LiquidMemories"},{"floor":25,"key":"PowerPotion"},{"floor":28,"key":"Energy Potion"},{"floor":31,"key":"SteroidPotion"},{"floor":35,"key":"Elixir"},{"floor":36,"key":"Swift Potion"},{"floor":42,"key":"SteroidPotion"}],"is_trial":true,"path_per_floor":["M","$","M","M","$","E","R","M","T","R","?","M","E","$","R","B",null,"M","M","?","M","?","E","M","M","T","$","M","?","M","M","R","B",null,"M","M","$","M","$","E","R","M","T","E","?","E","R","?","R","B",null],"character_chosen":"THE_SILENT","items_purchased":["hubris:SlimyHat","Footwork","Adrenaline Potion","Swift Strike","DollysMirror","CeramicFish","PowerPotion","Adrenaline Potion","Slice+1","StuffTheSpire:FreeRealEstate","Letter Opener","TheAbacus","ReplayTheSpireMod:TigerMarble","aspiration:Lifesprig","Oddly Smooth Stone","Bag of Preparation","hubris:AncientText","conspire:BottledYoYo","StuffTheSpire:OldFever","Replay:Mystery Machine","Centennial Puzzle","Replay:Accelerometer","Eternal Feather","ReplayTheSpireMod:Lightbulb","StuffTheSpire:HeavyRock","aspiration:DSix","PowerPotion","Slice","Adrenaline Potion","ReplayTheSpireMod:Shiv Toss","ReplayTheSpireMod:Scrap Shanks+1"],"campfire_rested":0,"item_purchase_floors":[2,2,2,2,5,5,5,14,14,14,27,27,27,27,27,27,27,27,27,27,27,27,27,27,27,27,27,37,37,39,39],"current_hp_per_floor":[64,64,70,70,70,57,57,62,62,62,62,67,60,63,63,34,73,73,73,73,73,73,58,62,66,66,66,72,72,73,73,73,73,73,73,80,83,83,86,86,86,86,86,86,86,86,86,86,86,86],"gold":153,"neow_bonus":"","is_daily":false,"chose_seed":false,"campfire_upgraded":7,"win_rate":0.0,"timestamp":1608856439,"path_taken":["M","$","M","M","$","E","R","M","T","R","?","M","E","$","R","BOSS","M","M","?","M","?","E","M","M","T","$","M","?","M","M","R","BOSS","M","M","$","M","$","E","R","M","T","E","?","E","R","?","R","BOSS"],"items_purchased_type":["Relic","Card","Potion","Card","Relic","Relic","Potion","Potion","Card","Card","Relic","Relic","Relic","Relic","Relic","Relic","Relic","Relic","Relic","Relic","Relic","Relic","Relic","Relic","Relic","Relic","Potion","Card","Potion","Card","Card"],"build_version":"2020-12-22","purchased_purges":5,"victory":true,"max_hp_per_floor":[70,70,70,70,70,70,70,70,70,70,70,70,70,73,73,73,73,73,73,73,73,73,73,73,73,73,73,73,73,73,73,73,73,73,73,80,83,83,86,86,86,86,86,86,86,86,86,86,86,86],"card_choices":[],"player_experience":928793,"relics_obtained":[{"floor":1,"key":"Blue Doll"},{"floor":3,"key":"Smiling Mask"},{"floor":4,"key":"Bronze Scales"},{"floor":6,"key":"Dream Catcher"},{"floor":8,"key":"Replay:Ringing Soul"},{"floor":9,"key":"Pet Ghost"},{"floor":12,"key":"Dead Branch"},{"floor":13,"key":"Tough Bandages"},{"floor":18,"key":"Art of War"},{"floor":19,"key":"Nunchaku"},{"floor":21,"key":"hubris:BottledRain"},{"floor":23,"key":"aspiration:SeaSaltIceCream"},{"floor":24,"key":"War Paint"},{"floor":26,"key":"Potion Belt"},{"floor":28,"key":"hubris:DeckOfHolding"},{"floor":30,"key":"Frozen Egg 2"},{"floor":31,"key":"Bottled Lightning"},{"floor":35,"key":"Ancient Tea Set"},{"floor":36,"key":"Strawberry"},{"floor":38,"key":"Bag of Marbles"},{"floor":40,"key":"Omamori"},{"floor":42,"key":"Replay:Rubber Ducky"},{"floor":43,"key":"Molten Egg 2"},{"floor":44,"key":"Paper Crane"},{"floor":46,"key":"hubris:ToyBattleship"}],"event_choices":[{"cards_removed":["Hidden Blade"],"damage_healed":0,"gold_gain":0,"player_choice":"Forget","damage_taken":0,"max_hp_gain":0,"max_hp_loss":0,"event_name":"Living Wall","floor":11,"gold_loss":0},{"damage_healed":0,"gold_gain":0,"player_choice":"Ignored","damage_taken":0,"max_hp_gain":0,"max_hp_loss":0,"event_name":"NoteForYourself","floor":29,"gold_loss":0},{"damage_healed":0,"gold_gain":0,"player_choice":"Memory 1","damage_taken":0,"max_hp_gain":0,"max_hp_loss":0,"event_name":"SensoryStone","floor":45,"gold_loss":0}],"is_beta":false,"boss_relics":[{"not_picked":["SlaversCollar","Replay:Ancient Bell"],"picked":"Snecko Scales"},{"not_picked":["Snecko Eye","Calling Bell"],"picked":"hubris:HollowSoul"}],"items_purged_floors":[2,5,14,37,39],"is_endless":false,"potions_floor_spawned":[1,6,8,21,23,24,25,28,31,35,36,42],"ascension_level":0}}