{"host":"sum4dy402bbv9y4o","time":1608928080,"event":{"mods":["Aspiration","BaseMod","Conspire","Highlight Path","Minty Spire (QoL Compilation)","StSLib"],"gold_per_floor":[11,31,44,44,44,44,58,58,58,71,85,118,118,134,134,205,205,223,10,10,10,10,10,43,43,69,79,79,79],"floor_reached":28,"playtime":885,"items_purged":["Injury"],"score":476,"play_id":"82889b49-2f2f-4ea8-ade3-42265df9c48a","local_time":"20201225232800","is_ascension_mode":true,"campfire_choices":[{"floor":6,"key":"REST"},{"data":"ConjureBlade","floor":8,"key":"SMITH"},{"floor":15,"key":"REST"},{"data":"Ragnarok","floor":23,"key":"SMITH"}],"circlet_count":0,"master_deck":["AscendersBane","Strike_P","Strike_P+1","Strike_P","Defend_P+1","Defend_P","Defend_P","Eruption+1","Vigilance","ConjureBlade+1","BowlingBash","Halt","FollowUp","SashWhip","LikeWater","Protect","EmptyBody","ThirdEye+1","Scrawl+1","EmptyBody+1","MentalFortress","Ragnarok+1","Worship+1","Conclude"],"relics":["PureWater","Mercury Hourglass","White Beast Statue","Toxic Egg 2","SlaversCollar","Bottled Tornado","Toy Ornithopter"],"acts_visited":["Exordium","TheCity"],"potions_floor_usage":[12,14,14,16,18,24,24,27,28],"damage_taken":[{"damage":9,"enemies":"2 Louse","floor":1,"turns":3},{"damage":3,"enemies":"Small Slimes","floor":2,"turns":5},{"damage":12,"enemies":"Jaw Worm","floor":3,"turns":2},{"damage":6,"enemies":"Looter","floor":7,"turns":5},{"damage":2,"enemies":"3 Louse","floor":10,"turns":3},{"damage":4,"enemies":"Blue Slaver","floor":11,"turns":2},{"damage":7,"enemies":"Lagavulin","floor":12,"turns":4},{"damage":9,"enemies":"Exordium Thugs","floor":14,"turns":5},{"damage":12,"enemies":"The Guardian","floor":16,"turns":11},{"damage":19,"enemies":"3 Byrds","floor":18,"turns":5},{"damage":30,"enemies":"Gremlin Leader","floor":24,"turns":4},{"damage":9,"enemies":"2 Thieves","floor":27,"turns":3},{"damage":21,"enemies":"Slavers","floor":28,"turns":4}],"seed_played":"8724582165467741186","potions_obtained":[{"floor":1,"key":"DistilledChaos"},{"floor":10,"key":"SpeedPotion"},{"floor":12,"key":"Weak Potion"},{"floor":14,"key":"Block Potion"},{"floor":16,"key":"Swift Potion"},{"floor":18,"key":"FearPotion"},{"floor":24,"key":"Explosive Potion"},{"floor":27,"key":"PowerPotion"}],"is_trial":false,"path_per_floor":["M","M","M","?","?","R","M","R","T","M","M","E","?","M","R","B",null,"M","$","?","?","?","R","E","$","T","M","E"],"character_chosen":"WATCHER","items_purchased":["MentalFortress","AttackPotion"],"campfire_rested":2,"item_purchase_floors":[19,19],"current_hp_per_floor":[52,49,37,17,17,37,31,31,31,29,25,18,18,9,29,17,55,36,36,36,50,50,50,20,20,20,16,0,0],"gold":79,"neow_bonus":"THREE_RARE_CARDS","is_daily":false,"chose_seed":false,"campfire_upgraded":2,"win_rate":0.0,"timestamp":1608928080,"path_taken":["M","M","M","?","?","R","M","R","T","M","M","E","?","M","R","BOSS","M","$","?","?","?","R","E","?","T","M","E"],"items_purchased_type":["Card","Potion"],"build_version":"2020-12-22","purchased_purges":1,"victory":false,"max_hp_per_floor":[68,68,68,68,68,68,68,68,68,68,68,68,68,68,68,68,68,68,68,68,68,68,68,68,68,68,68,68,68],"card_choices":[{"not_picked":["DeusExMachina","SpiritShield"],"picked":"ConjureBlade","floor":0},{"not_picked":["Collect","Sanctity"],"picked":"BowlingBash","floor":1},{"not_picked":["JustLucky","Adaptation"],"picked":"Halt","floor":2},{"not_picked":["FlurryOfBlows","ReachHeaven"],"picked":"FollowUp","floor":3},{"not_picked":["Crescendo","CrushJoints"],"picked":"SashWhip","floor":7},{"not_picked":["FollowUp","JustLucky"],"picked":"LikeWater","floor":10},{"not_picked":["Vengeance","InnerPeace"],"picked":"Protect","floor":11},{"not_picked":["CarveReality","FlyingSleeves"],"picked":"EmptyBody","floor":12},{"not_picked":["BowlingBash","JustLucky"],"picked":"ThirdEye+1","floor":14},{"not_picked":["DeusExMachina+1","SpiritShield+1"],"picked":"Scrawl+1","floor":16},{"not_picked":["Wireheading","SashWhip"],"picked":"EmptyBody+1","floor":18},{"not_picked":["Evaluate+1","CutThroughFate+1"],"picked":"Conclude","floor":24},{"not_picked":["BowlingBash","CrushJoints","CutThroughFate"],"picked":"SKIP","floor":27}],"player_experience":2844648,"relics_obtained":[{"floor":9,"key":"Mercury Hourglass"},{"floor":12,"key":"White Beast Statue"},{"floor":24,"key":"Bottled Tornado"},{"floor":26,"key":"Toy Ornithopter"}],"event_choices":[{"damage_healed":0,"gold_gain":0,"player_choice":"Entered Light","damage_taken":20,"max_hp_gain":0,"max_hp_loss":0,"event_name":"Shining Light","floor":4,"gold_loss":0,"cards_upgraded":["Strike_P","Defend_P"]},{"damage_healed":0,"gold_gain":0,"player_choice":"Grow","damage_taken":0,"max_hp_gain":0,"max_hp_loss":0,"event_name":"Living Wall","floor":5,"gold_loss":0,"cards_upgraded":["Eruption"]},{"damage_healed":0,"gold_gain":0,"player_choice":"Ignored","damage_taken":0,"max_hp_gain":0,"max_hp_loss":0,"event_name":"Ghosts","floor":20,"gold_loss":0},{"damage_healed":14,"gold_gain":0,"player_choice":"Heal","damage_taken":0,"max_hp_gain":0,"max_hp_loss":0,"event_name":"The Library","floor":21,"gold_loss":0},{"damage_healed":0,"gold_gain":0,"cards_transformed":["Strike_P","Defend_P"],"player_choice":"Became Test Subject","damage_taken":0,"max_hp_gain":0,"max_hp_loss":0,"event_name":"Drug Dealer","floor":22,"gold_loss":0,"cards_obtained":["Ragnarok","Worship"]}],"is_beta":false,"boss_relics":[{"not_picked":["aspiration:RandomNobGenerator","Black Star"],"picked":"SlaversCollar"}],"items_purged_floors":[19],"is_endless":false,"potions_floor_spawned":[1,10,12,14,16,18,24,27],"killed_by":"Slavers","ascension_level":20}}