{"host":"0jm2u9rma46qko29","time":1608931906,"event":{"mods":["Act Like it!","BaseMod","Better Altar","Better Note","Better Skull","Better Third Choice","CapriCore","Hermit","JesterMod","Luminous","Marisa????????","Minty Spire (QoL Compilation)","Relic Stats","Robot Space Explorer","Shade Mod","StSLib","The Hierophant","Waifu the Spire"],"gold_per_floor":[113,113,113,132,132,166,180,197,223,188,205,205,236,251,251,251,251],"floor_reached":16,"playtime":1389,"items_purged":[],"score":134,"play_id":"5aabf368-7e2b-4239-a56a-c019ddd49b36","local_time":"20201225153146","is_ascension_mode":true,"campfire_choices":[{"floor":12,"key":"REST"},{"data":"Dualcast","floor":15,"key":"SMITH"}],"circlet_count":0,"master_deck":["Strike_B","Defend_B","Defend_B","Defend_B","Defend_B","Zap","Dualcast+1","Sweeping Beam","Burn","Redo","Rebound","Thunder Strike","Hologram","Cold Snap","Conserve Battery"],"relics":["Cracked Core","Blood Vial","Vajra","Bag of Preparation"],"acts_visited":["Exordium"],"potions_floor_usage":[6,13,16],"damage_taken":[{"damage":0,"enemies":"Small Slimes","floor":1,"turns":2},{"damage":9,"enemies":"2 Louse","floor":4,"turns":3},{"damage":39,"enemies":"3 Sentries","floor":6,"turns":7},{"damage":1,"enemies":"Cultist","floor":7,"turns":3},{"damage":14,"enemies":"Looter","floor":8,"turns":3},{"damage":13,"enemies":"Gremlin Gang","floor":11,"turns":3},{"damage":10,"enemies":"Lagavulin","floor":13,"turns":7},{"damage":5,"enemies":"3 Louse","floor":14,"turns":3},{"damage":26,"enemies":"Slime Boss","floor":16,"turns":3}],"seed_played":"-1038525468423759764","potions_obtained":[{"floor":4,"key":"Block Potion"},{"floor":6,"key":"PowerPotion"},{"floor":13,"key":"Strength Potion"}],"is_trial":false,"path_per_floor":["M","?","?","M","?","E","M","M","T","?","M","R","E","M","R","B"],"character_chosen":"DEFECT","items_purchased":[],"campfire_rested":1,"item_purchase_floors":[],"current_hp_per_floor":[68,73,73,64,57,18,19,7,7,25,14,35,27,24,24,0,0],"gold":251,"neow_bonus":"REMOVE_TWO","is_daily":false,"chose_seed":false,"campfire_upgraded":1,"win_rate":0.0,"timestamp":1608931906,"path_taken":["M","?","?","M","?","E","M","M","T","?","M","R","E","M","R","BOSS"],"items_purchased_type":[],"build_version":"2020-12-22","purchased_purges":0,"victory":false,"max_hp_per_floor":[68,73,73,73,73,73,73,73,73,73,73,73,73,73,73,73,73],"relic_stats":{"Blood Vial":12,"counters":[9,34],"Bag of Preparation":[4],"obtain_stats":[{"Blood Vial":6,"Vajra":9,"Bag of Preparation":13,"Cracked Core":0},{"Blood Vial":3,"Vajra":5,"Bag of Preparation":7,"Cracked Core":0},{"Blood Vial":12,"Vajra":18,"Bag of Preparation":28,"Cracked Core":0}]},"card_choices":[{"not_picked":["Gash","Double Energy"],"picked":"Sweeping Beam","floor":1},{"not_picked":["Steam","Blizzard"],"picked":"Redo","floor":4},{"not_picked":["Skim","Streamline"],"picked":"Rebound","floor":6},{"not_picked":["Compile Driver","Scrape"],"picked":"Thunder Strike","floor":7},{"not_picked":["Beam Cell","Go for the Eyes"],"picked":"Hologram","floor":8},{"not_picked":["Turbo","White Noise"],"picked":"Cold Snap","floor":11},{"not_picked":["Chill","Hologram"],"picked":"Conserve Battery","floor":13},{"not_picked":["Steam Power","Undo","Gash"],"picked":"SKIP","floor":14}],"player_experience":170365,"relics_obtained":[{"floor":6,"key":"Blood Vial"},{"floor":9,"key":"Vajra"},{"floor":13,"key":"Bag of Preparation"}],"event_choices":[{"damage_healed":0,"gold_gain":0,"player_choice":"Donut","damage_taken":0,"max_hp_gain":5,"max_hp_loss":0,"event_name":"Big Fish","floor":2,"gold_loss":0},{"damage_healed":73,"gold_gain":0,"player_choice":"Embrace Burn","damage_taken":0,"max_hp_gain":0,"max_hp_loss":73,"event_name":"betterThird:BetterShining","floor":3,"gold_loss":0},{"cards_removed":["Strike_B"],"damage_healed":0,"gold_gain":0,"player_choice":"Card Removal","damage_taken":7,"max_hp_gain":0,"max_hp_loss":0,"event_name":"Golden Wing","floor":5,"gold_loss":0},{"damage_healed":18,"gold_gain":0,"player_choice":"Healed","damage_taken":0,"max_hp_gain":0,"max_hp_loss":0,"event_name":"The Cleric","floor":10,"gold_loss":35}],"is_beta":false,"boss_relics":[],"items_purged_floors":[],"is_endless":false,"potions_floor_spawned":[4,6,13],"killed_by":"Slime Boss","ascension_level":4}}