{"host":"mjau5a91be6b66g4","time":1608876998,"event":{"mods":["BaseMod","Minty Spire (QoL Compilation)","StSLib","The Animator","The Bug Knight","The Jungle"],"gold_per_floor":[113,168,178,178,178,195,195,215,262,275,275,200,200,128,128,229,229,245,100,100,116,131,131,146,146,146,162,162,181,26,45,45,145,145,168,180,212,224,253,265,296,308,320,332,357,189,199,199,199,199,199],"floor_reached":50,"playtime":1882,"items_purged":["Corruption"],"score":511,"play_id":"e9661f2d-ea21-4c0f-a460-3ac4b79816f0","local_time":"20201225141638","is_ascension_mode":false,"campfire_choices":[{"data":"Armaments","floor":7,"key":"SMITH"},{"data":"Bash","floor":11,"key":"SMITH"},{"data":"Battle Trance","floor":13,"key":"SMITH"},{"data":"Ghostly Armor","floor":15,"key":"SMITH"},{"floor":23,"key":"REST"},{"data":"Metallicize","floor":25,"key":"SMITH"},{"floor":28,"key":"REST"},{"floor":32,"key":"REST"},{"floor":40,"key":"REST"},{"floor":42,"key":"REST"},{"floor":44,"key":"REST"},{"floor":49,"key":"REST"}],"circlet_count":0,"master_deck":["Bash+1","Feed","Armaments+1","Spot Weakness+1","Ghostly Armor+1","Battle Trance+1","Cleave","Dual Wield+1","Carnage","Juggernaut","Whirlwind","Twin Strike","Inflame","Juggernaut","Combust","Feed","Flex","Thunderclap+1","Metallicize+1","Combust+1","Headbutt","Offering","CurseOfTheBell","Sword Boomerang+1","Madness","Madness","Spot Weakness+1","Forethought","Iron Wave","Infernal Blade","Havoc","Pummel","Power Through","Twin Strike","Zap"],"relics":["Burning Blood","Potion Belt","MealTicket","Pandora\u0027s Box","Anchor","Gremlin Horn","War Paint","TheAbacus","Calling Bell","MawBank","Matryoshka","Peace Pipe","Boot","Happy Flower"],"acts_visited":["Exordium","TheCity","TheBeyond"],"potions_floor_usage":[16,24,33,33,33,33,33,33,33,39,41],"damage_taken":[{"damage":6,"enemies":"2 Louse","floor":1,"turns":4},{"damage":6,"enemies":"Jaw Worm","floor":3,"turns":3},{"damage":1,"enemies":"Cultist","floor":6,"turns":4},{"damage":20,"enemies":"Exordium Thugs","floor":8,"turns":5},{"damage":6,"enemies":"Lots of Slimes","floor":10,"turns":8},{"damage":58,"enemies":"Hexaghost","floor":16,"turns":11},{"damage":14,"enemies":"Chosen","floor":18,"turns":6},{"damage":27,"enemies":"2 Thieves","floor":21,"turns":4},{"damage":43,"enemies":"Centurion and Healer","floor":22,"turns":6},{"damage":2,"enemies":"Snecko","floor":24,"turns":3},{"damage":18,"enemies":"Snake Plant","floor":27,"turns":4},{"damage":23,"enemies":"Centurion and Healer","floor":29,"turns":6},{"damage":35,"enemies":"Sentry and Sphere","floor":31,"turns":7},{"damage":78,"enemies":"Champ","floor":33,"turns":9},{"damage":17,"enemies":"Orb Walker","floor":35,"turns":3},{"damage":49,"enemies":"3 Shapes","floor":37,"turns":3},{"damage":19,"enemies":"Sphere and 2 Shapes","floor":39,"turns":4},{"damage":45,"enemies":"3 Darklings","floor":41,"turns":4},{"damage":50,"enemies":"4 Shapes","floor":45,"turns":3},{"damage":16,"enemies":"Jaw Worm Horde","floor":47,"turns":3},{"damage":93,"enemies":"Awakened One","floor":50,"turns":5}],"seed_played":"-5594866370905432836","potions_obtained":[{"floor":6,"key":"SkillPotion"},{"floor":16,"key":"SneckoOil"},{"floor":22,"key":"SkillPotion"},{"floor":29,"key":"FearPotion"},{"floor":31,"key":"EntropicBrew"},{"floor":37,"key":"AttackPotion"},{"floor":39,"key":"Swift Potion"}],"is_trial":false,"path_per_floor":["M","?","M","?","$","M","R","M","T","M","R","$","R","$","R","B",null,"M","$","T","M","M","R","M","R","T","M","R","M","$","M","R","B",null,"M","?","M","?","M","R","M","R","T","R","M","$","M","?","R","B"],"character_chosen":"IRONCLAD","items_purchased":["Dual Wield","Carnage","Anchor","TheAbacus","Pummel","Power Through"],"campfire_rested":7,"item_purchase_floors":[12,14,19,30,46,46],"current_hp_per_floor":[83,83,87,80,80,85,85,74,74,78,78,93,93,94,94,42,94,86,94,94,76,43,73,77,77,77,65,95,84,99,70,102,30,107,96,83,40,40,30,63,24,57,57,90,49,64,54,54,87,0,0],"gold":199,"neow_bonus":"TRANSFORM_CARD","is_daily":false,"chose_seed":false,"campfire_upgraded":5,"win_rate":0.0,"timestamp":1608876998,"path_taken":["M","?","M","?","$","M","R","M","T","M","R","$","R","?","R","BOSS","M","?","?","M","M","R","M","R","T","M","R","?","$","M","R","BOSS","M","?","M","?","M","R","M","R","T","R","M","$","M","?","R","BOSS"],"items_purchased_type":["Card","Card","Relic","Relic","Card","Card"],"build_version":"2020-12-22","purchased_purges":1,"victory":false,"max_hp_per_floor":[83,83,87,87,87,87,87,90,90,94,94,94,94,94,94,94,94,94,94,94,97,101,101,101,101,101,101,101,107,107,107,107,107,107,107,107,107,107,110,110,110,110,110,110,113,113,113,113,113,116,116],"card_choices":[{"not_picked":["Perfected Strike","Pommel Strike"],"picked":"Armaments","floor":1},{"not_picked":["Heavy Blade","Iron Wave"],"picked":"Spot Weakness","floor":3},{"not_picked":["Sword Boomerang","Shockwave"],"picked":"Ghostly Armor","floor":6},{"not_picked":["Power Through","Cleave"],"picked":"Battle Trance","floor":8},{"not_picked":["Sword Boomerang","Heavy Blade"],"picked":"Cleave","floor":10},{"not_picked":["Immolate","Offering"],"picked":"Juggernaut","floor":16},{"not_picked":["Body Slam","Anger"],"picked":"Flex","floor":18},{"not_picked":["Twin Strike+1","Iron Wave"],"picked":"Thunderclap+1","floor":21},{"not_picked":["Clash","Sword Boomerang","Perfected Strike"],"picked":"SKIP","floor":22},{"not_picked":["Thunderclap","Reaper"],"picked":"Metallicize","floor":24},{"not_picked":["Clash","Spot Weakness"],"picked":"Combust+1","floor":27},{"not_picked":["Clothesline","Clash","Flex"],"picked":"SKIP","floor":29},{"not_picked":["Dual Wield","Sword Boomerang"],"picked":"Headbutt","floor":31},{"not_picked":["Corruption","Immolate"],"picked":"Offering","floor":33},{"not_picked":["Cleave","Second Wind"],"picked":"Sword Boomerang+1","floor":35},{"not_picked":["Havoc","Flex+1"],"picked":"Spot Weakness+1","floor":37},{"not_picked":["Trip","Impatience"],"picked":"Forethought","floor":38},{"not_picked":["Cleave+1","Body Slam"],"picked":"Iron Wave","floor":39},{"not_picked":["Power Through","Havoc"],"picked":"Infernal Blade","floor":41},{"not_picked":["Offering","Cleave"],"picked":"Havoc","floor":45},{"not_picked":["Clash","Heavy Blade"],"picked":"Twin Strike","floor":47}],"player_experience":228411,"relics_obtained":[{"floor":9,"key":"MealTicket"},{"floor":20,"key":"Gremlin Horn"},{"floor":26,"key":"War Paint"},{"floor":34,"key":"MawBank"},{"floor":34,"key":"Matryoshka"},{"floor":34,"key":"Peace Pipe"},{"floor":43,"key":"Boot"},{"floor":43,"key":"Happy Flower"}],"event_choices":[{"damage_healed":0,"gold_gain":55,"player_choice":"Gained Gold","damage_taken":0,"max_hp_gain":0,"max_hp_loss":0,"event_name":"Golden Wing","floor":2,"gold_loss":0},{"damage_healed":0,"gold_gain":0,"player_choice":"Success","damage_taken":7,"relics_obtained":["Potion Belt"],"max_hp_gain":0,"max_hp_loss":0,"event_name":"Scrap Ooze","floor":4,"gold_loss":0},{"damage_healed":0,"gold_gain":0,"player_choice":"Embrace Madness","damage_taken":13,"max_hp_gain":0,"max_hp_loss":0,"event_name":"Winding Halls","floor":36,"gold_loss":0,"cards_obtained":["Madness","Madness"]},{"damage_healed":0,"gold_gain":0,"player_choice":"Memory 1","damage_taken":0,"max_hp_gain":0,"max_hp_loss":0,"event_name":"SensoryStone","floor":38,"gold_loss":0},{"cards_removed":["Fire Breathing"],"damage_healed":0,"gold_gain":0,"player_choice":"Took Card","damage_taken":0,"max_hp_gain":0,"max_hp_loss":0,"event_name":"NoteForYourself","floor":48,"gold_loss":0,"cards_obtained":["Zap"]}],"is_beta":false,"boss_relics":[{"not_picked":["Cursed Key","Black Star"],"picked":"Pandora\u0027s Box"},{"not_picked":["Fusion Hammer","Philosopher\u0027s Stone"],"picked":"Calling Bell"}],"items_purged_floors":[46],"is_endless":false,"potions_floor_spawned":[6,16,22,29,31,37,39],"killed_by":"Awakened One","ascension_level":0}}