{"host":"mp3zbolja7t2zuvr","time":1608871129,"event":{"mods":["AchievementEnabler","BaseMod","Curses Come First","Minty Spire (QoL Compilation)","Permanent Neow","Relic Stats","StSLib","Synergy Search","The Animator"],"gold_per_floor":[109,184,184,201,376,406,421,452,452,452,471,91,14,26,26,129,129,54,54,54,54,71,71,71,71],"floor_reached":24,"playtime":2152,"items_purged":["animator:Strike"],"score":213,"play_id":"399e63d8-6a5e-41c5-a5d6-ac69a042cbf0","local_time":"20201224233849","is_ascension_mode":true,"campfire_choices":[{"floor":10.0,"key":"REST"},{"data":"animator:Arpeggio","floor":15,"key":"SMITH"},{"data":"animator:MadokaKaname","floor":23,"key":"SMITH"}],"circlet_count":0,"master_deck":["animator:Strike_FullmetalAlchemist","animator:Defend_FullmetalAlchemist","animator:Strike","animator:Strike","animator:Defend","animator:Defend","animator:Defend+1","animator:ElricEdward","animator:ElricAlphonse","animator:YuiTsuruno","animator:YachiyoNanami","animator:MamiTomoe","Doubt","animator:Kaijin","animator:IrohaTamaki","animator:Arpeggio+1","animator:IrohaTamaki","animator:MadokaKaname+1","animator:SayakaMiki","animator:KyokoSakura+1"],"relics":["animator:LivingPicture","animator:TheMissingPiece","Happy Flower","Omamori","Matryoshka","Calipers","Coffee Dripper","Sundial","Shuriken","Toy Ornithopter"],"acts_visited":["Exordium","TheCity"],"potions_floor_usage":[24],"damage_taken":[{"damage":0.0,"enemies":"Small Slimes","floor":1.0,"turns":3.0},{"damage":3.0,"enemies":"Jaw Worm","floor":4.0,"turns":5.0},{"damage":1.0,"enemies":"Cultist","floor":6.0,"turns":3.0},{"damage":18.0,"enemies":"Large Slime","floor":7.0,"turns":8.0},{"damage":6.0,"enemies":"3 Sentries","floor":8.0,"turns":8.0},{"damage":10.0,"enemies":"3 Louse","floor":11.0,"turns":4.0},{"damage":6,"enemies":"Looter","floor":14,"turns":4},{"damage":12,"enemies":"Hexaghost","floor":16,"turns":13},{"damage":33,"enemies":"2 Thieves","floor":18,"turns":5},{"damage":11,"enemies":"Chosen","floor":22,"turns":7},{"damage":53,"enemies":"Slavers","floor":24,"turns":4}],"seed_played":"6092036637706962683","potions_obtained":[{"floor":1.0,"key":"animator:GrowthPotion"},{"floor":4.0,"key":"DistilledChaos"},{"floor":11.0,"key":"BlessingOfTheForge"},{"floor":16,"key":"Block Potion"}],"is_trial":false,"path_per_floor":["M","?","?","M","?","M","M","E","T","R","M","$","$","M","R","B",null,"M","$","T","?","M","R","E"],"character_chosen":"THE_ANIMATOR","items_purchased":["Calipers","animator:Arpeggio"],"campfire_rested":1,"item_purchase_floors":[12,13],"current_hp_per_floor":[66,55,52,49,49,48,30,24,24,43,33,33,33,27,27,15,66,42,42,42,42,40,40,0,0],"gold":71,"neow_bonus":"THREE_CARDS","is_daily":false,"chose_seed":false,"campfire_upgraded":2,"win_rate":0.0,"timestamp":1608871129,"path_taken":["M","?","?","M","?","M","M","E","T","R","M","$","?","M","R","BOSS","M","$","?","?","M","R","E"],"items_purchased_type":["Relic","Card"],"build_version":"2020-12-22","purchased_purges":1,"victory":false,"max_hp_per_floor":[66,66,66,66,66,66,66,66,66,66,66,66,66,66,66,66,66,66,66,66,66,66,66,66,66],"relic_stats":{"Happy Flower":[20],"counters":[11,64],"Sundial":[2],"Shuriken":[2],"obtain_stats":[{"Matryoshka":9,"Calipers":12,"Happy Flower":3,"Sundial":20,"Shuriken":20,"animator:TheMissingPiece":0,"animator:LivingPicture":0,"Omamori":8,"Coffee Dripper":17,"Toy Ornithopter":21},{"Matryoshka":5,"Calipers":6,"Happy Flower":1,"Sundial":9,"Shuriken":9,"animator:TheMissingPiece":0,"animator:LivingPicture":0,"Omamori":5,"Coffee Dripper":8,"Toy Ornithopter":9},{"Matryoshka":27,"Calipers":31,"Happy Flower":3,"Sundial":53,"Shuriken":53,"animator:TheMissingPiece":0,"animator:LivingPicture":0,"Omamori":27,"Coffee Dripper":48,"Toy Ornithopter":53}],"Toy Ornithopter":5},"card_choices":[{"not_picked":["animator:Alexander","animator:Shuna"],"picked":"animator:YuiTsuruno","floor":0.0},{"not_picked":["animator:Bozes","animator:Shion"],"picked":"animator:YachiyoNanami","floor":1.0},{"not_picked":["animator:Shuna","animator:Rider"],"picked":"animator:MamiTomoe","floor":4.0},{"not_picked":["animator:ChlammyZell","animator:Laby"],"picked":"animator:Kaijin","floor":6.0},{"not_picked":["animator:SuzuneAmano","animator:OrikoMikuni"],"picked":"animator:IrohaTamaki","floor":7.0},{"not_picked":["animator:Envy","animator:Chung","animator:Pride"],"picked":"SKIP","floor":8.0},{"not_picked":["animator:Sloth","animator:Vesta","animator:ElricEdward"],"picked":"SKIP","floor":11.0},{"not_picked":["animator:Chung","animator:Caster"],"picked":"animator:IrohaTamaki","floor":14},{"not_picked":["animator:Eve","animator:Kyubey"],"picked":"animator:MadokaKaname","floor":16},{"not_picked":["animator:YachiyoNanami","animator:IrohaTamaki"],"picked":"animator:SayakaMiki","floor":18},{"not_picked":["animator:MaesHughes","animator:Illya+1"],"picked":"animator:KyokoSakura+1","floor":22}],"player_experience":173631,"relics_obtained":[{"floor":8.0,"key":"Omamori"},{"floor":9.0,"key":"Matryoshka"},{"floor":20,"key":"Sundial"},{"floor":20,"key":"Shuriken"}],"event_choices":[{"damage_healed":0.0,"max_hp_gain":0.0,"max_hp_loss":0.0,"gold_gain":75.0,"event_name":"World of Goop","player_choice":"Gather Gold","floor":2.0,"gold_loss":0.0,"damage_taken":11.0},{"damage_healed":0.0,"max_hp_gain":0.0,"max_hp_loss":0.0,"gold_gain":0.0,"event_name":"Scrap Ooze","player_choice":"Success","floor":3.0,"gold_loss":0.0,"damage_taken":3.0,"relics_obtained":["Happy Flower"]},{"damage_healed":0.0,"max_hp_gain":0.0,"max_hp_loss":0.0,"gold_gain":175.0,"event_name":"Liars Game","player_choice":"AGREE","floor":5.0,"gold_loss":0.0,"damage_taken":0.0,"cards_obtained":["Doubt"]},{"damage_healed":0,"gold_gain":0,"player_choice":"Opened","damage_taken":0,"relics_obtained":["Toy Ornithopter"],"max_hp_gain":0,"max_hp_loss":0,"event_name":"The Mausoleum","floor":21,"gold_loss":0}],"is_beta":false,"boss_relics":[{"not_picked":["Black Star","SacredBark"],"picked":"Coffee Dripper"}],"items_purged_floors":[12],"is_endless":false,"potions_floor_spawned":[1,4,11,16],"killed_by":"Slavers","ascension_level":2}}