{"host":"arn2jcql7xd3a3xg","time":1608918268,"event":{"mods":["AchievementEnabler","AlwaysNeverKeys","BaseMod","Better Third Choice","Colored Map","Colored Powertips","Downfall","GifTheSpireLib","Highlight Path","Infinite Spire","Minty Spire (QoL Compilation)","Permanent Neow","Quick Restart","Rare Cards Sparkle","Replay The Spire","StSLib","SuperFastMode"],"gold_per_floor":[24,39,54,54,69,99,99,114,129,129,144,159,159,159,178,178,178],"floor_reached":16,"playtime":888,"items_purged":[],"score":156,"play_id":"6efc126e-a5d7-49bd-901a-834bd951ba29","local_time":"20201225094428","daily_mods":["downfall:ChampStances","Flight","downfall:ExchangeController"],"is_ascension_mode":false,"campfire_choices":[{"data":"Neutralize","floor":1.0,"key":"SMITH"},{"floor":10.0,"key":"REST"}],"circlet_count":0,"master_deck":["Strike_G","Strike_G","Strike_G","Strike_G","Defend_G+1","Defend_G+1","Defend_G+1","Defend_G+1","Defend_G+1","Survivor","Neutralize+1","Footwork","Escape Plan","Hidden Blade","ReplayTheSpireMod:Speed Training","Hidden Blade","Deadly Poison","Poisoned Stab","Crippling Poison","Footwork"],"relics":["Ring of the Snake","champ:ChampStancesModRelic","downfall:NeowBlessing_Player","downfall:HeartBlessingGreen","PreservedInsect","Replay:Bottled Eggs","Golden Idol"],"acts_visited":["Exordium"],"potions_floor_usage":[],"damage_taken":[{"damage":3.0,"enemies":"Small Slimes","floor":2.0,"turns":4.0},{"damage":13.0,"enemies":"infinitespire:Voidling","floor":3.0,"turns":7.0},{"damage":2.0,"enemies":"2 Louse","floor":5.0,"turns":5.0},{"damage":26.0,"enemies":"3 Sentries","floor":6.0,"turns":17.0},{"damage":25.0,"enemies":"Large Slime","floor":8.0,"turns":15.0},{"damage":18.0,"enemies":"Exordium Wildlife","floor":9.0,"turns":6.0},{"damage":6.0,"enemies":"Blue Slaver","floor":11.0,"turns":5.0},{"damage":48.0,"enemies":"Exordium Thugs","floor":12.0,"turns":8.0},{"damage":23,"enemies":"2 Fungi Beasts","floor":15,"turns":5},{"damage":27,"enemies":"The Guardian","floor":16,"turns":8}],"seed_played":"-567031674859551473","potions_obtained":[{"floor":4.0,"key":"Regen Potion"},{"floor":4.0,"key":"LiquidBronze"},{"floor":4.0,"key":"Energy Potion"},{"floor":5.0,"key":"Poison Potion"},{"floor":6.0,"key":"FearPotion"},{"floor":11.0,"key":"FearPotion"}],"is_trial":false,"path_per_floor":["R","M","M","?","M","E","T","M","M","R","M","M","?","?","M","B"],"character_chosen":"THE_SILENT","items_purchased":[],"campfire_rested":1,"item_purchase_floors":[],"current_hp_per_floor":[170,170,157,157,155,129,129,107,89,140,134,104,104,62,45,18,18],"gold":178,"neow_bonus":"","is_daily":true,"chose_seed":false,"campfire_upgraded":1,"win_rate":0.0,"timestamp":1608918268,"path_taken":["R","M","M","?","M","E","T","?","M","R","M","M","?","?","M","BOSS"],"items_purchased_type":[],"build_version":"2020-12-22","purchased_purges":0,"victory":false,"max_hp_per_floor":[170,170,170,170,170,170,170,170,170,170,170,170,170,170,170,170,170],"card_choices":[{"not_picked":["Riddle With Holes","Poisoned Stab"],"picked":"Footwork","floor":2.0},{"not_picked":["Backstab","Blade Dance"],"picked":"Escape Plan","floor":3.0},{"not_picked":["Outmaneuver","Deflect"],"picked":"Hidden Blade","floor":5.0},{"not_picked":["Outmaneuver","Flying Knee"],"picked":"ReplayTheSpireMod:Speed Training","floor":6.0},{"not_picked":["Outmaneuver","PiercingWail","Hidden Blade"],"picked":"SKIP","floor":8.0},{"not_picked":["Outmaneuver","PiercingWail"],"picked":"Hidden Blade","floor":8.0},{"not_picked":["Deflect","Dagger Spray"],"picked":"Deadly Poison","floor":9.0},{"not_picked":["Riddle With Holes","Eviscerate"],"picked":"Poisoned Stab","floor":11.0},{"not_picked":["Dagger Throw","Predator"],"picked":"Crippling Poison","floor":12.0},{"not_picked":["Choke","Phantasmal Killer"],"picked":"Footwork","floor":15}],"player_experience":57512,"relics_obtained":[{"floor":6.0,"key":"PreservedInsect"},{"floor":7.0,"key":"Replay:Bottled Eggs"}],"event_choices":[{"damage_healed":0.0,"max_hp_gain":0.0,"max_hp_loss":0.0,"gold_gain":0.0,"event_name":"Lab","player_choice":"Got Potions","floor":4.0,"gold_loss":0.0,"damage_taken":0.0},{"cards_removed":["Strike_G"],"damage_healed":0,"gold_gain":0,"player_choice":"Forget","damage_taken":0,"max_hp_gain":0,"max_hp_loss":0,"event_name":"Living Wall","floor":13,"gold_loss":0},{"damage_healed":0,"gold_gain":0,"player_choice":"Take Damage","damage_taken":42,"relics_obtained":["Golden Idol"],"max_hp_gain":0,"max_hp_loss":0,"event_name":"Golden Idol","floor":14,"gold_loss":0}],"is_beta":false,"boss_relics":[],"items_purged_floors":[],"is_endless":false,"potions_floor_spawned":[5,6,11],"killed_by":"The Guardian","ascension_level":0}}