{"host":"v2k0wdlcnpiwanbl","time":1608871456,"event":{"mods":["AchievementEnabler","BaseMod","Colored Map","Colored Powertips","Minty Spire (QoL Compilation)","Permanent Neow","Quick Restart","StSLib"],"gold_per_floor":[116,128,146,67,242,242,19,19,46,46,56,56,76,91,91,194,194,210,223,223,234,9,9,9,9,9,38,38,38],"floor_reached":28,"playtime":1065,"items_purged":["Doubt"],"score":253,"play_id":"2ffb20b1-3f08-4b9a-a73f-5eefc81fdabe","local_time":"20201225134416","is_ascension_mode":false,"campfire_choices":[{"data":"Noxious Fumes","floor":6,"key":"SMITH"},{"data":"Bouncing Flask","floor":10,"key":"SMITH"},{"data":"Survivor","floor":12,"key":"PURGE"},{"floor":15,"key":"REST"}],"circlet_count":0,"master_deck":["Strike_G","Strike_G","Strike_G","Strike_G","Strike_G","Defend_G","Defend_G","Defend_G","Defend_G","Neutralize","Poisoned Stab","Bouncing Flask+1","Backflip","Noxious Fumes+1","Noxious Fumes+1","Sucker Punch","Slice","Flying Knee","Deflect","Envenom","Prepared","Calculated Gamble","Noxious Fumes","Ghostly","Ghostly","Ghostly","Ghostly","Ghostly"],"relics":["Ring of the Serpent","Peace Pipe","DollysMirror","Bronze Scales","Strawberry","Bag of Preparation","Centennial Puzzle","WingedGreaves"],"acts_visited":["Exordium","TheCity"],"potions_floor_usage":[],"damage_taken":[{"damage":0,"enemies":"2 Louse","floor":1,"turns":4},{"damage":0,"enemies":"Cultist","floor":2,"turns":3},{"damage":8,"enemies":"Small Slimes","floor":3,"turns":3},{"damage":14,"enemies":"3 Louse","floor":11,"turns":3},{"damage":3,"enemies":"Large Slime","floor":13,"turns":4},{"damage":7,"enemies":"Looter","floor":14,"turns":2},{"damage":25,"enemies":"Hexaghost","floor":16,"turns":7},{"damage":5,"enemies":"Spheric Guardian","floor":18,"turns":3},{"damage":13,"enemies":"Chosen","floor":19,"turns":4},{"damage":37,"enemies":"Sentry and Sphere","floor":21,"turns":5},{"damage":21,"enemies":"Slavers","floor":27,"turns":5},{"damage":15,"enemies":"Shelled Parasite and Fungi","floor":28,"turns":5}],"seed_played":"-6010356603948931415","potions_obtained":[{"floor":3,"key":"Explosive Potion"},{"floor":16,"key":"Energy Potion"},{"floor":18,"key":"Ancient Potion"}],"is_trial":false,"path_per_floor":["M","M","M","$","?","R","$","?","T","R","M","R","M","M","R","B",null,"M","M","$","M","$","?","?","?","T","E","M"],"character_chosen":"THE_SILENT","items_purchased":["Noxious Fumes","DollysMirror","Noxious Fumes","Strawberry"],"campfire_rested":1,"item_purchase_floors":[4,7,22,22],"current_hp_per_floor":[63,63,55,55,55,55,55,55,55,55,41,41,38,31,49,24,63,58,45,45,8,15,15,27,27,27,6,0,0],"gold":38,"neow_bonus":"ONE_RARE_RELIC","is_daily":false,"chose_seed":false,"campfire_upgraded":2,"win_rate":0.0,"timestamp":1608871456,"path_taken":["M","M","M","$","?","R","$","?","T","R","M","R","?","M","R","BOSS","M","M","$","M","$","?","?","?","T","E","M"],"items_purchased_type":["Card","Relic","Card","Relic"],"build_version":"2020-12-22","purchased_purges":1,"victory":false,"max_hp_per_floor":[63,63,63,63,63,63,63,63,63,63,63,63,63,63,63,63,63,63,63,63,63,70,35,35,35,35,35,35,35],"card_choices":[{"not_picked":["Quick Slash","Caltrops"],"picked":"Poisoned Stab","floor":1},{"not_picked":["Expertise","Dagger Spray"],"picked":"Bouncing Flask","floor":2},{"not_picked":["Backstab","Prepared"],"picked":"Backflip","floor":3},{"not_picked":["Dagger Spray","Acrobatics"],"picked":"Slice","floor":11},{"not_picked":["Terror","Acrobatics"],"picked":"Flying Knee","floor":13},{"not_picked":["Outmaneuver","Heel Hook"],"picked":"Deflect","floor":14},{"not_picked":["Tools of the Trade","Phantasmal Killer"],"picked":"Envenom","floor":16},{"not_picked":["Caltrops","Finisher"],"picked":"Prepared","floor":18},{"not_picked":["Finisher","Underhanded Strike","Distraction"],"picked":"SKIP","floor":19},{"not_picked":["Sucker Punch","All Out Attack"],"picked":"Calculated Gamble","floor":21},{"not_picked":["Deflect","Blade Dance","Slice"],"picked":"SKIP","floor":27}],"player_experience":24337,"relics_obtained":[{"floor":9,"key":"Bronze Scales"},{"floor":26,"key":"Centennial Puzzle"},{"floor":27,"key":"WingedGreaves"}],"event_choices":[{"damage_healed":0,"gold_gain":175,"player_choice":"AGREE","damage_taken":0,"max_hp_gain":0,"max_hp_loss":0,"event_name":"Liars Game","floor":5,"gold_loss":0,"cards_obtained":["Doubt"]},{"damage_healed":0,"gold_gain":0,"cards_transformed":["Defend_G"],"player_choice":"Transformed","damage_taken":0,"max_hp_gain":0,"max_hp_loss":0,"event_name":"Transmorgrifier","floor":8,"gold_loss":0,"cards_obtained":["Sucker Punch"]},{"damage_healed":0,"gold_gain":0,"player_choice":"Became a Ghost","damage_taken":0,"max_hp_gain":0,"max_hp_loss":35,"event_name":"Ghosts","floor":23,"gold_loss":0,"cards_obtained":["Ghostly","Ghostly","Ghostly","Ghostly","Ghostly"]},{"damage_healed":12,"gold_gain":0,"player_choice":"Heal","damage_taken":0,"max_hp_gain":0,"max_hp_loss":0,"event_name":"The Library","floor":24,"gold_loss":0},{"damage_healed":0,"gold_gain":0,"player_choice":"Opened","damage_taken":0,"relics_obtained":["Bag of Preparation"],"max_hp_gain":0,"max_hp_loss":0,"event_name":"The Mausoleum","floor":25,"gold_loss":0}],"is_beta":false,"boss_relics":[{"not_picked":["SacredBark","Tiny House"],"picked":"Ring of the Serpent"}],"items_purged_floors":[7],"is_endless":false,"potions_floor_spawned":[3,16,18],"killed_by":"Shelled Parasite and Fungi","ascension_level":0}}