{"host":"ejwrda5cjllq8zfn","time":1608932436,"event":{"mods":["2.2 Compatiblity","Act Like it!","Astrologer","Bard","BaseMod","Challenge The Spire","Colored Map","Colored Powertips","Defuse TimeMaze Blight","Energized Spire","Gensokyo","Hermit","Highlight Path","Hubris","Infinite Spire","Jorbs\u0027s Wanderer Trilogy","Lobotomy","Mad Scientist","Marisa????????","Minty Spire (QoL Compilation)","Random Character Button","Replay The Spire","Somnambulant","StSLib","SuperFastMode","The Bladedancer","The Cursed","The Disciple","The Florist","The Gatherer","The Hayseed","The Hierophant","The Juggle","The Jungle","The Mystic","The Necromancer","The Poker Player","The Problem Sleuth","The Spell Scribe","The Valiant","TheFirefly","Unceasing Turn Reminder","vexMod"],"gold_per_floor":[118,118,118,118,26887,26914,26914,26927,26927,26961,26978,26997,27009,27044,27044,27044,27044],"floor_reached":16,"playtime":690,"items_purged":["theSleuth:FrighteningBeast"],"score":220,"play_id":"887ac351-3fd6-479a-adbc-9d3c755d8f49","local_time":"20201225224036","is_ascension_mode":false,"campfire_choices":[{"data":"jugglermod: Squeeze","floor":7,"key":"SMITH"},{"floor":15,"key":"REST"}],"circlet_count":0,"master_deck":["jugglermod: Strike","jugglermod: Strike","jugglermod: Strike","jugglermod: Strike","jugglermod: Defend","jugglermod: Defend","jugglermod: Defend","jugglermod: Defend","jugglermod: HighThrow","jugglermod: RightHook","jugglermod: Squeeze+1","jugglermod: SandBlast","jugglermod: ShuffleRhythm"],"relics":["jugglermod: WetwareUpgrade","Replay:Rubber Ducky","Bag of Marbles","Strawberry","Toxic Egg 2","hubris:Metronome","ReplayFunnel"],"acts_visited":["Exordium"],"potions_floor_usage":[6,14,16,16,16],"damage_taken":[{"damage":0,"enemies":"Cultist","floor":1,"turns":4},{"damage":27,"enemies":"Lagavulin","floor":6,"turns":5},{"damage":0,"enemies":"2 Louse","floor":8,"turns":2},{"damage":32,"enemies":"Gremlin Nob","floor":10,"turns":5},{"damage":0,"enemies":"Small Slimes","floor":11,"turns":2},{"damage":19,"enemies":"Blue Slaver","floor":12,"turns":4},{"damage":0,"enemies":"3 Louse","floor":13,"turns":2},{"damage":0,"enemies":"3 Sentries","floor":14,"turns":5},{"damage":37,"enemies":"The Guardian","floor":16,"turns":12}],"seed_played":"6864476987044197258","potions_obtained":[{"floor":3,"key":"Death Potion"},{"floor":6,"key":"jugglermod: LiquidChalk"},{"floor":8,"key":"PowerPotion"},{"floor":10,"key":"Dexterity Potion"},{"floor":14,"key":"CultistPotion"}],"is_trial":false,"path_per_floor":["M","?","?","?","$","E","R","M","T","E","M","M","M","E","R","B"],"character_chosen":"THE_JUGGLER","items_purchased":["Bag of Marbles"],"campfire_rested":1,"item_purchase_floors":[5],"current_hp_per_floor":[82,82,82,79,79,59,59,59,59,27,27,8,8,8,34,0,0],"gold":27044,"neow_bonus":"TEN_PERCENT_HP_BONUS","is_daily":false,"chose_seed":false,"campfire_upgraded":1,"win_rate":0.0,"timestamp":1608932436,"path_taken":["M","?","?","?","?","E","R","M","T","E","M","?","M","E","R","BOSS"],"items_purchased_type":["Relic"],"build_version":"2020-12-22","purchased_purges":1,"victory":false,"max_hp_per_floor":[82,82,82,82,82,89,89,89,89,89,89,89,89,89,89,89,89],"card_choices":[{"not_picked":["jugglermod: Faceball","jugglermod: Flash"],"picked":"jugglermod: Squeeze","floor":1},{"not_picked":["jugglermod: ShieldPattern","jugglermod: GadgetArm"],"picked":"jugglermod: SandBlast","floor":6},{"not_picked":["jugglermod: FloorBounce","jugglermod: GadgetArm","jugglermod: TrainingWeights"],"picked":"SKIP","floor":8},{"not_picked":["jugglermod: Box","jugglermod: QuantumEraser","jugglermod: GadgetArm+1"],"picked":"SKIP","floor":10},{"not_picked":["jugglermod: BarrierWeave+1","jugglermod: DropTrick+1","jugglermod: DustScreen"],"picked":"SKIP","floor":11},{"not_picked":["jugglermod: FindBalance+1","jugglermod: FloorBounce"],"picked":"jugglermod: ShuffleRhythm","floor":12},{"not_picked":["jugglermod: Suspend+1","jugglermod: SandBlast","jugglermod: Backcross"],"picked":"SKIP","floor":13},{"not_picked":["jugglermod: Backcross","jugglermod: Quieten+1","jugglermod: InsideOut+1"],"picked":"SKIP","floor":14}],"player_experience":199005,"relics_obtained":[{"floor":6,"key":"Strawberry"},{"floor":9,"key":"Toxic Egg 2"},{"floor":10,"key":"hubris:Metronome"},{"floor":14,"key":"ReplayFunnel"}],"event_choices":[{"damage_healed":0,"gold_gain":0,"player_choice":"Success","damage_taken":3,"relics_obtained":["Replay:Rubber Ducky"],"max_hp_gain":0,"max_hp_loss":0,"event_name":"Scrap Ooze","floor":4,"gold_loss":0}],"is_beta":false,"boss_relics":[],"items_purged_floors":[5],"is_endless":false,"potions_floor_spawned":[6,8,10,13,14],"killed_by":"The Guardian","ascension_level":0}}