{"host":"h7xtspmc2x3i8s2i","time":1608929544,"event":{"mods":["2.2 Compatiblity","AchievementEnabler","Act Like it!","AlwaysNeverKeys","Aspiration","Astrologer","BaseMod","Beaked The Cultist","Bestiary","Better Match","Better Sensory Stone","Better Third Choice","Better Vampires","BetterRewards","Challenge The Spire","Colored Map","Colored Powertips","Colorless Booster Pack","Curses Come First","Defuse TimeMaze Blight","Dio Mod","Downfall","Duelist Mod","EXCEPTION","Energized Spire","Friendly Minions","GifTheSpireLib","Gold Saver","Gremlin Skip","Halation","Hubris","Jedi Mod","Key Reminder","Marked Mod","Minty Spire (QoL Compilation)","Permanent Neow","Potion Indicator Mod","Random Character Button","Random Character Mod","Rare Cards Sparkle","Relic Filter","Relic Stats","Replay The Spire","SacredBarkPlus","Shop Mod","Somnambulant","Spicy Shops","Spikes Relics","Spire Birthday Party","StSLib","Steal the Spire","Stuff the Spire","SuperFastMode","The Awakened One except there are too many feathers","The Blue Laboratory","The Cursed","The Death Knight","The Dragon Tamer","The Edgeheg","The Hierophant","The Problem Sleuth","The Wild Card","Transform Curses","Unceasing Turn Reminder","everything is the same but u backflip on backflip","slay the spire mod where everything is the same but ironclad has a cowboy hat","vexMod"],"gold_per_floor":[498,498,511,31,92,106,106,117,134,154,4,1,32,7,27,143,143,68,125,125,142,142,42,42,42,42,42,58,81,105,125,148,262,262,262,262,262,284,284,284,284,306,4,23,23,64,82,82,82,82,101,108,108,154,46,46,71],"floor_reached":58,"playtime":2703,"items_purged":["champ:Strike","champ:Strike"],"score":1266,"play_id":"1fa3be39-9724-49c3-9b57-0d7826ce55da","local_time":"20201225155224","is_ascension_mode":false,"campfire_choices":[{"floor":1,"key":"RECALL"},{"floor":11,"key":"REST"},{"data":"champ:Balance","floor":18,"key":"SMITH"},{"data":"champ:Taunt","floor":25,"key":"SMITH"},{"floor":45,"key":"REST"},{"data":"champ:Control","floor":56,"key":"SMITH"}],"circlet_count":0,"master_deck":["champ:Strike","champ:Defend","champ:Defend","champ:Defend","champ:Execute","champ:Taunt+1","champ:DefensiveStyle+1","champ:IronFortress","champ:GutPunch","champ:GutPunch","champ:Balance+1","champ:FlashCut","champ:DancingMaster","champ:Backstep+1","champ:FaceSlap","champ:VampiricStrike","champ:FlashCut+1","champ:GutPunch","champ:FlashCut","champ:Control+1","champ:FaceSlap","champ:PerfectForm","champ:Riposte","ReplayTheSpireMod:Brewmster","expansioncontent:DefensiveStance","champ:GladiatorStyle","champ:Riposte","champ:FlashCut+1","champ:GutPunch+1","champ:FlashCut"],"relics":["champ:ChampionCrown","halation:PrussianBluePaint","InkBottle","hubris:CuriousFeather","jedi:fakemustache","halation:IllGainedPizza","downfall:HeartBlessingRed","downfall:HeartBlessingBlue","downfall:HeartBlessingGreen","halation:PinkSoulGem","aspiration:FetidBarrel","ChewingGum","theSleuth:Tectrixcalibur","StuffTheSpire:Tea","Membership Card","Juzu Bracelet","downfall:TeleportStone","SpikesRelics:DaevaFist","Bag of Preparation","MerchantsRug","BargainBundle","ReplayTheSpireMod:Lightbulb","Replay:Bottled Eggs"],"acts_visited":["Exordium","TheCity","TheBeyond","TheEnding"],"potions_floor_usage":[10,15,30,33,33,42,46,46,46,46,51,52,52,52,54,57,57,57,57,57,57,57,57,57,57,57,57,57,57,57,57],"damage_taken":[{"damage":17,"enemies":"Jaw Worm","floor":3,"turns":5},{"damage":15,"enemies":"downfall:FleeingMerchant","floor":4,"turns":4},{"damage":33,"enemies":"Lagavulin Event","floor":5,"turns":5},{"damage":3,"enemies":"2 Louse","floor":6,"turns":2},{"damage":0,"enemies":"Cultist","floor":8,"turns":3},{"damage":31,"enemies":"Large Slime","floor":9,"turns":5},{"damage":23,"enemies":"Exordium Wildlife","floor":10,"turns":3},{"damage":23,"enemies":"downfall:FleeingMerchant","floor":12,"turns":4},{"damage":31,"enemies":"Gremlin Nob","floor":13,"turns":4},{"damage":5,"enemies":"3 Louse","floor":15,"turns":2},{"damage":73,"enemies":"downfall:Silent","floor":16,"turns":8},{"damage":59,"enemies":"3 Byrds","floor":19,"turns":8},{"damage":30,"enemies":"Centurion and Healer","floor":21,"turns":7},{"damage":18,"enemies":"downfall:FleeingMerchant","floor":23,"turns":4},{"damage":5,"enemies":"Snecko","floor":28,"turns":4},{"damage":20,"enemies":"Cultist and Chosen","floor":29,"turns":6},{"damage":5,"enemies":"Snake Plant","floor":30,"turns":3},{"damage":26,"enemies":"Snecko","floor":31,"turns":5},{"damage":6,"enemies":"Cultist and Chosen","floor":32,"turns":4},{"damage":51,"enemies":"downfall:Ironclad","floor":33,"turns":4},{"damage":19,"enemies":"3 Darklings","floor":38,"turns":4},{"damage":49,"enemies":"3 Shapes","floor":42,"turns":3},{"damage":16,"enemies":"downfall:FleeingMerchant","floor":43,"turns":4},{"damage":30,"enemies":"Writhing Mass","floor":44,"turns":5},{"damage":16,"enemies":"Nemesis","floor":46,"turns":5},{"damage":10,"enemies":"Maw","floor":47,"turns":6},{"damage":13,"enemies":"Sphere and 2 Shapes","floor":51,"turns":3},{"damage":11,"enemies":"downfall:Watcher","floor":52,"turns":5},{"damage":52,"enemies":"downfall:CharBossMerchant","floor":54,"turns":6},{"damage":141,"enemies":"downfall:NeowBoss","floor":57,"turns":16}],"seed_played":"-3790412461437262989","potions_obtained":[{"floor":5,"key":"Elixir"},{"floor":8,"key":"LiquidMemories"},{"floor":13,"key":"jedi:StrikingPotion"},{"floor":15,"key":"blueLaboratory:PyrophylliteBrew"},{"floor":28,"key":"Dexterity Potion"},{"floor":29,"key":"DeathKnight:RimePotion"},{"floor":32,"key":"Fire Potion"},{"floor":38,"key":"Weak Potion"},{"floor":46,"key":"CultistPotion"},{"floor":51,"key":"blueLaboratory:FrostheartPotion"},{"floor":54,"key":"blueLaboratory:AbyssPotion"}],"is_trial":false,"path_per_floor":["R","?","M","$","?","M","T","M","M","M","R","$","E","?","M","B",null,"R","M","?","M","?","$","T","R","?","?","M","M","M","M","M","B",null,"R_BF","?","?","M","?","?","T","M","$","M","R","E","M","PTL","PTL","?","M","B",null,"E","$","R","B",null],"character_chosen":"THE_CHAMP","items_purchased":["champ:IronFortress","champ:GutPunch","hubris:CuriousFeather","jedi:fakemustache","champ:GutPunch","champ:FlashCut","champ:Riposte","ReplayTheSpireMod:Brewmster","expansioncontent:DefensiveStance","champ:GladiatorStyle","Membership Card","champ:FlashCut","Bag of Preparation","MerchantsRug","BargainBundle","ReplayTheSpireMod:Lightbulb","DistilledChaos","LiquidMemories","Ancient Potion","Replay:Bottled Eggs"],"campfire_rested":2,"item_purchase_floors":[4,4,4,4,23,23,43,43,43,43,43,55,55,55,55,55,55,55,55,55],"current_hp_per_floor":[90,83,71,81,66,66,66,66,60,52,92,92,74,74,74,30,100,100,64,64,44,92,92,92,92,92,92,92,82,82,76,75,59,92,92,92,92,88,88,88,88,54,81,51,78,89,89,89,89,89,86,85,94,77,94,94,84],"gold":71,"neow_bonus":"RANDOM_COMMON_RELIC","is_daily":false,"chose_seed":false,"campfire_upgraded":3,"win_rate":0.0,"timestamp":1608929544,"path_taken":["R","?","M","?","?","?","T","M","M","M","R","?","E","?","M","BOSS","R","M","?","M","?","$","T","R","?","?","?","M","M","M","M","BOSS","R_BF","?","?","?","?","?","T","M","$","M","R","E","M","PTL","PTL","?","M","BOSS","E","$","R","BOSS"],"items_purchased_type":["Card","Card","Relic","Relic","Card","Card","Card","Card","Card","Card","Relic","Card","Relic","Relic","Relic","Relic","Potion","Potion","Potion","Relic"],"build_version":"2020-12-22","purchased_purges":2,"victory":true,"max_hp_per_floor":[90,90,90,90,90,90,90,90,90,90,100,100,100,100,100,100,100,100,100,100,100,92,92,92,92,92,92,92,92,92,92,92,92,92,92,92,92,92,92,92,92,92,92,92,92,94,94,94,94,94,94,94,94,94,94,94,84],"relic_stats":{"counters":[30,147],"Juzu Bracelet":1,"Bag of Preparation":[2],"obtain_stats":[{"champ:ChampionCrown":0,"downfall:HeartBlessingGreen":18,"downfall:TeleportStone":50,"Juzu Bracelet":46,"Bag of Preparation":55,"theSleuth:Tectrixcalibur":36,"halation:PrussianBluePaint":0,"downfall:HeartBlessingBlue":11,"hubris:CuriousFeather":4,"halation:KoshaPiece":14,"Replay:Bottled Eggs":55,"InkBottle":2,"StuffTheSpire:Tea":41,"MerchantsRug":55,"BargainBundle":55,"downfall:HeartBlessingRed":11,"aspiration:FetidBarrel":24,"halation:IllGainedPizza":5,"keyreminder:keyreminder":1,"jedi:fakemustache":4,"hubris:Zylophone":13,"ChewingGum":34,"SpikesRelics:DaevaFist":54,"Membership Card":43,"halation:PinkSoulGem":20,"ReplayTheSpireMod:Lightbulb":55},{"champ:ChampionCrown":0,"downfall:HeartBlessingGreen":11,"downfall:TeleportStone":26,"Juzu Bracelet":25,"Bag of Preparation":29,"theSleuth:Tectrixcalibur":20,"halation:PrussianBluePaint":0,"downfall:HeartBlessingBlue":7,"hubris:CuriousFeather":2,"halation:KoshaPiece":9,"Replay:Bottled Eggs":29,"InkBottle":0,"StuffTheSpire:Tea":21,"MerchantsRug":29,"BargainBundle":29,"downfall:HeartBlessingRed":7,"aspiration:FetidBarrel":14,"halation:IllGainedPizza":3,"keyreminder:keyreminder":0,"jedi:fakemustache":2,"hubris:Zylophone":9,"ChewingGum":20,"SpikesRelics:DaevaFist":29,"Membership Card":23,"halation:PinkSoulGem":12,"ReplayTheSpireMod:Lightbulb":29},{"champ:ChampionCrown":0,"downfall:HeartBlessingGreen":45,"downfall:TeleportStone":117,"Juzu Bracelet":111,"Bag of Preparation":131,"theSleuth:Tectrixcalibur":90,"halation:PrussianBluePaint":0,"downfall:HeartBlessingBlue":27,"hubris:CuriousFeather":9,"halation:KoshaPiece":35,"Replay:Bottled Eggs":131,"InkBottle":0,"StuffTheSpire:Tea":94,"MerchantsRug":131,"BargainBundle":131,"downfall:HeartBlessingRed":27,"aspiration:FetidBarrel":64,"halation:IllGainedPizza":14,"keyreminder:keyreminder":0,"jedi:fakemustache":9,"hubris:Zylophone":35,"ChewingGum":90,"SpikesRelics:DaevaFist":131,"Membership Card":101,"halation:PinkSoulGem":53,"ReplayTheSpireMod:Lightbulb":131}],"InkBottle":[54]},"card_choices":[{"not_picked":["champ:Circumvent","champ:TornadoPunch","champ:GladiatorsShout"],"picked":"SKIP","floor":3},{"not_picked":["champ:GladiatorStyle","champ:Shatter"],"picked":"champ:DefensiveStyle","floor":4},{"not_picked":["champ:CrookedStrike","champ:RageSigil"],"picked":"champ:GutPunch","floor":5},{"not_picked":["champ:PerfectedStrike","champ:GladiatorsShout"],"picked":"champ:Balance","floor":6},{"not_picked":["champ:GladiatorsShout","champ:PerfectedStrike"],"picked":"champ:FlashCut","floor":8},{"not_picked":["champ:Haymaker","champ:SkillfulDodge"],"picked":"champ:DancingMaster","floor":9},{"not_picked":["champ:ShieldSigil","champ:TornadoPunch","champ:DefensiveShout"],"picked":"SKIP","floor":10},{"not_picked":["champ:BringItOn","champ:FalseCounter","champ:CrookedStrike"],"picked":"SKIP","floor":12},{"not_picked":["champ:GladiatorsShout","champ:Circumvent"],"picked":"champ:Backstep","floor":13},{"not_picked":["champ:Lariat","champ:Haymaker"],"picked":"champ:FaceSlap","floor":15},{"not_picked":["champ:LastStand","champ:SteelEdge"],"picked":"champ:VampiricStrike","floor":16},{"not_picked":["champ:Circumvent","champ:FocusedDefense+1"],"picked":"champ:FlashCut+1","floor":19},{"not_picked":["champ:Circumvent+1","champ:TornadoPunch+1","champ:BladeFlurry"],"picked":"SKIP","floor":21},{"not_picked":["champ:EndlessRage","champ:GladiatorsShout","champ:BladeFlurry+1"],"picked":"SKIP","floor":23},{"not_picked":["champ:RecklessLeap","champ:TornadoPunch","champ:ShieldSigil"],"picked":"SKIP","floor":28},{"not_picked":["champ:FalseCounter+1","champ:RageSigil+1"],"picked":"champ:Control","floor":29},{"not_picked":["champ:PerfectedStrike","champ:AdrenalArmor","champ:BerserkersShout+1"],"picked":"SKIP","floor":30},{"not_picked":["champ:EnragedBash","champ:AdrenalArmor+1","champ:EnchantSword"],"picked":"SKIP","floor":31},{"not_picked":["champ:ViciousMockery+1","champ:FlashCut"],"picked":"champ:FaceSlap","floor":32},{"not_picked":["champ:HoldFirm","champ:ShieldSlam"],"picked":"champ:PerfectForm","floor":33},{"not_picked":["champ:CrookedStrike","champ:ShieldSigil","champ:DefensiveShout"],"picked":"SKIP","floor":38},{"not_picked":["champ:TornadoPunch+1","champ:GladiatorsShout","champ:SkillfulDodge+1"],"picked":"SKIP","floor":42},{"not_picked":["champ:BringItOn","champ:RageSigil","champ:SwordThrow"],"picked":"SKIP","floor":43},{"not_picked":["champ:GladiatorsShout","champ:Duel"],"picked":"champ:Riposte","floor":44},{"not_picked":["champ:ShieldWall","champ:Improvising"],"picked":"champ:FlashCut+1","floor":46},{"not_picked":["champ:CalledShot+1","champ:BerserkersShout+1"],"picked":"champ:GutPunch+1","floor":47},{"not_picked":["champ:HeartStrike","champ:AdrenalArmor+1","champ:Duel"],"picked":"SKIP","floor":51},{"not_picked":["champ:RageSigil","champ:CrookedStrike","champ:BringItOn+1"],"picked":"SKIP","floor":54}],"player_experience":570653,"relics_obtained":[{"floor":5,"key":"halation:IllGainedPizza"},{"floor":13,"key":"hubris:Zylophone"},{"floor":24,"key":"aspiration:FetidBarrel"},{"floor":41,"key":"StuffTheSpire:Tea"},{"floor":46,"key":"Juzu Bracelet"},{"floor":54,"key":"SpikesRelics:DaevaFist"}],"event_choices":[{"damage_healed":0,"gold_gain":0,"player_choice":"Relic ","damage_taken":7,"max_hp_gain":0,"max_hp_loss":0,"event_name":"betterThird:BetterScrap","floor":2,"gold_loss":0,"cards_obtained":["Electrodynamics"]},{"damage_healed":0,"gold_gain":0,"player_choice":"Ignored","damage_taken":0,"max_hp_gain":0,"max_hp_loss":0,"event_name":"Ghosts","floor":26,"gold_loss":0},{"damage_healed":0,"gold_gain":0,"player_choice":"Ignored","damage_taken":0,"max_hp_gain":0,"max_hp_loss":0,"event_name":"NoteForYourself","floor":37,"gold_loss":0},{"cards_removed":["champ:Defend"],"damage_healed":0,"gold_gain":0,"player_choice":"Removed Skill","damage_taken":0,"max_hp_gain":0,"max_hp_loss":0,"event_name":"Falling","floor":40,"gold_loss":0}],"is_beta":false,"boss_relics":[{"not_picked":["jedi:battlestandard","vexMod:FluxCapacitor","StuffTheSpire:ModemDavis"]},{"not_picked":["StuffTheSpire:RunicConfusion","champ:PowerArmor"],"picked":"ChewingGum"}],"items_purged_floors":[43,55],"is_endless":false,"potions_floor_spawned":[5,8,13,15,28,29,32,38,46,51,54],"ascension_level":0}}