{"host":"kh6fvhxn285ncg0o","time":1608879913,"event":{"mods":["Act Like it!","BaseMod","Colored Map","Friendly Minions","Keyboard Shortcuts","Minty Spire (QoL Compilation)","Quick Restart","Relic Stats","StSLib","SuperFastMode"],"gold_per_floor":[10,23,23,42,58,58,86,86,139,165,178,103,130,130,130,207,207,221,240,510,526,348,380,380,380,403,420,454,454,487,513,513,584,584,600,399,424,442,497,522,522,550,631,258,276,287,313,330,330,330,330,330,330,26,69,69],"floor_reached":57,"playtime":1823,"items_purged":["Pain","Strike_R","Strike_R","Clothesline","Defend_R"],"score":3107,"play_id":"af32c078-f6b2-48dc-a044-ca5135bb5ae8","local_time":"20201225160512","is_ascension_mode":true,"campfire_choices":[{"data":"Inflame","floor":6.0,"key":"SMITH"},{"data":"Bash","floor":8.0,"key":"SMITH"},{"data":"Fire Breathing","floor":15.0,"key":"SMITH"},{"data":"Dual Wield","floor":24,"key":"SMITH"},{"data":"Offering","floor":29,"key":"SMITH"},{"data":"Dropkick","floor":32,"key":"SMITH"},{"floor":41,"key":"RECALL"},{"floor":49,"key":"REST"},{"floor":53,"key":"REST"}],"circlet_count":0,"master_deck":["AscendersBane","Defend_R+1","Defend_R","Defend_R","Bash+1","Inflame+1","Rage+1","Pummel","Fire Breathing+1","Shockwave","Offering+1","Whirlwind+1","Twin Strike+1","Combust+1","Dual Wield+1","Reckless Charge","Dropkick+1","Corruption","Evolve","Warcry+1","Discovery","Violence","Fire Breathing","Dark Embrace","Metallicize","Feel No Pain","Offering+1","Armaments+1"],"relics":["Burning Blood","Torii","WarpedTongs","Mummified Hand","Lantern","War Paint","Regal Pillow","Astrolabe","Pen Nib","Strawberry","PreservedInsect","Red Mask","Orichalcum","Fusion Hammer","Lizard Tail","Unceasing Top","The Courier","CeramicFish","Membership Card","Bag of Preparation","Gremlin Horn","Bronze Scales","DollysMirror","Red Skull","Bag of Marbles"],"acts_visited":["Exordium","TheCity","TheBeyond","TheEnding"],"potions_floor_usage":[21,23,27,28,39,46,51,56,56],"damage_taken":[{"damage":2.0,"enemies":"Cultist","floor":1.0,"turns":4.0},{"damage":2.0,"enemies":"Jaw Worm","floor":2.0,"turns":4.0},{"damage":4.0,"enemies":"2 Louse","floor":4.0,"turns":2.0},{"damage":21.0,"enemies":"Exordium Thugs","floor":5.0,"turns":4.0},{"damage":19.0,"enemies":"Lagavulin","floor":7.0,"turns":7.0},{"damage":28.0,"enemies":"3 Sentries","floor":10.0,"turns":8.0},{"damage":2.0,"enemies":"Lots of Slimes","floor":11.0,"turns":4.0},{"damage":6.0,"enemies":"Gremlin Nob","floor":13.0,"turns":3.0},{"damage":8.0,"enemies":"Hexaghost","floor":16.0,"turns":7.0},{"damage":9.0,"enemies":"Spheric Guardian","floor":18.0,"turns":3.0},{"damage":1.0,"enemies":"3 Byrds","floor":19.0,"turns":4.0},{"damage":6,"enemies":"Shelled Parasite and Fungi","floor":21,"turns":1},{"damage":9,"enemies":"Gremlin Leader","floor":23,"turns":4},{"damage":7,"enemies":"Snecko","floor":27,"turns":3},{"damage":6,"enemies":"Slavers","floor":28,"turns":1},{"damage":6,"enemies":"Masked Bandits","floor":30,"turns":1},{"damage":9,"enemies":"Book of Stabbing","floor":31,"turns":3},{"damage":37,"enemies":"Collector","floor":33,"turns":5},{"damage":0,"enemies":"3 Darklings","floor":35,"turns":2},{"damage":1,"enemies":"Mind Bloom Boss Battle","floor":37,"turns":2},{"damage":2,"enemies":"Orb Walker","floor":38,"turns":3},{"damage":37,"enemies":"2 Orb Walkers","floor":39,"turns":4},{"damage":12,"enemies":"Reptomancer","floor":40,"turns":3},{"damage":7,"enemies":"Giant Head","floor":42,"turns":3},{"damage":0,"enemies":"Sphere and 2 Shapes","floor":46,"turns":3},{"damage":6,"enemies":"Nemesis","floor":47,"turns":3},{"damage":0,"enemies":"4 Shapes","floor":48,"turns":2},{"damage":46,"enemies":"Time Eater","floor":50,"turns":6},{"damage":27,"enemies":"Donu and Deca","floor":51,"turns":4},{"damage":6,"enemies":"Shield and Spear","floor":55,"turns":2},{"damage":45,"enemies":"The Heart","floor":56,"turns":5}],"seed_played":"4102255796453817530","potions_obtained":[{"floor":4.0,"key":"Block Potion"},{"floor":7.0,"key":"AttackPotion"},{"floor":10.0,"key":"Dexterity Potion"},{"floor":11.0,"key":"Fire Potion"},{"floor":13.0,"key":"Ancient Potion"},{"floor":18.0,"key":"Block Potion"},{"floor":21,"key":"LiquidMemories"},{"floor":23,"key":"Ancient Potion"},{"floor":27,"key":"SteroidPotion"},{"floor":33,"key":"FearPotion"},{"floor":37,"key":"Regen Potion"},{"floor":39,"key":"Block Potion"},{"floor":46,"key":"SkillPotion"}],"is_trial":false,"path_per_floor":["M","M","?","M","M","R","E","R","T","E","M","$","E","?","R","B",null,"M","M","?","M","$","E","R","?","T","M","E","R","?","E","R","B",null,"M","$","?","M","?","E","R","E","T","$","?","M","E","M","R","B","B",null,"R","$","E","B",null],"character_chosen":"IRONCLAD","items_purchased":["Reckless Charge","Evolve","Membership Card","Bag of Preparation","Gremlin Horn","BloodPotion","Fire Breathing","Dark Embrace","Metallicize","Feel No Pain","DollysMirror","Red Skull"],"campfire_rested":2,"item_purchase_floors":[22,36,44,44,44,54,54,54,54,54,54,54],"current_hp_per_floor":[72,75,75,75,60,60,47,47,47,25,29,29,29,34,34,32,68,65,70,43,43,43,40,40,40,47,46,46,46,46,43,43,12,68,74,74,79,83,61,55,55,54,54,54,44,50,50,56,87,47,26,72,87,87,87,65],"gold":69,"neow_bonus":"ONE_RARE_RELIC","is_daily":false,"chose_seed":false,"campfire_upgraded":6,"win_rate":0.0,"timestamp":1608879912,"path_taken":["M","?","?","M","?","R","E","R","T","E","M","$","E","?","R","BOSS","M","M","?","?","$","E","R","?","T","M","E","R","?","E","R","BOSS","M","$","?","M","?","E","R","E","T","$","?","M","E","M","R","BOSS","BOSS","R","$","E","BOSS"],"items_purchased_type":["Card","Card","Relic","Relic","Relic","Potion","Card","Card","Card","Card","Relic","Relic"],"build_version":"2020-12-22","purchased_purges":5,"victory":true,"max_hp_per_floor":[75,75,75,75,75,75,75,75,75,75,75,75,75,80,80,80,80,80,80,80,80,80,80,80,80,87,87,87,87,87,87,87,87,87,87,87,87,87,87,87,87,87,87,87,87,87,87,87,87,87,87,87,87,87,87,87],"relic_stats":{"Regal Pillow":5,"Torii":48,"Gremlin Horn":[4,4],"counters":[31,110],"Astrolabe":["Whirlwind","Twin Strike","Combust"],"CeramicFish":72,"Pen Nib":[16],"PreservedInsect":360,"Bag of Preparation":[14],"War Paint":["Defend_R","Rage"],"Orichalcum":[36],"Burning Blood":183,"WarpedTongs":[94],"Lizard Tail":0,"Mummified Hand":[103],"Bronze Scales":[87],"obtain_stats":[{"Lantern":9,"Regal Pillow":13,"Torii":0,"Gremlin Horn":44,"CeramicFish":42,"Bag of Preparation":44,"Burning Blood":0,"Lizard Tail":37,"Mummified Hand":7,"DollysMirror":54,"Strawberry":26,"Fusion Hammer":34,"Red Mask":30,"Red Skull":54,"Astrolabe":17,"Pen Nib":23,"PreservedInsect":28,"The Courier":40,"War Paint":10,"Orichalcum":31,"WarpedTongs":3,"Bronze Scales":47,"Bag of Marbles":55,"Membership Card":44,"Unceasing Top":39},{"Lantern":5,"Regal Pillow":8,"Torii":0,"Gremlin Horn":24,"CeramicFish":24,"Bag of Preparation":24,"Burning Blood":0,"Lizard Tail":20,"Mummified Hand":5,"DollysMirror":29,"Strawberry":13,"Fusion Hammer":18,"Red Mask":16,"Red Skull":29,"Astrolabe":9,"Pen Nib":13,"PreservedInsect":15,"The Courier":23,"War Paint":6,"Orichalcum":17,"WarpedTongs":2,"Bronze Scales":26,"Bag of Marbles":30,"Membership Card":24,"Unceasing Top":22},{"Lantern":21,"Regal Pillow":36,"Torii":0,"Gremlin Horn":85,"CeramicFish":85,"Bag of Preparation":85,"Burning Blood":0,"Lizard Tail":72,"Mummified Hand":21,"DollysMirror":103,"Strawberry":55,"Fusion Hammer":68,"Red Mask":60,"Red Skull":103,"Astrolabe":43,"Pen Nib":55,"PreservedInsect":59,"The Courier":82,"War Paint":29,"Orichalcum":63,"WarpedTongs":8,"Bronze Scales":91,"Bag of Marbles":105,"Membership Card":85,"Unceasing Top":79}],"Unceasing Top":[13]},"card_choices":[{"not_picked":["Havoc","Wild Strike","Twin Strike"],"picked":"SKIP","floor":1.0},{"not_picked":["Cleave","Pummel"],"picked":"Inflame","floor":2.0},{"not_picked":["Ghostly Armor","Intimidate"],"picked":"Clothesline","floor":4.0},{"not_picked":["Rupture","Body Slam"],"picked":"Rage","floor":5.0},{"not_picked":["Perfected Strike","Heavy Blade","Twin Strike"],"picked":"SKIP","floor":7.0},{"not_picked":["Intimidate","Flex"],"picked":"Pummel","floor":10.0},{"not_picked":["Barricade","Perfected Strike"],"picked":"Fire Breathing","floor":11.0},{"not_picked":["Armaments","Searing Blow"],"picked":"Shockwave","floor":13.0},{"not_picked":["Juggernaut","Double Tap"],"picked":"Offering","floor":16.0},{"not_picked":["Cleave","Flex","Heavy Blade"],"picked":"SKIP","floor":18.0},{"not_picked":["Pommel Strike","Clothesline"],"picked":"Dual Wield","floor":19.0},{"not_picked":["Pommel Strike","Clash+1","Flex+1"],"picked":"SKIP","floor":21},{"not_picked":["Intimidate","Whirlwind+1"],"picked":"Dropkick","floor":23},{"not_picked":["Blood for Blood","Wild Strike","Sword Boomerang"],"picked":"SKIP","floor":27},{"not_picked":["Ghostly Armor","Perfected Strike"],"picked":"Corruption","floor":28},{"not_picked":["Flex","Clothesline","Whirlwind+1"],"picked":"SKIP","floor":31},{"not_picked":["Heavy Blade+1","Clothesline","Fire Breathing+1"],"picked":"SKIP","floor":35},{"not_picked":["Pommel Strike+1","Pummel"],"picked":"Warcry+1","floor":37},{"not_picked":["Infernal Blade","Dropkick+1","Sever Soul"],"picked":"SKIP","floor":38},{"not_picked":["Clash","Flex","Sentinel"],"picked":"SKIP","floor":40},{"not_picked":["Ghostly Armor","Metallicize","True Grit"],"picked":"SKIP","floor":42},{"not_picked":["Jack Of All Trades","PanicButton"],"picked":"Discovery","floor":45},{"not_picked":["Mayhem","Magnetism"],"picked":"Violence","floor":45},{"not_picked":["Sword Boomerang+1","Metallicize+1","Thunderclap"],"picked":"SKIP","floor":46},{"not_picked":["Body Slam","Reckless Charge+1","Pommel Strike"],"picked":"SKIP","floor":47},{"not_picked":["Anger","Armaments","Havoc"],"picked":"SKIP","floor":48},{"not_picked":["Reaper","Hemokinesis"],"picked":"Armaments+1","floor":55}],"player_experience":3258362,"relics_obtained":[{"floor":7.0,"key":"Mummified Hand"},{"floor":9.0,"key":"Lantern"},{"floor":10.0,"key":"War Paint"},{"floor":13.0,"key":"Regal Pillow"},{"floor":23,"key":"Pen Nib"},{"floor":26,"key":"Strawberry"},{"floor":28,"key":"PreservedInsect"},{"floor":30,"key":"Red Mask"},{"floor":31,"key":"Orichalcum"},{"floor":37,"key":"Lizard Tail"},{"floor":39,"key":"Unceasing Top"},{"floor":40,"key":"The Courier"},{"floor":42,"key":"CeramicFish"},{"floor":47,"key":"Bronze Scales"},{"floor":55,"key":"Bag of Marbles"}],"event_choices":[{"damage_healed":0.0,"max_hp_gain":0.0,"max_hp_loss":0.0,"gold_gain":0.0,"event_name":"Accursed Blacksmith","player_choice":"Rummage","floor":3.0,"gold_loss":0.0,"damage_taken":0.0,"relics_obtained":["WarpedTongs"],"cards_obtained":["Pain"]},{"damage_healed":0.0,"max_hp_gain":5.0,"max_hp_loss":0.0,"gold_gain":0.0,"event_name":"Big Fish","player_choice":"Donut","floor":14.0,"gold_loss":0.0,"damage_taken":0.0},{"damage_healed":0.0,"max_hp_gain":0.0,"max_hp_loss":0.0,"gold_gain":270.0,"event_name":"Knowing Skull","player_choice":"GOLD GOLD GOLD ","floor":20.0,"potions_obtained":[],"gold_loss":0.0,"damage_taken":27.0,"cards_obtained":[]},{"damage_healed":0,"gold_gain":0,"player_choice":"Ignored","damage_taken":0,"max_hp_gain":0,"max_hp_loss":0,"event_name":"Ghosts","floor":25,"gold_loss":0},{"damage_healed":0,"gold_gain":0,"player_choice":"Fought Bandits","damage_taken":0,"max_hp_gain":0,"max_hp_loss":0,"event_name":"Masked Bandits","floor":30,"gold_loss":0},{"damage_healed":0,"gold_gain":0,"player_choice":"Fight","damage_taken":0,"max_hp_gain":0,"max_hp_loss":0,"event_name":"MindBloom","floor":37,"gold_loss":0},{"damage_healed":0,"gold_gain":0,"player_choice":"Fight","damage_taken":0,"max_hp_gain":0,"max_hp_loss":0,"event_name":"Mysterious Sphere","floor":39,"gold_loss":0},{"damage_healed":0,"gold_gain":0,"player_choice":"Memory 3","damage_taken":10,"max_hp_gain":0,"max_hp_loss":0,"event_name":"SensoryStone","floor":45,"gold_loss":0}],"is_beta":false,"boss_relics":[{"not_picked":["Calling Bell","Snecko Eye"],"picked":"Astrolabe"},{"not_picked":["Coffee Dripper","Black Blood"],"picked":"Fusion Hammer"}],"items_purged_floors":[12,22,36,44,54],"is_endless":false,"potions_floor_spawned":[4,7,10,11,13,18,21,23,27,33,37,39,46,48],"ascension_level":20}}