{"host":"o3b7ow6d1xe49css","time":1608896485,"event":{"mods":["Act Like it!","Aspiration","BaseMod","Bestiary","Better Altar","Better Match","Better Note","Better Sensory Stone","Better Skull","Better Third Choice","Colored Powertips","Conspire","Energized Spire","Force Act Four","GifTheSpireLib","Halation","Hermit","Hubris","Infinite Spire","Lobotomy","Minty Spire (QoL Compilation)","Quick Restart","Replay The Spire","Spicy Shops","Spikes Relics","StSLib","Stuff the Spire","The Blue Laboratory","Wandering Minibosses","vexMod"],"gold_per_floor":[110,124,144,139,87,117,117,144,171,201,201,228,228,248,248,345,345,362,372,396,16,16,43,43,74,100,100,121,151,226,253,253,349,349,371,385,170,183,183,183,212,212,237,262,41,41,41,73,73,68,68,68,5,33,138],"floor_reached":56,"playtime":19278,"items_purged":["hermit:Strike_Hermit","Scorched","hermit:Strike_Hermit","hermit:Defend_Hermit","Pot Of Greed"],"score":1829,"play_id":"e179c6ee-ee4d-49a2-9ac4-720121b9f940","local_time":"20201225024125","daily_mods":["Heirloom","Flight","Elite Swarm"],"is_ascension_mode":true,"campfire_choices":[{"data":"hermit:WideOpen","floor":7,"key":"SMITH"},{"data":"hermit:HeroicBravado","floor":11,"key":"SMITH"},{"data":"hermit:Snipe","floor":15,"key":"SMITH"},{"data":"hermit:Brawl","floor":24,"key":"SMITH"},{"floor":27,"key":"RECALL"},{"floor":32,"key":"REST"},{"data":"1","floor":40,"key":"LIFT"},{"floor":42,"key":"REST"},{"data":"2","floor":47,"key":"LIFT"},{"floor":49,"key":"REST"},{"data":"3","floor":52,"key":"LIFT"}],"circlet_count":0,"master_deck":["hermit:Strike_Hermit","hermit:Defend_Hermit","hermit:Defend_Hermit","hermit:Defend_Hermit","hermit:Snapshot+1","hermit:Covet","OldLady","hermit:Horror","hermit:WideOpen+1","hermit:Snipe+1","hermit:HeroicBravado+1","UniverseFragment","OSAHOGD","hermit:FinalCanter","hermit:SprayPray+1","hermit:Brawl+1","hermit:DeadOrAlive+1","infinitespire:Collect+1","hermit:WideOpen+1","Doubt","StuffTheSpire:BrainWave","Pot Of Greed","Pot Of Greed","infinitespire:SevenWalls+1","BlessedFruit","BlessedFruit"],"relics":["hermit:Momento","Ring of Chaos","CogitoBucket","hubris:Spice","StuffTheSpire:Rhapsscallions","StuffTheSpire:SapphireSignet","Bag of Marbles","halation:EternalFortune","hermit:Spyglass","StuffTheSpire:Kangaroo","LuminousBracelet","Bag of Preparation","Membership Card","Rawhide","aspiration:FrozenJewel","Replay:Baseball","Nunchaku","Molten Egg 2","hubris:MedicalManual","hubris:Backtick","hubris:Metronome","Theresia","Girya","vexMod:PaidLearning","infinitespire:CursedDice","RollingBoulder","OrangePellets","Grinning Jar","Ornamental Fan","HeavenlyBonsai"],"acts_visited":["Exordium","TheCity","TheBeyond","TheEnding"],"potions_floor_usage":[6,8,19,31,41,55,55,55],"damage_taken":[{"damage":1,"enemies":"Jaw Worm","floor":1,"turns":4},{"damage":0,"enemies":"Cultist","floor":2,"turns":3},{"damage":3,"enemies":"Small Slimes","floor":3,"turns":2},{"damage":0,"enemies":"3 Louse","floor":4,"turns":5},{"damage":0,"enemies":"Gremlin Nob","floor":6,"turns":2},{"damage":1,"enemies":"3 Sentries","floor":8,"turns":5},{"damage":1,"enemies":"Lagavulin","floor":10,"turns":4},{"damage":1,"enemies":"3 Sentries","floor":12,"turns":3},{"damage":18,"enemies":"Gremlin Nob","floor":14,"turns":3},{"damage":31,"enemies":"Hexaghost","floor":16,"turns":6},{"damage":0,"enemies":"Chosen","floor":18,"turns":1},{"damage":36,"enemies":"3 Byrds","floor":19,"turns":5},{"damage":20,"enemies":"Slavers","floor":23,"turns":3},{"damage":23,"enemies":"Replay:Snechameleon","floor":25,"turns":2},{"damage":33,"enemies":"Gremlin Leader","floor":28,"turns":7},{"damage":7,"enemies":"Book of Stabbing","floor":29,"turns":3},{"damage":21,"enemies":"Nightmare","floor":31,"turns":4},{"damage":26,"enemies":"Collector","floor":33,"turns":5},{"damage":34,"enemies":"Orb Walker","floor":35,"turns":2},{"damage":8,"enemies":"3 Shapes","floor":36,"turns":1},{"damage":12,"enemies":"Jaw Worm Horde","floor":38,"turns":2},{"damage":26,"enemies":"Nemesis","floor":41,"turns":3},{"damage":0,"enemies":"Reptomancer","floor":44,"turns":2},{"damage":0,"enemies":"Giant Head","floor":48,"turns":2},{"damage":20,"enemies":"Time Eater","floor":50,"turns":3},{"damage":0,"enemies":"Shield and Spear","floor":54,"turns":3},{"damage":6,"enemies":"The Heart","floor":55,"turns":4}],"seed_played":"-1067743493720623018","potions_obtained":[{"floor":3,"key":"Fire Potion"},{"floor":4,"key":"blueLaboratory:AbyssPotion"},{"floor":6,"key":"SpeedPotion"},{"floor":12,"key":"Ancient Potion"},{"floor":16,"key":"blueLaboratory:HorrorPotion"},{"floor":23,"key":"blueLaboratory:EnragingPotion"},{"floor":28,"key":"FearPotion"},{"floor":29,"key":"Adrenaline Potion"},{"floor":33,"key":"Weak Potion"},{"floor":48,"key":"DuplicationPotion"},{"floor":55,"key":"blueLaboratory:ForbiddenFruitJuice"}],"is_trial":true,"path_per_floor":["M","M","M","M","$","E","R","E","T","E","R","E","?","E","R","B",null,"M","M","T","$","AVR","E","R","E","T","R","E","E","?","NM","R","B",null,"M","M","$","M","?","R","E","R","T","E","$","AVR","R","E","R","B",null,"R","$","E","B",null],"character_chosen":"HERMIT","items_purchased":["hermit:Snipe","Membership Card","hermit:Brawl","Rawhide","Girya","vexMod:PaidLearning","OrangePellets","Grinning Jar","Block Potion"],"campfire_rested":3,"item_purchase_floors":[5,21,21,21,37,37,45,45,45],"current_hp_per_floor":[82,82,79,79,79,83,83,82,82,81,81,80,83,65,65,34,76,94,108,108,108,108,91,91,68,68,68,82,77,67,54,86,79,101,67,59,59,47,47,47,26,58,58,58,58,58,58,58,90,72,99,99,99,99,109],"gold":138,"neow_bonus":"","is_daily":false,"chose_seed":false,"campfire_upgraded":4,"win_rate":0.0,"timestamp":1608896485,"path_taken":["M","M","M","M","$","E","R","E","T","E","R","E","?","E","R","BOSS","M","M","?","$","AVR","E","R","E","T","R","E","E","?","NM","R","BOSS","M","M","$","M","?","R","E","R","T","E","$","AVR","R","E","R","BOSS","R","$","E","BOSS"],"items_purchased_type":["Card","Relic","Card","Relic","Relic","Relic","Relic","Relic","Potion"],"build_version":"2020-12-22","purchased_purges":5,"victory":true,"max_hp_per_floor":[83,83,83,83,83,87,87,87,87,87,87,87,90,90,90,90,90,108,108,108,108,108,108,108,108,108,108,108,108,108,108,108,108,108,108,108,108,108,108,108,108,108,108,108,108,108,108,108,108,108,108,108,108,108,110],"card_choices":[{"not_picked":["Rudolta","Bloodbath"],"picked":"OldLady","floor":1},{"not_picked":["hermit:Manifest","hermit:HoleUp","hermit:BodyArmor"],"picked":"SKIP","floor":1},{"not_picked":["Bloodbath","WhitesApple","Alriune"],"picked":"Singing Bowl","floor":2},{"not_picked":["CherryBlossoms","MeatLantern"],"picked":"Scorched","floor":2},{"not_picked":["hermit:Snipe","hermit:Desperado"],"picked":"hermit:Horror","floor":2},{"not_picked":["HappyTeddy","ShyLook","BeautyBeast"],"picked":"Singing Bowl","floor":3},{"not_picked":["hermit:Maintenance","hermit:Scavenge"],"picked":"hermit:WideOpen","floor":3},{"not_picked":["GreedKing","MeatLantern","Bloodbath"],"picked":"Singing Bowl","floor":4},{"not_picked":["hermit:LowProfile","hermit:EternalForm","hermit:Determination"],"picked":"SKIP","floor":4},{"not_picked":["hermit:LowProfile","hermit:EternalForm","hermit:Determination"],"picked":"SKIP","floor":4},{"not_picked":["VoidDream","BeautyBeast","Porccubus"],"picked":"Singing Bowl","floor":6},{"not_picked":["hermit:EternalForm","hermit:FatalDesire"],"picked":"hermit:HeroicBravado","floor":6},{"not_picked":["PunishingBird","SingingMachine"],"picked":"UniverseFragment","floor":8},{"not_picked":["hermit:Gambit","hermit:Magnum","hermit:FatalDesire"],"picked":"SKIP","floor":8},{"not_picked":["BigBird","PunishingBird"],"picked":"OSAHOGD","floor":10},{"not_picked":["hermit:OverwhelmingPower","hermit:RoundhouseKick","hermit:FatalDesire"],"picked":"SKIP","floor":10},{"not_picked":["FairyFestival","MeatLantern","CherryBlossoms"],"picked":"Singing Bowl","floor":12},{"not_picked":["hermit:EternalForm","hermit:Gambit"],"picked":"hermit:FinalCanter","floor":12},{"not_picked":["ShyLook","HappyTeddy","Porccubus"],"picked":"Singing Bowl","floor":14},{"not_picked":["hermit:RoundhouseKick","hermit:EternalForm","hermit:FinalCanter"],"picked":"SKIP","floor":14},{"not_picked":["FieryBird","CherryBlossoms","PunishingBird"],"picked":"Singing Bowl","floor":16},{"not_picked":["Bloodbath","NothingThere","Woodsman"],"picked":"Singing Bowl","floor":18},{"not_picked":["hermit:HighCaliber","hermit:Quickdraw"],"picked":"hermit:SprayPray+1","floor":18},{"not_picked":["CherryBlossoms","CrumblingArmor","LaLuna"],"picked":"Singing Bowl","floor":19},{"not_picked":["hermit:HoleUp","hermit:Roulette+1","hermit:Ricochet"],"picked":"SKIP","floor":19},{"not_picked":["Alriune","BlackSwan","Murderer"],"picked":"Singing Bowl","floor":23},{"not_picked":["hermit:HeroicBravado","hermit:Reprieve","hermit:HighNoon"],"picked":"SKIP","floor":23},{"not_picked":["CENSORED","FieryBird","Mercenary"],"picked":"Singing Bowl","floor":25},{"not_picked":["hermit:Gambit","hermit:RoundhouseKick","hermit:Magnum"],"picked":"SKIP","floor":25},{"not_picked":["Freischutz","BeautyBeast","WhiteNight"],"picked":"Singing Bowl","floor":28},{"not_picked":["hermit:FinalCanter+1","hermit:Reprieve","hermit:Magnum+1"],"picked":"SKIP","floor":28},{"not_picked":["MeatLantern","LittleHelper","Bloodbath"],"picked":"Singing Bowl","floor":29},{"not_picked":["hermit:Magnum+1","hermit:Dissolve"],"picked":"hermit:DeadOrAlive+1","floor":29},{"not_picked":["infinitespire:Starlight","infinitespire:Oblivion"],"picked":"infinitespire:Collect","floor":31},{"not_picked":["CrumblingArmor","WallGazer","Murderer"],"picked":"Singing Bowl","floor":31},{"not_picked":["hermit:FinalCanter+1","hermit:Purgatory+1","hermit:DeadOrAlive+1"],"picked":"SKIP","floor":31},{"not_picked":["DespairKnight","BlackArmy","MeatLantern"],"picked":"Singing Bowl","floor":33},{"not_picked":["Porccubus","BlackSwan","Funeral"],"picked":"Singing Bowl","floor":35},{"not_picked":["hermit:Feint+1","hermit:Glare+1","hermit:Dive+1"],"picked":"SKIP","floor":35},{"not_picked":["BeautyBeast","NakedNest","Alriune"],"picked":"Singing Bowl","floor":36},{"not_picked":["hermit:CalledShot+1","hermit:Enervate+1"],"picked":"hermit:WideOpen+1","floor":36},{"not_picked":["BigBird","PunishingBird","QueenOfHatred"],"picked":"Singing Bowl","floor":38},{"not_picked":["hermit:Feint+1","hermit:Deadeye+1","hermit:TakeAim"],"picked":"SKIP","floor":38},{"not_picked":["StuffTheSpire:Ambrosia","StuffTheSpire:CelestialWarden"],"picked":"StuffTheSpire:BrainWave","floor":39},{"not_picked":["hermit:Purgatory+1","hermit:FatalDesire","hermit:BlackWind+1"],"picked":"SKIP","floor":41},{"not_picked":["Funeral","Freischutz","QueenOfHatred"],"picked":"Singing Bowl","floor":44},{"not_picked":["hermit:EternalForm","hermit:Purgatory+1","hermit:HighNoon"],"picked":"SKIP","floor":44},{"not_picked":["hermit:Reprieve","hermit:FromBeyond","hermit:RoundhouseKick+1"],"picked":"SKIP","floor":48},{"not_picked":["FieryBird","WhiteNight","Yin"],"picked":"Singing Bowl","floor":54},{"not_picked":["hermit:Magnum+1","hermit:FinalCanter+1","hermit:HighNoon"],"picked":"SKIP","floor":54}],"player_experience":1854250,"relics_obtained":[{"floor":6,"key":"StuffTheSpire:Rhapsscallions"},{"floor":8,"key":"StuffTheSpire:SapphireSignet"},{"floor":10,"key":"Bag of Marbles"},{"floor":14,"key":"hermit:Spyglass"},{"floor":18,"key":"halation:EternalFortune"},{"floor":20,"key":"Bag of Preparation"},{"floor":23,"key":"Blue Doll"},{"floor":25,"key":"Replay:Baseball"},{"floor":26,"key":"Nunchaku"},{"floor":28,"key":"Molten Egg 2"},{"floor":31,"key":"hubris:MedicalManual"},{"floor":41,"key":"infinitespire:CursedDice"},{"floor":43,"key":"RollingBoulder"},{"floor":48,"key":"Ornamental Fan"},{"floor":54,"key":"HeavenlyBonsai"}],"event_choices":[{"damage_healed":0,"gold_gain":75,"player_choice":"Touch","damage_taken":10,"max_hp_gain":0,"max_hp_loss":0,"event_name":"FaceTrader","floor":30,"gold_loss":0}],"is_beta":false,"boss_relics":[{"not_picked":["StuffTheSpire:RunicConfusion","energizedSpire:RedRose"],"picked":"StuffTheSpire:Kangaroo"},{"not_picked":["hubris:Spice","halation:PinkAlligatorPlush"],"picked":"hubris:Backtick"}],"items_purged_floors":[22,37,45,46,53],"is_endless":true,"potions_floor_spawned":[3,4,6,12,16,23,28,29,33,41,48,55],"ascension_level":5}}