{"host":"36mulxq349byzoa2","time":1608916622,"event":{"mods":["AchievementEnabler","BaseMod","Better Match","Block Reminder","Colored Map","Colored Powertips","Minty Spire (QoL Compilation)","Rare Cards Sparkle","StSLib","SuperFastMode"],"gold_per_floor":[118,135,135,7,19,53,65,65,65],"floor_reached":8,"playtime":172,"items_purged":["Strike_G"],"score":110,"play_id":"263216b3-25c5-456b-8b5f-ca5520024fef","local_time":"20201225121702","is_ascension_mode":true,"campfire_choices":[],"circlet_count":0,"master_deck":["AscendersBane","Strike_G","Strike_G","Strike_G","Defend_G+1","Defend_G","Defend_G+1","Defend_G","Defend_G","Survivor","Neutralize","Dash","Escape Plan","Dagger Throw","Deadly Poison","Underhanded Strike"],"relics":["Ring of the Snake","NeowsBlessing","War Paint"],"acts_visited":["Exordium"],"potions_floor_usage":[8],"damage_taken":[{"damage":0,"enemies":"Cultist","floor":1,"turns":1},{"damage":0,"enemies":"Jaw Worm","floor":2,"turns":1},{"damage":0,"enemies":"Small Slimes","floor":5,"turns":1},{"damage":45,"enemies":"Lagavulin","floor":6,"turns":10},{"damage":0,"enemies":"Red Slaver","floor":7,"turns":5},{"damage":32,"enemies":"Gremlin Nob","floor":8,"turns":4}],"seed_played":"-3839918972888081596","potions_obtained":[{"floor":1,"key":"SkillPotion"},{"floor":2,"key":"SpeedPotion"}],"is_trial":false,"path_per_floor":["M","M","?","$","M","E","M","E"],"character_chosen":"THE_SILENT","items_purchased":["Dagger Throw"],"campfire_rested":0,"item_purchase_floors":[4],"current_hp_per_floor":[59,59,59,59,59,14,14,0,0],"gold":65,"neow_bonus":"THREE_ENEMY_KILL","is_daily":false,"chose_seed":false,"campfire_upgraded":0,"win_rate":0.0,"timestamp":1608916622,"path_taken":["M","?","?","$","M","E","M","E"],"items_purchased_type":["Card"],"build_version":"2020-12-22","purchased_purges":1,"victory":false,"max_hp_per_floor":[66,66,66,66,66,66,66,66,66],"card_choices":[{"not_picked":["Footwork","Reflex"],"picked":"Dash","floor":1},{"not_picked":["Setup","Sucker Punch"],"picked":"Escape Plan","floor":2},{"not_picked":["Dodge and Roll","Sucker Punch"],"picked":"Deadly Poison","floor":5},{"not_picked":["Heel Hook","Choke","Deflect"],"picked":"SKIP","floor":6},{"not_picked":["Dagger Throw","Night Terror"],"picked":"Underhanded Strike","floor":7}],"player_experience":987369,"relics_obtained":[{"floor":6,"key":"War Paint"}],"event_choices":[{"cards_removed":["Strike_G"],"damage_healed":0,"gold_gain":0,"player_choice":"Purged","damage_taken":0,"max_hp_gain":0,"max_hp_loss":0,"event_name":"Purifier","floor":3,"gold_loss":0}],"is_beta":false,"boss_relics":[],"items_purged_floors":[4],"is_endless":false,"potions_floor_spawned":[1,2,6],"killed_by":"Gremlin Nob","ascension_level":18}}