{"host":"utqe55yv0jihe4d6","time":1608866806,"event":{"mods":["2.2 Compatiblity","AchievementEnabler","BaseMod","Block Reminder","Colored Map","Colored Powertips","Minty Spire (QoL Compilation)","Quick Restart","Rare Cards Sparkle","Relic Stats","SuperFastMode"],"gold_per_floor":[116,116,35,35,59,59,90,90,113,113,148,148,169,149,149,238,238,261,261,286,286,286],"floor_reached":21,"playtime":497,"items_purged":[],"score":420,"play_id":"9695004a-020c-4bb6-b6d3-a798e520bc61","local_time":"20201224222646","is_ascension_mode":true,"campfire_choices":[{"data":"Neutralize","floor":6,"key":"SMITH"},{"data":"Die Die Die","floor":8,"key":"SMITH"},{"data":"Blade Dance","floor":10,"key":"SMITH"},{"data":"Deadly Poison","floor":12,"key":"SMITH"},{"data":"All Out Attack","floor":15,"key":"SMITH"}],"circlet_count":0,"master_deck":["AscendersBane","Strike_G","Strike_G","Strike_G","Strike_G","Strike_G","Defend_G","Defend_G","Defend_G","Defend_G","Defend_G","Survivor","Neutralize+1","All Out Attack+1","Blade Dance+1","Die Die Die+1","Deadly Poison+1","After Image","Acrobatics+1","Decay","Well Laid Plans+1"],"relics":["SlaversCollar","Golden Idol","Oddly Smooth Stone","Boot","Snake Skull","HoveringKite"],"acts_visited":["Exordium","TheCity"],"potions_floor_usage":[7,11,18,21],"damage_taken":[{"damage":3,"enemies":"2 Louse","floor":1,"turns":4},{"damage":7,"enemies":"Small Slimes","floor":5,"turns":5},{"damage":14,"enemies":"Gremlin Nob","floor":7,"turns":4},{"damage":0,"enemies":"3 Sentries","floor":11,"turns":3},{"damage":0,"enemies":"Cultist","floor":13,"turns":3},{"damage":27,"enemies":"Slime Boss","floor":16,"turns":11},{"damage":16,"enemies":"Chosen","floor":18,"turns":4},{"damage":23,"enemies":"Spheric Guardian","floor":20,"turns":7},{"damage":19,"enemies":"Snecko","floor":21,"turns":3}],"seed_played":"-7927942594150640459","potions_obtained":[{"floor":1,"key":"GhostInAJar"},{"floor":7,"key":"LiquidMemories"},{"floor":13,"key":"Swift Potion"},{"floor":16,"key":"FearPotion"},{"floor":20,"key":"FearPotion"}],"is_trial":false,"path_per_floor":["M","?","$","?","M","R","E","R","T","R","E","R","M","?","R","B",null,"M","?","M","M"],"character_chosen":"THE_SILENT","items_purchased":["Blade Dance","SteroidPotion"],"campfire_rested":0,"item_purchase_floors":[3,3],"current_hp_per_floor":[56,56,56,56,49,49,35,35,35,35,35,35,35,35,35,8,47,31,31,8,0,0],"gold":286,"neow_bonus":"BOSS_RELIC","is_daily":false,"chose_seed":false,"campfire_upgraded":5,"win_rate":0.0,"timestamp":1608866806,"path_taken":["M","?","$","?","M","R","E","R","T","R","E","R","M","?","R","BOSS","M","?","M","M"],"items_purchased_type":["Card","Potion"],"build_version":"2020-12-22","purchased_purges":0,"victory":false,"max_hp_per_floor":[66,60,60,60,60,60,60,60,60,60,60,60,60,60,60,60,60,60,60,60,60,60],"relic_stats":{"counters":[9,44],"Golden Idol":50,"HoveringKite":[7],"Snake Skull":[5],"Boot":[28],"obtain_stats":[{"SlaversCollar":0,"Golden Idol":2,"Oddly Smooth Stone":7,"HoveringKite":17,"Snake Skull":11,"Boot":9,"Ring of the Snake":0},{"SlaversCollar":0,"Golden Idol":1,"Oddly Smooth Stone":3,"HoveringKite":6,"Snake Skull":4,"Boot":3,"Ring of the Snake":0},{"SlaversCollar":0,"Golden Idol":4,"Oddly Smooth Stone":13,"HoveringKite":30,"Snake Skull":16,"Boot":13,"Ring of the Snake":0}]},"card_choices":[{"not_picked":["Outmaneuver","Dash"],"picked":"All Out Attack","floor":1},{"not_picked":["Backflip","Acrobatics","Cloak And Dagger"],"picked":"SKIP","floor":5},{"not_picked":["Sucker Punch","Acrobatics"],"picked":"Die Die Die","floor":7},{"not_picked":["Blade Dance","Slice"],"picked":"Deadly Poison","floor":11},{"not_picked":["Quick Slash","Riddle With Holes","Deflect"],"picked":"SKIP","floor":13},{"not_picked":["Storm of Steel","Unload"],"picked":"After Image","floor":16},{"not_picked":["Concentrate","Backflip+1"],"picked":"Acrobatics+1","floor":18},{"not_picked":["Blur","Dagger Throw"],"picked":"Well Laid Plans+1","floor":20}],"player_experience":2851106,"relics_obtained":[{"floor":7,"key":"Oddly Smooth Stone"},{"floor":9,"key":"Boot"},{"floor":11,"key":"Snake Skull"}],"event_choices":[{"damage_healed":0,"gold_gain":0,"player_choice":"Lose Max HP","damage_taken":0,"relics_obtained":["Golden Idol"],"max_hp_gain":0,"max_hp_loss":6,"event_name":"Golden Idol","floor":2,"gold_loss":0},{"damage_healed":0,"gold_gain":0,"player_choice":"Ignored","damage_taken":0,"max_hp_gain":0,"max_hp_loss":0,"event_name":"Liars Game","floor":4,"gold_loss":0},{"damage_healed":0,"gold_gain":0,"player_choice":"Bought 1 Potion","damage_taken":0,"max_hp_gain":0,"max_hp_loss":0,"event_name":"The Woman in Blue","floor":14,"gold_loss":0},{"damage_healed":0,"gold_gain":0,"player_choice":"Cursed","damage_taken":0,"max_hp_gain":0,"max_hp_loss":0,"event_name":"Wheel of Change","floor":19,"gold_loss":0,"cards_obtained":["Decay"]}],"is_beta":false,"boss_relics":[{"not_picked":["Snecko Eye","Velvet Choker"],"picked":"HoveringKite"}],"items_purged_floors":[],"is_endless":false,"potions_floor_spawned":[1,7,13,16,20],"killed_by":"Snecko","ascension_level":20}}