{"host":"nk1hwk2qadwaubm5","time":1608900258,"event":{"mods":["BaseMod","Hermit","Infinite Spire","Marisa????????","Minty Spire (QoL Compilation)","Replay The Spire","StSLib","The Animator","The Cursed","The Jungle","The Servant 0.9.4"],"gold_per_floor":[219,219,219,219,233,270,270,297,297,1,76,86,86,104,104,205,205,205,205,205,205,205,205,205,205,205,205,205,205,205,205,205,205,205,205,205,205,205,205,205,205,205,205,205,205,205,205,205,205,205],"floor_reached":51,"playtime":6378,"items_purged":["animator:Strike"],"score":831,"play_id":"f5544fad-1dde-4685-abea-712e1473eb3e","local_time":"20201225134418","is_ascension_mode":true,"campfire_choices":[{"data":"animator:Chung","floor":7,"key":"SMITH"},{"data":"animator:MetalKnight","floor":13,"key":"SMITH"},{"data":"animator:Entoma","floor":15,"key":"SMITH"},{"data":"animator:Shiro","floor":24,"key":"SMITH"},{"data":"animator:Shuna","floor":27,"key":"SMITH"},{"data":"animator:Sora","floor":32,"key":"SMITH"},{"data":"animator:ChlammyZell","floor":40,"key":"SMITH"},{"data":"animator:Evileye","floor":45,"key":"SMITH"},{"floor":49,"key":"REST"}],"circlet_count":0,"master_deck":["animator:Strike_TenSura","animator:Defend_TenSura","animator:Defend","animator:Defend","animator:Defend","animator:Benimaru","animator:Shuna+1","animator:MetalKnight+1","animator:Chung+1","animator:Shuna+1","animator:Entoma+15","animator:Shiro+1","animator:Mitsuba","animator:Elsword+1","animator:Sonic","animator:Sora+1","animator:Ain+1","animator:ChlammyZell+1","infinitespire:Execution","animator:MetalKnight+1","animator:Evileye+1","animator:Vesta+1","animator:ChlammyZell"],"relics":["animator:LivingPicture","animator:TheMissingPiece","Pocketwatch","infinitespire:Golems Mask","animator:Hoodie","ClockworkSouvenir","animator:ShionDessert","Ectoplasm","TwistedFunnel","Bottled Lightning","Replay:Wax Seal","Snack Pack","Ancient Tea Set","MawBank","Philosopher\u0027s Stone","Sozu","animator:HeavyHalberd","Replay:Bottled Snecko","infinitespire:PuzzleCube","ReplayTheSpireMod:Lightbulb","infinitespire:Satchel"],"acts_visited":["Exordium","TheCity","TheBeyond"],"potions_floor_usage":[6,14,25,41,50],"damage_taken":[{"damage":1,"enemies":"Jaw Worm","floor":1,"turns":4},{"damage":3,"enemies":"Small Slimes","floor":5,"turns":3},{"damage":5,"enemies":"Lagavulin","floor":6,"turns":7},{"damage":12,"enemies":"Gremlin Nob","floor":8,"turns":5},{"damage":0,"enemies":"Cultist","floor":12,"turns":3},{"damage":0,"enemies":"Exordium Thugs","floor":14,"turns":4},{"damage":6,"enemies":"Fading Forest","floor":16,"turns":11},{"damage":0,"enemies":"Shell Parasite","floor":18,"turns":5},{"damage":3,"enemies":"3 Byrds","floor":21,"turns":5},{"damage":0,"enemies":"Sentry and Sphere","floor":22,"turns":6},{"damage":0,"enemies":"Nightmare","floor":23,"turns":7},{"damage":12,"enemies":"Slavers","floor":25,"turns":6},{"damage":0,"enemies":"Replay:Snechameleon","floor":28,"turns":5},{"damage":0,"enemies":"Snake Plant","floor":29,"turns":4},{"damage":32,"enemies":"Gremlin Leader","floor":30,"turns":8},{"damage":7,"enemies":"Automaton","floor":33,"turns":9},{"damage":0,"enemies":"3 Darklings","floor":35,"turns":5},{"damage":0,"enemies":"3 Shapes","floor":36,"turns":5},{"damage":0,"enemies":"Writhing Mass","floor":39,"turns":4},{"damage":6,"enemies":"2 Orb Walkers","floor":41,"turns":5},{"damage":0,"enemies":"R_Hoarder","floor":42,"turns":5},{"damage":0,"enemies":"Giant Head","floor":44,"turns":5},{"damage":0,"enemies":"Sphere and 2 Shapes","floor":47,"turns":4},{"damage":0,"enemies":"Reptomancer","floor":48,"turns":4},{"damage":5,"enemies":"Replay:Hell Engine","floor":50,"turns":6}],"seed_played":"69950238457578642","potions_obtained":[{"floor":1,"key":"Swift Potion"},{"floor":8,"key":"Energy Potion"},{"floor":16,"key":"Elixir"},{"floor":21,"key":"DuplicationPotion"},{"floor":22,"key":"SmokeBomb"},{"floor":28,"key":"Dexterity Potion"},{"floor":30,"key":"GamblersBrew"},{"floor":36,"key":"animator:GrowthPotion"}],"is_trial":false,"path_per_floor":["M","?","?","?","M","E","R","E","T","$","?","M","R","M","R","B",null,"M","AVR","?","M","M","NM","R","E","T","R","E","M","E","?","R","B",null,"M","M","?","AVR","M","R","?","E","T","E","R","?","M","E","R","B",null],"character_chosen":"THE_ANIMATOR","items_purchased":["ClockworkSouvenir","animator:ShionDessert"],"campfire_rested":1,"item_purchase_floors":[10,10],"current_hp_per_floor":[65,65,58,58,55,50,50,38,38,38,27,30,30,33,33,29,74,77,77,77,74,79,82,82,73,73,73,82,87,61,61,61,62,100,103,108,80,80,83,83,81,88,88,99,99,69,76,83,122,123],"gold":205,"neow_bonus":"HUNDRED_GOLD","is_daily":false,"chose_seed":false,"campfire_upgraded":8,"win_rate":0.0,"timestamp":1608900258,"path_taken":["M","?","?","?","?","E","R","E","T","$","?","M","R","M","R","BOSS","M","AVR","?","M","M","NM","R","E","T","R","E","?","E","?","R","BOSS","M","?","?","AVR","M","R","?","E","T","E","R","?","?","E","R","BOSS"],"items_purchased_type":["Relic","Relic"],"build_version":"2020-12-22","purchased_purges":1,"victory":true,"max_hp_per_floor":[66,66,66,66,66,66,66,66,66,66,66,69,69,72,72,74,74,77,77,77,77,82,85,85,88,88,88,93,96,98,98,98,100,100,103,108,108,108,111,111,113,116,116,121,121,121,126,131,131,133],"card_choices":[{"not_picked":["animator:Vesta","animator:Shigure"],"picked":"animator:MetalKnight","floor":1},{"not_picked":["animator:DolaRiku","animator:Laby","animator:Souei"],"picked":"SKIP","floor":5},{"not_picked":["animator:Shigure","animator:PandorasActor"],"picked":"animator:Chung","floor":6},{"not_picked":["animator:Benimaru","animator:Hakurou"],"picked":"animator:Shuna","floor":8},{"not_picked":["animator:Elesis","animator:KrulTepes","animator:Mitsuba"],"picked":"SKIP","floor":12},{"not_picked":["animator:Mitsuba","animator:Elsword"],"picked":"animator:Entoma","floor":14},{"not_picked":["animator:Envy","animator:Shizu"],"picked":"animator:Shiro","floor":16},{"not_picked":["animator:Shion+1","animator:Vesta","animator:Demiurge"],"picked":"SKIP","floor":18},{"not_picked":["animator:DolaStephanie","animator:PandorasActor","animator:Raven"],"picked":"SKIP","floor":22},{"not_picked":["animator:Gluttony","animator:ChlammyZell"],"picked":"animator:Mitsuba","floor":23},{"not_picked":["animator:Demiurge","animator:Lu+1"],"picked":"animator:Elsword+1","floor":25},{"not_picked":["animator:Millim","animator:MumenRider","animator:DolaCouronne+1"],"picked":"SKIP","floor":29},{"not_picked":["animator:Greed","animator:Tatsumaki"],"picked":"animator:Sonic","floor":30},{"not_picked":["animator:Hakurou+1","animator:Chung+1","animator:Ain+1"],"picked":"SKIP","floor":35},{"not_picked":["animator:Hakurou+1","animator:Chung+1"],"picked":"animator:Ain+1","floor":35},{"not_picked":["animator:DolaStephanie","animator:Jibril"],"picked":"animator:ChlammyZell","floor":36},{"not_picked":["ReplayTheSpireMod:??????????????????????","infinitespire:Fortify"],"picked":"infinitespire:Execution","floor":37},{"not_picked":["animator:Entoma+1","animator:Benimaru+1"],"picked":"animator:MetalKnight+1","floor":39},{"not_picked":["animator:Gluttony+1","animator:Shion+1","animator:Shigure"],"picked":"SKIP","floor":42},{"not_picked":["animator:KrulTepes+1","animator:Yoichi"],"picked":"animator:Evileye","floor":44},{"not_picked":["animator:Benimaru","animator:Demiurge+1"],"picked":"animator:Vesta+1","floor":46},{"not_picked":["animator:DolaRiku","animator:DolaCouronne"],"picked":"animator:ChlammyZell","floor":47},{"not_picked":["animator:Lu","animator:MetalKnight"],"picked":"animator:Entoma+1","floor":48}],"player_experience":290510,"relics_obtained":[{"floor":6,"key":"Pocketwatch"},{"floor":8,"key":"infinitespire:Golems Mask"},{"floor":9,"key":"animator:Hoodie"},{"floor":23,"key":"Bottled Lightning"},{"floor":25,"key":"Replay:Wax Seal"},{"floor":26,"key":"Snack Pack"},{"floor":28,"key":"Ancient Tea Set"},{"floor":30,"key":"MawBank"},{"floor":41,"key":"animator:HeavyHalberd"},{"floor":42,"key":"Replay:Bottled Snecko"},{"floor":43,"key":"infinitespire:PuzzleCube"},{"floor":44,"key":"ReplayTheSpireMod:Lightbulb"},{"floor":48,"key":"infinitespire:Satchel"}],"event_choices":[{"damage_healed":0,"gold_gain":0,"player_choice":"Grow","damage_taken":0,"max_hp_gain":0,"max_hp_loss":0,"event_name":"Living Wall","floor":2,"gold_loss":0,"cards_upgraded":["animator:Shuna"]},{"cards_removed":["animator:Strike"],"damage_healed":0,"gold_gain":0,"player_choice":"Card Removal","damage_taken":7,"max_hp_gain":0,"max_hp_loss":0,"event_name":"Golden Wing","floor":3,"gold_loss":0},{"cards_removed":["animator:Strike"],"damage_healed":0,"gold_gain":0,"player_choice":"Purged","damage_taken":0,"max_hp_gain":0,"max_hp_loss":0,"event_name":"Purifier","floor":4,"gold_loss":0},{"damage_healed":0,"gold_gain":75,"player_choice":"Gather Gold","damage_taken":11,"max_hp_gain":0,"max_hp_loss":0,"event_name":"World of Goop","floor":11,"gold_loss":0},{"damage_healed":0,"gold_gain":0,"player_choice":"Ignored","damage_taken":0,"max_hp_gain":0,"max_hp_loss":0,"event_name":"N\u0027loth","floor":20,"gold_loss":0},{"damage_healed":0,"gold_gain":0,"player_choice":"1 cards matched","damage_taken":0,"max_hp_gain":0,"max_hp_loss":0,"event_name":"Match and Keep!","floor":31,"gold_loss":0,"cards_obtained":["animator:Sora"]},{"damage_healed":0,"gold_gain":0,"player_choice":"Fight","damage_taken":0,"max_hp_gain":0,"max_hp_loss":0,"event_name":"Mysterious Sphere","floor":41,"gold_loss":0}],"is_beta":false,"boss_relics":[{"not_picked":["animator:HolyGrailRelic","Fusion Hammer"],"picked":"Ectoplasm"},{"not_picked":["Coffee Dripper","ReplayTheSpireMod:DimensionalGlitch"],"picked":"Philosopher\u0027s Stone"}],"items_purged_floors":[19],"is_endless":false,"potions_floor_spawned":[1,8,16,21,22,28,30,33,36,41,42,47,48],"ascension_level":1}}