{"host":"6to8m083wj0ro91z","time":1608939103,"event":{"mods":["BaseMod","Better Third Choice","BetterRewards","CatGirl Mod","Friendly Minions","Hubris","Mad Scientist","Marisa????????","Minty Spire (QoL Compilation)","Robot Space Explorer","Shade Mod","Spicy Shops","StSLib","The Blackbeard","The Death Knight","The Gatherer","The Marked","The Mystic","The Necromancer","The Servant 0.9.4","TheVacant"],"gold_per_floor":[113,113,123,123,123,153,153,166,191,224,242,242,242,255,255,358,358,371,42,58,77,77,77,112,124,149,168,267,298,317,335,335,433,433,444,194,246,246,34,59,59,74,74,88,88,123,123,134,134,134,134,134,12,44,44],"floor_reached":56,"playtime":2794,"items_purged":["RobotSpaceExplorer:Strike","RobotSpaceExplorer:Strike","RobotSpaceExplorer:Defend","RobotSpaceExplorer:Defend"],"score":1407,"play_id":"f7056dfe-7237-4c79-b45f-075b31eaa0a1","local_time":"20201226003143","is_ascension_mode":false,"campfire_choices":[{"data":"RobotSpaceExplorer:PlasmaMissile","floor":7.0,"key":"SMITH"},{"floor":12,"key":"REST"},{"data":"RobotSpaceExplorer:MiniDrones","floor":15,"key":"SMITH"},{"data":"RobotSpaceExplorer:ChargingLaser","floor":23,"key":"SMITH"},{"data":"RobotSpaceExplorer:StarLightning","floor":32,"key":"SMITH"},{"data":"hubris:DuctTapeCard","floor":41,"key":"SMITH"},{"floor":45,"key":"RECALL"},{"data":"RobotSpaceExplorer:ChargingLaser","floor":47,"key":"SMITH"},{"data":"RobotSpaceExplorer:ScrapMissile","floor":49,"key":"SMITH"},{"data":"RobotSpaceExplorer:Defend","floor":52,"key":"SMITH"}],"circlet_count":0,"master_deck":["RobotSpaceExplorer:Defend+1","RobotSpaceExplorer:Defend+1","RobotSpaceExplorer:Scan+1","RobotSpaceExplorer:StarLightning+1","RobotSpaceExplorer:PlasmaMissile+1","RobotSpaceExplorer:Blaster+1","RobotSpaceExplorer:MiniDrones+1","RobotSpaceExplorer:ChargingLaser+1","RobotSpaceExplorer:Counterblock+1","RobotSpaceExplorer:MiniDrones+1","RobotSpaceExplorer:ScrapMissile+1","RobotSpaceExplorer:ChargingLaser+1","RobotSpaceExplorer:StarLightning+1","RobotSpaceExplorer:Accelerator+1","hubris:DuctTapeCard+2","RobotSpaceExplorer:Ammunition+1","RobotSpaceExplorer:Arsenal+1","RobotSpaceExplorer:DroneSwarm+1"],"relics":["RobotSpaceExplorer:RoboCore","RobotSpaceExplorer:ClockworkSextant","Membership Card","hubris:64BitClover","Omamori","Medical Kit","Blood Vial","DeathKnight:PutricidesVial","Question Card","Pantograph","Frozen Egg 2","Empty Cage","hubris:Reverence","ClockworkSouvenir","Gremlin Horn","Strawberry","Vajra","Shuriken","Torii","hubris:MedicalManual","Smiling Mask","Tiny Chest","hubris:TenFootPole","Sozu","War Paint","hubris:DuctTape","Unceasing Top","Toxic Egg 2","RobotSpaceExplorer:ToughPlating","RobotSpaceExplorer:PlasmaHourglass","Bag of Preparation","RobotSpaceExplorer:FoglandsKnife","Bronze Scales","Pen Nib"],"acts_visited":["Exordium","TheCity","TheBeyond","TheEnding"],"potions_floor_usage":[48,55,55],"damage_taken":[{"damage":0.0,"enemies":"2 Louse","floor":1.0,"turns":2.0},{"damage":4.0,"enemies":"Jaw Worm","floor":3.0,"turns":3.0},{"damage":20.0,"enemies":"Lagavulin","floor":6.0,"turns":5.0},{"damage":3.0,"enemies":"Small Slimes","floor":8.0,"turns":2.0},{"damage":11.0,"enemies":"3 Sentries","floor":10.0,"turns":4.0},{"damage":1,"enemies":"Red Slaver","floor":11,"turns":2},{"damage":2,"enemies":"Gremlin Gang","floor":14,"turns":3},{"damage":12,"enemies":"Slime Boss","floor":16,"turns":8},{"damage":0,"enemies":"Chosen","floor":18,"turns":3},{"damage":6,"enemies":"2 Thieves","floor":20,"turns":3},{"damage":0,"enemies":"Centurion and Healer","floor":21,"turns":6},{"damage":1,"enemies":"Slavers","floor":24,"turns":3},{"damage":0,"enemies":"3 Cultists","floor":25,"turns":3},{"damage":1,"enemies":"Snake Plant","floor":27,"turns":3},{"damage":1,"enemies":"Gremlin Leader","floor":29,"turns":3},{"damage":0,"enemies":"Sentry and Sphere","floor":30,"turns":3},{"damage":1,"enemies":"Centurion and Healer","floor":31,"turns":3},{"damage":0,"enemies":"Collector","floor":33,"turns":5},{"damage":0,"enemies":"Orb Walker","floor":35,"turns":2},{"damage":11,"enemies":"2 Orb Walkers","floor":37,"turns":3},{"damage":0,"enemies":"Reptomancer","floor":40,"turns":3},{"damage":0,"enemies":"3 Darklings","floor":42,"turns":2},{"damage":0,"enemies":"Transient","floor":44,"turns":5},{"damage":0,"enemies":"Giant Head","floor":46,"turns":3},{"damage":0,"enemies":"Writhing Mass","floor":48,"turns":3},{"damage":0,"enemies":"Donu and Deca","floor":50,"turns":4},{"damage":1,"enemies":"Shield and Spear","floor":54,"turns":2},{"damage":25,"enemies":"The Heart","floor":55,"turns":5}],"seed_played":"8212906797035320056","potions_obtained":[{"floor":1.0,"key":"Energy Potion"},{"floor":6.0,"key":"Explosive Potion"},{"floor":10,"key":"BlessingOfTheForge"},{"floor":14,"key":"Dexterity Potion"},{"floor":30,"key":"CultistPotion"},{"floor":31,"key":"RobotSpaceExplorer:RecyclePotion"}],"is_trial":false,"path_per_floor":["M","?","M","?","T","E","R","M","T","E","M","R","?","M","R","B",null,"M","$","M","M","$","R","E","M","T","M","?","E","M","M","R","B",null,"M","$","?","?","$","E","R","M","T","M","R","E","R","M","R","B",null,"R","$","E","B",null],"character_chosen":"RobotSpaceExplorer","items_purchased":["RobotSpaceExplorer:ClockworkSextant","Flash of Steel","Membership Card","hubris:64BitClover","Omamori","Medical Kit","RobotSpaceExplorer:StarLightning","Blood Vial","ClockworkSouvenir","Gremlin Horn","Strawberry","Vajra","Shuriken","Torii","RobotSpaceExplorer:MiniBoosters+1","War Paint","hubris:DuctTape","Toxic Egg 2","RobotSpaceExplorer:ToughPlating","Bronze Scales"],"campfire_rested":1,"item_purchase_floors":[0,0,0,0,0,0,0,0,19,19,19,22,22,22,36,36,36,39,39,53],"current_hp_per_floor":[42,42,40,37,37,19,19,18,18,9,10,32,32,32,32,47,75,75,82,76,78,32,32,33,35,35,36,36,37,39,40,40,67,82,82,82,71,82,82,82,82,82,82,82,82,82,82,82,82,82,82,82,82,81,57],"gold":44,"neow_bonus":"","is_daily":false,"chose_seed":false,"campfire_upgraded":8,"win_rate":0.0,"timestamp":1608939103,"path_taken":["M","?","M","?","?","E","R","?","T","E","M","R","?","M","R","BOSS","M","$","M","M","?","R","E","M","T","M","?","E","M","M","R","BOSS","M","$","?","?","$","E","R","M","T","M","R","E","R","?","R","BOSS","R","$","E","BOSS"],"items_purchased_type":["Relic","Card","Relic","Relic","Relic","Relic","Card","Relic","Relic","Relic","Relic","Relic","Relic","Relic","Card","Relic","Relic","Relic","Relic","Relic"],"build_version":"2020-12-22","purchased_purges":4,"victory":true,"max_hp_per_floor":[75,75,75,75,75,75,75,75,75,75,75,75,75,75,75,75,75,75,82,82,82,82,82,82,82,82,82,82,82,82,82,82,82,82,82,82,82,82,82,82,82,82,82,82,82,82,82,82,82,82,82,82,82,82,82],"card_choices":[{"not_picked":["RobotSpaceExplorer:Ammunition","RobotSpaceExplorer:MiniDrones","RobotSpaceExplorer:GlueShot"],"picked":"SKIP","floor":1.0},{"not_picked":["RobotSpaceExplorer:Counterblock","RobotSpaceExplorer:ImprovisedAttack"],"picked":"RobotSpaceExplorer:PlasmaMissile","floor":3.0},{"not_picked":["RobotSpaceExplorer:Pulsar","RobotSpaceExplorer:Reload","RobotSpaceExplorer:LuckyStrike","RobotSpaceExplorer:MiniBoosters"],"picked":"SKIP","floor":6.0},{"not_picked":["RobotSpaceExplorer:Reload","RobotSpaceExplorer:RigExplosive","RobotSpaceExplorer:LaserBurst"],"picked":"RobotSpaceExplorer:Blaster","floor":8.0},{"not_picked":["RobotSpaceExplorer:SwiftStep","RobotSpaceExplorer:Smokescreen","RobotSpaceExplorer:PowerCollector+1","RobotSpaceExplorer:Ammunition"],"picked":"SKIP","floor":10},{"not_picked":["RobotSpaceExplorer:SurgingStrike","RobotSpaceExplorer:FranticSearch","RobotSpaceExplorer:Ammunition"],"picked":"RobotSpaceExplorer:MiniDrones","floor":11},{"not_picked":["RobotSpaceExplorer:SwiftStep","RobotSpaceExplorer:FreezingShield","RobotSpaceExplorer:Electroshield","RobotSpaceExplorer:GlueShot"],"picked":"SKIP","floor":14},{"not_picked":["RobotSpaceExplorer:Multitool+1","RobotSpaceExplorer:Scanner+1","RobotSpaceExplorer:Explosion"],"picked":"RobotSpaceExplorer:ChargingLaser","floor":16},{"not_picked":["RobotSpaceExplorer:LaserBurst","RobotSpaceExplorer:SurgingShield","RobotSpaceExplorer:ShovelStrike"],"picked":"RobotSpaceExplorer:Counterblock+1","floor":18},{"not_picked":["RobotSpaceExplorer:StunGrenade","RobotSpaceExplorer:Jetpack+1","RobotSpaceExplorer:TurboDodge"],"picked":"RobotSpaceExplorer:MiniDrones+1","floor":20},{"not_picked":["RobotSpaceExplorer:StunGrenade","RobotSpaceExplorer:Calculate","RobotSpaceExplorer:JunkDive"],"picked":"RobotSpaceExplorer:ScrapMissile","floor":21},{"not_picked":["RobotSpaceExplorer:RigExplosive","RobotSpaceExplorer:SlimeMissile","RobotSpaceExplorer:ScrapShield"],"picked":"RobotSpaceExplorer:ChargingLaser","floor":24},{"not_picked":["RobotSpaceExplorer:StunGrenade+1","RobotSpaceExplorer:FranticSearch","RobotSpaceExplorer:PowerGlove+1"],"picked":"RobotSpaceExplorer:StarLightning","floor":25},{"not_picked":["RobotSpaceExplorer:FrostMissile","RobotSpaceExplorer:FreezingShield","RobotSpaceExplorer:MiniDrones","RobotSpaceExplorer:Comet"],"picked":"SKIP","floor":27},{"not_picked":["RobotSpaceExplorer:Ammunition","RobotSpaceExplorer:Counterblock","RobotSpaceExplorer:Probe","RobotSpaceExplorer:LuckyStrike+1"],"picked":"SKIP","floor":29},{"not_picked":["RobotSpaceExplorer:Ammunition","RobotSpaceExplorer:Counterblock","RobotSpaceExplorer:Probe","RobotSpaceExplorer:LuckyStrike+1"],"picked":"SKIP","floor":29},{"not_picked":["RobotSpaceExplorer:ShockKick","RobotSpaceExplorer:MetalStrike+1","RobotSpaceExplorer:ImprovisedAttack","RobotSpaceExplorer:ScrapMissile"],"picked":"SKIP","floor":30},{"not_picked":["RobotSpaceExplorer:ShovelStrike+1","RobotSpaceExplorer:Probe","RobotSpaceExplorer:SwiftStep","RobotSpaceExplorer:PlasmaMissile+1"],"picked":"SKIP","floor":31},{"not_picked":["RobotSpaceExplorer:Asteroid","RobotSpaceExplorer:BlastShield","RobotSpaceExplorer:ChargingLaser"],"picked":"RobotSpaceExplorer:Accelerator+1","floor":33},{"not_picked":["RobotSpaceExplorer:SwiftStep","RobotSpaceExplorer:SlimeMissile","RobotSpaceExplorer:LuckyStrike","RobotSpaceExplorer:ShovelStrike"],"picked":"SKIP","floor":35},{"not_picked":["RobotSpaceExplorer:Pulsar+1","RobotSpaceExplorer:IronShell+1","RobotSpaceExplorer:ShovelStrike+1","RobotSpaceExplorer:StunGrenade"],"picked":"SKIP","floor":40},{"not_picked":["RobotSpaceExplorer:Counterblock+1","RobotSpaceExplorer:Fix+1","RobotSpaceExplorer:SlimeMissile+1","RobotSpaceExplorer:ImprovisedAttack+1"],"picked":"SKIP","floor":42},{"not_picked":["RobotSpaceExplorer:Counterblock+1","RobotSpaceExplorer:Fix+1","RobotSpaceExplorer:SlimeMissile+1","RobotSpaceExplorer:ImprovisedAttack+1"],"picked":"SKIP","floor":42},{"not_picked":["RobotSpaceExplorer:FrostMissile","RobotSpaceExplorer:Electropulse","RobotSpaceExplorer:MakeshiftVolley+1","RobotSpaceExplorer:SurgingShield+1"],"picked":"SKIP","floor":44},{"not_picked":["RobotSpaceExplorer:SurgingStrike","RobotSpaceExplorer:ScrapToss+1","RobotSpaceExplorer:PlasmaMissile"],"picked":"RobotSpaceExplorer:Ammunition+1","floor":46},{"not_picked":["RobotSpaceExplorer:ShockKick+1","RobotSpaceExplorer:ShovelStrike","RobotSpaceExplorer:SlimeMissile"],"picked":"RobotSpaceExplorer:Arsenal+1","floor":48},{"not_picked":["RobotSpaceExplorer:HighVoltage","RobotSpaceExplorer:ImprovisedAttack+1","RobotSpaceExplorer:Discharger+1"],"picked":"RobotSpaceExplorer:DroneSwarm+1","floor":54}],"player_experience":1037579,"relics_obtained":[{"floor":5.0,"key":"Question Card"},{"floor":6.0,"key":"Pantograph"},{"floor":10,"key":"Frozen Egg 2"},{"floor":18,"key":"hubris:Reverence"},{"floor":24,"key":"hubris:MedicalManual"},{"floor":26,"key":"Smiling Mask"},{"floor":29,"key":"Tiny Chest"},{"floor":33,"key":"hubris:TenFootPole"},{"floor":37,"key":"Unceasing Top"},{"floor":40,"key":"RobotSpaceExplorer:PlasmaHourglass"},{"floor":43,"key":"Bag of Preparation"},{"floor":46,"key":"RobotSpaceExplorer:FoglandsKnife"},{"floor":54,"key":"Pen Nib"}],"event_choices":[{"damage_healed":0.0,"max_hp_gain":0.0,"max_hp_loss":0.0,"gold_gain":0.0,"event_name":"betterThird:BetterScrap","player_choice":"Relic ","floor":4.0,"gold_loss":0.0,"damage_taken":3.0,"cards_obtained":["Exhume"]},{"damage_healed":0,"gold_gain":0,"player_choice":"Upgraded","damage_taken":0,"max_hp_gain":0,"max_hp_loss":0,"event_name":"Upgrade Shrine","floor":13,"gold_loss":0,"cards_upgraded":["RobotSpaceExplorer:Blaster"]},{"damage_healed":0,"gold_gain":99,"player_choice":"Steal","damage_taken":0,"max_hp_gain":0,"max_hp_loss":0,"event_name":"betterThird:BetterNest","floor":28,"gold_loss":0},{"damage_healed":0,"gold_gain":0,"player_choice":"Fight","damage_taken":0,"max_hp_gain":0,"max_hp_loss":0,"event_name":"Mysterious Sphere","floor":37,"gold_loss":0},{"cards_removed":["RobotSpaceExplorer:MiniBoosters"],"damage_healed":11,"gold_gain":0,"player_choice":"Offered Uncommon","damage_taken":0,"max_hp_gain":0,"max_hp_loss":0,"event_name":"Bonfire Elementals","floor":38,"gold_loss":0}],"is_beta":false,"boss_relics":[{"not_picked":["SacredBark","Calling Bell"],"picked":"Empty Cage"},{"not_picked":["hubris:CrackedHourglass","hubris:Stopwatch"],"picked":"Sozu"}],"items_purged_floors":[0,19,36,53],"is_endless":false,"potions_floor_spawned":[1,6,10,14,20,30,31,33,35,37,44],"ascension_level":0}}