{"host":"ldbx2jhnvtia1ouf","time":1608891813,"event":{"mods":["BaseMod","Better Note","Better Sensory Stone","Better Skull","Better Third Choice","Block Reminder","Colored Map","Colored Powertips","Curses Come First","Highlight Path","Minty Spire (QoL Compilation)","Permanent Neow","Spicy Shops","StSLib","Transform Curses","Unceasing Turn Reminder"],"gold_per_floor":[110,129,129,139,158,190,19,19,19,30,50,50,50],"floor_reached":12,"playtime":783,"items_purged":["Strike_B"],"score":82,"play_id":"dac6d862-bbb0-4dc8-978e-cdfd9959f350","local_time":"20201225202333","is_ascension_mode":false,"campfire_choices":[{"data":"Machine Learning","floor":8,"key":"SMITH"}],"circlet_count":0,"master_deck":["Strike_B","Strike_B","Strike_B","Defend_B","Defend_B","Defend_B","Defend_B","Zap","Dualcast","Glacier","Cold Snap","Go for the Eyes","Zap","Rip and Tear","Loop","Machine Learning+1","Capacitor","Rebound+1","Defragment","Conserve Battery"],"relics":["SacredBark","Molten Egg 2"],"acts_visited":["Exordium"],"potions_floor_usage":[6],"damage_taken":[{"damage":12,"enemies":"Small Slimes","floor":1,"turns":4},{"damage":1,"enemies":"Cultist","floor":2,"turns":6},{"damage":0,"enemies":"Jaw Worm","floor":4,"turns":5},{"damage":5,"enemies":"Looter","floor":5,"turns":3},{"damage":15,"enemies":"3 Sentries","floor":6,"turns":8},{"damage":16,"enemies":"Lots of Slimes","floor":10,"turns":5},{"damage":13,"enemies":"Blue Slaver","floor":11,"turns":4},{"damage":16,"enemies":"Gremlin Nob","floor":12,"turns":3}],"seed_played":"-195200239206032061","potions_obtained":[{"floor":4,"key":"EssenceOfSteel"},{"floor":5,"key":"Dexterity Potion"},{"floor":10,"key":"Dexterity Potion"}],"is_trial":false,"path_per_floor":["M","M","?","M","M","E","$","R","T","M","M","E"],"character_chosen":"DEFECT","items_purchased":["Capacitor","Rebound+1"],"campfire_rested":0,"item_purchase_floors":[7,7],"current_hp_per_floor":[63,62,62,62,57,42,42,42,42,26,13,0,0],"gold":50,"neow_bonus":"BOSS_RELIC","is_daily":false,"chose_seed":false,"campfire_upgraded":1,"win_rate":0.0,"timestamp":1608891813,"path_taken":["M","M","?","?","?","E","?","R","T","?","M","E"],"items_purchased_type":["Card","Card"],"build_version":"2020-12-22","purchased_purges":1,"victory":false,"max_hp_per_floor":[75,75,75,75,75,75,75,75,75,75,75,75,75],"card_choices":[{"not_picked":["Redo","Hello World"],"picked":"Glacier","floor":1},{"not_picked":["Coolheaded","Barrage"],"picked":"Cold Snap","floor":2},{"not_picked":["Coolheaded","Stack"],"picked":"Rip and Tear","floor":4},{"not_picked":["Stack","Redo"],"picked":"Loop","floor":5},{"not_picked":["Ball Lightning+1","Cold Snap+1"],"picked":"Machine Learning","floor":6},{"not_picked":["Steam Power","Storm"],"picked":"Defragment","floor":10},{"not_picked":["Loop","Gash+1"],"picked":"Conserve Battery","floor":11}],"player_experience":70491,"relics_obtained":[{"floor":6,"key":"Molten Egg 2"}],"event_choices":[{"damage_healed":0,"gold_gain":0,"player_choice":"2 cards matched","damage_taken":0,"max_hp_gain":0,"max_hp_loss":0,"event_name":"Match and Keep!","floor":3,"gold_loss":0,"cards_obtained":["Go for the Eyes","Zap"]}],"is_beta":false,"boss_relics":[],"items_purged_floors":[7],"is_endless":false,"potions_floor_spawned":[4,5,10],"killed_by":"Gremlin Nob","ascension_level":0}}