{"host":"KYO","time":1608865307,"event":{"mods":["BaseMod","BetterRewards","Luminous","Minty Spire (QoL Compilation)","Remove Card Discount Mod","StSLib","SuperFastMode","[IsaacMod]ÒÔÈö¼âËþ"],"gold_per_floor":[116,116,116,141,161,206,206,237,318,318,350,375,404,429,429,568,577,597,129,129,153,172,221,221,246,546,560,560,595,608,628,628,723,723,737,751,751,761,781,808,808,828,828,839,856,885,896,927,927,927,927,927,683,713,713],"floor_reached":56,"playtime":2669,"items_purged":["Luminous:Light_Flash_Shower","Luminous:Dark_Abyssal_Drop","Luminous:Light_Flash_Shower","Luminous:Dark_Abyssal_Drop","Luminous:Defend_Luminous","Luminous:Defend_Luminous","Luminous:Defend_Luminous","Luminous:Defend_Luminous","Luminous:Dark_Abyssal_Drop","Luminous:Light_Flash_Shower","Luminous:Light_Wash_Luminous","EpicFetus","Luminous:Light_Gather","Luminous:Phantom_Treasure_Luminous+1","Luminous:Mana_Well_Luminous","Luminous:Switch_Luminous","Luminous:Erosion_Luminous+1"],"score":1824,"play_id":"9dade017-cbfa-4218-ac0e-ee873e77e33f","local_time":"20201225110147","is_ascension_mode":false,"campfire_choices":[{"data":"Luminous:Phantom_Treasure_Luminous","floor":7.0,"key":"SMITH"},{"data":"Flash of Steel","floor":10.0,"key":"SMITH"},{"data":"Luminous:Lunar_Tide_Luminous","floor":15.0,"key":"SMITH"},{"data":"Luminous:Darks_Surge_Luminous","floor":24.0,"key":"SMITH"},{"data":"Luminous:Concentrate_Luminous","floor":32,"key":"SMITH"},{"floor":41,"key":"RECALL"},{"data":"Luminous:Erosion_Luminous","floor":49,"key":"SMITH"},{"floor":52,"key":"REST"}],"circlet_count":0,"master_deck":["Luminous:Lunar_Tide_Luminous+1","Luminous:Concentrate_Luminous+1","Flash of Steel+1","CurseOfTheBell","Flash of Steel+1","Luminous:Darks_Surge_Luminous+1"],"relics":["Luminous:MirrorRelic","HushsDoor","TheBible","GuppysHead","BFFS","GuppysPaw","Bloody Idol","StoneCalendar","CeramicFish","SalivaCoin","GnawedLeaf","Calling Bell","Toy Ornithopter","Darkstone Periapt","D6","DollysMirror","Ginger","Ring of the Snake","Nunchaku","Old Coin","Diplopia","Black Star","GuppysHairball","Bronze Scales","Strawberry","Orichalcum","PillsDrop","TuHaoJin","Prayer Wheel","Blue Candle","YumHeart","BookOfRevelations"],"acts_visited":["Exordium","TheCity","TheBeyond","TheEnding"],"potions_floor_usage":[55,55,55],"damage_taken":[{"damage":0.0,"enemies":"Jaw Worm","floor":1.0,"turns":3.0},{"damage":0.0,"enemies":"Small Slimes","floor":4.0,"turns":2.0},{"damage":0.0,"enemies":"2 Louse","floor":5.0,"turns":3.0},{"damage":0.0,"enemies":"Gremlin Nob","floor":6.0,"turns":3.0},{"damage":0.0,"enemies":"Lagavulin","floor":8.0,"turns":3.0},{"damage":0.0,"enemies":"Looter","floor":11.0,"turns":2.0},{"damage":0.0,"enemies":"Exordium Thugs","floor":12.0,"turns":4.0},{"damage":0.0,"enemies":"Lots of Slimes","floor":13.0,"turns":3.0},{"damage":9.0,"enemies":"Red Slaver","floor":14.0,"turns":2.0},{"damage":0.0,"enemies":"The Guardian","floor":16.0,"turns":2.0},{"damage":0.0,"enemies":"Spheric Guardian","floor":18.0,"turns":3.0},{"damage":0.0,"enemies":"Chosen","floor":21.0,"turns":1.0},{"damage":0.0,"enemies":"Snake Plant","floor":22.0,"turns":2.0},{"damage":0.0,"enemies":"Gremlin Leader","floor":23.0,"turns":1.0},{"damage":0.0,"enemies":"3 Cultists","floor":25.0,"turns":1.0},{"damage":0.0,"enemies":"Snecko","floor":27.0,"turns":1.0},{"damage":0,"enemies":"Slavers","floor":29,"turns":1},{"damage":0,"enemies":"Snake Plant","floor":30,"turns":1},{"damage":0,"enemies":"Cultist and Chosen","floor":31,"turns":1},{"damage":0,"enemies":"Automaton","floor":33,"turns":1},{"damage":0,"enemies":"3 Shapes","floor":35,"turns":1},{"damage":0,"enemies":"Orb Walker","floor":36,"turns":1},{"damage":0,"enemies":"Writhing Mass","floor":38,"turns":1},{"damage":0,"enemies":"Transient","floor":39,"turns":1},{"damage":0,"enemies":"Giant Head","floor":40,"turns":1},{"damage":0,"enemies":"Spire Growth","floor":42,"turns":1},{"damage":0,"enemies":"Writhing Mass","floor":44,"turns":1},{"damage":0,"enemies":"Jaw Worm Horde","floor":45,"turns":1},{"damage":0,"enemies":"Nemesis","floor":46,"turns":1},{"damage":0,"enemies":"3 Darklings","floor":47,"turns":1},{"damage":0,"enemies":"Giant Head","floor":48,"turns":1},{"damage":0,"enemies":"Awakened One","floor":50,"turns":2},{"damage":0,"enemies":"Shield and Spear","floor":54,"turns":1},{"damage":0,"enemies":"The Heart","floor":55,"turns":4}],"seed_played":"-6158792324326172896","potions_obtained":[{"floor":1.0,"key":"AttackPotion"},{"floor":8.0,"key":"Weak Potion"},{"floor":11.0,"key":"Ancient Potion"},{"floor":18.0,"key":"DistilledChaos"},{"floor":25.0,"key":"Ancient Potion"},{"floor":31,"key":"SkillPotion"},{"floor":40,"key":"Strength Potion"}],"is_trial":false,"path_per_floor":["M","?","?","M","M","E","R","E","T","R","M","M","M","M","R","B",null,"M","$","?","M","M","E","R","M","T","M","?","E","M","M","R","B",null,"M","M","?","M","M","E","R","M","T","M","M","E","M","E","R","B",null,"R","$","E","B",null],"character_chosen":"LuminousClass","items_purchased":["GuppysHead","BFFS","Luminous:Lunar_Tide_Luminous","Luminous:Concentrate_Luminous","Luminous:Light_Gather","Flash of Steel","DollysMirror","Ginger","GuppysHairball","Blue Candle"],"campfire_rested":1,"item_purchase_floors":[0,0,0,0,0,0,19,19,34,53],"current_hp_per_floor":[75,57,50,50,50,50,50,50,50,50,50,50,50,41,41,41,75,75,75,75,75,75,75,75,75,75,75,75,75,75,75,75,75,65,65,65,62,62,62,69,69,69,69,69,69,69,64,64,64,64,64,64,64,64,64],"gold":713,"neow_bonus":"","is_daily":false,"chose_seed":false,"campfire_upgraded":6,"win_rate":0.0,"timestamp":1608865307,"path_taken":["M","?","?","M","?","E","R","E","T","R","M","M","?","M","R","BOSS","M","?","?","M","M","E","R","?","T","M","?","E","M","M","R","BOSS","M","M","?","M","M","E","R","?","T","M","M","E","M","E","R","BOSS","R","$","E","BOSS"],"items_purchased_type":["Relic","Relic","Card","Card","Card","Card","Relic","Relic","Relic","Relic"],"build_version":"2020-12-18","purchased_purges":17,"victory":true,"max_hp_per_floor":[75,75,75,75,75,75,75,75,75,75,75,75,75,75,75,75,75,75,75,75,75,75,75,75,75,75,75,75,75,75,75,75,75,65,65,65,62,62,62,69,69,69,69,69,69,69,64,64,64,64,64,64,64,64,64],"card_choices":[{"not_picked":[],"picked":"EpicFetus","floor":0.0},{"not_picked":["Luminous:Light_Gather","Luminous:Light_Reflection","Luminous:Photic_Meditation_Luminous"],"picked":"SKIP","floor":1.0},{"not_picked":["Luminous:Dark_Dim_Erosion","Luminous:Light_Reflection"],"picked":"Luminous:Light_Wash_Luminous","floor":4.0},{"not_picked":["Luminous:Sympathy_Luminous","Luminous:Magic_Boost_Luminous","Luminous:Light_Sylvan_Lance"],"picked":"SKIP","floor":5.0},{"not_picked":["Luminous:Balance_Ender","Luminous:Dark_Raid"],"picked":"Luminous:Phantom_Treasure_Luminous","floor":6.0},{"not_picked":["Luminous:Concentrate_Luminous","Luminous:Mana_Overload_Luminous","Luminous:Dark_Apocalypse"],"picked":"SKIP","floor":8.0},{"not_picked":["Luminous:Balance_Death_Scythe","Luminous:Balance_Ender","Luminous:Accumulation_Luminous"],"picked":"SKIP","floor":11.0},{"not_picked":["Luminous:Blinding_Pillar_Luminous","Luminous:Dark_Moonlight_Spear","Luminous:Concentrate_Luminous"],"picked":"SKIP","floor":12.0},{"not_picked":["Luminous:Light_Glare","Luminous:Dark_Raid"],"picked":"Luminous:Mana_Well_Luminous","floor":13.0},{"not_picked":["Luminous:Light_Glare","Luminous:Dark_Dim_Erosion","Luminous:Accumulation_Luminous"],"picked":"SKIP","floor":14.0},{"not_picked":["Luminous:Dark_Crescendo_Luminous","Luminous:Arcane_Rage_Luminous"],"picked":"Luminous:Erosion_Luminous","floor":16.0},{"not_picked":["Luminous:Darkness_Mastery_Luminous","Luminous:Dark_Dim_Erosion","Luminous:Photic_Meditation_Luminous+1"],"picked":"SKIP","floor":18.0},{"not_picked":["Luminous:Dark_Raid","Luminous:Light_Spectral_Light+1","Luminous:Darkness_Mastery_Luminous"],"picked":"SKIP","floor":21.0},{"not_picked":["Luminous:Blinding_Pillar_Luminous","Luminous:Concentrate_Luminous","Luminous:Arcane_Rage_Luminous"],"picked":"SKIP","floor":22.0},{"not_picked":["Luminous:Dark_Pressure_Void","Luminous:Light_Glare"],"picked":"Luminous:Darks_Surge_Luminous","floor":23.0},{"not_picked":["Luminous:Light_Gather","Luminous:Lunar_Tide_Luminous","Luminous:Dark_Dim_Erosion+1"],"picked":"SKIP","floor":25.0},{"not_picked":["Luminous:Chaos_Field_Luminous","Luminous:Darks_Surge_Luminous+1","Luminous:Chase_Spell_Luminous"],"picked":"SKIP","floor":27.0},{"not_picked":["Luminous:Dark_Pressure_Void","Luminous:Fast_Spell_Luminous","Luminous:Light_Wash_Luminous"],"picked":"SKIP","floor":29},{"not_picked":["Luminous:Flash_Blink_Luminous","Luminous:Blinding_Pillar_Luminous","Luminous:Light_Sylvan_Lance"],"picked":"SKIP","floor":30},{"not_picked":["Luminous:Blinding_Pillar_Luminous","Luminous:Dark_Dim_Erosion","Luminous:Light_Spectral_Light"],"picked":"SKIP","floor":31},{"not_picked":["Luminous:Reverse_Spell_Luminous","Luminous:Light_Gather","Luminous:Hero_Will_Luminous+1"],"picked":"SKIP","floor":35},{"not_picked":["Luminous:Light_Spectral_Light","Luminous:Accumulation_Luminous+1","Luminous:Blinding_Pillar_Luminous+1"],"picked":"SKIP","floor":36},{"not_picked":["Luminous:Darks_Surge_Luminous+1","Luminous:Light_Disperse+1","Luminous:Light_Gather+1"],"picked":"SKIP","floor":38},{"not_picked":["Luminous:Light_Disperse","Luminous:Light_Wash_Luminous","Luminous:Light_Glare+1"],"picked":"SKIP","floor":39},{"not_picked":["Luminous:Abyss_Heart_Luminous+1","Luminous:Magic_Guard_Luminous","Luminous:Date_of_Light_Luminous"],"picked":"SKIP","floor":40},{"not_picked":["Luminous:Blinding_Pillar_Luminous+1","Luminous:Lights_Protection_Luminous+1","Luminous:Balance_Death_Scythe"],"picked":"SKIP","floor":42},{"not_picked":["Luminous:Lights_Protection_Luminous","Luminous:Light_Glare","Luminous:Light_Gather+1"],"picked":"SKIP","floor":44},{"not_picked":["Luminous:Light_Gather+1","Luminous:Light_Glare+1","Luminous:Darkness_Mastery_Luminous+1"],"picked":"SKIP","floor":45},{"not_picked":["Luminous:Balance_Death_Scythe","Luminous:Dark_Morning_Star","Luminous:Darkness_Mastery_Luminous"],"picked":"SKIP","floor":46},{"not_picked":["Luminous:Light_Gather","Luminous:Accumulation_Luminous","Luminous:Reverse_Spell_Luminous+1"],"picked":"SKIP","floor":47},{"not_picked":["Luminous:Concentrate_Luminous+1","Luminous:Arcane_Rage_Luminous","Luminous:Dark_Arcane_Pitch+1"],"picked":"SKIP","floor":48},{"not_picked":["Luminous:Accumulation_Luminous","Luminous:Light_Sylvan_Lance+1","Luminous:Concentrate_Luminous+1"],"picked":"SKIP","floor":54}],"player_experience":544603,"relics_obtained":[{"floor":6.0,"key":"CeramicFish"},{"floor":8.0,"key":"SalivaCoin"},{"floor":9.0,"key":"GnawedLeaf"},{"floor":17.0,"key":"Toy Ornithopter"},{"floor":17.0,"key":"Darkstone Periapt"},{"floor":17.0,"key":"D6"},{"floor":23.0,"key":"Nunchaku"},{"floor":26.0,"key":"Old Coin"},{"floor":29,"key":"Diplopia"},{"floor":40,"key":"Bronze Scales"},{"floor":40,"key":"Strawberry"},{"floor":46,"key":"Orichalcum"},{"floor":46,"key":"PillsDrop"},{"floor":48,"key":"TuHaoJin"},{"floor":48,"key":"Prayer Wheel"},{"floor":54,"key":"YumHeart"},{"floor":54,"key":"BookOfRevelations"}],"event_choices":[{"damage_healed":0.0,"max_hp_gain":0.0,"max_hp_loss":0.0,"gold_gain":0.0,"event_name":"Golden Idol","player_choice":"Take Damage","floor":2.0,"gold_loss":0.0,"damage_taken":18.0,"relics_obtained":["Golden Idol"]},{"damage_healed":0.0,"max_hp_gain":0.0,"max_hp_loss":0.0,"gold_gain":0.0,"event_name":"Scrap Ooze","player_choice":"Success","floor":3.0,"gold_loss":0.0,"damage_taken":7.0,"relics_obtained":["StoneCalendar"]},{"damage_healed":0.0,"max_hp_gain":0.0,"max_hp_loss":0.0,"gold_gain":0.0,"event_name":"Forgotten Altar","player_choice":"Gave Idol","floor":28.0,"relics_lost":["Golden Idol"],"gold_loss":0.0,"damage_taken":0.0,"relics_obtained":["Bloody Idol"]},{"damage_healed":0,"gold_gain":0,"player_choice":"Max HP","damage_taken":0,"max_hp_gain":0,"max_hp_loss":3,"event_name":"Winding Halls","floor":37,"gold_loss":0}],"is_beta":true,"boss_relics":[{"not_picked":["Cursed Key","Fusion Hammer"],"picked":"Calling Bell"},{"not_picked":[]},{"not_picked":["Pandora\u0027s Box","ChampionBelt"],"picked":"Black Star"},{"not_picked":[]}],"items_purged_floors":[0,0,0,0,0,0,0,0,0,0,19,19,19,19,19,19,53],"is_endless":false,"potions_floor_spawned":[1,8,11,18,25,29,31,39,40,44,45,47,54],"ascension_level":0}}