{"host":"2knyve8x3a5arpop","time":1608884978,"event":{"mods":["Abigail Mod","AchievementEnabler","Arknights The Spire","Ascension Reborn","BaseMod","BetterRewards","Colored Map","Colored Powertips","Conspire","Custom Start","Friendly Minions","Hermit","Hubris","Koishi","Lobotomy","Marisa£¨Ùöéë¡¡Øª×âÞÞ£©","Minty Spire (QoL Compilation)","Practice Mode","Quick Restart","RRrroohrrRGHHhhh!!","Replay The Spire","StSLib","Td1madao Mod","The Cursed","The Dragon Tamer","The Gatherer","The Hierophant","The Jungle","The Poker Player","The Runesmith"],"gold_per_floor":[111,131,131,3,3,29,39,55,55,55,73,73,92,111,111,216,216,231,231,243,243,243,243,243,243,313,332,365,379,112,124,124,221,221,238,255,447,447,461,461,488,120,120,120,120,139,139,154,154,154,154,154,4,38,38,38],"floor_reached":55,"playtime":4386,"items_purged":["ats:Strike C","ats:Strike V","Shame","ats:Strike S"],"score":744,"play_id":"e2f6873b-03c8-4a68-9bb7-af7007561212","local_time":"20201225172938","is_ascension_mode":true,"campfire_choices":[{"floor":15.0,"key":"RECALL"},{"data":"1","floor":23.0,"key":"LIFT"},{"data":"2","floor":25.0,"key":"LIFT"},{"data":"3","floor":32.0,"key":"LIFT"},{"floor":40.0,"key":"DIG"},{"floor":44.0,"key":"DIG"},{"floor":47.0,"key":"DIG"},{"floor":49.0,"key":"DIG"},{"floor":52.0,"key":"DIG"}],"circlet_count":0,"master_deck":["Apotheosis+1","ats:Armor Crushing Shot","ats:Emotion Absorption+1","ats:Shadow Assault","ats:Cat Scratch","ats:Revitalization","ats:Revitalization","ats:Composite Medical Shells","ats:Hook Shot","ats:Directed Diagnosis","ats:Magnetic Hammer","ats:Sword Rain","ats:Calcification","ats:Composite Medical Shells","ats:Revitalization+1","theJungle:Gourd","theJungle:Gourd","theJungle:Gourd","theJungle:Gourd","theJungle:Gourd","ats:Support Order+1","ats:Disruption Kick","ats:Rat Pack","ats:Revitalization","ats:Part Time Job","ats:Shell Defense","ats:Magnetic Hammer+1","ats:Calcification","ats:Revitalization","ats:Defend Order+1","Purity","ats:Revitalization","ats:Thorns+1","ats:Demon Strength"],"relics":["ats:Sanity","ats:Originium","Girya","Nunchaku","Shovel","theJungle:SneckoAutograph","ats:Originium","conspire:GiftBox","Philosopher\u0027s Stone","White Beast Statue","ats:Originium","Bag of Preparation","ats:Assault","Golden Egg","Bronze Scales","ReplayTheSpireMod:TigerMarble","ats:MaxSp2","Mirror","OrangePellets","Lantern"],"acts_visited":["Exordium","theJungle:Jungle","TheBeyond","TheEnding"],"potions_floor_usage":[55],"damage_taken":[{"damage":0.0,"enemies":"Small Slimes","floor":1.0,"turns":3.0},{"damage":1.0,"enemies":"Jaw Worm","floor":2.0,"turns":6.0},{"damage":42.0,"enemies":"3 Sentries","floor":6.0,"turns":6.0},{"damage":6.0,"enemies":"Cultist","floor":7.0,"turns":4.0},{"damage":2.0,"enemies":"3 Louse","floor":8.0,"turns":2.0},{"damage":11.0,"enemies":"Red Slaver","floor":11.0,"turns":4.0},{"damage":12.0,"enemies":"2 Fungi Beasts","floor":13.0,"turns":3.0},{"damage":16.0,"enemies":"Lots of Slimes","floor":14.0,"turns":2.0},{"damage":58.0,"enemies":"Fading Forest","floor":16.0,"turns":11.0},{"damage":6.0,"enemies":"theJungle:GiantWrat","floor":18.0,"turns":9.0},{"damage":40.0,"enemies":"theJungle:Flameango_and_Byrd","floor":20.0,"turns":10.0},{"damage":38.0,"enemies":"theJungle:SlimyTreeVines","floor":27.0,"turns":12.0},{"damage":75.0,"enemies":"theJungle:2_Phrogs","floor":28.0,"turns":9.0},{"damage":55.0,"enemies":"Snake Plant","floor":29.0,"turns":6.0},{"damage":33.0,"enemies":"theJungle:Snecko_Cultist_And_Trap","floor":31.0,"turns":12.0},{"damage":111.0,"enemies":"theJungle:FunGuy","floor":33.0,"turns":16.0},{"damage":11.0,"enemies":"3 Shapes","floor":35.0,"turns":5.0},{"damage":14.0,"enemies":"Orb Walker","floor":36.0,"turns":8.0},{"damage":27.0,"enemies":"Maw","floor":39.0,"turns":8.0},{"damage":85.0,"enemies":"Reptomancer","floor":41.0,"turns":11.0},{"damage":59.0,"enemies":"Transient","floor":46.0,"turns":5.0},{"damage":23.0,"enemies":"Jaw Worm Horde","floor":48.0,"turns":6.0},{"damage":52.0,"enemies":"Awakened One","floor":50.0,"turns":12.0},{"damage":93,"enemies":"Shield and Spear","floor":54,"turns":12},{"damage":248,"enemies":"The Heart","floor":55,"turns":14}],"seed_played":"8017451166446129864","potions_obtained":[{"floor":1.0,"key":"ats:Emergency Sanity Potion"},{"floor":7.0,"key":"Languid Potion"},{"floor":11.0,"key":"Swift Potion"},{"floor":27.0,"key":"Adrenaline Potion"},{"floor":29.0,"key":"Fire Potion"},{"floor":31.0,"key":"SneckoOil"},{"floor":35.0,"key":"SpeedPotion"},{"floor":39.0,"key":"Ancient Potion"},{"floor":41.0,"key":"DistilledChaos"},{"floor":46.0,"key":"Adrenaline Potion"},{"floor":48.0,"key":"GamblersBrew"},{"floor":54,"key":"BlessingOfTheForge"}],"is_trial":false,"path_per_floor":["M","M","?","$","?","E","M","M","T","?","M","$","M","M","R","B",null,"M","?","M","?","?","R","?","R","T","M","E","M","$","M","R","B",null,"M","M","?","?","M","R","E","$","T","R","?","M","R","M","R","B",null,"R","$","E","B"],"character_chosen":"DOCTOR_CLASS","items_purchased":["ats:Revitalization","ats:Part Time Job","ats:Shell Defense","ats:Magnetic Hammer+1","Purity","ats:Assault"],"campfire_rested":0,"item_purchase_floors":[4,30,30,30,42,42],"current_hp_per_floor":[72,71,71,71,71,40,55,55,55,55,68,68,61,47,47,67,72,72,64,72,72,72,72,72,72,72,72,65,20,20,72,72,69,72,68,72,44,47,74,74,75,75,75,75,75,27,27,75,75,75,75,75,75,75,0,0],"gold":38,"neow_bonus":"ONE_RANDOM_RARE_CARD","is_daily":false,"chose_seed":false,"campfire_upgraded":0,"win_rate":0.0,"timestamp":1608884978,"path_taken":["M","M","?","?","?","E","?","M","T","?","?","?","?","M","R","BOSS","M","?","M","?","?","R","?","R","T","M","E","M","$","?","R","BOSS","M","M","?","?","M","R","E","$","T","R","?","M","R","M","R","BOSS","R","$","E","BOSS"],"items_purchased_type":["Card","Card","Card","Card","Card","Relic"],"build_version":"2020-12-22","purchased_purges":4,"victory":false,"max_hp_per_floor":[72,72,72,72,72,72,72,72,72,72,72,72,72,72,72,72,72,72,72,72,72,72,72,72,72,72,72,72,72,72,72,72,72,72,72,72,72,75,75,75,75,75,75,75,75,75,75,75,75,75,75,75,75,75,75,75],"card_choices":[{"not_picked":["ats:Mental Burst","ats:Leaping Hammer","ats:Ignite"],"picked":"SKIP","floor":1.0},{"not_picked":["ats:Apocalypse","ats:Steam Pump"],"picked":"ats:Cat Scratch","floor":2.0},{"not_picked":["ats:LN2 Cannon","ats:Blood Oath"],"picked":"ats:Composite Medical Shells","floor":6.0},{"not_picked":["ats:Flame Of Heaven","ats:Leaping Hammer"],"picked":"ats:Hook Shot","floor":7.0},{"not_picked":["ats:Curse Doll","ats:Flexible Camouflage"],"picked":"ats:Directed Diagnosis","floor":8.0},{"not_picked":["ats:Burning Ground","ats:Shell Defense"],"picked":"ats:Magnetic Hammer","floor":11.0},{"not_picked":["ats:Flexible Camouflage","ats:Spore Proliferation"],"picked":"ats:Sword Rain","floor":13.0},{"not_picked":["ats:Childhood Dance","ats:Ignite","ats:Powerful Strike"],"picked":"SKIP","floor":14.0},{"not_picked":["ats:Ambush","ats:Soul Rend"],"picked":"ats:Calcification","floor":16.0},{"not_picked":["ats:Explosion Area Strengthen+1","ats:Shell Defense"],"picked":"ats:Composite Medical Shells","floor":18.0},{"not_picked":["ats:Healing Drone+1","ats:Shell Defense+1"],"picked":"ats:Revitalization+1","floor":20.0},{"not_picked":["ats:Mental Burst","ats:Poison Spread"],"picked":"ats:Support Order+1","floor":27.0},{"not_picked":["ats:Roar Of Ursus","ats:Dogmatic Field"],"picked":"ats:Disruption Kick","floor":28.0},{"not_picked":["ats:Childhood Dance","ats:Red Shift"],"picked":"ats:Rat Pack","floor":28.0},{"not_picked":["ats:Flame Of Heaven+1","ats:Ignite"],"picked":"ats:Revitalization","floor":29.0},{"not_picked":["ats:Rapid Magazine","ats:Curse Doll","ats:Apocalypse"],"picked":"SKIP","floor":31.0},{"not_picked":["ats:Roar Of Ursus","ats:Fractured Body"],"picked":"ats:Calcification","floor":33.0},{"not_picked":["ats:Support Order+1","ats:Powerful Strike"],"picked":"ats:Revitalization","floor":35.0},{"not_picked":["ats:Overload+1","ats:Ignite+1","ats:Thorns+1"],"picked":"SKIP","floor":36.0},{"not_picked":["ats:Automatic Cover+1","ats:Assault Order"],"picked":"ats:Defend Order+1","floor":39.0},{"not_picked":["ats:Blood Oath+1","ats:Collapsing Strike+1","ats:Leaping Hammer"],"picked":"SKIP","floor":41.0},{"not_picked":["ats:Explosion Area Strengthen","ats:Chain Hook+1"],"picked":"ats:Thorns+1","floor":46.0},{"not_picked":["ats:Shell Defense","ats:Leaping Hammer","ats:Soul Absorption+1"],"picked":"SKIP","floor":48.0},{"not_picked":["ats:Beaten Up+1","ats:Neurotoxin+1"],"picked":"ats:Demon Strength","floor":54}],"player_experience":469028,"relics_obtained":[{"floor":6.0,"key":"ats:Originium"},{"floor":6.0,"key":"Girya"},{"floor":9.0,"key":"Nunchaku"},{"floor":28.0,"key":"ats:Originium"},{"floor":28.0,"key":"conspire:GiftBox"},{"floor":40.0,"key":"White Beast Statue"},{"floor":41.0,"key":"ats:Originium"},{"floor":41.0,"key":"Bag of Preparation"},{"floor":43.0,"key":"Golden Egg"},{"floor":44.0,"key":"Bronze Scales"},{"floor":47.0,"key":"ReplayTheSpireMod:TigerMarble"},{"floor":49.0,"key":"ats:MaxSp2"},{"floor":52.0,"key":"Mirror"},{"floor":54,"key":"Lantern"}],"event_choices":[{"cards_removed":["ats:Strike G"],"damage_healed":0.0,"max_hp_gain":0.0,"max_hp_loss":0.0,"gold_gain":0.0,"event_name":"Purifier","player_choice":"Purged","floor":3.0,"gold_loss":0.0,"damage_taken":0.0},{"damage_healed":0.0,"max_hp_gain":0.0,"max_hp_loss":0.0,"gold_gain":0.0,"event_name":"Match and Keep!","player_choice":"1 cards matched","floor":5.0,"gold_loss":0.0,"damage_taken":0.0,"cards_obtained":["ats:Revitalization"]},{"damage_healed":0.0,"max_hp_gain":0.0,"max_hp_loss":0.0,"gold_gain":0.0,"event_name":"NoteForYourself","player_choice":"Ignored","floor":10.0,"gold_loss":0.0,"damage_taken":0.0},{"damage_healed":0.0,"max_hp_gain":0.0,"max_hp_loss":0.0,"gold_gain":0.0,"event_name":"Accursed Blacksmith","player_choice":"Forge","floor":24.0,"gold_loss":0.0,"damage_taken":0.0,"cards_upgraded":["ats:Emotion Absorption"]},{"damage_healed":0.0,"max_hp_gain":0.0,"max_hp_loss":0.0,"gold_gain":0.0,"event_name":"Duplicator","player_choice":"Copied","floor":45.0,"gold_loss":0.0,"damage_taken":0.0,"cards_obtained":["ats:Revitalization"]}],"is_beta":false,"boss_relics":[{"not_picked":["Replay:Fungal Core","conspire:SeveredTorchhead","hubris:CrackedHourglass"]},{"not_picked":["hubris:RunicObelisk","Sozu"],"picked":"Philosopher\u0027s Stone"}],"items_purged_floors":[4,30,42,53],"is_endless":false,"potions_floor_spawned":[1,7,8,11,16,27,29,31,35,39,41,46,48,54],"killed_by":"The Heart","ascension_level":0}}