{"host":"gww6ffkzfofersck","time":1608861861,"event":{"mods":["Astrologer","BaseMod","ChefMod","Colored Powertips","Conspire","Downfall","Hermit","Highlight Path","Infinite Spire","Ironclad Rager","Minty Spire (QoL Compilation)","Potionbrewer","Quick Restart","Replay The Spire","Shop Mod","StSLib","The Blackbeard","The Necromancer","TheVacant","Wandering Minibosses","slay the spire mod where everything is the same but ironclad has a cowboy hat"],"gold_per_floor":[111,121,22,22,0,0,0,51,51,71,71],"floor_reached":10,"playtime":529,"items_purged":[],"score":92,"play_id":"c151296e-0a75-46c7-a0cf-103fa29b3302","local_time":"20201224210421","is_ascension_mode":true,"campfire_choices":[{"data":"Life Link","floor":9,"key":"SMITH"}],"circlet_count":0,"master_deck":["Strike_R","Strike_R","Strike_R","Strike_R","Strike_R","Defend_R","Defend_R","Defend_R+1","Defend_R","Bash","Decay","Infernal Blade","conspire:ExplosiveBarrier","Regret","True Grit+1","Life Link+1"],"relics":["Burning Blood","ReplayTheSpireMod:CursedCoin","infinitespire:Midas Blood","War Paint"],"acts_visited":["Exordium"],"potions_floor_usage":[8],"damage_taken":[{"damage":21,"enemies":"infinitespire:Voidling","floor":1,"turns":4},{"damage":3,"enemies":"conspire:RoseBush","floor":2,"turns":3},{"damage":45,"enemies":"Replay:BlueRogue","floor":8,"turns":9},{"damage":55,"enemies":"3 Sentries","floor":10,"turns":10}],"seed_played":"-6306658738881743693","potions_obtained":[{"floor":2,"key":"DistilledChaos"},{"floor":8,"key":"potionbrewer:ToxicPotion"}],"is_trial":false,"path_per_floor":["M","M","$","?","$","PTL","PTL","E","R","E"],"character_chosen":"IRONCLAD","items_purchased":["ReplayTheSpireMod:CursedCoin","infinitespire:Midas Blood","True Grit"],"campfire_rested":0,"item_purchase_floors":[3,3,5],"current_hp_per_floor":[88,91,91,91,91,91,91,52,52,0,0],"gold":71,"neow_bonus":"TWENTY_PERCENT_HP_BONUS","is_daily":false,"chose_seed":false,"campfire_upgraded":1,"win_rate":0.0,"timestamp":1608861861,"path_taken":["M","?","$","?","?","PTL","PTL","E","R","E"],"items_purchased_type":["Relic","Relic","Card"],"build_version":"2020-12-22","purchased_purges":0,"victory":false,"max_hp_per_floor":[96,96,96,96,96,96,96,96,96,96,96],"card_choices":[{"not_picked":["ReplayTheSpireMod:Strike From Hell","Dark Embrace"],"picked":"Infernal Blade","floor":1},{"not_picked":["Flame Barrier","Body Slam"],"picked":"conspire:ExplosiveBarrier","floor":2},{"not_picked":["Dark Embrace","Intimidate"],"picked":"Life Link","floor":8}],"player_experience":203254,"relics_obtained":[{"floor":8,"key":"War Paint"}],"event_choices":[],"is_beta":false,"boss_relics":[],"items_purged_floors":[],"is_endless":false,"potions_floor_spawned":[2,8],"killed_by":"3 Sentries","ascension_level":1}}