{"host":"sav7uxregyirlf69","time":1608873082,"event":{"mods":["AchievementEnabler","BaseMod","Colored Map","DeckTracker","Keyboard Shortcuts","Minty Spire (QoL Compilation)","READ ME - Guardian Mod","StSLib","SuperFastMode"],"gold_per_floor":[110,110,125,50,50,50,76,76,76,76,89,89,105,139,139,244,244,258,274,174,184,201,230,230,240,240,240,254,254,254],"floor_reached":29,"playtime":520,"items_purged":["Strike_B","Strike_B"],"score":420,"play_id":"f21e151d-aa05-4502-80ac-15d16657a34f","local_time":"20201225141122","is_ascension_mode":true,"campfire_choices":[{"data":"Zap","floor":6,"key":"SMITH"},{"data":"Dualcast","floor":8,"key":"SMITH"},{"floor":15,"key":"REST"},{"data":"Hologram","floor":24,"key":"SMITH"},{"data":"Rainbow","floor":27,"key":"SMITH"}],"circlet_count":0,"master_deck":["AscendersBane","Strike_B+1","Strike_B+1","Defend_B","Defend_B","Defend_B+1","Defend_B","Zap+1","Dualcast+1","Cold Snap","Cold Snap","Ball Lightning+1","Sweeping Beam","Go for the Eyes+1","Electrodynamics","Hologram+1","Loop+1","Compile Driver+1","Rainbow+1","Conserve Battery","Clumsy"],"relics":["Cracked Core","NeowsBlessing","MealTicket","Potion Belt","Question Card","Whetstone","Cursed Key","Thread and Needle","Incense Burner"],"acts_visited":["Exordium","TheCity"],"potions_floor_usage":[25,29,29],"damage_taken":[{"damage":0,"enemies":"2 Louse","floor":1,"turns":1},{"damage":0,"enemies":"Cultist","floor":3,"turns":1},{"damage":0,"enemies":"Lagavulin","floor":7,"turns":1},{"damage":0,"enemies":"Small Slimes","floor":11,"turns":3},{"damage":2,"enemies":"Looter","floor":13,"turns":2},{"damage":23,"enemies":"Gremlin Nob","floor":14,"turns":4},{"damage":22,"enemies":"The Guardian","floor":16,"turns":13},{"damage":5,"enemies":"Shell Parasite","floor":18,"turns":4},{"damage":1,"enemies":"Chosen","floor":19,"turns":5},{"damage":22,"enemies":"Snecko","floor":21,"turns":6},{"damage":9,"enemies":"Cultist and Chosen","floor":22,"turns":3},{"damage":10,"enemies":"Gremlin Leader","floor":23,"turns":6},{"damage":10,"enemies":"Shelled Parasite and Fungi","floor":25,"turns":3},{"damage":9,"enemies":"3 Cultists","floor":28,"turns":4},{"damage":20,"enemies":"Slavers","floor":29,"turns":3}],"seed_played":"-9413036409333195","potions_obtained":[{"floor":7,"key":"FocusPotion"},{"floor":14,"key":"Fruit Juice"},{"floor":18,"key":"FearPotion"},{"floor":23,"key":"FocusPotion"}],"is_trial":false,"path_per_floor":["M","?","M","$","?","R","E","R","T","?","M","T","M","E","R","B",null,"M","M","$","M","M","E","R","M","T","R","M","E"],"character_chosen":"DEFECT","items_purchased":[],"campfire_rested":1,"item_purchase_floors":[],"current_hp_per_floor":[68,68,68,68,53,53,53,53,53,53,53,53,51,28,50,28,63,58,57,72,50,41,31,31,21,21,21,12,0,0],"gold":254,"neow_bonus":"THREE_ENEMY_KILL","is_daily":false,"chose_seed":false,"campfire_upgraded":4,"win_rate":0.0,"timestamp":1608873082,"path_taken":["M","?","?","$","?","R","E","R","T","?","?","?","M","E","R","BOSS","M","?","$","?","?","E","R","M","T","R","M","E"],"items_purchased_type":[],"build_version":"2020-12-22","purchased_purges":2,"victory":false,"max_hp_per_floor":[75,75,75,75,75,75,75,75,75,75,75,75,75,75,75,75,75,75,75,75,75,75,75,75,75,75,75,75,80,80],"card_choices":[{"not_picked":["Beam Cell","Go for the Eyes"],"picked":"Cold Snap","floor":1},{"not_picked":["Tempest","Reprogram"],"picked":"Cold Snap","floor":3},{"not_picked":["Beam Cell","Leap"],"picked":"Ball Lightning","floor":7},{"not_picked":["Redo","Conserve Battery","Steam Power"],"picked":"SKIP","floor":11},{"not_picked":["Streamline","Genetic Algorithm","Stack"],"picked":"Sweeping Beam","floor":13},{"not_picked":["Steam","Conserve Battery","Beam Cell"],"picked":"Go for the Eyes","floor":14},{"not_picked":["Fission","Creative AI","All For One"],"picked":"Electrodynamics","floor":16},{"not_picked":["Reinforced Body","Compile Driver","Beam Cell+1"],"picked":"Hologram","floor":18},{"not_picked":["Rebound+1","Sweeping Beam","Ball Lightning"],"picked":"Loop+1","floor":19},{"not_picked":["Streamline+1","Ball Lightning","Rebound"],"picked":"Compile Driver+1","floor":21},{"not_picked":["Rebound+1","Melter","Barrage","Hologram+1"],"picked":"SKIP","floor":22},{"not_picked":["Force Field","Doom and Gloom","Rebound"],"picked":"Rainbow","floor":23},{"not_picked":["Ball Lightning","Steam","Rebound"],"picked":"Conserve Battery","floor":25},{"not_picked":["Stack","Gash","Streamline","Scrape"],"picked":"SKIP","floor":28}],"player_experience":1009637,"relics_obtained":[{"floor":7,"key":"MealTicket"},{"floor":9,"key":"Potion Belt"},{"floor":12,"key":"Question Card"},{"floor":14,"key":"Whetstone"},{"floor":23,"key":"Thread and Needle"},{"floor":26,"key":"Incense Burner"}],"event_choices":[{"damage_healed":0,"gold_gain":0,"player_choice":"Ignored","damage_taken":0,"max_hp_gain":0,"max_hp_loss":0,"event_name":"NoteForYourself","floor":2,"gold_loss":0},{"damage_healed":0,"gold_gain":0,"player_choice":"Entered Light","damage_taken":15,"max_hp_gain":0,"max_hp_loss":0,"event_name":"Shining Light","floor":5,"gold_loss":0,"cards_upgraded":["Strike_B","Defend_B"]},{"damage_healed":0,"gold_gain":0,"player_choice":"Upgraded","damage_taken":0,"max_hp_gain":0,"max_hp_loss":0,"event_name":"Upgrade Shrine","floor":10,"gold_loss":0,"cards_upgraded":["Ball Lightning"]}],"is_beta":false,"boss_relics":[{"not_picked":["Snecko Eye","Tiny House"],"picked":"Cursed Key"}],"items_purged_floors":[4,20],"is_endless":false,"potions_floor_spawned":[7,14,18,23],"killed_by":"Slavers","ascension_level":10}}