{"host":"c2og1cp357bgjv9b","time":1608875967,"event":{"mods":["BaseMod","Colored Map","Minty Spire (QoL Compilation)","Replay The Spire","StSLib"],"gold_per_floor":[110,60,60,72,72,98,110,145,145,0,10,25,25,38,38,139,189,207,221,320,320,340,340,354,365,365,692,692,704,223,234,234,330,330,350,260,260,260,278,278,308,358,385,385,385,385,395,408,408,408,408],"floor_reached":50,"playtime":3074,"items_purged":["Defend_R"],"score":579,"play_id":"6094465a-18b1-4ea2-85bf-aad1196a9838","local_time":"20201225135927","is_ascension_mode":false,"campfire_choices":[{"data":"Perfected Strike","floor":13,"key":"SMITH"},{"data":"Perfected Strike","floor":15,"key":"SMITH"},{"data":"Perfected Strike","floor":23,"key":"SMITH"},{"data":"Perfected Strike","floor":28,"key":"SMITH"},{"data":"True Grit","floor":32,"key":"SMITH"},{"data":"Shrug It Off","floor":40,"key":"SMITH"},{"data":"Flex","floor":44,"key":"SMITH"},{"data":"Replay:Undeath\u0027s Touch","floor":49,"key":"SMITH"}],"circlet_count":0,"master_deck":["Strike_R+1","Strike_R","Strike_R","Strike_R","Strike_R+1","Perfected Strike+1","Ghostly Armor","Survivor","Neutralize","Perfected Strike+1","Perfected Strike+1","Flex+1","Battle Trance+1","Perfected Strike+1","Clash+1","True Grit+1","Shrug It Off+1","Pommel Strike+1","Decay","Flex+1","Replay:Undeath\u0027s Touch+1"],"relics":["Burning Blood","NeowsBlessing","Replay:Baseball","White Beast Statue","Anchor","Blue Doll","Tiny House","Snack Pack","Old Coin","Onion Ring","Juzu Bracelet","Runic Pyramid","King of Hearts","Replay:Towering Pillar of Hats","Smiling Mask"],"acts_visited":["Exordium","TheCity","TheBeyond"],"potions_floor_usage":[16,19,27,27,29,33,41,47,47,50,50],"damage_taken":[{"damage":0,"enemies":"Jaw Worm","floor":1,"turns":1},{"damage":0,"enemies":"2 Louse","floor":4,"turns":1},{"damage":0,"enemies":"Lagavulin","floor":6,"turns":1},{"damage":0,"enemies":"Small Slimes","floor":7,"turns":3},{"damage":5,"enemies":"3 Sentries","floor":8,"turns":7},{"damage":1,"enemies":"3 Louse","floor":11,"turns":3},{"damage":0,"enemies":"Gremlin Gang","floor":12,"turns":4},{"damage":0,"enemies":"Exordium Thugs","floor":14,"turns":3},{"damage":48,"enemies":"Fading Forest","floor":16,"turns":11},{"damage":0,"enemies":"Spheric Guardian","floor":18,"turns":3},{"damage":0,"enemies":"3 Byrds","floor":19,"turns":6},{"damage":3,"enemies":"Centurion and Healer","floor":22,"turns":5},{"damage":8,"enemies":"Snake Plant","floor":24,"turns":3},{"damage":3,"enemies":"Shelled Parasite and Fungi","floor":25,"turns":3},{"damage":11,"enemies":"Slavers","floor":27,"turns":5},{"damage":13,"enemies":"Sentry and Sphere","floor":29,"turns":4},{"damage":6,"enemies":"Cultist and Chosen","floor":31,"turns":5},{"damage":111,"enemies":"Collector","floor":33,"turns":7},{"damage":28,"enemies":"3 Darklings","floor":35,"turns":5},{"damage":19,"enemies":"3 Shapes","floor":39,"turns":5},{"damage":22,"enemies":"R_Hoarder","floor":41,"turns":8},{"damage":7,"enemies":"Mind Bloom Boss Battle","floor":42,"turns":5},{"damage":25,"enemies":"Maw","floor":47,"turns":9},{"damage":8,"enemies":"Sphere and 2 Shapes","floor":48,"turns":5},{"damage":51,"enemies":"Replay:Hell Engine","floor":50,"turns":8}],"seed_played":"-7229140759200883102","potions_obtained":[{"floor":6,"key":"Venom Potion"},{"floor":7,"key":"SpeedPotion"},{"floor":11,"key":"ColorlessPotion"},{"floor":12,"key":"Elixir"},{"floor":14,"key":"Adrenaline Potion"},{"floor":16,"key":"Fire Potion"},{"floor":17,"key":"EssenceOfSteel"},{"floor":19,"key":"CultistPotion"},{"floor":22,"key":"Block Potion"},{"floor":27,"key":"BlessingOfTheForge"},{"floor":29,"key":"FairyPotion"},{"floor":31,"key":"FearPotion"},{"floor":33,"key":"Energy Potion"},{"floor":35,"key":"Fire Potion"},{"floor":39,"key":"Regen Potion"},{"floor":41,"key":"LiquidMemories"},{"floor":47,"key":"SteroidPotion"},{"floor":48,"key":"Strength Potion"}],"is_trial":false,"path_per_floor":["M","?","?","M","?","E","M","E","T","$","M","M","R","M","R","B",null,"M","M","?","?","M","R","M","M","T","E","R","M","$","M","R","B",null,"M","?","?","T","M","R","E","?","T","R","?","?","M","M","R","B"],"character_chosen":"IRONCLAD","items_purchased":["Blue Doll","Onion Ring","Juzu Bracelet"],"campfire_rested":0,"item_purchase_floors":[10,30,30],"current_hp_per_floor":[80,80,80,80,80,80,80,80,80,80,80,80,80,80,80,48,85,85,85,85,85,85,85,83,85,85,82,82,77,77,79,79,8,85,63,63,63,63,50,50,59,60,60,60,60,60,43,43,43,0,0],"gold":408,"neow_bonus":"THREE_ENEMY_KILL","is_daily":false,"chose_seed":false,"campfire_upgraded":8,"win_rate":0.0,"timestamp":1608875967,"path_taken":["M","?","?","M","?","E","M","E","T","$","M","M","R","?","R","BOSS","M","M","?","?","M","R","M","M","T","E","R","?","$","M","R","BOSS","M","?","?","?","M","R","E","?","T","R","?","?","M","M","R","BOSS"],"items_purchased_type":["Relic","Relic","Relic"],"build_version":"2020-12-22","purchased_purges":1,"victory":false,"max_hp_per_floor":[80,80,80,80,80,80,80,80,80,80,80,80,80,80,80,80,85,85,85,85,85,85,85,85,85,85,85,85,85,85,85,85,85,85,85,85,85,85,85,85,85,85,85,85,85,85,85,85,85,85,85],"card_choices":[{"not_picked":["Armaments","Blood for Blood"],"picked":"Perfected Strike","floor":1},{"not_picked":["ReplayTheSpireMod:Limb From Limb","Dropkick"],"picked":"Ghostly Armor","floor":4},{"not_picked":["Warcry","Sentinel"],"picked":"Perfected Strike","floor":6},{"not_picked":["Clothesline","Combust"],"picked":"Perfected Strike","floor":7},{"not_picked":["Immolate","Havoc"],"picked":"Flex","floor":8},{"not_picked":["ReplayTheSpireMod:LeadingStrike","Cleave","Disarm"],"picked":"SKIP","floor":11},{"not_picked":["Dark Embrace","Clothesline","Hemokinesis"],"picked":"SKIP","floor":12},{"not_picked":["Run Through","Searing Blow"],"picked":"Battle Trance","floor":14},{"not_picked":["Body Slam","Flame Barrier"],"picked":"Perfected Strike","floor":17},{"not_picked":["Armaments","Twin Strike"],"picked":"Clash+1","floor":18},{"not_picked":["Combust","Twin Strike","Clothesline"],"picked":"SKIP","floor":19},{"not_picked":["Evolve","Dropkick","Flex"],"picked":"SKIP","floor":22},{"not_picked":["Disarm","Feel No Pain","Shockwave"],"picked":"SKIP","floor":24},{"not_picked":["Anger","Twin Strike","Pommel Strike"],"picked":"SKIP","floor":25},{"not_picked":["Entrench","ReplayTheSpireMod:LeadingStrike","Rampage"],"picked":"SKIP","floor":27},{"not_picked":["Inflame","Demon Form"],"picked":"True Grit","floor":29},{"not_picked":["Headbutt+1","Fire Breathing","Wild Strike"],"picked":"SKIP","floor":31},{"not_picked":["ReplayTheSpireMod:Muscle Training","Flex","Heavy Blade"],"picked":"SKIP","floor":35},{"not_picked":["Havoc","Whirlwind","Iron Wave+1"],"picked":"SKIP","floor":39},{"not_picked":["Metallicize+1","Cleave","Havoc+1"],"picked":"SKIP","floor":41},{"not_picked":["Anger+1","Wild Strike+1"],"picked":"Pommel Strike+1","floor":42},{"not_picked":["Run Through+1","ReplayTheSpireMod:LeadingStrike+1"],"picked":"Flex+1","floor":47},{"not_picked":["Run Through","True Grit+1"],"picked":"Replay:Undeath\u0027s Touch","floor":48}],"player_experience":130862,"relics_obtained":[{"floor":6,"key":"Replay:Baseball"},{"floor":8,"key":"White Beast Statue"},{"floor":9,"key":"Anchor"},{"floor":26,"key":"Snack Pack"},{"floor":27,"key":"Old Coin"},{"floor":41,"key":"King of Hearts"},{"floor":42,"key":"Replay:Towering Pillar of Hats"},{"floor":43,"key":"Smiling Mask"}],"event_choices":[{"cards_removed":["Defend_R"],"damage_healed":0,"gold_gain":0,"player_choice":"Card Removal","damage_taken":0,"max_hp_gain":0,"max_hp_loss":0,"event_name":"The Cleric","floor":2,"gold_loss":50},{"damage_healed":0,"gold_gain":99,"player_choice":"Stole From Cult","damage_taken":0,"max_hp_gain":0,"max_hp_loss":0,"event_name":"Nest","floor":20,"gold_loss":0},{"damage_healed":0,"gold_gain":0,"player_choice":"Bought 0 Potions","damage_taken":0,"max_hp_gain":0,"max_hp_loss":0,"event_name":"The Woman in Blue","floor":21,"gold_loss":0},{"cards_removed":["Defend_R"],"damage_healed":0,"gold_gain":0,"player_choice":"Upgrade and Remove","damage_taken":0,"max_hp_gain":0,"max_hp_loss":0,"event_name":"Designer","floor":36,"gold_loss":90,"cards_upgraded":["Strike_R"]},{"damage_healed":0,"gold_gain":0,"cards_transformed":["Defend_R"],"player_choice":"Transformed","damage_taken":0,"max_hp_gain":0,"max_hp_loss":0,"event_name":"Transmorgrifier","floor":37,"gold_loss":0,"cards_obtained":["Shrug It Off"]},{"damage_healed":0,"gold_gain":0,"player_choice":"Fight","damage_taken":0,"max_hp_gain":0,"max_hp_loss":0,"event_name":"MindBloom","floor":42,"gold_loss":0},{"damage_healed":0,"gold_gain":0,"player_choice":"Ignored","damage_taken":0,"max_hp_gain":0,"max_hp_loss":0,"event_name":"NoteForYourself","floor":45,"gold_loss":0},{"damage_healed":0,"gold_gain":0,"player_choice":"Cursed","damage_taken":0,"max_hp_gain":0,"max_hp_loss":0,"event_name":"Wheel of Change","floor":46,"gold_loss":0,"cards_obtained":["Decay"]}],"is_beta":false,"boss_relics":[{"not_picked":["SacredBark","Replay:Ancient Bell"],"picked":"Tiny House"},{"not_picked":["Electric Blood","Pandora\u0027s Box"],"picked":"Runic Pyramid"}],"items_purged_floors":[30],"is_endless":false,"potions_floor_spawned":[6,7,11,12,14,16,18,19,22,24,25,27,29,31,33,35,39,41,42,47,48],"killed_by":"Replay:Hell Engine","ascension_level":0}}