{"host":"5gc11emcm5chfr5t","time":1608897096,"event":{"mods":["2.2 Compatiblity","AchievementEnabler","BaseMod","Bestiary","Better Note","Colored Map","Colored Powertips","Downfall","Googly Eyes","Minty Spire (QoL Compilation)","Rare Cards Sparkle","StSLib"],"gold_per_floor":[99,99,99,99,249,174,174,174,207,207,106,164,79,92,112,112,112],"floor_reached":16,"playtime":393,"items_purged":[],"score":238,"play_id":"474b3d73-b5f0-4c64-8c77-505674784745","local_time":"20201225065136","is_ascension_mode":true,"campfire_choices":[{"floor":1,"key":"RECALL"},{"data":"sneckomod:WideSting","floor":6,"key":"SMITH"},{"data":"sneckomod:TailWhip","floor":8,"key":"SMITH"}],"circlet_count":0,"master_deck":["AscendersBane","sneckomod:Strike","sneckomod:Strike","sneckomod:Defend","sneckomod:Defend","sneckomod:Defend","sneckomod:TailWhip+1","sneckomod:SnekBite","sneckomod:Unknown","sneckomod:Unknown","sneckomod:WideSting+1","sneckomod:SlitherStrike","sneckomod:ImprovisedAttack","sneckomod:SoulRoll","sneckomod:UnknownRareAttack","sneckomod:TrashToTreasure","sneckomod:UnknownCommonAttack","sneckomod:UnknownRareSkill","sneckomod:UnknownUncommonPower","sneckomod:SoulRoll"],"relics":["sneckomod:SneckoSoul","downfall:HeartsMalice","downfall:HeartBlessingRed","Eternal Feather","Dream Catcher","The Courier"],"acts_visited":["Exordium"],"potions_floor_usage":[13,15],"damage_taken":[{"damage":0,"enemies":"Small Slimes","floor":2,"turns":1},{"damage":0,"enemies":"2 Louse","floor":3,"turns":1},{"damage":0,"enemies":"Gremlin Nob","floor":9,"turns":1},{"damage":5,"enemies":"downfall:FleeingMerchant","floor":11,"turns":4},{"damage":40,"enemies":"Lagavulin Event","floor":12,"turns":4},{"damage":0,"enemies":"downfall:FleeingMerchant","floor":13,"turns":4},{"damage":7,"enemies":"Jaw Worm","floor":14,"turns":2},{"damage":7,"enemies":"Gremlin Gang","floor":15,"turns":3},{"damage":29,"enemies":"downfall:Watcher","floor":16,"turns":4}],"seed_played":"-4140591021404984160","potions_obtained":[{"floor":12,"key":"SteroidPotion"},{"floor":14,"key":"Weak Potion"}],"is_trial":false,"path_per_floor":["R","M","M","?","?","R","T","R","E","?","$","?","$","M","M","B"],"character_chosen":"THE_SNECKO","items_purchased":["sneckomod:UnknownRareAttack","sneckomod:UnknownRareSkill"],"campfire_rested":0,"item_purchase_floors":[11,13],"current_hp_per_floor":[75,75,75,75,75,75,75,81,81,81,79,39,41,35,28,0,0],"gold":112,"neow_bonus":"THREE_ENEMY_KILL","is_daily":false,"chose_seed":false,"campfire_upgraded":2,"win_rate":0.0,"timestamp":1608897096,"path_taken":["R","M","M","?","?","R","T","R","E","?","$","?","$","M","M","BOSS"],"items_purchased_type":["Card","Card"],"build_version":"2020-12-22","purchased_purges":0,"victory":false,"max_hp_per_floor":[83,83,83,83,83,83,83,83,83,83,84,84,86,87,87,87,87],"card_choices":[{"not_picked":["sneckomod:UnknownCommonSkill","sneckomod:QuickMove"],"picked":"sneckomod:WideSting","floor":2},{"not_picked":["sneckomod:SoulDraw","sneckomod:TrashToTreasure"],"picked":"sneckomod:SlitherStrike","floor":3},{"not_picked":["sneckomod:DiceBlock","sneckomod:Nope"],"picked":"sneckomod:ImprovisedAttack","floor":9},{"not_picked":["sneckomod:Nope","sneckomod:UnknownVulnerable"],"picked":"sneckomod:SoulRoll","floor":11},{"not_picked":["sneckomod:SoulExchange","sneckomod:Nope"],"picked":"sneckomod:TrashToTreasure","floor":12},{"not_picked":["sneckomod:UnknownStrike","sneckomod:UnknownBlock"],"picked":"sneckomod:UnknownCommonAttack","floor":13},{"not_picked":["sneckomod:RainOfDice","sneckomod:MasterEye"],"picked":"sneckomod:UnknownUncommonPower","floor":14},{"not_picked":["sneckomod:UnknownClassHEXA_GHOST_PURPLE","sneckomod:UnknownCommonSkill"],"picked":"sneckomod:SoulRoll","floor":15}],"player_experience":494395,"relics_obtained":[{"floor":7,"key":"Eternal Feather"},{"floor":9,"key":"Dream Catcher"},{"floor":12,"key":"The Courier"}],"event_choices":[{"cards_removed":["Doubt"],"damage_healed":0,"gold_gain":0,"player_choice":"Card Removal","damage_taken":0,"max_hp_gain":0,"max_hp_loss":0,"event_name":"The Cleric","floor":10,"gold_loss":0}],"is_beta":false,"boss_relics":[],"items_purged_floors":[],"is_endless":false,"potions_floor_spawned":[12,14],"killed_by":"downfall:Watcher","ascension_level":20}}