{"host":"6xsbn6ynqlzwllfm","time":1608913337,"event":{"mods":["2.2 Compatiblity","BaseMod","Bestiary","Colored Map","Colored Powertips","Curses Come First","Downfall","Highlight Path","Keyboard Shortcuts","Minty Spire (QoL Compilation)","Quick Restart","Relic Stats","Slay the Relics Exporter","StSLib","SuperFastMode"],"gold_per_floor":[109,127,143,156,56,56,56],"floor_reached":6,"playtime":157,"items_purged":["Strike_R"],"score":76,"play_id":"9e7b4288-10f5-495a-9f57-e2fbce8315e6","local_time":"20201225112217","is_ascension_mode":true,"campfire_choices":[],"circlet_count":0,"master_deck":["AscendersBane","Strike_R","Strike_R","Strike_R","Strike_R","Defend_R","Defend_R","Defend_R","Defend_R","Bash","True Grit","Flame Barrier","Whirlwind","Metallicize","Shrug It Off"],"relics":["Burning Blood","NeowsBlessing"],"acts_visited":["Exordium"],"potions_floor_usage":[6],"damage_taken":[{"damage":0,"enemies":"Small Slimes","floor":1,"turns":1},{"damage":0,"enemies":"Cultist","floor":2,"turns":1},{"damage":0,"enemies":"Jaw Worm","floor":3,"turns":1},{"damage":28,"enemies":"Exordium Thugs","floor":4,"turns":6},{"damage":28,"enemies":"Lagavulin","floor":6,"turns":13}],"seed_played":"5512468047647621768","potions_obtained":[{"floor":4,"key":"Strength Potion"}],"is_trial":false,"path_per_floor":["M","M","M","M","$","E"],"character_chosen":"IRONCLAD","items_purchased":["Shrug It Off"],"campfire_rested":0,"item_purchase_floors":[5],"current_hp_per_floor":[74,75,75,53,53,25,25],"gold":56,"neow_bonus":"THREE_ENEMY_KILL","is_daily":false,"chose_seed":false,"campfire_upgraded":0,"win_rate":0.0,"timestamp":1608913337,"path_taken":["M","M","M","M","$","E"],"items_purchased_type":["Card"],"build_version":"2020-12-22","purchased_purges":1,"victory":false,"max_hp_per_floor":[75,75,75,75,75,75,75],"relic_stats":{"counters":[5,22],"obtain_stats":[{"NeowsBlessing":0,"Burning Blood":0},{"NeowsBlessing":0,"Burning Blood":0},{"NeowsBlessing":0,"Burning Blood":0}],"Burning Blood":13},"card_choices":[{"not_picked":["Sword Boomerang","Rupture"],"picked":"True Grit","floor":1},{"not_picked":["Sentinel","Clash"],"picked":"Flame Barrier","floor":2},{"not_picked":["Armaments","Shrug It Off"],"picked":"Whirlwind","floor":3},{"not_picked":["Heavy Blade","Perfected Strike"],"picked":"Metallicize","floor":4}],"player_experience":1251659,"relics_obtained":[],"event_choices":[],"is_beta":false,"boss_relics":[],"items_purged_floors":[5],"is_endless":false,"potions_floor_spawned":[4],"killed_by":"Lagavulin","ascension_level":20}}