{"host":"ba8fi0vd2808q8ml","time":1608917117,"event":{"mods":["2.2 Compatiblity","AchievementEnabler","BaseMod","Hermit","Lobotomy","LobotomyExtend","Marisa£¨Ùöéë¡¡Øª×âÞÞ£©","Minty Spire (QoL Compilation)","StSLib","SuperFastMode","Td1madao Mod","The Bug Knight","The Cursed","The Servant 0.9.4"],"gold_per_floor":[118,40,40,56,18,53,53,70,96,107,119,119,151,151,151,271,271,289,289,305,343,343,343,381,381,404,435,40,65,65,65,65,193,193,208,208,430,390,390,433,433,433,433,449,23,58,58,76,76,76],"floor_reached":51,"playtime":2145,"items_purged":[],"score":1622,"play_id":"5c497a2c-ee5b-440b-bbf6-0fa7e3af123a","local_time":"20201226022517","is_ascension_mode":false,"campfire_choices":[{"floor":15.0,"key":"REST"}],"circlet_count":0,"master_deck":["SpecialBullet","SpecialBullet","SpecialBullet","SpecialBullet","SpecialBullet","SpecialBullet","SpecialBullet","ExtractionCode","ControlCode","TrainingCode","BlackSwan","LifeForTheDareDevil+1","WristCuter","ShyLook","Hornet","Mimicry","Spore","Lamp+6","SoundOfStar","Woodsman","BloodyDesire+1","GreedKing","BlueStar","SolemnVow+1","TT2Protocol","FeatherOfHonor+1","DisciplinaryCode","Twilight+1","Lantern+1","QueenOfHatred","WristCuter+1","Twilight+1","MeltingLove","BearPaw+1","Porccubus"],"relics":["CogitoBucket","Ancient Tea Set","Potion Belt","Juzu Bracelet","Golden Idol","Runic Dome","Red Mask","PreservedInsect","Bag of Marbles","HornCleat","Mercury Hourglass","HellTrain","Lizard Tail","Black Star","Mummified Hand","Calipers","Gremlin Horn","Sling","Eternal Feather","Ginger","Bronze Scales","AtMidnight"],"acts_visited":["Exordium","TheCity","TheBeyond"],"potions_floor_usage":[50,50,51,51,51],"damage_taken":[{"damage":0.0,"enemies":"Small Slimes","floor":1.0,"turns":2.0},{"damage":0.0,"enemies":"Cultist","floor":4.0,"turns":2.0},{"damage":6.0,"enemies":"3 Sentries","floor":6.0,"turns":3.0},{"damage":0.0,"enemies":"2 Louse","floor":8.0,"turns":1.0},{"damage":0.0,"enemies":"2 Fungi Beasts","floor":10.0,"turns":2.0},{"damage":20.0,"enemies":"Large Slime","floor":11.0,"turns":2.0},{"damage":0.0,"enemies":"HollowMod:MossKnight","floor":13.0,"turns":2.0},{"damage":23.0,"enemies":"Hexaghost","floor":16.0,"turns":5.0},{"damage":14.0,"enemies":"2 Thieves","floor":18.0,"turns":3.0},{"damage":0.0,"enemies":"Shell Parasite","floor":20.0,"turns":2.0},{"damage":7.0,"enemies":"Masked Bandits","floor":21.0,"turns":3.0},{"damage":21.0,"enemies":"Book of Stabbing","floor":24.0,"turns":3.0},{"damage":10.0,"enemies":"HollowMod:Nosk","floor":27.0,"turns":3.0},{"damage":0,"enemies":"Sentry and Sphere","floor":29,"turns":1},{"damage":16,"enemies":"Champ","floor":33,"turns":4},{"damage":0,"enemies":"Orb Walker","floor":35,"turns":1},{"damage":0,"enemies":"Reptomancer","floor":40,"turns":2},{"damage":0,"enemies":"3 Darklings","floor":44,"turns":1},{"damage":6,"enemies":"Nemesis","floor":46,"turns":3},{"damage":0,"enemies":"Spire Growth","floor":48,"turns":2},{"damage":64,"enemies":"Awakened One","floor":50,"turns":10},{"damage":20,"enemies":"Malkuth","floor":51,"turns":3},{"damage":49,"enemies":"Yesod","floor":51,"turns":5}],"seed_played":"4267590103126382834","potions_obtained":[{"floor":0.0,"key":"SpeedPotion"},{"floor":0.0,"key":"Block Potion"},{"floor":0.0,"key":"Regen Potion"},{"floor":10.0,"key":"LiquidBronze"},{"floor":16.0,"key":"PowerPotion"},{"floor":33,"key":"PowerPotion"},{"floor":35,"key":"ColorlessPotion"},{"floor":38,"key":"FearPotion"},{"floor":44,"key":"Dexterity Potion"}],"is_trial":false,"path_per_floor":["M","$","?","M","$","E","R","M","T","M","M","R","E","?","R","B",null,"M","?","M","?","?","R","E","R","T","E","$","M","R","T","R","B",null,"M","$","?","?","?","E","?","R","T","M","$","E","?","M","R","B",null],"character_chosen":"Angela","items_purchased":["LifeForTheDareDevil","Hornet","Twilight+1","Mercury Hourglass","BearPaw+1","Sling","Eternal Feather"],"campfire_rested":1,"item_purchase_floors":[2,5,28,28,45,45,45],"current_hp_per_floor":[70,70,70,70,70,64,64,64,64,64,44,44,44,27,48,34,70,56,56,62,70,70,70,55,55,55,51,51,57,57,57,57,41,70,70,70,70,70,70,70,70,70,70,70,70,70,70,70,70,70],"gold":76,"neow_bonus":"THREE_SMALL_POTIONS","is_daily":false,"chose_seed":false,"campfire_upgraded":0,"win_rate":0.0,"timestamp":1608917117,"path_taken":["M","$","?","?","?","E","R","?","T","M","M","R","E","?","R","BOSS","M","?","M","?","?","R","E","R","T","E","$","M","R","?","R","BOSS","M","$","?","?","?","E","?","R","T","M","$","E","?","M","R","BOSS"],"items_purchased_type":["Card","Card","Card","Relic","Card","Relic","Relic"],"build_version":"2020-12-22","purchased_purges":0,"victory":true,"max_hp_per_floor":[70,70,70,70,70,70,70,70,70,70,70,70,70,70,70,70,70,70,70,70,70,70,70,70,70,70,70,70,70,70,70,70,70,70,70,70,70,70,70,70,70,70,70,70,70,70,70,70,70,70],"card_choices":[{"not_picked":["SpiderBud","FairyFestival"],"picked":"BlackSwan","floor":1.0},{"not_picked":["Penitence","TodaysExpression"],"picked":"SKIP","floor":1.0},{"not_picked":["Hypocrisy"],"picked":"WristCuter","floor":4.0},{"not_picked":["CrumblingArmor","BeautyBeast"],"picked":"ShyLook","floor":4.0},{"not_picked":["SomewhereSpear","Pleasure"],"picked":"SKIP","floor":6.0},{"not_picked":["CUTE","SomewhereSpear"],"picked":"Harmony","floor":8.0},{"not_picked":["Loneliness","RedEyes","ScreamingWedge"],"picked":"SKIP","floor":8.0},{"not_picked":["BlueScar","Laetitia_ego"],"picked":"Mimicry","floor":10.0},{"not_picked":["Noise","Horn"],"picked":"Spore","floor":11.0},{"not_picked":["SwordSharpenedByTears","Reverberation"],"picked":"Lamp","floor":13.0},{"not_picked":["UniverseFragment","CherryBlossoms","Yin"],"picked":"Singing Bowl","floor":13.0},{"not_picked":["DaCapo","Adoration"],"picked":"SoundOfStar","floor":16.0},{"not_picked":["Scorched","Murderer","CrumblingArmor"],"picked":"Singing Bowl","floor":18.0},{"not_picked":["Mercenary","DespairKnight"],"picked":"Woodsman","floor":18.0},{"not_picked":["Christmas","FrostShard"],"picked":"BloodyDesire+1","floor":18.0},{"not_picked":["CrumblingArmor","FairyFestival"],"picked":"GreedKing","floor":20.0},{"not_picked":["Amita+1","Loneliness+1","Hypocrisy"],"picked":"SKIP","floor":20.0},{"not_picked":["HeroicMonk","DespairKnight"],"picked":"BlueStar","floor":21.0},{"not_picked":["Regret_ego+1","Lantern+1"],"picked":"SolemnVow+1","floor":21.0},{"not_picked":["MagicBullet+1","Diffraction+1"],"picked":"FeatherOfHonor+1","floor":24.0},{"not_picked":["Regret_ego+1","Galaxy+1","Horn+1"],"picked":"SKIP","floor":27.0},{"not_picked":["Pleasure+1","FeatherOfHonor+1"],"picked":"Lantern+1","floor":29},{"not_picked":["OldLady","Yin"],"picked":"QueenOfHatred","floor":33},{"not_picked":["GreenStem+1","Lantern+1"],"picked":"WristCuter+1","floor":35},{"not_picked":["Scarecrow","PunishingBird","BlackArmy"],"picked":"Singing Bowl","floor":40},{"not_picked":["Loneliness+1","RapturousDream+1","FourthMatchFlame+1"],"picked":"SKIP","floor":40},{"not_picked":["Funeral","SnowQueen","LittleHelper"],"picked":"Singing Bowl","floor":44},{"not_picked":["WhiteNight","SilentOrchestra"],"picked":"MeltingLove","floor":44},{"not_picked":["Lantern+1","CherryBlossom+1","Soda+1"],"picked":"SKIP","floor":44},{"not_picked":["Alriune","BigBadWolf","PunishingBird"],"picked":"Singing Bowl","floor":46},{"not_picked":["LittlePrince","RedShoes"],"picked":"Porccubus","floor":46},{"not_picked":["CrimsonScar+1","Loneliness+1","RapturousDream+1"],"picked":"SKIP","floor":46},{"not_picked":["CrimsonScar+1","Loneliness+1","RapturousDream+1"],"picked":"SKIP","floor":46},{"not_picked":["BigBird","LittlePrince","LaLuna"],"picked":"Singing Bowl","floor":48},{"not_picked":["WristCuter+1","CUTE+1","BlackSwan_ego+1"],"picked":"SKIP","floor":48}],"player_experience":44653,"relics_obtained":[{"floor":6.0,"key":"Ancient Tea Set"},{"floor":9.0,"key":"Potion Belt"},{"floor":13.0,"key":"Juzu Bracelet"},{"floor":21.0,"key":"Red Mask"},{"floor":24.0,"key":"PreservedInsect"},{"floor":26.0,"key":"Bag of Marbles"},{"floor":27.0,"key":"HornCleat"},{"floor":31,"key":"Lizard Tail"},{"floor":40,"key":"Mummified Hand"},{"floor":40,"key":"Calipers"},{"floor":43,"key":"Gremlin Horn"},{"floor":46,"key":"Ginger"},{"floor":46,"key":"Bronze Scales"},{"floor":48,"key":"AtMidnight"}],"event_choices":[{"damage_healed":0.0,"max_hp_gain":0.0,"max_hp_loss":0.0,"gold_gain":0.0,"event_name":"NoteForYourself","player_choice":"Ignored","floor":3.0,"gold_loss":0.0,"damage_taken":0.0},{"damage_healed":0.0,"max_hp_gain":0.0,"max_hp_loss":0.0,"gold_gain":0.0,"event_name":"Golden Idol","player_choice":"Take Damage","floor":14.0,"gold_loss":0.0,"damage_taken":17.0,"relics_obtained":["Golden Idol"]},{"damage_healed":0.0,"max_hp_gain":0.0,"max_hp_loss":0.0,"gold_gain":0.0,"event_name":"Upgrade Shrine","player_choice":"Upgraded","floor":19.0,"gold_loss":0.0,"damage_taken":0.0,"cards_upgraded":["LifeForTheDareDevil"]},{"damage_healed":0.0,"max_hp_gain":0.0,"max_hp_loss":0.0,"gold_gain":0.0,"event_name":"Masked Bandits","player_choice":"Fought Bandits","floor":21.0,"gold_loss":0.0,"damage_taken":0.0},{"cards_removed":["Harmony"],"damage_healed":0.0,"max_hp_gain":0.0,"max_hp_loss":0.0,"gold_gain":0.0,"event_name":"Back to Basics","player_choice":"Elegance","floor":22.0,"gold_loss":0.0,"damage_taken":0.0},{"damage_healed":0,"gold_gain":222,"player_choice":"Wore Mask","damage_taken":0,"max_hp_gain":0,"max_hp_loss":0,"event_name":"Tomb of Lord Red Mask","floor":37,"gold_loss":0},{"damage_healed":0,"gold_gain":0,"player_choice":"Bought 3 Potions","damage_taken":0,"max_hp_gain":0,"max_hp_loss":0,"event_name":"The Woman in Blue","floor":38,"gold_loss":0},{"damage_healed":0,"gold_gain":0,"player_choice":"Upgraded","damage_taken":0,"max_hp_gain":0,"max_hp_loss":0,"event_name":"Upgrade Shrine","floor":39,"gold_loss":0,"cards_upgraded":["Lamp"]},{"damage_healed":0,"gold_gain":0,"player_choice":"Copied","damage_taken":0,"max_hp_gain":0,"max_hp_loss":0,"event_name":"Duplicator","floor":41,"gold_loss":0,"cards_obtained":["Twilight"]}],"is_beta":false,"boss_relics":[{"not_picked":["Busted Crown","Ectoplasm"],"picked":"Runic Dome"},{"not_picked":["Astrolabe","Cursed Key"],"picked":"Black Star"}],"items_purged_floors":[],"is_endless":false,"potions_floor_spawned":[10,16,33,35,44],"ascension_level":0}}