{"host":"kiauivt48syq9iz6","time":1608924413,"event":{"mods":["BaseMod","Conspire","Downfall","Hermit","Minty Spire (QoL Compilation)","Replay The Spire","SIMod","StSLib","The Animator","The Construct","The Cursed","The Runesmith","The Servant 0.9.4"],"gold_per_floor":[115,67,67,78,114,114,25,25,25,25,59,59,59,74,74,179,179,189,204,6,24,24,55,55,84,84,96,96,96,96,114,114,215,215,232,232,247,247,94,94,94,94,94,36,51,61,81,31,31,45,45],"floor_reached":50,"playtime":2919,"items_purged":[],"score":526,"play_id":"f5d49bf9-18b9-46a7-9f31-8fa47b53543e","local_time":"20201225122653","is_ascension_mode":false,"campfire_choices":[{"floor":6,"key":"REST"},{"data":"hermit:Brawl","floor":8,"key":"SMITH"},{"data":"hermit:Cheat","floor":10,"key":"SMITH"},{"floor":12,"key":"REST"},{"floor":15,"key":"REST"},{"floor":24,"key":"REST"},{"floor":28,"key":"REST"},{"floor":30,"key":"REST"},{"floor":32,"key":"REST"},{"floor":40,"key":"REST"},{"floor":42,"key":"REST"},{"floor":49,"key":"REST"}],"circlet_count":0,"master_deck":["hermit:Strike_Hermit","hermit:Strike_Hermit","hermit:Defend_Hermit","hermit:Defend_Hermit","hermit:Defend_Hermit","hermit:Defend_Hermit","hermit:Snapshot","hermit:Covet","hermit:Manifest","hermit:Malice","hermit:Quickdraw","hermit:HoleUp","hermit:Brawl+1","hermit:Cheat+1","hermit:TrackingShot+1","hermit:Roughhouse+1","hermit:TakeAim","hermit:Reprieve","hermit:WideOpen+1","hermit:TrackingShot+1","hermit:Dissolve","hermit:Quickdraw+1","hermit:Horror+1","hermit:LowProfile","hermit:Gestalt","hermit:Manifest","hermit:HeroicBravado","hermit:Headshot+1","Delirium","hermit:TakeAim","hermit:CalledShot+1","ReplayTheSpireMod:Splinters","hermit:Misfire+1","Replay:Parry+1","hermit:DeadMansHand","hermit:Misfire+1","hermit:Virtue+1","hermit:RoundhouseKick+1","conspire:SpireCoStock"],"relics":["hermit:Momento","Molten Egg 2","InkBottle","conspire:Dentures","Fusion Hammer","Nilry\u0027s Codex","Question Card","Iron Hammer","Meat on the Bone","ChewingGum","ReplayTheSpireMod:Ring of Collecting","Ring of Hypnosis","Gremlin Horn","ReplayTheSpireMod:Ring of Addiction","Bottled Lightning","White Beast Statue","Potion Belt","ReplayTheSpireMod:CursedCoin"],"acts_visited":["Exordium","TheCity","TheBeyond"],"potions_floor_usage":[19,21,33,37,45,46,50,50,50],"damage_taken":[{"damage":6,"enemies":"Jaw Worm","floor":1,"turns":5},{"damage":0,"enemies":"2 Louse","floor":4,"turns":1},{"damage":24,"enemies":"conspire:MimicChest","floor":5,"turns":8},{"damage":34,"enemies":"Gremlin Nob","floor":11,"turns":5},{"damage":0,"enemies":"Cultist","floor":14,"turns":3},{"damage":29,"enemies":"Fading Forest","floor":16,"turns":11},{"damage":10,"enemies":"Shell Parasite","floor":18,"turns":7},{"damage":16,"enemies":"3 Byrds","floor":19,"turns":7},{"damage":21,"enemies":"Centurion and Healer","floor":21,"turns":8},{"damage":31,"enemies":"Gremlin Leader","floor":23,"turns":11},{"damage":9,"enemies":"Replay:Snechameleon","floor":25,"turns":8},{"damage":3,"enemies":"Shelled Parasite and Fungi","floor":27,"turns":11},{"damage":18,"enemies":"Snake Plant","floor":31,"turns":6},{"damage":66,"enemies":"Champ","floor":33,"turns":16},{"damage":14,"enemies":"3 Shapes","floor":35,"turns":5},{"damage":19,"enemies":"3 Darklings","floor":37,"turns":5},{"damage":2,"enemies":"Sphere and 2 Shapes","floor":45,"turns":5},{"damage":12,"enemies":"Spire Growth","floor":46,"turns":7},{"damage":24,"enemies":"Jaw Worm Horde","floor":47,"turns":6},{"damage":98,"enemies":"Awakened One","floor":50,"turns":14}],"seed_played":"3596769083340119528","potions_obtained":[{"floor":5,"key":"Doom Potion"},{"floor":19,"key":"LiquidMemories"},{"floor":27,"key":"SteroidPotion"},{"floor":31,"key":"Explosive Potion"},{"floor":43,"key":"Fire Potion"},{"floor":43,"key":"BlessingOfTheForge"},{"floor":43,"key":"Block Potion"},{"floor":45,"key":"GamblersBrew"},{"floor":46,"key":"DuplicationPotion"},{"floor":47,"key":"Energy Potion"}],"is_trial":false,"path_per_floor":["M","$","?","M","?","R","$","R","T","R","E","R","?","M","R","B",null,"M","M","$","M","?","E","R","E","T","M","R","?","R","M","R","B",null,"M","?","M","T","$","R","?","R","T","$","M","M","M","?","R","B"],"character_chosen":"HERMIT","items_purchased":["hermit:Quickdraw","hermit:Cheat","Strength Potion","hermit:Dissolve","Adrenaline Potion","FairyPotion","hermit:CalledShot+1","ReplayTheSpireMod:CursedCoin","hermit:Misfire+1","Replay:Parry+1","hermit:DeadMansHand"],"campfire_rested":10,"item_purchase_floors":[2,7,7,20,20,39,39,44,44,44,44],"current_hp_per_floor":[69,69,69,69,45,67,67,67,67,67,33,55,55,55,75,56,75,73,57,57,36,20,1,23,14,14,27,49,49,71,57,75,25,75,61,61,42,42,42,64,64,75,75,75,73,61,49,49,71,0,0],"gold":45,"neow_bonus":"TRANSFORM_CARD","is_daily":false,"chose_seed":false,"campfire_upgraded":2,"win_rate":0.0,"timestamp":1608924413,"path_taken":["M","$","?","M","?","R","?","R","T","R","E","R","?","M","R","BOSS","M","M","$","M","?","E","R","E","T","M","R","?","R","M","R","BOSS","M","?","M","?","$","R","?","R","T","?","M","?","M","?","R","BOSS"],"items_purchased_type":["Card","Card","Potion","Card","Potion","Potion","Card","Relic","Card","Card","Card"],"build_version":"2020-12-22","purchased_purges":0,"victory":false,"max_hp_per_floor":[75,75,75,75,75,75,75,75,75,75,75,75,75,75,75,75,75,75,75,75,75,75,75,75,75,75,75,75,75,75,75,75,75,75,75,75,75,75,75,75,75,75,75,75,75,75,75,75,75,73,73],"card_choices":[{"not_picked":["hermit:SprayPray","hermit:Misfire"],"picked":"hermit:Malice","floor":1},{"not_picked":["hermit:Malice","hermit:Combo"],"picked":"hermit:HoleUp","floor":4},{"not_picked":["hermit:LowProfile","hermit:Manifest"],"picked":"hermit:Brawl","floor":5},{"not_picked":["hermit:Malice+1","hermit:HoleUp"],"picked":"hermit:TrackingShot+1","floor":11},{"not_picked":["hermit:Showdown+1","hermit:CursedWeapon+1"],"picked":"hermit:TakeAim","floor":14},{"not_picked":["hermit:Adapt","hermit:BlackWind+1"],"picked":"hermit:Reprieve","floor":16},{"not_picked":["hermit:Roulette+1","hermit:Ricochet+1"],"picked":"hermit:WideOpen+1","floor":18},{"not_picked":["hermit:Feint","hermit:ItchyTrigger+1"],"picked":"hermit:TrackingShot+1","floor":19},{"not_picked":["hermit:Dive","hermit:Glare"],"picked":"hermit:Quickdraw+1","floor":21},{"not_picked":["hermit:OverwhelmingPower","hermit:Ricochet+1"],"picked":"hermit:Horror+1","floor":23},{"not_picked":["hermit:Coalescence","hermit:Headshot+1","hermit:FromBeyond"],"picked":"hermit:LowProfile","floor":25},{"not_picked":["hermit:BodyArmor","hermit:HoleUp+1","hermit:Combo+1"],"picked":"hermit:Gestalt","floor":27},{"not_picked":["hermit:Snipe","hermit:Headshot+1","hermit:HighCaliber+1"],"picked":"hermit:Manifest","floor":31},{"not_picked":["hermit:Dissolve","hermit:BlackWind+1","hermit:DeadOrAlive+1"],"picked":"hermit:HeroicBravado","floor":33},{"not_picked":["hermit:Midnight+1","hermit:LowProfile","hermit:Coalescence"],"picked":"hermit:Headshot+1","floor":35},{"not_picked":["hermit:BodyArmor","hermit:Desperado+1","hermit:FullyLoaded+1"],"picked":"hermit:TakeAim","floor":37},{"not_picked":["hermit:Manifest+1","hermit:ItchyTrigger+1","hermit:HighCaliber+1"],"picked":"hermit:Misfire+1","floor":45},{"not_picked":["hermit:Manifest+1","hermit:Snipe","hermit:LoneWolf"],"picked":"hermit:Virtue+1","floor":46},{"not_picked":["hermit:Snipe","hermit:TrackingShot+1","hermit:Dive"],"picked":"hermit:RoundhouseKick+1","floor":47}],"player_experience":80313,"relics_obtained":[{"floor":5,"key":"Molten Egg 2"},{"floor":9,"key":"InkBottle"},{"floor":11,"key":"conspire:Dentures"},{"floor":22,"key":"Nilry\u0027s Codex"},{"floor":23,"key":"Question Card"},{"floor":25,"key":"Iron Hammer"},{"floor":26,"key":"Meat on the Bone"},{"floor":36,"key":"ReplayTheSpireMod:Ring of Collecting"},{"floor":38,"key":"Ring of Hypnosis"},{"floor":38,"key":"Gremlin Horn"},{"floor":43,"key":"ReplayTheSpireMod:Ring of Addiction"},{"floor":43,"key":"Bottled Lightning"},{"floor":43,"key":"White Beast Statue"},{"floor":43,"key":"Potion Belt"}],"event_choices":[{"damage_healed":0,"gold_gain":0,"player_choice":"Disagree","damage_taken":0,"max_hp_gain":0,"max_hp_loss":0,"event_name":"conspire:LoneGhost","floor":3,"gold_loss":0},{"damage_healed":0,"gold_gain":0,"cards_transformed":["hermit:Strike_Hermit"],"player_choice":"Transformed","damage_taken":0,"max_hp_gain":0,"max_hp_loss":0,"event_name":"Transmorgrifier","floor":13,"gold_loss":0,"cards_obtained":["hermit:Roughhouse"]},{"damage_healed":0,"gold_gain":0,"player_choice":"Obtained Book","damage_taken":16,"max_hp_gain":0,"max_hp_loss":0,"event_name":"Cursed Tome","floor":22,"gold_loss":0},{"damage_healed":0,"gold_gain":0,"player_choice":"Ignored","damage_taken":0,"max_hp_gain":0,"max_hp_loss":0,"event_name":"Mysterious Sphere","floor":41,"gold_loss":0},{"damage_healed":0,"gold_gain":0,"player_choice":"Invest 1","damage_taken":0,"max_hp_gain":0,"max_hp_loss":0,"event_name":"conspire:Investor","floor":48,"gold_loss":0}],"is_beta":false,"boss_relics":[{"not_picked":["conspire:SeveredTorchhead","Replay:Bronze Core"],"picked":"Fusion Hammer"},{"not_picked":["construct:ClawGrip","Runic Pyramid"],"picked":"ChewingGum"}],"items_purged_floors":[],"is_endless":false,"potions_floor_spawned":[5,19,27,31,45,46,47],"killed_by":"Awakened One","ascension_level":0}}