{"host":"8yg5xi2a6w9qkgsw","time":1608913028,"event":{"mods":["AchievementEnabler","BaseMod","Block Reminder","Colored Powertips","Minty Spire (QoL Compilation)","MonsterHotkey","Random Character Button","Relic Stats"],"gold_per_floor":[114,114,114,39,53,53,53,80,80,80,80],"floor_reached":10,"playtime":627,"items_purged":["Regret"],"score":142,"play_id":"52d0afee-9c8d-49a2-976a-5cdeaf62794a","local_time":"20201225171708","is_ascension_mode":true,"campfire_choices":[{"data":"Flying Knee","floor":6,"key":"SMITH"}],"circlet_count":0,"master_deck":["AscendersBane","Strike_G","Strike_G","Strike_G","Strike_G","Defend_G","Defend_G","Defend_G","Defend_G","Defend_G","Survivor","Neutralize","Flying Knee+1","Cloak And Dagger","A Thousand Cuts"],"relics":["Ring of the Snake","NeowsBlessing","Dream Catcher","Molten Egg 2","InkBottle","Happy Flower"],"acts_visited":["Exordium"],"potions_floor_usage":[],"damage_taken":[{"damage":0,"enemies":"2 Louse","floor":1,"turns":1},{"damage":0,"enemies":"Small Slimes","floor":5,"turns":1},{"damage":0,"enemies":"3 Sentries","floor":8,"turns":1},{"damage":42,"enemies":"Lagavulin","floor":10,"turns":10}],"seed_played":"3258052693619322884","potions_obtained":[],"is_trial":false,"path_per_floor":["M","?","?","$","M","R","?","E","T","E"],"character_chosen":"THE_SILENT","items_purchased":[],"campfire_rested":0,"item_purchase_floors":[],"current_hp_per_floor":[63,45,45,45,45,45,38,38,38,0,0],"gold":80,"neow_bonus":"THREE_ENEMY_KILL","is_daily":false,"chose_seed":false,"campfire_upgraded":1,"win_rate":0.0,"timestamp":1608913028,"path_taken":["M","?","?","$","M","R","?","E","T","E"],"items_purchased_type":[],"build_version":"2020-12-22","purchased_purges":1,"victory":false,"max_hp_per_floor":[70,70,70,70,70,70,70,70,70,70,70],"relic_stats":{"Dream Catcher":0,"Happy Flower":[3],"counters":[4,13],"obtain_stats":[{"Dream Catcher":2,"NeowsBlessing":0,"Happy Flower":9,"Molten Egg 2":3,"InkBottle":8,"Ring of the Snake":0},{"Dream Catcher":1,"NeowsBlessing":0,"Happy Flower":3,"Molten Egg 2":1,"InkBottle":3,"Ring of the Snake":0},{"Dream Catcher":1,"NeowsBlessing":0,"Happy Flower":3,"Molten Egg 2":1,"InkBottle":3,"Ring of the Snake":0}],"InkBottle":[3],"Ring of the Snake":[8]},"card_choices":[{"not_picked":["Escape Plan","Outmaneuver"],"picked":"Flying Knee","floor":1},{"not_picked":["Deflect","Concentrate"],"picked":"Cloak And Dagger","floor":5},{"not_picked":["Outmaneuver","Flechettes+1"],"picked":"A Thousand Cuts","floor":8}],"player_experience":1430561,"relics_obtained":[{"floor":8,"key":"InkBottle"},{"floor":9,"key":"Happy Flower"}],"event_choices":[{"damage_healed":0,"gold_gain":0,"player_choice":"Success","damage_taken":18,"relics_obtained":["Dream Catcher"],"max_hp_gain":0,"max_hp_loss":0,"event_name":"Scrap Ooze","floor":2,"gold_loss":0},{"damage_healed":0,"gold_gain":0,"player_choice":"Box","damage_taken":0,"relics_obtained":["Molten Egg 2"],"max_hp_gain":0,"max_hp_loss":0,"event_name":"Big Fish","floor":3,"gold_loss":0,"cards_obtained":["Regret"]},{"cards_removed":["Strike_G"],"damage_healed":0,"gold_gain":0,"player_choice":"Card Removal","damage_taken":7,"max_hp_gain":0,"max_hp_loss":0,"event_name":"Golden Wing","floor":7,"gold_loss":0}],"is_beta":false,"boss_relics":[],"items_purged_floors":[4],"is_endless":false,"potions_floor_spawned":[],"killed_by":"Lagavulin","ascension_level":12}}