{"host":"f5ezd1v29dtbwkzo","time":1608926707,"event":{"mods":["2.2 Compatiblity","BaseMod","Hermit","Minty Spire (QoL Compilation)","Rare Cards Sparkle","Replay The Spire","StSLib"],"gold_per_floor":[109,124,144,144,158,185,96,123,199,199,211,211,286,286,286,391,391,403,403,403,197,217,217,235,235,235,249,249,264,264,279,279,279,279],"floor_reached":33,"playtime":1469,"items_purged":[],"score":282,"play_id":"3474c4de-4dc1-46b1-80a3-362c7bd09875","local_time":"20201225230507","is_ascension_mode":false,"campfire_choices":[{"data":"ReplayTheSpireMod:Strike From Hell","floor":12,"key":"SMITH"},{"floor":15,"key":"REST"},{"data":"True Grit","floor":23,"key":"SMITH"},{"floor":28,"key":"REST"},{"floor":32,"key":"REST"}],"circlet_count":0,"master_deck":["Strike_R","Strike_R+1","Strike_R","Defend_R","Defend_R+1","Defend_R","Bash","Thunderclap","ReplayTheSpireMod:Strike From Hell+1","Defy Death","Dropkick","Defy Death","Purity","Sentinel","Replay:Undeath\u0027s Touch","Parasite","Berserk+1","Flame Barrier","Flame Barrier","Impervious","True Grit+1","True Grit","ReplayReversal+1"],"relics":["Burning Blood","Bag of Marbles","Paper Frog","StoneCalendar","Replay:Ringing Soul","Mark of Pain","Simple Rune","Replay:Mystery Machine","Art of War"],"acts_visited":["Exordium","TheCity"],"potions_floor_usage":[5,16,22,24,33],"damage_taken":[{"damage":1,"enemies":"Cultist","floor":1,"turns":3},{"damage":2,"enemies":"2 Louse","floor":2,"turns":2},{"damage":0,"enemies":"Small Slimes","floor":3,"turns":2},{"damage":16,"enemies":"Exordium Thugs","floor":5,"turns":4},{"damage":12,"enemies":"Replay:BlueRogue","floor":6,"turns":6},{"damage":25,"enemies":"Gremlin Nob","floor":8,"turns":4},{"damage":0,"enemies":"3 Louse","floor":11,"turns":3},{"damage":90,"enemies":"Hexaghost","floor":16,"turns":12},{"damage":52,"enemies":"Chosen","floor":18,"turns":6},{"damage":12,"enemies":"3 Byrds","floor":22,"turns":5},{"damage":16,"enemies":"Snecko","floor":24,"turns":7},{"damage":7,"enemies":"Shelled Parasite and Fungi","floor":27,"turns":7},{"damage":18,"enemies":"Centurion and Healer","floor":29,"turns":8},{"damage":38,"enemies":"Snake Plant","floor":31,"turns":7},{"damage":107,"enemies":"Automaton","floor":33,"turns":12}],"seed_played":"-6194233317199883434","potions_obtained":[{"floor":2,"key":"Dexterity Potion"},{"floor":5,"key":"BloodPotion"},{"floor":16,"key":"Ancient Potion"},{"floor":18,"key":"SkillPotion"},{"floor":22,"key":"LifebloodPotion"},{"floor":29,"key":"Elixir"},{"floor":31,"key":"BloodPotion"}],"is_trial":false,"path_per_floor":["M","M","M","$","M","E","$","E","T","?","M","R","?","?","R","B",null,"M","?","?","$","M","R","M","?","T","M","R","M","?","M","R","B"],"character_chosen":"IRONCLAD","items_purchased":["Purity","True Grit","Simple Rune"],"campfire_rested":3,"item_purchase_floors":[7,21,21],"current_hp_per_floor":[80,80,80,80,70,64,64,45,45,45,54,54,43,66,86,22,89,46,49,49,52,49,49,39,39,39,38,68,56,56,27,58,0,0],"gold":279,"neow_bonus":"RANDOM_COMMON_RELIC","is_daily":false,"chose_seed":false,"campfire_upgraded":2,"win_rate":0.0,"timestamp":1608926707,"path_taken":["M","M","M","?","?","E","$","E","T","?","M","R","?","?","R","BOSS","M","?","?","$","?","R","M","?","T","M","R","?","?","M","R","BOSS"],"items_purchased_type":["Card","Card","Relic"],"build_version":"2020-12-22","purchased_purges":0,"victory":false,"max_hp_per_floor":[80,80,80,80,80,80,80,80,80,80,83,83,83,86,86,89,89,92,95,95,98,101,101,101,101,101,101,101,101,101,104,104,104,104],"card_choices":[{"not_picked":["Replay:Undeath\u0027s Touch","ReplayTheSpireMod:Muscle Training"],"picked":"Thunderclap","floor":1},{"not_picked":["Headbutt","Dropkick"],"picked":"ReplayTheSpireMod:Strike From Hell","floor":2},{"not_picked":["Uppercut","ReplayTheSpireMod:Strike From Hell"],"picked":"Defy Death","floor":3},{"not_picked":["Uppercut","Spot Weakness"],"picked":"Dropkick","floor":5},{"not_picked":["Blood for Blood","Clash"],"picked":"Defy Death","floor":6},{"not_picked":["Juggernaut","Metallicize"],"picked":"Sentinel","floor":8},{"not_picked":["Wild Strike","Flex"],"picked":"Replay:Undeath\u0027s Touch","floor":11},{"not_picked":["Bludgeon","Exhume"],"picked":"Berserk","floor":16},{"not_picked":["Run Through","Replay:Undeath\u0027s Touch+1"],"picked":"Flame Barrier","floor":18},{"not_picked":["Armaments","Run Through"],"picked":"True Grit","floor":22},{"not_picked":["Disarm","Headbutt","Burning Pact"],"picked":"SKIP","floor":24},{"not_picked":["Havoc+1","Clash","Wild Strike+1"],"picked":"SKIP","floor":27},{"not_picked":["Flame Barrier","Rampage","Blood for Blood"],"picked":"SKIP","floor":29},{"not_picked":["Second Wind","Double Tap"],"picked":"ReplayReversal+1","floor":31}],"player_experience":286204,"relics_obtained":[{"floor":6,"key":"Paper Frog"},{"floor":8,"key":"StoneCalendar"},{"floor":9,"key":"Replay:Ringing Soul"},{"floor":26,"key":"Art of War"}],"event_choices":[{"damage_healed":0,"gold_gain":75,"player_choice":"Gather Gold","damage_taken":11,"max_hp_gain":0,"max_hp_loss":0,"event_name":"World of Goop","floor":13,"gold_loss":0},{"damage_healed":20,"gold_gain":0,"player_choice":"Healed and dodged fight","damage_taken":0,"max_hp_gain":0,"max_hp_loss":0,"event_name":"Mushrooms","floor":14,"gold_loss":0,"cards_obtained":["Parasite"]},{"damage_healed":0,"gold_gain":0,"cards_transformed":["Defend_R","Strike_R"],"player_choice":"Became Test Subject","damage_taken":0,"max_hp_gain":0,"max_hp_loss":0,"event_name":"Drug Dealer","floor":19,"gold_loss":0,"cards_obtained":["Flame Barrier","Impervious"]},{"damage_healed":0,"gold_gain":0,"player_choice":"Forge","damage_taken":0,"max_hp_gain":0,"max_hp_loss":0,"event_name":"Accursed Blacksmith","floor":20,"gold_loss":0,"cards_upgraded":["Berserk"]},{"damage_healed":0,"gold_gain":0,"player_choice":"Gave Potion","damage_taken":0,"relics_obtained":["Replay:Mystery Machine"],"max_hp_gain":0,"max_hp_loss":0,"event_name":"WeMeetAgain","floor":25,"gold_loss":0},{"damage_healed":0,"gold_gain":0,"player_choice":"0 cards matched","damage_taken":0,"max_hp_gain":0,"max_hp_loss":0,"event_name":"Match and Keep!","floor":30,"gold_loss":0,"cards_obtained":[]}],"is_beta":false,"boss_relics":[{"not_picked":["Tiny House","Electric Blood"],"picked":"Mark of Pain"}],"items_purged_floors":[],"is_endless":false,"potions_floor_spawned":[2,5,16,18,22,29,31],"killed_by":"Automaton","ascension_level":0}}