{"host":"bp6b47iftb3mluh0","time":1608910454,"event":{"mods":["ATMod(∞¢Ë™Mod)","Act Like it!","Alarm Clock","Aspiration","Astrologer","BaseMod","Bestiary","Better Third Choice","Better Vampires","Challenge The Spire","Colored Powertips","Conspire","Curses Come First","Dota2Spire","Downfall","Friendly Minions","Gensokyo","Hallownest","Hermit","Kiyohime£®«Âºß£©","Lobotomy","LobotomyExtend","Marisa£®ÏF”Í°°ƒß¿Ì…≥£©","Marked Mod","Minty Spire (QoL Compilation)","Quick Restart","Rare Cards Sparkle","Red Circlet Mod","Relic Stats","Remilia£®¿Ÿ√◊¿Ú—«£©","Replay The Spire","Reworked Bosses","Ryuuou¡˙Õı","Shop Mod","Spicy Shops","StSLib","The Bug Knight","Uncapped","Waifu the Spire","Yakumo Yukari mod","Youmu£®ªÍ∆«—˝√Œ£©","[µÿæ´ ◊¡Ï≈¿À˛]The Maniac","vexMod","°æ“≈ŒÔø®≈∆°øREMEMod","≤–¡Ù÷ÆŒÔ"],"gold_per_floor":[475,99,99,99,99,99,99,99,99,99,116,116,116,127,127,138,172,191,296,296,221,233,173,196,210,244,244,244],"floor_reached":26,"playtime":1197,"items_purged":[],"score":247,"play_id":"3d025d3c-8161-455d-bd57-acf63bc05cd6","local_time":"20201225233414","is_ascension_mode":false,"campfire_choices":[{"floor":1.0,"key":"DIG"},{"data":"PlaceholderMod:EvolutionSpray","floor":20.0,"key":"SMITH"}],"circlet_count":0,"master_deck":["PlaceholderMod:BaseStrike","PlaceholderMod:BaseStrike","PlaceholderMod:BaseStrike","PlaceholderMod:BaseStrike","PlaceholderMod:BaseDefend","PlaceholderMod:BaseDefend","PlaceholderMod:BaseDefend","PlaceholderMod:BaseDefend","PlaceholderMod:BaseDefend","PlaceholderMod:Crystal","PlaceholderMod:PoisonWhip+1","maniac:UnseenTerror","AT_EssenceShift","PlaceholderMod:HardStrike","PlaceholderMod:Stratification","Vault","Replay:Sluggish","PlaceholderMod:Crystallization","PlaceholderMod:InnerStable","PlaceholderMod:EvolutionSpray+1","PlaceholderMod:CycleAttack","PlaceholderMod:BlastSpray","PlaceholderMod:TriggerStrike","PlaceholderMod:InnerSoften"],"relics":["PlaceholderMod:Tancle","REME_ComplimentaryCards","AT_ATBox","downfall:HeartsMalice","Bronze Scales","LetterFromLob","MagicBullet_r","REME_IWantAll","vexMod:BarristanHead","Ring of Peace","ReplayTheSpireMod:Ring of Addiction","SacredBark","Chameleon Ring","Du-Vu Doll","Ring of Chaos","downfall:HeartBlessingGreen","Bag of Marbles","Dota2Spire:BladeMail","Shuriken"],"acts_visited":["Exordium","TheCity"],"potions_floor_usage":[],"damage_taken":[{"damage":0.0,"enemies":"Jaw Worm","floor":2.0,"turns":1.0},{"damage":0.0,"enemies":"Cultist","floor":3.0,"turns":1.0},{"damage":0.0,"enemies":"2 Louse","floor":4.0,"turns":1.0},{"damage":4.0,"enemies":"2 Fungi Beasts","floor":10.0,"turns":3.0},{"damage":1.0,"enemies":"Blue Slaver","floor":13.0,"turns":3.0},{"damage":0.0,"enemies":"Exordium Wildlife","floor":15.0,"turns":3.0},{"damage":0.0,"enemies":"3 Sentries","floor":16.0,"turns":10.0},{"damage":0.0,"enemies":"Exordium Thugs","floor":17.0,"turns":5.0},{"damage":17.0,"enemies":"downfall:Watcher","floor":18.0,"turns":11.0},{"damage":20.0,"enemies":"Shell Parasite","floor":21.0,"turns":10.0},{"damage":0.0,"enemies":"Chosen","floor":24.0,"turns":5.0},{"damage":19,"enemies":"Gremlin Leader","floor":25,"turns":7}],"seed_played":"-7178124845760437523","potions_obtained":[{"floor":10.0,"key":"Doom Potion"},{"floor":13.0,"key":"Toxic Potion"},{"floor":14.0,"key":"BlessingOfTheForge"},{"floor":14.0,"key":"Fire Potion"},{"floor":21.0,"key":"Toxic Potion"}],"is_trial":false,"path_per_floor":["R","M","M","M","?","PTL","PTL","M","T","M","?","?","M","?","M","E","M","B",null,"R","M","?","T","M","E","T"],"character_chosen":"THE_PLACEHOLDER","items_purchased":[],"campfire_rested":0,"item_purchase_floors":[],"current_hp_per_floor":[59,78,78,78,78,78,78,78,78,78,74,74,69,68,68,68,71,71,54,81,81,59,59,59,59,40,40,40],"gold":244,"neow_bonus":"THREE_ENEMY_KILL","is_daily":false,"chose_seed":false,"campfire_upgraded":1,"win_rate":0.0,"timestamp":1608910454,"path_taken":["R","M","M","M","?","PTL","PTL","M","T","?","?","?","M","?","M","E","M","BOSS","R","M","?","?","?","E","T"],"items_purchased_type":[],"build_version":"2020-12-22","purchased_purges":0,"victory":false,"max_hp_per_floor":[59,78,78,78,78,78,78,78,78,78,78,78,78,78,78,78,81,81,81,81,81,79,79,79,77,77,77,77],"relic_stats":{"counters":[12,57],"Shuriken":[0],"Bronze Scales":[116],"obtain_stats":[{"PlaceholderMod:Tancle":0,"AT_ATBox":0,"MagicBullet_r":8,"ReplayTheSpireMod:Ring of Addiction":14,"SacredBark":14,"downfall:HeartsMalice":0,"downfall:HeartBlessingGreen":20,"Ring of Chaos":19,"REME_IWantAll":9,"Du-Vu Doll":16,"vexMod:BarristanHead":12,"Chameleon Ring":14,"Shuriken":26,"Bronze Scales":1,"Ring of Peace":14,"Dota2Spire:BladeMail":25,"LetterFromLob":2,"Bag of Marbles":23,"REME_ComplimentaryCards":0},{"PlaceholderMod:Tancle":0,"AT_ATBox":0,"MagicBullet_r":3,"ReplayTheSpireMod:Ring of Addiction":5,"SacredBark":5,"downfall:HeartsMalice":0,"downfall:HeartBlessingGreen":9,"Ring of Chaos":9,"REME_IWantAll":3,"Du-Vu Doll":7,"vexMod:BarristanHead":4,"Chameleon Ring":5,"Shuriken":12,"Bronze Scales":0,"Ring of Peace":5,"Dota2Spire:BladeMail":12,"LetterFromLob":1,"Bag of Marbles":10,"REME_ComplimentaryCards":0},{"PlaceholderMod:Tancle":0,"AT_ATBox":0,"MagicBullet_r":0,"ReplayTheSpireMod:Ring of Addiction":6,"SacredBark":6,"downfall:HeartsMalice":0,"downfall:HeartBlessingGreen":35,"Ring of Chaos":35,"REME_IWantAll":0,"Du-Vu Doll":19,"vexMod:BarristanHead":3,"Chameleon Ring":6,"Shuriken":57,"Bronze Scales":0,"Ring of Peace":6,"Dota2Spire:BladeMail":57,"LetterFromLob":0,"Bag of Marbles":45,"REME_ComplimentaryCards":0}]},"card_choices":[{"not_picked":["PlaceholderMod:NearChange","PlaceholderMod:DirectingGroup"],"picked":"PlaceholderMod:HardStrike","floor":2.0},{"not_picked":["PlaceholderMod:SelectReaction","PlaceholderMod:HornyBlast","PlaceholderMod:SeverePoisonStrike"],"picked":"SKIP","floor":3.0},{"not_picked":["PlaceholderMod:HardStrike","PlaceholderMod:DissolvingSpikes"],"picked":"PlaceholderMod:Stratification","floor":4.0},{"not_picked":["PlaceholderMod:TriggerStrike","PlaceholderMod:StrongAcid","PlaceholderMod:SprayAttack"],"picked":"SKIP","floor":10.0},{"not_picked":["PlaceholderMod:Break","PlaceholderMod:Colorful","PlaceholderMod:StressReaction"],"picked":"SKIP","floor":13.0},{"not_picked":["PlaceholderMod:ParasiteChange","PlaceholderMod:Stable"],"picked":"PlaceholderMod:Crystallization","floor":15.0},{"not_picked":["PlaceholderMod:InnerStable","PlaceholderMod:EvolutionSpray","PlaceholderMod:CycleAttack"],"picked":"Singing Bowl","floor":16.0},{"not_picked":["PlaceholderMod:HighConcentration","PlaceholderMod:Polyp","PlaceholderMod:HornyBlast"],"picked":"SKIP","floor":17.0},{"not_picked":["PlaceholderMod:GrowthForm","PlaceholderMod:Inner"],"picked":"PlaceholderMod:BlastSpray","floor":18.0},{"not_picked":["PlaceholderMod:Turn","PlaceholderMod:ParasiteChange","PlaceholderMod:Sweep+1"],"picked":"SKIP","floor":21.0},{"not_picked":["PlaceholderMod:DissolvingSpikes+1","PlaceholderMod:Sweep"],"picked":"PlaceholderMod:TriggerStrike","floor":24.0},{"not_picked":["PlaceholderMod:SprayAttack","PlaceholderMod:DissolvingSpikes"],"picked":"PlaceholderMod:InnerSoften","floor":25}],"player_experience":202611,"relics_obtained":[{"floor":1.0,"key":"Bronze Scales"},{"floor":2.0,"key":"LetterFromLob"},{"floor":9.0,"key":"REME_IWantAll"},{"floor":14.0,"key":"Ring of Peace"},{"floor":14.0,"key":"ReplayTheSpireMod:Ring of Addiction"},{"floor":14.0,"key":"SacredBark"},{"floor":14.0,"key":"Chameleon Ring"},{"floor":16.0,"key":"Du-Vu Doll"},{"floor":23.0,"key":"Bag of Marbles"},{"floor":25,"key":"Dota2Spire:BladeMail"},{"floor":26,"key":"Shuriken"}],"event_choices":[{"cards_removed":["PlaceholderMod:BaseStrike"],"damage_healed":0.0,"max_hp_gain":0.0,"max_hp_loss":0.0,"gold_gain":0.0,"event_name":"Bonfire Elementals","player_choice":"Offered Basic","floor":5.0,"gold_loss":0.0,"damage_taken":0.0}],"is_beta":false,"boss_relics":[{"not_picked":["vexMod:MysteryBossChallenge","REME_LowDesire"],"picked":"Ring of Chaos"}],"items_purged_floors":[],"is_endless":false,"potions_floor_spawned":[10,13,21],"ascension_level":0}}