{"host":"xrdu44lqyrrw1kvr","time":1608940625,"event":{"mods":["Aspiration","BaseMod","Colored Powertips","Hubris","Jedi Mod","Minty Spire (QoL Compilation)","Relic Stats","Replay The Spire","StSLib"],"gold_per_floor":[109,109,109,109,127,127,140,140,140,167,167,92,92,92],"floor_reached":13,"playtime":339,"items_purged":["Strike_B"],"score":162,"play_id":"1c039425-2016-4344-a7fb-a8684c5aeb28","local_time":"20201226025705","is_ascension_mode":true,"campfire_choices":[{"data":"BasicCrystalCard","floor":6,"key":"SMITH"},{"data":"Conserve Battery","floor":11,"key":"SMITH"}],"circlet_count":0,"master_deck":["AscendersBane","Strike_B","Defend_B","Defend_B","Defend_B","Defend_B","Zap","Dualcast","BasicCrystalCard+1","Conserve Battery+1"],"relics":["Cracked Core","aspiration:Nostalgia","Replay:M_StaffOfTheSnake","Pantograph","Question Card"],"acts_visited":["Exordium"],"potions_floor_usage":[10,13],"damage_taken":[{"damage":2,"enemies":"Jaw Worm","floor":1,"turns":5},{"damage":0,"enemies":"2 Louse","floor":5,"turns":2},{"damage":0,"enemies":"Cultist","floor":7,"turns":3},{"damage":8,"enemies":"Lagavulin","floor":10,"turns":5},{"damage":55,"enemies":"Gremlin Nob","floor":13,"turns":3}],"seed_played":"5929635112958955166","potions_obtained":[{"floor":1,"key":"PotionOfCapacity"},{"floor":7,"key":"Explosive Potion"}],"is_trial":false,"path_per_floor":["M","?","?","?","M","R","M","?","T","E","R","$","E"],"character_chosen":"DEFECT","items_purchased":[],"campfire_rested":0,"item_purchase_floors":[],"current_hp_per_floor":[62,55,55,55,55,55,55,59,59,51,51,51,0,0],"gold":92,"neow_bonus":"NOSTALGIA","is_daily":false,"chose_seed":false,"campfire_upgraded":2,"win_rate":0.0,"timestamp":1608940625,"path_taken":["M","?","?","?","M","R","?","?","T","E","R","$","E"],"items_purchased_type":[],"build_version":"2020-12-22","purchased_purges":1,"victory":false,"max_hp_per_floor":[71,71,71,71,71,71,71,71,71,71,71,71,71,71],"relic_stats":{"counters":[5,18],"Pantograph":0,"Question Card":0,"obtain_stats":[{"Replay:M_StaffOfTheSnake":0,"aspiration:Nostalgia":0,"Pantograph":9,"Cracked Core":0,"Question Card":10},{"Replay:M_StaffOfTheSnake":0,"aspiration:Nostalgia":0,"Pantograph":3,"Cracked Core":0,"Question Card":4},{"Replay:M_StaffOfTheSnake":0,"aspiration:Nostalgia":0,"Pantograph":10,"Cracked Core":0,"Question Card":15}]},"card_choices":[{"not_picked":["Sanctity","Predator"],"picked":"BasicCrystalCard","floor":1},{"not_picked":["Turbo","Well Laid Plans","ThirdEye"],"picked":"SKIP","floor":5},{"not_picked":["Streamline","Turbo"],"picked":"Conserve Battery","floor":7},{"not_picked":["FTL","Flying Knee","BootSequence"],"picked":"SKIP","floor":10}],"player_experience":1979025,"relics_obtained":[{"floor":9,"key":"Pantograph"},{"floor":10,"key":"Question Card"}],"event_choices":[{"cards_removed":["Strike_B"],"damage_healed":0,"gold_gain":0,"player_choice":"Card Removal","damage_taken":7,"max_hp_gain":0,"max_hp_loss":0,"event_name":"Golden Wing","floor":2,"gold_loss":0},{"damage_healed":0,"gold_gain":0,"player_choice":"Ignored","damage_taken":0,"max_hp_gain":0,"max_hp_loss":0,"event_name":"Liars Game","floor":3,"gold_loss":0},{"cards_removed":["Strike_B"],"damage_healed":0,"gold_gain":0,"player_choice":"Offered Basic","damage_taken":0,"max_hp_gain":0,"max_hp_loss":0,"event_name":"Bonfire Elementals","floor":4,"gold_loss":0}],"is_beta":false,"boss_relics":[],"items_purged_floors":[12],"is_endless":false,"potions_floor_spawned":[1,7],"killed_by":"Gremlin Nob","ascension_level":20}}