{"host":"2brg86hfzr3u5cix","time":1608884164,"event":{"mods":["AchievementEnabler","Ascension Unlocker","BaseMod","CapriCore","DeckTracker","Highlight Path","Keyboard Shortcuts","Minty Spire (QoL Compilation)","Permanent Neow","Relic Stats","StSLib","The Cursed","Twitch Utils","Uncapped","UnlockEverythingMod"],"gold_per_floor":[116,41,41,41,55,55,78,118,154,166,201,213,260,301,313,325,325],"floor_reached":16,"playtime":460,"items_purged":[],"score":216,"play_id":"8f8135f2-4dc4-428d-a4cd-dd0006eb8e14","local_time":"20201225171604","is_ascension_mode":true,"campfire_choices":[{"data":"TheCursedMod:AntiAging","floor":6.0,"key":"SMITH"},{"floor":10.0,"key":"REST"},{"floor":12.0,"key":"REST"},{"floor":15.0,"key":"REST"}],"circlet_count":0,"master_deck":["AscendersBane","TheCursedMod:Strike_TheCursed","TheCursedMod:Strike_TheCursed","TheCursedMod:Strike_TheCursed","TheCursedMod:Defend_TheCursed","TheCursedMod:Defend_TheCursed","TheCursedMod:CursedWand","TheCursedMod:CleanUpWorkshop","TheCursedMod:Dregs","TheCursedMod:SoulReap","TheCursedMod:AntiAging+1","TheCursedMod:SpitefulPray","Injury","TheCursedMod:AbyssShockwave","TheCursedMod:CursedShiv","TheCursedMod:Stigma","TheCursedMod:Evocation","TheCursedMod:CursedRelics"],"relics":["TheCursedMod:BlackMagic101","Golden Idol","MawBank","MealTicket","Letter Opener","Odd Mushroom"],"acts_visited":["Exordium"],"potions_floor_usage":[16],"damage_taken":[{"damage":14.0,"enemies":"Cultist","floor":1.0,"turns":6.0},{"damage":7.0,"enemies":"Small Slimes","floor":5.0,"turns":4.0},{"damage":0.0,"enemies":"2 Louse","floor":7.0,"turns":1.0},{"damage":59.0,"enemies":"Gremlin Nob","floor":8.0,"turns":5.0},{"damage":1.0,"enemies":"Blue Slaver","floor":11.0,"turns":4.0},{"damage":17.0,"enemies":"3 Sentries","floor":13.0,"turns":5.0},{"damage":12.0,"enemies":"The Mushroom Lair","floor":14.0,"turns":3.0},{"damage":63,"enemies":"The Guardian","floor":16,"turns":6}],"seed_played":"7211725085187950733","potions_obtained":[{"floor":1.0,"key":"SpeedPotion"},{"floor":5.0,"key":"SmokeBomb"},{"floor":7.0,"key":"TheCursedMod:DregsPotion"}],"is_trial":false,"path_per_floor":["M","?","$","?","M","R","M","E","T","R","M","R","E","?","R","B"],"character_chosen":"THE_CURSED","items_purchased":[],"campfire_rested":3,"item_purchase_floors":[],"current_hp_per_floor":[52,52,52,52,52,52,52,1,1,22,27,49,40,28,51,0,0],"gold":325,"neow_bonus":"TRANSFORM_TWO_CARDS","is_daily":false,"chose_seed":false,"campfire_upgraded":1,"win_rate":0.0,"timestamp":1608884164,"path_taken":["M","?","$","?","M","R","M","E","T","R","M","R","E","?","R","BOSS"],"items_purchased_type":[],"build_version":"2020-12-22","purchased_purges":0,"victory":false,"max_hp_per_floor":[66,66,66,66,68,68,68,71,71,71,74,74,77,77,77,80,80],"relic_stats":{"counters":[8,34],"Golden Idol":34,"MealTicket":0,"Letter Opener":[0],"MawBank":96,"obtain_stats":[{"TheCursedMod:BlackMagic101":0,"Golden Idol":4,"MealTicket":9,"Letter Opener":13,"Odd Mushroom":14,"MawBank":8},{"TheCursedMod:BlackMagic101":0,"Golden Idol":1,"MealTicket":4,"Letter Opener":6,"Odd Mushroom":7,"MawBank":4},{"TheCursedMod:BlackMagic101":0,"Golden Idol":6,"MealTicket":16,"Letter Opener":25,"Odd Mushroom":28,"MawBank":16}]},"card_choices":[{"not_picked":["TheCursedMod:CursedArmor","TheCursedMod:RavingStaff"],"picked":"TheCursedMod:SpitefulPray","floor":1.0},{"not_picked":["TheCursedMod:Wield","TheCursedMod:RapidMovement"],"picked":"TheCursedMod:AbyssShockwave","floor":5.0},{"not_picked":["TheCursedMod:Wield","TheCursedMod:SpreadPlague"],"picked":"TheCursedMod:CursedShiv","floor":7.0},{"not_picked":["TheCursedMod:FleshFromBone","TheCursedMod:Wield"],"picked":"TheCursedMod:Stigma","floor":8.0},{"not_picked":["TheCursedMod:CursedMace","TheCursedMod:Stigma","TheCursedMod:SaltUponWound"],"picked":"SKIP","floor":11.0},{"not_picked":["TheCursedMod:CursedBoomerang","TheCursedMod:PrepareRite"],"picked":"TheCursedMod:Evocation","floor":13.0},{"not_picked":["TheCursedMod:Obscuration","TheCursedMod:CursedAmulet"],"picked":"TheCursedMod:CursedRelics","floor":14.0}],"player_experience":327388,"relics_obtained":[{"floor":8.0,"key":"MawBank"},{"floor":9.0,"key":"MealTicket"},{"floor":13.0,"key":"Letter Opener"},{"floor":14.0,"key":"Odd Mushroom"}],"event_choices":[{"cards_removed":["TheCursedMod:Defend_TheCursed"],"damage_healed":0.0,"max_hp_gain":0.0,"max_hp_loss":0.0,"gold_gain":0.0,"event_name":"The Cleric","player_choice":"Card Removal","floor":2.0,"gold_loss":75.0,"damage_taken":0.0},{"damage_healed":0.0,"max_hp_gain":0.0,"max_hp_loss":0.0,"gold_gain":0.0,"event_name":"Golden Idol","player_choice":"Take Wound","floor":4.0,"gold_loss":0.0,"damage_taken":0.0,"relics_obtained":["Golden Idol"],"cards_obtained":["Injury"]},{"damage_healed":0.0,"max_hp_gain":0.0,"max_hp_loss":0.0,"gold_gain":0.0,"event_name":"Mushrooms","player_choice":"Fought Mushrooms","floor":14.0,"gold_loss":0.0,"damage_taken":0.0}],"is_beta":false,"boss_relics":[],"items_purged_floors":[],"is_endless":false,"potions_floor_spawned":[1,5,7,8],"killed_by":"The Guardian","ascension_level":20}}