{"host":"hl3ams4am2ku5u4p","time":1608932335,"event":{"mods":["Aspiration","BaseMod","Beaked The Cultist","BetterRewards","CatGirl Mod","Colored Map","Colored Powertips","Conspire","Downfall","Energized Spire","Halation","HornydragonMod","Hubris","Infinite Spire","Mad Scientist","Magitek Elite","Minty Spire (QoL Compilation)","READ ME - Guardian Mod","Replay The Spire","Spikes Relics","StSLib","SuperFastMode","The Blackbeard","The Bug Knight","The Construct","The Disciple","The Factory","The Jungle","The Mystic","The Necromancer","The Senshi","vexMod"],"gold_per_floor":[117,117,117,17,30,30,30,30,54,54,80,90,90,105,105,203,203,223,223,242,157,22,22,22,41,41,41,69,169,169,184,184,283,283,293,293,293,293,293,293,293,304,304,304,604,629,643,663,663,663],"floor_reached":51,"playtime":3171,"items_purged":["Defend_G","Voices"],"score":809,"play_id":"cae7bc5e-6737-4f1c-9d0c-4140c2291103","local_time":"20201225223855","is_ascension_mode":false,"campfire_choices":[{"data":"Riddle With Holes","floor":6,"key":"SMITH"},{"data":"Neutralize","floor":8,"key":"SMITH"},{"data":"Survivor","floor":10,"key":"SMITH"},{"floor":13,"key":"REST"},{"data":"Draining Mist","floor":15,"key":"SMITH"},{"data":"infinitespire:Neurotoxin","floor":24,"key":"SMITH"},{"floor":27,"key":"REST"},{"data":"Die Die Die","floor":30,"key":"SMITH"},{"floor":32,"key":"REST"},{"floor":41,"key":"REST"},{"floor":44,"key":"REST"},{"data":"Eviscerate","floor":49,"key":"PURGE"}],"circlet_count":0,"master_deck":["Strike_G+1","Strike_G+1","Strike_G+1","Strike_G+1","Strike_G+1","Defend_G+1","Defend_G+1","Defend_G+1","Defend_G+1","Survivor+1","Neutralize+1","expansioncontent:Collect+1","Riddle With Holes+1","Draining Mist+1","Backstab+1","infinitespire:Neurotoxin+1","Die Die Die+1","Slice+1","hubris:Counter+1","Blur+1","Quick Slash+1","Deadly Poison+1"],"relics":["Ring of the Snake","Juzu Bracelet","infinitespire:Golems Mask","Mythril_Glove","Lantern","Gremlin Food","aspiration:Stabinomicon","RollingBoulder","halation:WeightlessCrab","Basket Of Snakes","conspire:DecoderRing","energizedSpire:StickyHand","halation:PinkSoulGem","Oddly Smooth Stone","infinitespire:PuzzleCube"],"acts_visited":["Exordium","TheCity","TheCity"],"potions_floor_usage":[25,33,42,50],"damage_taken":[{"damage":0,"enemies":"2 Louse","floor":1,"turns":3},{"damage":3,"enemies":"Jaw Worm","floor":5,"turns":3},{"damage":15,"enemies":"3 Sentries","floor":11,"turns":7},{"damage":2,"enemies":"Cultist","floor":12,"turns":3},{"damage":0,"enemies":"Large Slime","floor":14,"turns":4},{"damage":5,"enemies":"Hexaghost","floor":16,"turns":11},{"damage":0,"enemies":"Chosen","floor":18,"turns":5},{"damage":1,"enemies":"conspire:FuzzyDice","floor":20,"turns":6},{"damage":12,"enemies":"3 Cultists","floor":25,"turns":5},{"damage":0,"enemies":"Gremlin Leader","floor":28,"turns":6},{"damage":5,"enemies":"Colosseum Slavers","floor":29,"turns":3},{"damage":4,"enemies":"Colosseum Nobs","floor":29,"turns":4},{"damage":0,"enemies":"Centurion and Healer","floor":31,"turns":3},{"damage":8,"enemies":"hubris:MusketHawk","floor":33,"turns":6},{"damage":4,"enemies":"theFactory:2_Experiment_Personnel","floor":35,"turns":3},{"damage":4,"enemies":"theFactory:4_Mini-Bots","floor":42,"turns":3},{"damage":10,"enemies":"theFactory:DecayingSentinel","floor":47,"turns":6},{"damage":0,"enemies":"theFactory:Sentry and Guards","floor":48,"turns":4},{"damage":0,"enemies":"theFactory:SPIDER","floor":50,"turns":5}],"seed_played":"-9119955144137553877","potions_obtained":[{"floor":1,"key":"Ancient Potion"},{"floor":11,"key":"LiquidMemories"},{"floor":12,"key":"EssenceOfSteel"},{"floor":16,"key":"Adrenaline Potion"},{"floor":25,"key":"GamblersBrew"},{"floor":28,"key":"SkillPotion"},{"floor":31,"key":"hexamod:EctoCoolerPotion"},{"floor":35,"key":"Fire Potion"},{"floor":48,"key":"Explosive Potion"}],"is_trial":false,"path_per_floor":["M","?","?","$","M","R","$","R","T","R","E","M","R","M","R","B",null,"M","?","M","?","$","?","R","M","T","R","E","?","R","M","R","B",null,"M","AVR","?","?","?","?","R","M","T","R","?","T","M","M","R_BF","B",null],"character_chosen":"THE_SILENT","items_purchased":["Juzu Bracelet","expansioncontent:Collect","infinitespire:Golems Mask","Die Die Die"],"campfire_rested":5,"item_purchase_floors":[0,0,0,22],"current_hp_per_floor":[56,56,56,56,53,53,53,53,53,53,38,36,57,57,57,52,70,70,70,69,69,69,53,53,41,41,62,62,53,53,53,70,62,70,66,66,66,49,49,49,70,66,66,70,70,70,60,60,60,60],"gold":663,"neow_bonus":"","is_daily":false,"chose_seed":false,"campfire_upgraded":6,"win_rate":0.0,"timestamp":1608932335,"path_taken":["M","?","?","$","M","R","?","R","T","R","E","M","R","M","R","BOSS","M","?","M","?","$","?","R","M","T","R","E","?","R","M","R","BOSS","M","AVR","?","?","?","?","R","M","T","R","?","?","M","M","R_BF","BOSS"],"items_purchased_type":["Relic","Card","Relic","Card"],"build_version":"2020-12-22","purchased_purges":2,"victory":true,"max_hp_per_floor":[70,70,70,70,70,70,70,70,70,70,70,70,70,70,70,70,70,70,70,70,70,70,70,70,70,70,70,70,70,70,70,70,70,70,70,70,70,70,70,70,70,70,70,70,70,70,70,70,70,70],"card_choices":[{"not_picked":["Backflip","PiercingWail"],"picked":"Riddle With Holes","floor":1},{"not_picked":["ReplayTheSpireMod:Tripwire","Quick Slash","Backflip"],"picked":"SKIP","floor":5},{"not_picked":["Acrobatics","Dagger Throw"],"picked":"Draining Mist","floor":11},{"not_picked":["Prepared","Dagger Spray"],"picked":"Backstab","floor":12},{"not_picked":["Eviscerate","Blade Dance","Poisoned Stab"],"picked":"SKIP","floor":14},{"not_picked":["Glass Knife","Venomology"],"picked":"infinitespire:Neurotoxin","floor":16},{"not_picked":["hubris:SlightOfHand","PiercingWail","Outmaneuver"],"picked":"SKIP","floor":18},{"not_picked":["Underhanded Strike","hubris:Sniper+1","Distraction"],"picked":"SKIP","floor":20},{"not_picked":["Outmaneuver","A Thousand Cuts"],"picked":"Slice+1","floor":25},{"not_picked":["Deflect","Quick Slash","Acrobatics"],"picked":"SKIP","floor":28},{"not_picked":["Dash","Predator"],"picked":"hubris:Counter","floor":31},{"not_picked":["Quick Slash+1","PiercingWail+1","Outmaneuver+1"],"picked":"SKIP","floor":35},{"not_picked":["Terror","ReplayTheSpireMod:Shiv Toss","Tactician+1"],"picked":"SKIP","floor":42},{"not_picked":["Quick Slash+1","Eviscerate"],"picked":"Deadly Poison+1","floor":47},{"not_picked":["Acrobatics","Heel Hook+1","Distraction+1"],"picked":"SKIP","floor":48}],"player_experience":2610,"relics_obtained":[{"floor":9,"key":"Mythril_Glove"},{"floor":11,"key":"Lantern"},{"floor":23,"key":"aspiration:Stabinomicon"},{"floor":26,"key":"RollingBoulder"},{"floor":28,"key":"halation:WeightlessCrab"},{"floor":29,"key":"Basket Of Snakes"},{"floor":29,"key":"conspire:DecoderRing"},{"floor":43,"key":"Oddly Smooth Stone"},{"floor":46,"key":"infinitespire:PuzzleCube"}],"event_choices":[{"damage_healed":0,"gold_gain":0,"player_choice":"Simplicity","damage_taken":0,"max_hp_gain":0,"max_hp_loss":0,"event_name":"Back to Basics","floor":19,"gold_loss":0,"cards_upgraded":["Strike_G","Strike_G","Strike_G","Strike_G","Strike_G","Defend_G","Defend_G","Defend_G","Defend_G"]},{"damage_healed":0,"gold_gain":0,"player_choice":"Obtained Relic","damage_taken":0,"relics_obtained":["Gremlin Food"],"max_hp_gain":0,"max_hp_loss":0,"event_name":"Addict","floor":21,"gold_loss":85},{"damage_healed":0,"gold_gain":0,"player_choice":"Obtained Book","damage_taken":16,"max_hp_gain":0,"max_hp_loss":0,"event_name":"Cursed Tome","floor":23,"gold_loss":0},{"damage_healed":0,"gold_gain":0,"player_choice":"Fight","damage_taken":0,"max_hp_gain":0,"max_hp_loss":0,"event_name":"Colosseum","floor":29,"gold_loss":0},{"damage_healed":0,"gold_gain":0,"player_choice":"Fought Nobs","damage_taken":0,"max_hp_gain":0,"max_hp_loss":0,"event_name":"Colosseum","floor":29,"gold_loss":0},{"damage_healed":0,"gold_gain":0,"player_choice":"Got Potions","damage_taken":0,"max_hp_gain":0,"max_hp_loss":0,"event_name":"Lab","floor":39,"gold_loss":0}],"is_beta":false,"boss_relics":[{"not_picked":["aspiration:RitualDagger","infinitespire:Cupcake","Runic Pyramid"]},{"not_picked":["Kintsugi","halation:Risk"],"picked":"energizedSpire:StickyHand"}],"items_purged_floors":[0,4],"is_endless":false,"potions_floor_spawned":[1,11,12,16,18,25,28,31,35,48],"ascension_level":0}}