{"host":"qc1sjgtdjonvdsd8","time":1608896329,"event":{"mods":["BaseMod","Colored Map","Colored Powertips","Curses Come First","Minty Spire (QoL Compilation)","Replay The Spire","StSLib","The Cursed","The Servant 0.9.4"],"gold_per_floor":[117,117,133,133,151,151,161,181,181,181,211,211,230,101,101,199,199,210,225,225,417,99,113,113,113,113,127,144,144,144,160,160,255,255,269,281,281,281],"floor_reached":37,"playtime":3625,"items_purged":["Strike_S"],"score":398,"play_id":"b8172e11-a7e4-4a54-91f5-9fdb9ad180d6","local_time":"20201225033849","is_ascension_mode":false,"campfire_choices":[{"data":"Exchange","floor":6,"key":"SMITH"},{"data":"DoubleEdge","floor":10,"key":"SMITH"},{"floor":24,"key":"REST"},{"floor":32,"key":"REST"}],"circlet_count":0,"master_deck":["Strike_S","Strike_S","Defend_S","Defend_S","Defend_S","KidneyShot","Exchange+1","Potential+1","ShiftingGears","ShatteredReality","Initiator","DoubleEdge+1","Rewind","TimeWarp","SurpressingFire+1","MurderousAura","TimeWarp+1","Alleviate+1","MoonPhase","MoonPhase","Spin","DualDimension","DualDimension+1","Defy","TheWorld","Defy","Comet+1"],"relics":["Uniform","NeowsBlessing","Pear","Replay:Mystery Machine","Snack Pack","Letter Opener","SlaversCollar"],"acts_visited":["Exordium","TheCity","TheBeyond"],"potions_floor_usage":[28],"damage_taken":[{"damage":0,"enemies":"Small Slimes","floor":1,"turns":2},{"damage":0,"enemies":"Cultist","floor":3,"turns":1},{"damage":0,"enemies":"Jaw Worm","floor":5,"turns":1},{"damage":16,"enemies":"Lots of Slimes","floor":7,"turns":7},{"damage":0,"enemies":"Exordium Wildlife","floor":8,"turns":2},{"damage":8,"enemies":"Lagavulin","floor":11,"turns":5},{"damage":0,"enemies":"Red Slaver","floor":13,"turns":3},{"damage":18,"enemies":"Hexaghost","floor":16,"turns":8},{"damage":17,"enemies":"2 Thieves","floor":18,"turns":4},{"damage":0,"enemies":"Chosen","floor":19,"turns":4},{"damage":16,"enemies":"Snecko","floor":23,"turns":7},{"damage":25,"enemies":"Centurion and Healer","floor":27,"turns":6},{"damage":30,"enemies":"Snake Plant","floor":28,"turns":3},{"damage":0,"enemies":"Chosen and Byrds","floor":31,"turns":5},{"damage":19,"enemies":"Collector","floor":33,"turns":9},{"damage":39,"enemies":"3 Shapes","floor":35,"turns":5},{"damage":35,"enemies":"Orb Walker","floor":36,"turns":5}],"seed_played":"8278908794604892789","potions_obtained":[{"floor":2,"key":"Doom Potion"},{"floor":2,"key":"Reflective Coating"},{"floor":2,"key":"SneckoOil"},{"floor":3,"key":"Elixir"},{"floor":8,"key":"Swift Potion"},{"floor":31,"key":"Milkshake"},{"floor":33,"key":"Dexterity Potion"}],"is_trial":false,"path_per_floor":["M","?","M","?","M","R","M","M","T","R","E","?","M","$","R_BF","B",null,"M","M","?","?","$","M","R","?","T","M","M","?","?","M","R","B",null,"M","M","?"],"character_chosen":"THE_SERVANT","items_purchased":["SurpressingFire+1","Snack Pack","MoonPhase"],"campfire_rested":2,"item_purchase_floors":[14,22,22],"current_hp_per_floor":[65,65,65,65,65,65,49,49,59,59,51,51,51,51,73,55,75,58,58,58,58,58,44,66,52,52,31,3,29,13,17,41,26,80,43,10,0,0],"gold":281,"neow_bonus":"THREE_ENEMY_KILL","is_daily":false,"chose_seed":false,"campfire_upgraded":2,"win_rate":0.0,"timestamp":1608896329,"path_taken":["M","?","?","?","?","R","M","M","T","R","E","?","?","$","R_BF","BOSS","M","M","?","?","$","M","R","?","T","?","M","?","?","M","R","BOSS","M","M","?"],"items_purchased_type":["Card","Relic","Card"],"build_version":"2020-12-22","purchased_purges":1,"victory":false,"max_hp_per_floor":[65,65,65,65,65,65,65,65,75,75,75,75,75,75,75,75,75,75,75,75,75,75,75,75,80,80,80,80,80,80,80,80,80,80,80,80,80,80],"card_choices":[{"not_picked":["FastForward","Contraction"],"picked":"Potential","floor":1},{"not_picked":["Unruled","Defy"],"picked":"ShiftingGears","floor":3},{"not_picked":["SpecialFormula","ShiftingGears"],"picked":"ShatteredReality","floor":5},{"not_picked":["Spin","Rearm"],"picked":"Initiator","floor":7},{"not_picked":["Snipe","Revamp"],"picked":"DoubleEdge","floor":8},{"not_picked":["Desolation","Foresight"],"picked":"Rewind","floor":11},{"not_picked":["Starlight","Comet"],"picked":"TimeWarp","floor":13},{"not_picked":["Sunlight","Solidify"],"picked":"MurderousAura","floor":16},{"not_picked":["Gouge","Spin"],"picked":"TimeWarp+1","floor":18},{"not_picked":["Collapse","ShatteredReality"],"picked":"Alleviate+1","floor":19},{"not_picked":["ShatteredReality","Replace"],"picked":"MoonPhase","floor":21},{"not_picked":["TimeWarp","Advance"],"picked":"Spin","floor":23},{"not_picked":["WasteNot","TimeWarp+1"],"picked":"DualDimension","floor":27},{"not_picked":["MoonPhase","SilverBlades+1"],"picked":"DualDimension+1","floor":28},{"not_picked":["Contraction","Starlight+1"],"picked":"Defy","floor":31},{"not_picked":["FlawlessForm","SoulSculpture"],"picked":"TheWorld","floor":33},{"not_picked":["DoubleEdge+1","Rewind"],"picked":"Defy","floor":35},{"not_picked":["Spin","Revamp"],"picked":"Comet+1","floor":36}],"player_experience":155682,"relics_obtained":[{"floor":9,"key":"Pear"},{"floor":11,"key":"Replay:Mystery Machine"},{"floor":26,"key":"Letter Opener"}],"event_choices":[{"damage_healed":0,"gold_gain":0,"player_choice":"Got Potions","damage_taken":0,"max_hp_gain":0,"max_hp_loss":0,"event_name":"Lab","floor":2,"gold_loss":0},{"cards_removed":["Strike_S"],"damage_healed":0,"gold_gain":0,"player_choice":"Purged","damage_taken":0,"max_hp_gain":0,"max_hp_loss":0,"event_name":"Purifier","floor":4,"gold_loss":0},{"cards_removed":["Defend_S"],"damage_healed":0,"gold_gain":0,"player_choice":"Offered Basic","damage_taken":0,"max_hp_gain":0,"max_hp_loss":0,"event_name":"Bonfire Elementals","floor":12,"gold_loss":0},{"damage_healed":0,"gold_gain":0,"player_choice":"Shed Blood","damage_taken":19,"max_hp_gain":5,"max_hp_loss":0,"event_name":"Forgotten Altar","floor":25,"gold_loss":0},{"damage_healed":26,"gold_gain":0,"player_choice":"Heal","damage_taken":0,"max_hp_gain":0,"max_hp_loss":0,"event_name":"The Library","floor":29,"gold_loss":0},{"damage_healed":0,"gold_gain":0,"player_choice":"Obtained Book","damage_taken":16,"max_hp_gain":0,"max_hp_loss":0,"event_name":"Cursed Tome","floor":30,"gold_loss":0},{"damage_healed":0,"gold_gain":0,"player_choice":"Embrace Madness","damage_taken":10,"max_hp_gain":0,"max_hp_loss":0,"event_name":"Winding Halls","floor":37,"gold_loss":0,"cards_obtained":["Madness","Madness"]}],"is_beta":false,"boss_relics":[{"not_picked":["Replay:Wanted Poster","Velvet Choker","Coffee Dripper"]},{"not_picked":["Cursed Key","Fusion Hammer"],"picked":"SlaversCollar"}],"items_purged_floors":[14],"is_endless":false,"potions_floor_spawned":[3,7,8,16,31,33],"ascension_level":0}}