{"host":"vc42n08di9czm3e7","time":1608874384,"event":{"mods":["AchievementEnabler","Act Like it!","BaseMod","Colored Powertips","Downfall","Friendly Minions","GifTheSpireLib","Hubris","Minty Spire (QoL Compilation)","Rare Cards Sparkle","StSLib"],"gold_per_floor":[99,117,117,134,42,42,66,83,83,83,8,21,6,6,21,21,21,21],"floor_reached":16,"playtime":670,"items_purged":[],"score":90,"play_id":"0a98ebc1-6cbc-4b48-b09a-405d8bae2b0e","local_time":"20201225003304","is_ascension_mode":false,"campfire_choices":[{"floor":1,"key":"RECALL"},{"data":"Slimebound:LevelUp","floor":6,"key":"SMITH"},{"data":"Slimebound:SplitBruiser","floor":11,"key":"SMITH"}],"circlet_count":0,"master_deck":["Slimebound:Strike_Slimebound","Slimebound:Strike_Slimebound","Slimebound:Strike_Slimebound","Slimebound:Tackle","Slimebound:Defend_Slimebound","Slimebound:Defend_Slimebound","Slimebound:Defend_Slimebound","Slimebound:Defend_Slimebound","Slimebound:Split","Slimebound:CorrosiveSpit","Slimebound:SplitBruiser+1","Slimebound:SamplingLick","Slimebound:SlimeBrawl","Slimebound:LevelUp+1","Slimebound:Overexert","Slimebound:FormOfPuddle","Slimebound:SlimeTap","Slimebound:GrowthPunch"],"relics":["Slimebound:AbsorbEndCombat","hubris:Towel","Bronze Scales","downfall:HeartBlessingRed"],"acts_visited":["Exordium"],"potions_floor_usage":[5,16],"damage_taken":[{"damage":14,"enemies":"Jaw Worm","floor":2,"turns":3},{"damage":18,"enemies":"Small Slimes","floor":4,"turns":3},{"damage":13,"enemies":"downfall:FleeingMerchant","floor":5,"turns":4},{"damage":9,"enemies":"Cultist","floor":8,"turns":3},{"damage":17,"enemies":"Exordium Wildlife","floor":12,"turns":4},{"damage":9,"enemies":"downfall:FleeingMerchant","floor":13,"turns":4},{"damage":22,"enemies":"Exordium Thugs","floor":15,"turns":4},{"damage":73,"enemies":"downfall:Ironclad","floor":16,"turns":9}],"seed_played":"-882924060592180811","potions_obtained":[{"floor":2,"key":"PowerPotion"},{"floor":15,"key":"Dexterity Potion"}],"is_trial":false,"path_per_floor":["R","M","?","M","$","R","T","M","?","?","R","M","$","?","M","B"],"character_chosen":"SLIMEBOUND","items_purchased":["Slimebound:LevelUp"],"campfire_rested":0,"item_purchase_floors":[5],"current_hp_per_floor":[60,54,54,46,45,45,45,46,51,51,51,44,45,45,33,0,0,0],"gold":21,"neow_bonus":"THREE_CARDS","is_daily":false,"chose_seed":false,"campfire_upgraded":2,"win_rate":0.0,"timestamp":1608874384,"path_taken":["R","M","?","M","$","R","T","M","?","?","R","M","?","?","M","BOSS"],"items_purchased_type":["Card"],"build_version":"2020-12-22","purchased_purges":0,"victory":false,"max_hp_per_floor":[60,60,60,60,60,60,60,60,65,65,65,65,65,65,65,65,65,65],"card_choices":[{"not_picked":["Slimebound:SamplingLick","Slimebound:SplitAcid"],"picked":"Slimebound:SplitBruiser","floor":0},{"not_picked":["Slimebound:SplitAcid","Slimebound:SplitBruiser"],"picked":"Slimebound:Gluttony","floor":2},{"not_picked":["Slimebound:LeechingTouch","Slimebound:GoopSpray"],"picked":"Slimebound:SamplingLick","floor":4},{"not_picked":["Slimebound:FormOfPuddle","Slimebound:SplitBruiser"],"picked":"Slimebound:SlimeBrawl","floor":5},{"not_picked":["Slimebound:ViciousTackle","Slimebound:LeechingTouch"],"picked":"Slimebound:Overexert","floor":8},{"not_picked":["Slimebound:Schlurp","Slimebound:ViciousTackle"],"picked":"Slimebound:FormOfPuddle","floor":12},{"not_picked":["Slimebound:SelfFormingGoo","Slimebound:RainOfGoop"],"picked":"Slimebound:SlimeTap","floor":13},{"not_picked":["Slimebound:SplitAcid","Slimebound:PressTheAttack"],"picked":"Slimebound:GrowthPunch","floor":15}],"player_experience":213448,"relics_obtained":[{"floor":7,"key":"Bronze Scales"}],"event_choices":[{"damage_healed":0,"gold_gain":0,"player_choice":"Donut","damage_taken":0,"max_hp_gain":5,"max_hp_loss":0,"event_name":"Big Fish","floor":9,"gold_loss":0},{"cards_removed":["Slimebound:Gluttony"],"damage_healed":0,"gold_gain":0,"player_choice":"Card Removal","damage_taken":0,"max_hp_gain":0,"max_hp_loss":0,"event_name":"The Cleric","floor":10,"gold_loss":0}],"is_beta":false,"boss_relics":[],"items_purged_floors":[],"is_endless":false,"potions_floor_spawned":[2,15],"killed_by":"downfall:Ironclad","ascension_level":0}}