{"host":"z34yzn8hj4ic20ef","time":1608867768,"event":{"mods":["AchievementEnabler","BaseMod","Minty Spire (QoL Compilation)","StSLib","SuperFastMode"],"gold_per_floor":[113,128,144,160,177,205,205,240,264,264,414,438,453,478,478,478,478],"floor_reached":16,"playtime":637,"items_purged":[],"score":287,"play_id":"8a131647-9f92-4485-9464-ac8a1086511d","local_time":"20201225124248","is_ascension_mode":true,"campfire_choices":[{"data":"Expertise","floor":7,"key":"SMITH"},{"floor":10,"key":"REST"},{"floor":15,"key":"REST"}],"circlet_count":0,"master_deck":["AscendersBane","Strike_G","Strike_G","Strike_G","Strike_G","Strike_G","Defend_G","Defend_G","Defend_G","Defend_G","Defend_G","Survivor","Neutralize","Backflip","Skewer","Dagger Spray","Tactician","Masterful Stab","Expertise+1","Leg Sweep","Doubt","Infinite Blades","Predator","Cloak And Dagger"],"relics":["Runic Dome","Vajra","Ninja Scroll","Toy Ornithopter","Odd Mushroom","Centennial Puzzle"],"acts_visited":["Exordium"],"potions_floor_usage":[5,6,6,8,16],"damage_taken":[{"damage":2,"enemies":"Small Slimes","floor":1,"turns":4},{"damage":6,"enemies":"2 Louse","floor":2,"turns":2},{"damage":0,"enemies":"Cultist","floor":3,"turns":3},{"damage":4,"enemies":"Looter","floor":4,"turns":4},{"damage":12,"enemies":"Exordium Wildlife","floor":5,"turns":4},{"damage":0,"enemies":"Gremlin Nob","floor":6,"turns":3},{"damage":30,"enemies":"Lagavulin","floor":8,"turns":9},{"damage":0,"enemies":"The Mushroom Lair","floor":12,"turns":4},{"damage":5,"enemies":"Gremlin Gang","floor":13,"turns":4},{"damage":10,"enemies":"3 Sentries","floor":14,"turns":5},{"damage":33,"enemies":"Hexaghost","floor":16,"turns":11}],"seed_played":"-4546834726673896693","potions_obtained":[{"floor":1,"key":"Explosive Potion"},{"floor":3,"key":"Poison Potion"},{"floor":5,"key":"Fire Potion"},{"floor":6,"key":"SpeedPotion"},{"floor":12,"key":"Poison Potion"}],"is_trial":false,"path_per_floor":["M","M","M","M","M","E","R","E","T","R","?","?","M","E","R","B"],"character_chosen":"THE_SILENT","items_purchased":[],"campfire_rested":2,"item_purchase_floors":[],"current_hp_per_floor":[57,51,51,47,35,35,35,5,5,24,24,24,19,9,28,0,0],"gold":478,"neow_bonus":"BOSS_RELIC","is_daily":false,"chose_seed":false,"campfire_upgraded":1,"win_rate":0.0,"timestamp":1608867768,"path_taken":["M","M","M","M","M","E","R","E","T","R","?","?","M","E","R","BOSS"],"items_purchased_type":[],"build_version":"2020-12-22","purchased_purges":0,"victory":false,"max_hp_per_floor":[66,66,66,66,66,66,66,66,66,66,66,66,66,66,66,66,66],"card_choices":[{"not_picked":["Terror","Concentrate"],"picked":"Backflip","floor":1},{"not_picked":["Flying Knee","Blur"],"picked":"Skewer","floor":2},{"not_picked":["Dagger Throw","Cloak And Dagger"],"picked":"Dagger Spray","floor":3},{"not_picked":["Deadly Poison","Poisoned Stab"],"picked":"Tactician","floor":4},{"not_picked":["Sucker Punch","Bullet Time"],"picked":"Masterful Stab","floor":5},{"not_picked":["Setup","Quick Slash"],"picked":"Expertise","floor":6},{"not_picked":["Slice","Backstab"],"picked":"Leg Sweep","floor":8},{"not_picked":["PiercingWail","Backflip"],"picked":"Infinite Blades","floor":12},{"not_picked":["Skewer","Masterful Stab"],"picked":"Predator","floor":13},{"not_picked":["Bane","Dagger Throw"],"picked":"Cloak And Dagger","floor":14}],"player_experience":670804,"relics_obtained":[{"floor":6,"key":"Vajra"},{"floor":8,"key":"Ninja Scroll"},{"floor":9,"key":"Toy Ornithopter"},{"floor":12,"key":"Odd Mushroom"},{"floor":14,"key":"Centennial Puzzle"}],"event_choices":[{"damage_healed":0,"gold_gain":150,"player_choice":"AGREE","damage_taken":0,"max_hp_gain":0,"max_hp_loss":0,"event_name":"Liars Game","floor":11,"gold_loss":0,"cards_obtained":["Doubt"]},{"damage_healed":0,"gold_gain":0,"player_choice":"Fought Mushrooms","damage_taken":0,"max_hp_gain":0,"max_hp_loss":0,"event_name":"Mushrooms","floor":12,"gold_loss":0}],"is_beta":false,"boss_relics":[],"items_purged_floors":[],"is_endless":false,"potions_floor_spawned":[1,3,5,6,12],"killed_by":"Hexaghost","ascension_level":19}}