{"host":"74rphcgmhz43g39u","time":1608891448,"event":{"mods":["BaseMod","Colored Powertips","Marisa£®ÏF”Í°°ƒß¿Ì…≥£©","Minty Spire (QoL Compilation)","Quick Restart","StSLib"],"gold_per_floor":[117,117,42,42,60,87,87,101,101,101,134,134,160,180,180,180,180],"floor_reached":16,"playtime":341,"items_purged":["Strike_R"],"score":286,"play_id":"fa35f1c0-700a-4f58-9553-d664e51af693","local_time":"20201225181728","is_ascension_mode":true,"campfire_choices":[{"data":"Pommel Strike","floor":10.0,"key":"SMITH"},{"data":"Juggernaut","floor":15.0,"key":"SMITH"}],"circlet_count":0,"master_deck":["AscendersBane","Strike_R","Strike_R","Strike_R","Strike_R","Defend_R","Defend_R","Defend_R","Defend_R","Bash","Pommel Strike+1","Impervious","Flame Barrier","Feel No Pain","Burning Pact","Juggernaut+1"],"relics":["Burning Blood","NeowsBlessing","Kunai","The Courier","PreservedInsect","Strawberry"],"acts_visited":[],"potions_floor_usage":[],"damage_taken":[{"damage":0.0,"enemies":"Cultist","floor":1.0,"turns":1.0},{"damage":0.0,"enemies":"Jaw Worm","floor":5.0,"turns":1.0},{"damage":0.0,"enemies":"Lagavulin","floor":6.0,"turns":1.0},{"damage":4.0,"enemies":"Small Slimes","floor":8.0,"turns":4.0},{"damage":27.0,"enemies":"3 Sentries","floor":11.0,"turns":11.0},{"damage":8.0,"enemies":"Gremlin Nob","floor":13.0,"turns":3.0},{"damage":9.0,"enemies":"Looter","floor":14.0,"turns":4.0},{"damage":0,"enemies":"Hexaghost","floor":16,"turns":1}],"seed_played":"-1084358275788980192","potions_obtained":[{"floor":5.0,"key":"Strength Potion"},{"floor":6.0,"key":"LiquidBronze"},{"floor":11.0,"key":"Weak Potion"}],"is_trial":false,"path_per_floor":["M","?","$","?","M","E","$","M","T","R","E","?","E","M","R","B"],"character_chosen":"IRONCLAD","items_purchased":[],"campfire_rested":0,"item_purchase_floors":[],"current_hp_per_floor":[74,74,74,74,75,75,75,75,75,75,54,59,64,61,61,61,61],"gold":180,"neow_bonus":"THREE_ENEMY_KILL","is_daily":false,"chose_seed":false,"campfire_upgraded":2,"win_rate":0.0,"timestamp":1608891448,"path_taken":["M","?","?","?","M","E","$","M","T","R","E","?","E","M","R","BOSS"],"items_purchased_type":[],"build_version":"2020-12-22","purchased_purges":1,"victory":false,"max_hp_per_floor":[75,75,75,75,75,75,75,75,75,75,75,80,87,87,87,87,87],"card_choices":[{"not_picked":["Sword Boomerang","Twin Strike"],"picked":"Pommel Strike","floor":1.0},{"not_picked":["Clash","Sentinel","Blood for Blood"],"picked":"SKIP","floor":5.0},{"not_picked":["Clash","Sentinel","Blood for Blood"],"picked":"SKIP","floor":5.0},{"not_picked":["Entrench","Pommel Strike"],"picked":"Flame Barrier","floor":6.0},{"not_picked":["Thunderclap","Havoc","Clothesline"],"picked":"SKIP","floor":8.0},{"not_picked":["Seeing Red","Hemokinesis"],"picked":"Feel No Pain","floor":11.0},{"not_picked":["Searing Blow","Flame Barrier"],"picked":"Burning Pact","floor":13.0},{"not_picked":["Whirlwind","Iron Wave"],"picked":"Juggernaut","floor":14.0}],"player_experience":831072,"relics_obtained":[{"floor":6.0,"key":"Kunai"},{"floor":9.0,"key":"The Courier"},{"floor":11.0,"key":"PreservedInsect"},{"floor":13.0,"key":"Strawberry"}],"event_choices":[{"damage_healed":0.0,"max_hp_gain":0.0,"max_hp_loss":0.0,"gold_gain":0.0,"event_name":"Match and Keep!","player_choice":"1 cards matched","floor":2.0,"gold_loss":0.0,"damage_taken":0.0,"cards_obtained":["Impervious"]},{"damage_healed":0.0,"max_hp_gain":0.0,"max_hp_loss":0.0,"gold_gain":0.0,"event_name":"The Cleric","player_choice":"Leave","floor":4.0,"gold_loss":0.0,"damage_taken":0.0},{"damage_healed":0.0,"max_hp_gain":5.0,"max_hp_loss":0.0,"gold_gain":0.0,"event_name":"Big Fish","player_choice":"Donut","floor":12.0,"gold_loss":0.0,"damage_taken":0.0}],"is_beta":false,"boss_relics":[],"items_purged_floors":[3],"is_endless":false,"potions_floor_spawned":[5,6,11],"killed_by":"Hexaghost","ascension_level":20}}