{"host":"iphsb0ccnjx0pfn6","time":1608871305,"event":{"mods":["2.2 Compatiblity","AchievementEnabler","BaseMod","Colored Map","DeckTracker","Keyboard Shortcuts","Minty Spire (QoL Compilation)","Permanent Neow","Quick Restart","Relic Stats","StSLib","SuperFastMode","Uncapped","everything is the same but u backflip on backflip"],"gold_per_floor":[118,134,59,134,144,144,156,168,168,178,198,217,217,253,253,339,339,355,355,372,297,117,143,152,170,170,170,170,170],"floor_reached":28,"playtime":528,"items_purged":["Doubt","Strike_P"],"score":584,"play_id":"29736986-8e7b-42b0-93b2-81f98cac352b","local_time":"20201225134145","is_ascension_mode":true,"campfire_choices":[{"floor":6.0,"key":"REST"},{"data":"Eruption","floor":13.0,"key":"SMITH"},{"data":"Tantrum","floor":15,"key":"SMITH"}],"circlet_count":0,"master_deck":["AscendersBane","Strike_P","Defend_P","Defend_P","Defend_P","Eruption+1","Vigilance","Tantrum+1","ReachHeaven","EmptyMind","Vengeance","Wallop","ClearTheMind","Halt","EmptyFist","Vault","Adaptation","Normality"],"relics":["PureWater","Art of War","CeramicFish","Cursed Key","TeardropLocket"],"acts_visited":["Exordium","TheCity"],"potions_floor_usage":[16,28,28],"damage_taken":[{"damage":7.0,"enemies":"Jaw Worm","floor":1.0,"turns":3.0},{"damage":12.0,"enemies":"2 Louse","floor":2.0,"turns":3.0},{"damage":10.0,"enemies":"Small Slimes","floor":5.0,"turns":2.0},{"damage":0.0,"enemies":"2 Fungi Beasts","floor":7.0,"turns":3.0},{"damage":1.0,"enemies":"Red Slaver","floor":8.0,"turns":3.0},{"damage":1.0,"enemies":"Looter","floor":10.0,"turns":4.0},{"damage":6.0,"enemies":"Exordium Thugs","floor":11.0,"turns":3.0},{"damage":19.0,"enemies":"3 Louse","floor":12.0,"turns":4.0},{"damage":2,"enemies":"Gremlin Nob","floor":14,"turns":3},{"damage":0,"enemies":"Slime Boss","floor":16,"turns":3},{"damage":0,"enemies":"Spheric Guardian","floor":18,"turns":4},{"damage":0,"enemies":"Chosen","floor":20,"turns":3},{"damage":19,"enemies":"Book of Stabbing","floor":23,"turns":4},{"damage":29,"enemies":"Centurion and Healer","floor":25,"turns":5},{"damage":9,"enemies":"Gremlin Leader","floor":28,"turns":1}],"seed_played":"8618271961727595518","potions_obtained":[{"floor":1.0,"key":"SkillPotion"},{"floor":2.0,"key":"Weak Potion"},{"floor":8.0,"key":"Swift Potion"},{"floor":12.0,"key":"Ambrosia"},{"floor":20,"key":"SkillPotion"}],"is_trial":false,"path_per_floor":["M","M","$","?","M","R","M","M","T","M","M","M","R","E","R","B",null,"M","?","M","?","$","E","T","M","T","?","E"],"character_chosen":"WATCHER","items_purchased":["Adaptation"],"campfire_rested":1,"item_purchase_floors":[22],"current_hp_per_floor":[54,42,42,31,21,41,41,40,40,39,33,14,14,12,12,12,54,54,54,54,54,54,35,35,6,6,6,0,0],"gold":170,"neow_bonus":"TRANSFORM_TWO_CARDS","is_daily":false,"chose_seed":false,"campfire_upgraded":2,"win_rate":0.0,"timestamp":1608871305,"path_taken":["M","M","$","?","M","R","M","M","T","M","M","M","R","E","R","BOSS","M","?","M","?","$","E","?","M","T","?","E"],"items_purchased_type":["Card"],"build_version":"2020-12-22","purchased_purges":2,"victory":false,"max_hp_per_floor":[68,68,68,68,68,68,68,68,68,68,68,68,68,68,68,68,68,68,68,68,68,68,68,68,68,68,68,68,68],"relic_stats":{"counters":[15,48],"CeramicFish":36,"Art of War":[4],"Cursed Key":1,"obtain_stats":[{"CeramicFish":14,"Art of War":9,"TeardropLocket":23,"PureWater":0,"Cursed Key":17},{"CeramicFish":9,"Art of War":5,"TeardropLocket":13,"PureWater":0,"Cursed Key":10},{"CeramicFish":28,"Art of War":14,"TeardropLocket":42,"PureWater":0,"Cursed Key":31}]},"card_choices":[{"not_picked":["FollowUp","ClearTheMind"],"picked":"EmptyMind","floor":1.0},{"not_picked":["Weave","Tantrum","Halt"],"picked":"SKIP","floor":2.0},{"not_picked":["Prostrate","EmptyMind"],"picked":"Vengeance","floor":5.0},{"not_picked":["FollowUp","Collect"],"picked":"Wallop","floor":7.0},{"not_picked":["Tantrum","Blasphemy"],"picked":"ClearTheMind","floor":8.0},{"not_picked":["Conclude","ThirdEye","SashWhip"],"picked":"SKIP","floor":10.0},{"not_picked":["ReachHeaven","DeceiveReality"],"picked":"Halt","floor":11.0},{"not_picked":["EmptyMind","MasterReality","Swivel"],"picked":"SKIP","floor":12.0},{"not_picked":["Crescendo","Swivel"],"picked":"EmptyFist","floor":14},{"not_picked":["DevaForm","Judgement"],"picked":"Vault","floor":16},{"not_picked":["CrushJoints","FlyingSleeves","Prostrate"],"picked":"SKIP","floor":18},{"not_picked":["Protect","FlurryOfBlows","JustLucky"],"picked":"SKIP","floor":20},{"not_picked":["Tantrum","WaveOfTheHand","DeceiveReality"],"picked":"SKIP","floor":23},{"not_picked":["WreathOfFlame","EmptyFist","Vengeance"],"picked":"SKIP","floor":25}],"player_experience":1258253,"relics_obtained":[{"floor":9.0,"key":"Art of War"},{"floor":14,"key":"CeramicFish"},{"floor":23,"key":"TeardropLocket"}],"event_choices":[{"damage_healed":0.0,"max_hp_gain":0.0,"max_hp_loss":0.0,"gold_gain":75.0,"event_name":"World of Goop","player_choice":"Gather Gold","floor":4.0,"gold_loss":0.0,"damage_taken":11.0},{"damage_healed":0,"gold_gain":0,"player_choice":"Ignored","damage_taken":0,"max_hp_gain":0,"max_hp_loss":0,"event_name":"The Mausoleum","floor":19,"gold_loss":0},{"cards_removed":["Strike_P"],"damage_healed":0,"gold_gain":0,"player_choice":"Gave Gold","damage_taken":0,"max_hp_gain":0,"max_hp_loss":0,"event_name":"Beggar","floor":21,"gold_loss":75},{"damage_healed":0,"gold_gain":0,"player_choice":"Ignored","damage_taken":0,"max_hp_gain":0,"max_hp_loss":0,"event_name":"Vampires","floor":27,"gold_loss":0}],"is_beta":false,"boss_relics":[{"not_picked":["SlaversCollar","Tiny House"],"picked":"Cursed Key"}],"items_purged_floors":[3,22],"is_endless":false,"potions_floor_spawned":[1,2,5,8,11,12,20,25],"killed_by":"Gremlin Leader","ascension_level":20}}