{"host":"ba8fi0vd2808q8ml","time":1608919323,"event":{"mods":["2.2 Compatiblity","AchievementEnabler","BaseMod","Hermit","Lobotomy","LobotomyExtend","Marisa£¨Ùöéë¡¡Øª×âÞÞ£©","Minty Spire (QoL Compilation)","StSLib","SuperFastMode","Td1madao Mod","The Bug Knight","The Cursed","The Servant 0.9.4"],"gold_per_floor":[215,215,96,107,122,147,162,195,241,272,272,286,303,87,87,189,189,189,32,52,68,86,86,113,113,113,148,148,173,173,192,192,287,287,304,245,263,279,298,331,331,364,364,392,37,37,37],"floor_reached":46,"playtime":2135,"items_purged":["PunishingBird"],"score":747,"play_id":"83591c4f-2bd8-4a75-b4b1-bdee6e6cc08b","local_time":"20201226030203","is_ascension_mode":true,"campfire_choices":[{"data":"LifeForTheDareDevil","floor":30.0,"key":"SMITH"}],"circlet_count":0,"master_deck":["SpecialBullet","SpecialBullet","SpecialBullet","SpecialBullet","SpecialBullet","SpecialBullet","SpecialBullet","ExtractionCode","ControlCode","TrainingCode","LifeForTheDareDevil+1","GrinderMk4","MeatLantern","WristCuter","BearPaw","InformationCode","Mimicry","GreedKing","BearPaw","QueenOfHatred","OSAHOGD","TT2Protocol","Logging","BigBadWolf","MHz","GrinderMk4","J.A.X.","Rudolta","ShyLook","NothingThere","Laetitia","DisciplinaryCode","DreamingCurrent","Regret_ego+1","Yin","TheSmile+1"],"relics":["CogitoBucket","Strawberry","Eternal Feather","Boot","MealTicket","FleshIdol","Sozu","HandDrill","BackwardClock","Torii","Matryoshka","Regal Pillow","CaptainsWheel","AtMidnight","HellTrain","SlaversCollar","FossilizedHelix","Ornamental Fan","Meat on the Bone","Dream Catcher","Shuriken","PreservedInsect","Orichalcum"],"acts_visited":["Exordium","TheCity","TheBeyond"],"potions_floor_usage":[],"damage_taken":[{"damage":8.0,"enemies":"Small Slimes","floor":1.0,"turns":2.0},{"damage":0.0,"enemies":"Cultist","floor":4.0,"turns":2.0},{"damage":0.0,"enemies":"Jaw Worm","floor":5.0,"turns":1.0},{"damage":0.0,"enemies":"3 Sentries","floor":6.0,"turns":4.0},{"damage":0.0,"enemies":"2 Fungi Beasts","floor":7.0,"turns":2.0},{"damage":12.0,"enemies":"Lagavulin","floor":8.0,"turns":3.0},{"damage":0.0,"enemies":"Gremlin Nob","floor":10.0,"turns":2.0},{"damage":7.0,"enemies":"Lots of Slimes","floor":12.0,"turns":3.0},{"damage":5.0,"enemies":"Large Slime","floor":13.0,"turns":2.0},{"damage":7.0,"enemies":"The Guardian","floor":16.0,"turns":6.0},{"damage":1.0,"enemies":"Chosen","floor":18.0,"turns":3.0},{"damage":0.0,"enemies":"Spheric Guardian","floor":20.0,"turns":2.0},{"damage":19.0,"enemies":"Centurion and Healer","floor":21.0,"turns":4.0},{"damage":1.0,"enemies":"Sentry and Sphere","floor":22.0,"turns":3.0},{"damage":12.0,"enemies":"Book of Stabbing","floor":24.0,"turns":3.0},{"damage":21.0,"enemies":"Gremlin Leader","floor":27.0,"turns":3.0},{"damage":29.0,"enemies":"Slavers","floor":29.0,"turns":3.0},{"damage":0.0,"enemies":"Cultist and Chosen","floor":31.0,"turns":13.0},{"damage":13.0,"enemies":"Collector","floor":33.0,"turns":4.0},{"damage":33.0,"enemies":"3 Shapes","floor":35.0,"turns":4.0},{"damage":0.0,"enemies":"Orb Walker","floor":37.0,"turns":1.0},{"damage":14,"enemies":"4 Shapes","floor":38,"turns":5},{"damage":18,"enemies":"3 Darklings","floor":39,"turns":5},{"damage":55,"enemies":"Giant Head","floor":40,"turns":6},{"damage":47,"enemies":"Nemesis","floor":42,"turns":5},{"damage":55,"enemies":"Reptomancer","floor":44,"turns":4},{"damage":1,"enemies":"Sphere and 2 Shapes","floor":46,"turns":5}],"seed_played":"-279787890669338746","potions_obtained":[{"floor":5.0,"key":"GamblersBrew"},{"floor":7.0,"key":"SkillPotion"},{"floor":16.0,"key":"GamblersBrew"}],"is_trial":false,"path_per_floor":["M","?","$","M","M","E","M","E","T","E","R","M","M","$","R","B",null,"M","$","M","M","M","R","E","R","T","E","?","E","R","M","R","B",null,"M","?","M","M","M","E","?","E","T","E","$","M"],"character_chosen":"Angela","items_purchased":["LifeForTheDareDevil","GrinderMk4","Mimicry","Hornet","HandDrill","Orichalcum","TheSmile+1"],"campfire_rested":0,"item_purchase_floors":[3,3,14,14,19,45,45],"current_hp_per_floor":[62,70,70,70,70,77,77,65,65,71,77,77,77,77,77,77,77,77,77,81,66,81,89,87,93,93,83,83,82,100,105,105,102,109,94,94,116,121,125,114,114,85,85,92,107,0,0],"gold":37,"neow_bonus":"HUNDRED_GOLD","is_daily":false,"chose_seed":false,"campfire_upgraded":1,"win_rate":0.0,"timestamp":1608919323,"path_taken":["M","?","$","M","M","E","M","E","T","E","R","?","M","$","R","BOSS","M","?","M","M","M","R","E","R","T","E","?","E","R","M","R","BOSS","M","?","?","M","M","E","?","E","T","E","$","M"],"items_purchased_type":["Card","Card","Card","Card","Relic","Relic","Card"],"build_version":"2020-12-22","purchased_purges":1,"victory":false,"max_hp_per_floor":[70,70,70,70,70,77,77,77,77,77,77,77,77,77,77,77,77,77,77,81,85,89,89,93,93,93,97,97,101,101,105,105,109,109,113,113,117,121,125,125,125,129,129,129,129,129,129],"card_choices":[{"not_picked":["Regret_ego","Soda"],"picked":"SKIP","floor":1.0},{"not_picked":["BigBadWolf","UniverseFragment"],"picked":"MeatLantern","floor":4.0},{"not_picked":["BlackSwan_ego"],"picked":"WristCuter","floor":4.0},{"not_picked":["CherryBlossom","Penitence"],"picked":"SKIP","floor":5.0},{"not_picked":["Soda"],"picked":"BearPaw","floor":6.0},{"not_picked":["Heaven","ShedSkin"],"picked":"SKIP","floor":7.0},{"not_picked":["Scorched","OldLady"],"picked":"Woodsman","floor":8.0},{"not_picked":["Lantern","CrimsonScar"],"picked":"SKIP","floor":8.0},{"not_picked":["CUTE","CherryBlossom"],"picked":"SKIP","floor":8.0},{"not_picked":["Regret_ego","Lantern"],"picked":"SKIP","floor":10.0},{"not_picked":["SomewhereSpear","Soda","Pinks"],"picked":"SKIP","floor":12.0},{"not_picked":["FourthMatchFlame","Soda","Beak"],"picked":"SKIP","floor":13.0},{"not_picked":["FrostShard+1","Horn","CUTE"],"picked":"SKIP","floor":18.0},{"not_picked":["FairyFestival","Scarecrow"],"picked":"GreedKing","floor":20.0},{"not_picked":["WristCuter","RedEyes"],"picked":"BearPaw","floor":20.0},{"not_picked":["FairyFestival","GalaxyChild"],"picked":"QueenOfHatred","floor":21.0},{"not_picked":["Pinks","Hypocrisy","Wingbeat"],"picked":"SKIP","floor":21.0},{"not_picked":["Murderer","SnowQueen"],"picked":"OSAHOGD","floor":22.0},{"not_picked":["FourthMatchFlame+1","CrimsonScar","Regret_ego"],"picked":"SKIP","floor":22.0},{"not_picked":["BlackSwan_ego","Pinks"],"picked":"Logging","floor":24.0},{"not_picked":["WhitesApple","Scorched"],"picked":"BigBadWolf","floor":24.0},{"not_picked":["FairyFestival","Variant"],"picked":"MHz","floor":27.0},{"not_picked":["Reverberation","GreenStem"],"picked":"GrinderMk4","floor":27.0},{"not_picked":["Wellcheers","QueenBee"],"picked":"Rudolta","floor":29.0},{"not_picked":["BlueScar","SomewhereSpear","Penitence+1"],"picked":"SKIP","floor":29.0},{"not_picked":["SnowQueen","Yin"],"picked":"ShyLook","floor":31.0},{"not_picked":["Beak+1","TodaysExpression+1","SomewhereSpear+1"],"picked":"SKIP","floor":31.0},{"not_picked":["CherryBlossom+1","Soda+1","TodaysExpression+1"],"picked":"SKIP","floor":31.0},{"not_picked":["OldLady","HappyTeddy","Murderer"],"picked":"Singing Bowl","floor":33.0},{"not_picked":["Variant","NakedNest"],"picked":"NothingThere","floor":33.0},{"not_picked":["Justitia+1","Pinks+1"],"picked":"ParadiseLost+1","floor":33.0},{"not_picked":["HappyTeddy","VoidDream"],"picked":"GalaxyChild","floor":35.0},{"not_picked":["Regret_ego+1","CUTE+1","ScreamingWedge+1"],"picked":"SKIP","floor":35.0},{"not_picked":["LittlePrince","Yin","BlackArmy"],"picked":"Singing Bowl","floor":37.0},{"not_picked":["SilentOrchestra","BigBird"],"picked":"Laetitia","floor":37.0},{"not_picked":["Loneliness+1","Regret_ego+1","Penitence+1"],"picked":"SKIP","floor":37.0},{"not_picked":["SingingMachine","WhitesApple","FieryBird"],"picked":"Singing Bowl","floor":38},{"not_picked":["BeautyBeast","BlackSwan"],"picked":"PunishingBird","floor":38},{"not_picked":["Gaze+1","Loneliness+1","Pinks+1"],"picked":"SKIP","floor":38},{"not_picked":["Noise+1","Tough+1","TodaysExpression+1"],"picked":"SKIP","floor":38},{"not_picked":["MeltingLove","BlackArmy"],"picked":"DreamingCurrent","floor":39},{"not_picked":["Pleasure+1","Tough+1"],"picked":"Regret_ego+1","floor":39},{"not_picked":["RedEyes+1","Wingbeat+1","Lantern+1"],"picked":"SKIP","floor":39},{"not_picked":["FeatherOfHonor+1","Discord+1","CrimsonScar+1"],"picked":"SKIP","floor":40},{"not_picked":["Variant","OldLady"],"picked":"Yin","floor":42},{"not_picked":["Wingbeat+1","CUTE+1","RedEyes+1"],"picked":"SKIP","floor":42},{"not_picked":["SoundOfStar+1","Galaxy+1","Noise+1"],"picked":"SKIP","floor":42},{"not_picked":["FourthMatchFlame+1","CUTE+1","Noise+1"],"picked":"SKIP","floor":44}],"player_experience":46798,"relics_obtained":[{"floor":6.0,"key":"Strawberry"},{"floor":8.0,"key":"Eternal Feather"},{"floor":9.0,"key":"Boot"},{"floor":10.0,"key":"MealTicket"},{"floor":24.0,"key":"Torii"},{"floor":26.0,"key":"Matryoshka"},{"floor":27.0,"key":"Regal Pillow"},{"floor":29.0,"key":"CaptainsWheel"},{"floor":31.0,"key":"AtMidnight"},{"floor":40,"key":"Ornamental Fan"},{"floor":42,"key":"Meat on the Bone"},{"floor":43,"key":"Dream Catcher"},{"floor":43,"key":"Shuriken"},{"floor":44,"key":"PreservedInsect"}],"event_choices":[{"damage_healed":8.0,"max_hp_gain":0.0,"max_hp_loss":0.0,"gold_gain":0.0,"event_name":"Wheel of Change","player_choice":"Full Heal","floor":2.0,"gold_loss":0.0,"damage_taken":0.0},{"damage_healed":0.0,"max_hp_gain":0.0,"max_hp_loss":0.0,"gold_gain":0.0,"event_name":"Drug Dealer","player_choice":"Obtain J.A.X.","floor":28.0,"gold_loss":0.0,"damage_taken":0.0,"cards_obtained":["J.A.X."]},{"damage_healed":0.0,"max_hp_gain":0.0,"max_hp_loss":0.0,"gold_gain":0.0,"event_name":"WeMeetAgain","player_choice":"Paid Gold","floor":36.0,"gold_loss":59.0,"damage_taken":0.0,"relics_obtained":["FossilizedHelix"]},{"cards_removed":["GalaxyChild"],"damage_healed":0,"gold_gain":0,"player_choice":"Removed Skill","damage_taken":0,"max_hp_gain":0,"max_hp_loss":0,"event_name":"Falling","floor":41,"gold_loss":0}],"is_beta":false,"boss_relics":[{"not_picked":["Busted Crown","Velvet Choker"],"picked":"Sozu"},{"not_picked":["Runic Pyramid","Cursed Key"],"picked":"SlaversCollar"}],"items_purged_floors":[45],"is_endless":false,"potions_floor_spawned":[5,7,16,18,33,37],"killed_by":"Sphere and 2 Shapes","ascension_level":1}}