{"host":"kabf61oc9jgfwufg","time":1608860738,"event":{"mods":["AchievementEnabler","Act Like it!","Aspiration","Bartender","BaseMod","CatGirl Mod","Conspire","GifTheSpireLib","Halation","HexUI Lib","Hubris","Infinite Spire","Marisa????????","Minty Spire (QoL Compilation)","Pale of the Ancients","Rare Cards Sparkle","Replay The Spire","StSLib","The Animator","The Blackbeard","The Bladedancer","The Cursed","The Jungle","The Marked","The Servant 0.9.4","TheSwordswoman"],"gold_per_floor":[113,113,126,142,142,171,171,171,171],"floor_reached":8,"playtime":298,"items_purged":[],"score":62,"play_id":"bc2f912c-e293-4dbf-b9d5-367f518a9ce3","local_time":"20201225014538","is_ascension_mode":true,"campfire_choices":[{"data":"Armaments","floor":7,"key":"SMITH"}],"circlet_count":0,"master_deck":["Strike_R","Strike_R","Strike_R","Strike_R","Defend_R","Defend_R","Defend_R","Defend_R","Bash","Armaments+1","Rupture","Heavy Blade","Dropkick","Shrug It Off"],"relics":["Burning Blood","FaceOfCleric","Gremlin Food"],"acts_visited":["Exordium"],"potions_floor_usage":[6,8],"damage_taken":[{"damage":7,"enemies":"Jaw Worm","floor":1,"turns":3},{"damage":6,"enemies":"Cultist","floor":3,"turns":4},{"damage":3,"enemies":"2 Louse","floor":4,"turns":3},{"damage":56,"enemies":"Lagavulin","floor":6,"turns":11},{"damage":28,"enemies":"3 Sentries","floor":8,"turns":6}],"seed_played":"-7531762325200632856","potions_obtained":[{"floor":3,"key":"Elixir"},{"floor":4,"key":"Death Potion"},{"floor":6,"key":"Dexterity Potion"}],"is_trial":false,"path_per_floor":["M","?","M","M","?","E","R","E"],"character_chosen":"IRONCLAD","items_purchased":[],"campfire_rested":0,"item_purchase_floors":[],"current_hp_per_floor":[79,79,80,82,75,26,26,0,0],"gold":171,"neow_bonus":"RANDOM_EVENT","is_daily":false,"chose_seed":false,"campfire_upgraded":1,"win_rate":0.0,"timestamp":1608860738,"path_taken":["M","?","M","?","?","E","R","E"],"items_purchased_type":[],"build_version":"2020-12-22","purchased_purges":0,"victory":false,"max_hp_per_floor":[80,80,81,82,82,83,83,83,83],"card_choices":[{"not_picked":["Thunderclap","True Grit"],"picked":"Rupture","floor":1},{"not_picked":["ReplayTheSpireMod:Stacked","Twin Strike"],"picked":"Heavy Blade","floor":3},{"not_picked":["Wild Strike","Perfected Strike"],"picked":"Dropkick","floor":4},{"not_picked":["Heavy Blade","Run Through"],"picked":"Shrug It Off","floor":6}],"player_experience":32655,"relics_obtained":[{"floor":6,"key":"Gremlin Food"}],"event_choices":[{"damage_healed":0,"gold_gain":0,"player_choice":"Trade","damage_taken":0,"relics_obtained":["FaceOfCleric"],"max_hp_gain":0,"max_hp_loss":0,"event_name":"FaceTrader","floor":2,"gold_loss":0},{"cards_removed":["Strike_R"],"damage_healed":0,"gold_gain":0,"player_choice":"Card Removal","damage_taken":7,"max_hp_gain":0,"max_hp_loss":0,"event_name":"Golden Wing","floor":5,"gold_loss":0}],"is_beta":false,"boss_relics":[],"items_purged_floors":[],"is_endless":false,"potions_floor_spawned":[3,4,6],"killed_by":"3 Sentries","ascension_level":2}}