{"host":"lhth1efayex2023z","time":1608864717,"event":{"mods":["BaseMod","Colored Map","Googly Eyes","Minty Spire (QoL Compilation)","StSLib"],"gold_per_floor":[168,178,178,188,207,207,207,242,323,323,359,170,243,343,343,468,468,482,482,482,526,174,174,174],"floor_reached":23,"playtime":965,"items_purged":["Strike_G","Grand Finale+1"],"score":318,"play_id":"39f95766-2ff9-4c08-9081-c96a63318916","local_time":"20201224195157","is_ascension_mode":true,"campfire_choices":[{"data":"Neutralize","floor":6.0,"key":"SMITH"},{"floor":15.0,"key":"REST"}],"circlet_count":0,"master_deck":["AscendersBane","Strike_G+1","Defend_G+1","Defend_G+1","Defend_G+1","Defend_G+1","Defend_G+1","Survivor","Neutralize+1","Deadly Poison","Bane+1","Cloak And Dagger","Cloak And Dagger","Well Laid Plans","Bane","Blur","Footwork","Blur","Corpse Explosion","Choke+1","Phantasmal Killer+1","Cloak And Dagger","Accuracy","Cloak And Dagger"],"relics":["Tiny House","Thread and Needle","Golden Idol","Bronze Scales","Ornamental Fan","Happy Flower","Whetstone","Astrolabe","Red Mask","ClockworkSouvenir"],"acts_visited":["Exordium","TheCity"],"potions_floor_usage":[23],"damage_taken":[{"damage":8.0,"enemies":"Small Slimes","floor":1.0,"turns":4.0},{"damage":0.0,"enemies":"Cultist","floor":2.0,"turns":4.0},{"damage":0.0,"enemies":"Jaw Worm","floor":4.0,"turns":3.0},{"damage":0.0,"enemies":"3 Louse","floor":5.0,"turns":4.0},{"damage":22.0,"enemies":"Lagavulin","floor":8.0,"turns":12.0},{"damage":8.0,"enemies":"3 Sentries","floor":11.0,"turns":9.0},{"damage":1.0,"enemies":"The Guardian","floor":16.0,"turns":13.0},{"damage":2.0,"enemies":"Chosen","floor":18.0,"turns":6.0},{"damage":20,"enemies":"Masked Bandits","floor":21,"turns":4},{"damage":42,"enemies":"Gremlin Leader","floor":23,"turns":8}],"seed_played":"945766641713845898","potions_obtained":[{"floor":0.0,"key":"GamblersBrew"},{"floor":2.0,"key":"Swift Potion"},{"floor":8.0,"key":"ColorlessPotion"},{"floor":16.0,"key":"Poison Potion"},{"floor":18.0,"key":"Swift Potion"},{"floor":21,"key":"Dexterity Potion"}],"is_trial":false,"path_per_floor":["M","M","?","M","M","R","?","E","T","?","E","$","?","?","R","B",null,"M","?","?","?","$","E"],"character_chosen":"THE_SILENT","items_purchased":["Footwork","Blur","Accuracy","Cloak And Dagger","ClockworkSouvenir"],"campfire_rested":1,"item_purchase_floors":[12,12,22,22,22],"current_hp_per_floor":[60,60,60,60,60,60,60,38,38,26,18,18,18,18,38,37,61,59,59,59,39,39,0,0],"gold":174,"neow_bonus":"BOSS_RELIC","is_daily":false,"chose_seed":false,"campfire_upgraded":1,"win_rate":0.0,"timestamp":1608864717,"path_taken":["M","M","?","?","M","R","?","E","T","?","E","$","?","?","R","BOSS","M","?","?","?","$","E"],"items_purchased_type":["Card","Card","Card","Card","Relic"],"build_version":"2020-12-22","purchased_purges":2,"victory":false,"max_hp_per_floor":[75,75,75,75,75,75,69,69,69,69,69,69,69,69,69,69,69,69,69,69,69,69,69,69],"card_choices":[{"not_picked":["Backflip","Endless Agony"],"picked":"Deadly Poison","floor":0.0},{"not_picked":["Backstab","Flechettes"],"picked":"Bane","floor":1.0},{"not_picked":["Dodge and Roll","Prepared"],"picked":"Cloak And Dagger","floor":2.0},{"not_picked":["Masterful Stab","Flechettes"],"picked":"Cloak And Dagger","floor":4.0},{"not_picked":["Dagger Throw","Deflect"],"picked":"Well Laid Plans","floor":5.0},{"not_picked":["Glass Knife","Dagger Throw"],"picked":"Bane","floor":8.0},{"not_picked":["Dagger Throw","Skewer"],"picked":"Blur","floor":11.0},{"not_picked":["Tools of the Trade","Night Terror"],"picked":"Corpse Explosion","floor":16.0},{"not_picked":["Backflip","Flying Knee+1"],"picked":"Cloak And Dagger","floor":18.0}],"player_experience":396696,"relics_obtained":[{"floor":8.0,"key":"Bronze Scales"},{"floor":9.0,"key":"Ornamental Fan"},{"floor":11.0,"key":"Whetstone"},{"floor":21,"key":"Red Mask"}],"event_choices":[{"damage_healed":0.0,"max_hp_gain":0.0,"max_hp_loss":0.0,"gold_gain":0.0,"event_name":"WeMeetAgain","player_choice":"Gave Potion","floor":3.0,"gold_loss":0.0,"damage_taken":0.0,"relics_obtained":["Thread and Needle"]},{"damage_healed":0.0,"max_hp_gain":0.0,"max_hp_loss":6.0,"gold_gain":0.0,"event_name":"Golden Idol","player_choice":"Lose Max HP","floor":7.0,"gold_loss":0.0,"damage_taken":0.0,"relics_obtained":["Golden Idol"]},{"damage_healed":0.0,"max_hp_gain":0.0,"max_hp_loss":0.0,"gold_gain":0.0,"event_name":"Scrap Ooze","player_choice":"Success","floor":10.0,"gold_loss":0.0,"damage_taken":12.0,"relics_obtained":["Happy Flower"]},{"damage_healed":0.0,"max_hp_gain":0.0,"max_hp_loss":0.0,"gold_gain":73.0,"event_name":"Golden Wing","player_choice":"Gained Gold","floor":13.0,"gold_loss":0.0,"damage_taken":0.0},{"damage_healed":0.0,"max_hp_gain":0.0,"max_hp_loss":0.0,"gold_gain":100.0,"event_name":"Wheel of Change","player_choice":"Gold","floor":14.0,"gold_loss":0.0,"damage_taken":0.0},{"damage_healed":0,"gold_gain":0,"player_choice":"Ignored","damage_taken":0,"max_hp_gain":0,"max_hp_loss":0,"event_name":"Cursed Tome","floor":19,"gold_loss":0},{"damage_healed":0,"gold_gain":0,"player_choice":"Simplicity","damage_taken":0,"max_hp_gain":0,"max_hp_loss":0,"event_name":"Back to Basics","floor":20,"gold_loss":0,"cards_upgraded":["Defend_G","Defend_G","Defend_G","Defend_G"]},{"damage_healed":0,"gold_gain":0,"player_choice":"Fought Bandits","damage_taken":0,"max_hp_gain":0,"max_hp_loss":0,"event_name":"Masked Bandits","floor":21,"gold_loss":0}],"is_beta":false,"boss_relics":[{"not_picked":["Busted Crown","SlaversCollar"],"picked":"Astrolabe"}],"items_purged_floors":[12,22],"is_endless":false,"potions_floor_spawned":[2,8,16,18,21],"killed_by":"Gremlin Leader","ascension_level":10}}