{"host":"acpsw8r33r8788yr","time":1608924084,"event":{"mods":["BaseMod","Better Altar","Better Skull","Better Third Choice","BetterRewards","Colored Map","Downfall","Hermit","Highlight Path","Hubris","Minty Spire (QoL Compilation)","Quick Restart","Replay The Spire","Robot Space Explorer","Shop Mod","StSLib","The Bug Knight","The Construct","The Cursed","The Disciple","The Jungle","The Runesmith","The Senshi"],"gold_per_floor":[110,110,110,35,51,51,79,79,102,121,121,121],"floor_reached":11,"playtime":233,"items_purged":[],"score":96,"play_id":"1b5d899b-b92b-41da-adc3-f8da5caf1fe8","local_time":"20201225112124","is_ascension_mode":false,"campfire_choices":[{"floor":6,"key":"REST"}],"circlet_count":0,"master_deck":["HollowMod:NailStrikeStart","HollowMod:NailStrikeStart","HollowMod:NailStrikeStart","HollowMod:NailStrikeStart+1","HollowMod:QuickDashStart","HollowMod:QuickDashStart","HollowMod:QuickDashStart","HollowMod:QuickDashStart","HollowMod:FocusHealStart","HollowMod:PogoStrike","HollowMod:SoulVessel","HollowMod:theNailsmith","HollowMod:NewLittleFool"],"relics":["HollowMod:VesselMask","NeowsBlessing","Replay:PocketPolymizer","Anchor","Boot"],"acts_visited":["Exordium"],"potions_floor_usage":[1],"damage_taken":[{"damage":0,"enemies":"2 Louse","floor":1,"turns":1},{"damage":0,"enemies":"Jaw Worm","floor":5,"turns":1},{"damage":0,"enemies":"Gremlin Nob","floor":7,"turns":1},{"damage":5,"enemies":"Cultist","floor":10,"turns":4},{"damage":0,"enemies":"Lagavulin","floor":11,"turns":1}],"seed_played":"-2889024874438464886","potions_obtained":[{"floor":1,"key":"EntropicBrew"}],"is_trial":false,"path_per_floor":["M","?","T","?","M","R","E","$","T","M","E"],"character_chosen":"THE_BUGKNIGHT","items_purchased":[],"campfire_rested":1,"item_purchase_floors":[],"current_hp_per_floor":[75,75,75,80,80,80,80,80,80,75,75,75],"gold":121,"neow_bonus":"THREE_ENEMY_KILL","is_daily":false,"chose_seed":false,"campfire_upgraded":0,"win_rate":0.0,"timestamp":1608924084,"path_taken":["M","?","?","?","M","R","E","?","T","M","E"],"items_purchased_type":[],"build_version":"2020-12-22","purchased_purges":0,"victory":false,"max_hp_per_floor":[75,75,75,80,80,80,80,80,80,80,80,80],"card_choices":[{"not_picked":["HollowMod:ChannelNail","HollowMod:BrokenVessel"],"picked":"HollowMod:SoulVessel","floor":1},{"not_picked":["HollowMod:CloakDash","HollowMod:BaldurShell"],"picked":"HollowMod:SoulEater","floor":5},{"not_picked":["HollowMod:PureVessel","HollowMod:MawleksShell","HollowMod:SoulEater"],"picked":"SKIP","floor":7},{"not_picked":["HollowMod:SoulVessel","HollowMod:PerfectDash"],"picked":"HollowMod:NewLittleFool","floor":10}],"player_experience":356459,"relics_obtained":[{"floor":3,"key":"Replay:PocketPolymizer"},{"floor":7,"key":"Anchor"},{"floor":9,"key":"Boot"}],"event_choices":[],"is_beta":false,"boss_relics":[],"items_purged_floors":[],"is_endless":false,"potions_floor_spawned":[1,10],"killed_by":"Lagavulin","ascension_level":0}}