{"host":"344lv32hnei0mdhu","time":1608856881,"event":{"mods":["Act Like it!","BaseMod","Better Match","Better Sensory Stone","Better Skull","Better Third Choice","Better Vampires","Colored Powertips","Highlight Path","Minty Spire (QoL Compilation)","Quick Restart","Random Character Button","Rare Cards Sparkle","StSLib"],"gold_per_floor":[116,291,67,86,103,103,113,113,187,219,237,253,268,56,56,159,159,171,171,181,146,146,146,176,176,199,218,55,67,67,86,86,86,86],"floor_reached":33,"playtime":2312,"items_purged":["Doubt"],"score":415,"play_id":"93b055b7-8559-4f18-a05d-ea19e0763d01","local_time":"20201224184121","is_ascension_mode":true,"campfire_choices":[{"data":"Bash","floor":6.0,"key":"SMITH"},{"data":"Rupture","floor":15.0,"key":"SMITH"},{"data":"Metallicize","floor":23.0,"key":"SMITH"},{"data":"Metallicize","floor":25.0,"key":"SMITH"},{"floor":32,"key":"REST"}],"circlet_count":0,"master_deck":["Bash+1","Pummel","Rupture+1","Wild Strike","Twin Strike","Thunderclap","Offering","Flame Barrier","Feed","Flex","Metallicize+1","Heavy Blade","Double Tap","Immolate","Feed","Ghostly Armor","Burning Pact","Juggernaut","Reckless Charge","Power Through","Pummel","Pummel","Thunderclap","Whirlwind","Body Slam+1","Metallicize+1","Inflame","Exhume"],"relics":["Burning Blood","Red Skull","Membership Card","Paper Frog","Lee\u0027s Waffle","Pandora\u0027s Box","Nloth\u0027s Gift","Bottled Flame","Dream Catcher","TungstenRod"],"acts_visited":["Exordium","TheCity"],"potions_floor_usage":[31,33],"damage_taken":[{"damage":6.0,"enemies":"2 Louse","floor":1.0,"turns":4.0},{"damage":4.0,"enemies":"Small Slimes","floor":4.0,"turns":5.0},{"damage":6.0,"enemies":"Cultist","floor":5.0,"turns":4.0},{"damage":8.0,"enemies":"Red Slaver","floor":7.0,"turns":3.0},{"damage":25.0,"enemies":"3 Sentries","floor":10.0,"turns":7.0},{"damage":6.0,"enemies":"Large Slime","floor":11.0,"turns":3.0},{"damage":11.0,"enemies":"Blue Slaver","floor":12.0,"turns":3.0},{"damage":0.0,"enemies":"Gremlin Gang","floor":13.0,"turns":3.0},{"damage":9.0,"enemies":"Slime Boss","floor":16.0,"turns":9.0},{"damage":6.0,"enemies":"3 Byrds","floor":18.0,"turns":3.0},{"damage":15.0,"enemies":"Chosen","floor":20.0,"turns":4.0},{"damage":32.0,"enemies":"Book of Stabbing","floor":24.0,"turns":5.0},{"damage":38.0,"enemies":"Snake Plant","floor":27.0,"turns":4.0},{"damage":15.0,"enemies":"Chosen and Byrds","floor":29.0,"turns":4.0},{"damage":9,"enemies":"Centurion and Healer","floor":31,"turns":3},{"damage":80,"enemies":"Automaton","floor":33,"turns":6}],"seed_played":"-2516346899594042031","potions_obtained":[{"floor":1.0,"key":"SteroidPotion"},{"floor":10.0,"key":"Weak Potion"},{"floor":12.0,"key":"Explosive Potion"},{"floor":16.0,"key":"ColorlessPotion"},{"floor":18.0,"key":"SteroidPotion"},{"floor":27.0,"key":"Energy Potion"}],"is_trial":false,"path_per_floor":["M","?","$","M","M","R","M","?","T","E","M","M","M","$","R","B",null,"M","?","M","$","?","R","E","R","T","M","$","M","$","M","R","B"],"character_chosen":"IRONCLAD","items_purchased":["Membership Card","Rupture","Metallicize","Heavy Blade","Double Tap","Lee\u0027s Waffle","Metallicize","TungstenRod","Inflame"],"campfire_rested":1,"item_purchase_floors":[3,3,14,14,14,14,21,28,28],"current_hp_per_floor":[72,72,72,74,74,74,72,77,77,58,60,57,68,95,95,92,94,98,98,89,89,89,89,63,63,63,31,31,25,25,22,52,0,0],"gold":86,"neow_bonus":"RANDOM_COMMON_RELIC","is_daily":false,"chose_seed":false,"campfire_upgraded":4,"win_rate":0.0,"timestamp":1608856881,"path_taken":["M","?","$","M","M","R","M","?","T","E","M","M","M","$","R","BOSS","M","?","?","?","?","R","E","R","T","M","$","M","$","M","R","BOSS"],"items_purchased_type":["Relic","Card","Card","Card","Card","Relic","Card","Relic","Card"],"build_version":"2020-12-22","purchased_purges":1,"victory":false,"max_hp_per_floor":[80,80,80,80,80,80,80,85,85,85,85,85,88,95,95,95,95,98,98,98,98,98,98,98,98,98,98,98,101,101,101,101,101,101],"card_choices":[{"not_picked":["Evolve","Sword Boomerang"],"picked":"Pummel","floor":1.0},{"not_picked":["Cleave","Sentinel"],"picked":"Wild Strike","floor":4.0},{"not_picked":["Entrench","Sword Boomerang"],"picked":"Twin Strike","floor":5.0},{"not_picked":["Armaments","Flex"],"picked":"Thunderclap","floor":7.0},{"not_picked":["Bloodletting","Warcry"],"picked":"Offering","floor":10.0},{"not_picked":["Wild Strike","Anger"],"picked":"Flame Barrier","floor":11.0},{"not_picked":["Clothesline","Twin Strike"],"picked":"Feed","floor":12.0},{"not_picked":["Reckless Charge","Clash"],"picked":"Flex","floor":13.0},{"not_picked":["Corruption","Impervious"],"picked":"Immolate","floor":16.0},{"not_picked":["Cleave","Shrug It Off+1"],"picked":"Whirlwind","floor":18.0},{"not_picked":["Combust","Warcry"],"picked":"Body Slam+1","floor":20.0},{"not_picked":["Heavy Blade","Fiend Fire","Wild Strike"],"picked":"SKIP","floor":24.0},{"not_picked":["Heavy Blade","Fiend Fire","Wild Strike"],"picked":"SKIP","floor":24.0},{"not_picked":["Searing Blow","Wild Strike","Headbutt"],"picked":"SKIP","floor":27.0},{"not_picked":["Combust+1","Feel No Pain","Searing Blow"],"picked":"SKIP","floor":29.0},{"not_picked":["Flame Barrier","Clash+1"],"picked":"Exhume","floor":31}],"player_experience":272434,"relics_obtained":[{"floor":9.0,"key":"Paper Frog"},{"floor":10.0,"key":"Blood Vial"},{"floor":24.0,"key":"Bottled Flame"},{"floor":26.0,"key":"Dream Catcher"}],"event_choices":[{"damage_healed":0.0,"max_hp_gain":0.0,"max_hp_loss":0.0,"gold_gain":175.0,"event_name":"betterThird:BetterSerpent","player_choice":"AGREE","floor":2.0,"gold_loss":0.0,"damage_taken":116.0},{"damage_healed":0.0,"max_hp_gain":5.0,"max_hp_loss":0.0,"gold_gain":0.0,"event_name":"Big Fish","player_choice":"Donut","floor":8.0,"gold_loss":0.0,"damage_taken":0.0},{"damage_healed":0.0,"max_hp_gain":0.0,"max_hp_loss":0.0,"gold_gain":0.0,"event_name":"N\u0027loth","player_choice":"Traded Relic","floor":19.0,"relics_lost":["Blood Vial"],"gold_loss":0.0,"damage_taken":0.0,"relics_obtained":["Nloth\u0027s Gift"]},{"damage_healed":0.0,"max_hp_gain":0.0,"max_hp_loss":0.0,"gold_gain":0.0,"event_name":"Ghosts","player_choice":"Ignored","floor":22.0,"gold_loss":0.0,"damage_taken":0.0}],"is_beta":false,"boss_relics":[{"not_picked":["Busted Crown","Black Star"],"picked":"Pandora\u0027s Box"}],"items_purged_floors":[3],"is_endless":false,"potions_floor_spawned":[1,10,12,16,18,27],"killed_by":"Automaton","ascension_level":9}}