{"host":"w3q5ijqu8eoknil3","time":1608857779,"event":{"mods":["BaseMod","Block Reminder","Colored Powertips","Minty Spire (QoL Compilation)","Quick Restart","Relic Stats","ojb\u0027s Better Paths Mod","ojb\u0027s Info Mod","slay the spire mod where everything is the same but ironclad has a cowboy hat"],"gold_per_floor":[17,37,37,52,61,103,126,126,173,27,64,33,33,33,33],"floor_reached":14,"playtime":558,"items_purged":["Regret"],"score":192,"play_id":"23ceee3d-283c-456d-8e5a-222d9ad36ea8","local_time":"20201225005619","is_ascension_mode":true,"campfire_choices":[{"floor":8,"key":"REST"},{"data":"Feel No Pain","floor":13,"key":"SMITH"}],"circlet_count":0,"master_deck":["AscendersBane","Strike_R","Strike_R","Strike_R","Strike_R","Defend_R","Defend_R","Defend_R","Defend_R","Bash","Disarm","Shrug It Off","Berserk","Flame Barrier","Feel No Pain+1","Sever Soul","Feed","Headbutt"],"relics":["Burning Blood","Mango","CeramicFish","Torii","Orichalcum","Boot","Question Card"],"acts_visited":["Exordium"],"potions_floor_usage":[6],"damage_taken":[{"damage":18,"enemies":"Small Slimes","floor":1,"turns":5},{"damage":0,"enemies":"Jaw Worm","floor":2,"turns":5},{"damage":1,"enemies":"Cultist","floor":4,"turns":4},{"damage":73,"enemies":"Gremlin Nob","floor":6,"turns":6},{"damage":32,"enemies":"Lagavulin","floor":11,"turns":9},{"damage":2,"enemies":"Looter","floor":12,"turns":4},{"damage":42,"enemies":"Gremlin Nob","floor":14,"turns":4}],"seed_played":"5175706103900522327","potions_obtained":[{"floor":1,"key":"DistilledChaos"}],"is_trial":false,"path_per_floor":["M","M","?","M","?","E","T","R","T","$","E","M","R","E"],"character_chosen":"IRONCLAD","items_purchased":["Sever Soul"],"campfire_rested":1,"item_purchase_floors":[10],"current_hp_per_floor":[70,76,76,81,81,14,14,40,40,40,14,18,18,0,0],"gold":33,"neow_bonus":"ONE_RARE_RELIC","is_daily":false,"chose_seed":false,"campfire_upgraded":1,"win_rate":0.0,"timestamp":1608857779,"path_taken":["M","M","?","M","?","E","?","R","T","$","E","M","R","E"],"items_purchased_type":["Card"],"build_version":"2020-12-22","purchased_purges":1,"victory":false,"max_hp_per_floor":[89,89,89,89,89,89,89,89,89,89,89,89,89,89,89],"relic_stats":{"Torii":4,"counters":[7,37],"CeramicFish":45,"Orichalcum":[24],"Boot":[3],"Question Card":1,"obtain_stats":[{"Torii":6,"CeramicFish":5,"Mango":0,"Orichalcum":7,"Boot":9,"Question Card":11,"Burning Blood":0},{"Torii":4,"CeramicFish":3,"Mango":0,"Orichalcum":4,"Boot":4,"Question Card":5,"Burning Blood":0},{"Torii":20,"CeramicFish":14,"Mango":0,"Orichalcum":20,"Boot":20,"Question Card":29,"Burning Blood":0}],"Burning Blood":36},"card_choices":[{"not_picked":["Wild Strike","Ghostly Armor"],"picked":"Disarm","floor":1},{"not_picked":["Pommel Strike","Headbutt"],"picked":"Shrug It Off","floor":2},{"not_picked":["Clothesline","Shockwave"],"picked":"Flame Barrier","floor":4},{"not_picked":["Cleave","True Grit"],"picked":"Feel No Pain","floor":6},{"not_picked":["Second Wind","Carnage"],"picked":"Feed","floor":11},{"not_picked":["Perfected Strike","Sever Soul","Heavy Blade"],"picked":"Headbutt","floor":12}],"player_experience":944031,"relics_obtained":[{"floor":6,"key":"Torii"},{"floor":7,"key":"Orichalcum"},{"floor":9,"key":"Boot"},{"floor":11,"key":"Question Card"}],"event_choices":[{"damage_healed":0,"gold_gain":0,"cards_transformed":["Strike_R"],"player_choice":"Change","damage_taken":0,"max_hp_gain":0,"max_hp_loss":0,"event_name":"Living Wall","floor":3,"gold_loss":0,"cards_obtained":["Berserk"]},{"damage_healed":0,"gold_gain":0,"player_choice":"Box","damage_taken":0,"relics_obtained":["CeramicFish"],"max_hp_gain":0,"max_hp_loss":0,"event_name":"Big Fish","floor":5,"gold_loss":0,"cards_obtained":["Regret"]}],"is_beta":false,"boss_relics":[],"items_purged_floors":[10],"is_endless":false,"potions_floor_spawned":[1],"killed_by":"Gremlin Nob","ascension_level":20}}