{"host":"me5zrznhexxkd3qy","time":1608915541,"event":{"mods":["2.2 Compatiblity","AchievementEnabler","BaseMod","Colored Map","Colored Powertips","Highlight Path","Minty Spire (QoL Compilation)","Replay The Spire","StSLib","The Animator","Waifu the Spire"],"gold_per_floor":[114,189,202,377,377,408,421,421,421,421,448,460,489,518,530,643,655,683,695,707,707],"floor_reached":20,"playtime":851,"items_purged":[],"score":197,"play_id":"bfb7832a-ffc3-4ca7-a2ee-5ea457673360","local_time":"20201225085901","is_ascension_mode":false,"campfire_choices":[{"data":"Bash","floor":8,"key":"SMITH"},{"floor":10,"key":"RECALL"},{"data":"Seeing Red","floor":15,"key":"SMITH"}],"circlet_count":0,"master_deck":["Strike_R","Strike_R","Strike_R","Strike_R","Strike_R","Defend_R","Defend_R","Defend_R","Defend_R","Bash+1","Twin Strike","Flex","Armaments","Heavy Blade","Seeing Red+1","Bludgeon","Shrug It Off+1","Shame"],"relics":["Burning Blood","NeowsBlessing","Quantum Egg","MawBank","Black Star","Dream Catcher"],"acts_visited":["Exordium","TheCity"],"potions_floor_usage":[16,18],"damage_taken":[{"damage":0,"enemies":"2 Louse","floor":1,"turns":1},{"damage":0,"enemies":"Small Slimes","floor":3,"turns":1},{"damage":0,"enemies":"3 Sentries","floor":6,"turns":1},{"damage":4,"enemies":"Cultist","floor":7,"turns":4},{"damage":3,"enemies":"3 Louse","floor":13,"turns":4},{"damage":7,"enemies":"Exordium Wildlife","floor":14,"turns":3},{"damage":82,"enemies":"Slime Boss","floor":16,"turns":15},{"damage":76,"enemies":"3 Byrds","floor":18,"turns":9},{"damage":24,"enemies":"Chosen","floor":20,"turns":4}],"seed_played":"-4447666403921292523","potions_obtained":[{"floor":3,"key":"Elixir"},{"floor":13,"key":"PowerPotion"},{"floor":16,"key":"SkillPotion"},{"floor":18,"key":"SkillPotion"}],"is_trial":false,"path_per_floor":["M","?","M","?","?","E","M","R","T","R","T","?","M","M","R","B",null,"M","?","M"],"character_chosen":"IRONCLAD","items_purchased":[],"campfire_rested":0,"item_purchase_floors":[],"current_hp_per_floor":[80,69,75,75,68,74,76,76,76,76,76,90,90,89,89,13,90,20,20,0,0],"gold":707,"neow_bonus":"THREE_ENEMY_KILL","is_daily":false,"chose_seed":false,"campfire_upgraded":2,"win_rate":0.0,"timestamp":1608915541,"path_taken":["M","?","M","?","?","E","M","R","T","R","?","?","?","M","R","BOSS","M","?","M"],"items_purchased_type":[],"build_version":"2020-12-22","purchased_purges":0,"victory":false,"max_hp_per_floor":[80,80,80,80,80,80,80,80,80,80,80,90,90,90,90,90,90,90,90,90,90],"card_choices":[{"not_picked":["Sword Boomerang","True Grit"],"picked":"Twin Strike","floor":1},{"not_picked":["Sever Soul","Combust"],"picked":"Flex","floor":3},{"not_picked":["Intimidate","True Grit"],"picked":"Armaments","floor":6},{"not_picked":["Bloodletting","Iron Wave"],"picked":"Bludgeon","floor":7},{"not_picked":["ReplayTheSpireMod:LeadingStrike","Whirlwind"],"picked":"Heavy Blade","floor":13},{"not_picked":["Pommel Strike","Rage"],"picked":"Seeing Red","floor":14},{"not_picked":["Fiend Fire","Eclipse"],"picked":"Bludgeon","floor":16},{"not_picked":["Rupture","Body Slam"],"picked":"Shrug It Off+1","floor":18}],"player_experience":7211,"relics_obtained":[{"floor":6,"key":"Quantum Egg"},{"floor":11,"key":"MawBank"}],"event_choices":[{"damage_healed":0,"gold_gain":75,"player_choice":"Gather Gold","damage_taken":11,"max_hp_gain":0,"max_hp_loss":0,"event_name":"World of Goop","floor":2,"gold_loss":0},{"damage_healed":0,"gold_gain":175,"player_choice":"AGREE","damage_taken":0,"max_hp_gain":0,"max_hp_loss":0,"event_name":"Liars Game","floor":4,"gold_loss":0,"cards_obtained":["Doubt"]},{"cards_removed":["Doubt"],"damage_healed":0,"gold_gain":0,"player_choice":"Card Removal","damage_taken":7,"max_hp_gain":0,"max_hp_loss":0,"event_name":"Golden Wing","floor":5,"gold_loss":0},{"cards_removed":["Bludgeon"],"damage_healed":4,"gold_gain":0,"player_choice":"Offered Rare","damage_taken":0,"max_hp_gain":10,"max_hp_loss":0,"event_name":"Bonfire Elementals","floor":12,"gold_loss":0},{"damage_healed":0,"gold_gain":0,"player_choice":"Stole Relic","damage_taken":0,"relics_obtained":["Dream Catcher"],"max_hp_gain":0,"max_hp_loss":0,"event_name":"Addict","floor":19,"gold_loss":0,"cards_obtained":["Shame"]}],"is_beta":false,"boss_relics":[{"not_picked":["Replay:Grab Bag","Philosopher\u0027s Stone"],"picked":"Black Star"}],"items_purged_floors":[],"is_endless":false,"potions_floor_spawned":[3,13,16,18],"killed_by":"Chosen","ascension_level":0}}