{"host":"qxeepl7ydvsgmfdb","time":1608884685,"event":{"mods":["AchievementEnabler","BaseMod","Colored Powertips","Minty Spire (QoL Compilation)","Quick Restart","slay the spire mod where everything is the same but ironclad has a cowboy hat"],"gold_per_floor":[118,46,46,46,56,84,84,96,96,96,113,142,152,210,210,310,360,373,70,151,151,151,151,164,164,164,190,45,58,75,99,99,197,197,214,214,229,179,179,179,205,86,86,104,122,122,122,172,172,172],"floor_reached":51,"playtime":2270,"items_purged":["Defend_G","Strike_G","Defend_G"],"score":1061,"play_id":"ffdd77c8-41ca-4654-99bf-8e0d6cf97f4b","local_time":"20201225032445","is_ascension_mode":true,"campfire_choices":[{"data":"Tools of the Trade","floor":10.0,"key":"SMITH"},{"data":"Backstab","floor":15.0,"key":"SMITH"},{"data":"Deadly Poison","floor":23,"key":"SMITH"},{"data":"Neutralize","floor":25,"key":"SMITH"},{"data":"Blade Dance","floor":32,"key":"SMITH"},{"data":"Noxious Fumes","floor":46,"key":"SMITH"},{"floor":49,"key":"REST"}],"circlet_count":0,"master_deck":["Strike_G","Strike_G","Strike_G","Defend_G","Defend_G","Defend_G","Survivor","Neutralize+1","Blade Dance+1","Blade Dance+1","Cloak And Dagger+1","Backstab+1","Deadly Poison+1","Tools of the Trade+1","Backstab+1","Cloak And Dagger+1","Blade Dance+1","Adrenaline+1","Slice","Cloak And Dagger+1","Deadly Poison+1","CurseOfTheBell","Deflect+1","Madness+1","Backflip+1","Noxious Fumes+1"],"relics":["Ring of the Snake","NeowsBlessing","MealTicket","Paper Crane","Tiny Chest","Toxic Egg 2","Tough Bandages","Incense Burner","Tiny House","Vajra","White Beast Statue","Lizard Tail","Pear","Pen Nib","Smiling Mask","Calling Bell","Nunchaku","Gremlin Horn","Dead Branch","Oddly Smooth Stone","CaptainsWheel","Potion Belt","TungstenRod"],"acts_visited":["Exordium","TheCity","TheBeyond"],"potions_floor_usage":[27,33,33,41,44,45,50,50,50,50],"damage_taken":[{"damage":0.0,"enemies":"Jaw Worm","floor":1.0,"turns":1.0},{"damage":0.0,"enemies":"Small Slimes","floor":5.0,"turns":1.0},{"damage":0.0,"enemies":"3 Sentries","floor":6.0,"turns":1.0},{"damage":0.0,"enemies":"Cultist","floor":8.0,"turns":2.0},{"damage":0.0,"enemies":"2 Fungi Beasts","floor":11.0,"turns":2.0},{"damage":0.0,"enemies":"Gremlin Nob","floor":12.0,"turns":3.0},{"damage":0.0,"enemies":"Looter","floor":13.0,"turns":1.0},{"damage":11.0,"enemies":"Lagavulin Event","floor":14.0,"turns":3.0},{"damage":0.0,"enemies":"Slime Boss","floor":16.0,"turns":6.0},{"damage":5,"enemies":"2 Thieves","floor":18,"turns":4},{"damage":12,"enemies":"Chosen","floor":24,"turns":2},{"damage":4,"enemies":"Gremlin Leader","floor":27,"turns":4},{"damage":0,"enemies":"Snake Plant","floor":29,"turns":3},{"damage":0,"enemies":"Centurion and Healer","floor":30,"turns":3},{"damage":22,"enemies":"Automaton","floor":33,"turns":11},{"damage":14,"enemies":"3 Darklings","floor":35,"turns":2},{"damage":0,"enemies":"Orb Walker","floor":37,"turns":1},{"damage":0,"enemies":"Giant Head","floor":41,"turns":3},{"damage":0,"enemies":"Sphere and 2 Shapes","floor":44,"turns":3},{"damage":0,"enemies":"Spire Growth","floor":45,"turns":1},{"damage":8,"enemies":"Mind Bloom Boss Battle","floor":48,"turns":4},{"damage":53,"enemies":"Awakened One","floor":50,"turns":10}],"seed_played":"1862461238344109811","potions_obtained":[{"floor":6.0,"key":"Poison Potion"},{"floor":12.0,"key":"LiquidMemories"},{"floor":13.0,"key":"Strength Potion"},{"floor":14.0,"key":"Strength Potion"},{"floor":16.0,"key":"CultistPotion"},{"floor":17.0,"key":"Ancient Potion"},{"floor":24,"key":"EssenceOfSteel"},{"floor":27,"key":"Ancient Potion"},{"floor":30,"key":"GhostInAJar"},{"floor":33,"key":"FairyPotion"},{"floor":35,"key":"Block Potion"},{"floor":37,"key":"PowerPotion"},{"floor":41,"key":"GamblersBrew"},{"floor":44,"key":"AttackPotion"},{"floor":45,"key":"ColorlessPotion"},{"floor":48,"key":"Explosive Potion"}],"is_trial":false,"path_per_floor":["M","$","?","T","M","E","?","M","T","R","M","E","M","?","R","B",null,"M","$","T","?","?","R","M","R","T","E","$","M","M","T","R","B",null,"M","?","M","$","?","?","E","$","T","M","M","R","T","?","R","B",null],"character_chosen":"THE_SILENT","items_purchased":["Blade Dance","Cloak And Dagger","Vajra","Regen Potion","Pen Nib","Noxious Fumes"],"campfire_rested":1,"item_purchase_floors":[2,2,19,19,28,42],"current_hp_per_floor":[70,70,70,70,70,70,70,70,70,70,70,70,70,59,59,59,75,70,75,75,75,75,75,63,63,63,69,84,84,84,84,84,62,85,71,71,71,85,85,85,85,85,85,85,85,85,85,77,85,46],"gold":172,"neow_bonus":"THREE_ENEMY_KILL","is_daily":false,"chose_seed":false,"campfire_upgraded":6,"win_rate":0.0,"timestamp":1608884685,"path_taken":["M","$","?","?","M","E","?","M","T","R","M","E","?","?","R","BOSS","M","$","?","?","?","R","?","R","T","E","$","M","M","?","R","BOSS","M","?","M","$","?","?","E","$","T","M","M","R","?","?","R","BOSS"],"items_purchased_type":["Card","Card","Relic","Potion","Relic","Card"],"build_version":"2020-12-22","purchased_purges":3,"victory":true,"max_hp_per_floor":[70,70,70,70,70,70,70,70,70,70,70,70,70,70,70,70,75,75,75,75,75,75,75,75,75,75,85,85,85,85,85,85,85,85,85,85,85,85,85,85,85,85,85,85,85,85,85,85,85,85],"card_choices":[{"not_picked":["Acrobatics","Escape Plan"],"picked":"Blade Dance","floor":1.0},{"not_picked":["Underhanded Strike","Dagger Spray"],"picked":"Backstab","floor":5.0},{"not_picked":["Dagger Throw","Reflex"],"picked":"Deadly Poison","floor":6.0},{"not_picked":["Deflect","Bane"],"picked":"Tools of the Trade","floor":8.0},{"not_picked":["Riddle With Holes","Slice"],"picked":"Backstab","floor":11.0},{"not_picked":["Choke","Crippling Poison+1"],"picked":"Cloak And Dagger+1","floor":12.0},{"not_picked":["Catalyst+1","Reflex+1"],"picked":"Blade Dance+1","floor":13.0},{"not_picked":["Night Terror+1","After Image"],"picked":"Adrenaline+1","floor":16.0},{"not_picked":["Underhanded Strike","Dodge and Roll+1"],"picked":"Slice","floor":17.0},{"not_picked":["Dagger Throw","Bane"],"picked":"Cloak And Dagger+1","floor":18},{"not_picked":["Underhanded Strike+1","Prepared+1"],"picked":"Deadly Poison+1","floor":24},{"not_picked":["PiercingWail+1","After Image","Choke"],"picked":"SKIP","floor":27},{"not_picked":["Slice","Cloak And Dagger+1","Sucker Punch"],"picked":"SKIP","floor":29},{"not_picked":["Well Laid Plans","Flechettes","Prepared+1"],"picked":"SKIP","floor":30},{"not_picked":["Dagger Throw+1","Cloak And Dagger+1"],"picked":"Deflect+1","floor":35},{"not_picked":["Mind Blast","Metamorphosis+1"],"picked":"Madness+1","floor":36},{"not_picked":["Prepared+1","Poisoned Stab+1","Underhanded Strike+1"],"picked":"SKIP","floor":37},{"not_picked":["Sucker Punch","Caltrops"],"picked":"Backflip+1","floor":41},{"not_picked":["Backflip+1","Dodge and Roll+1","Underhanded Strike"],"picked":"SKIP","floor":44},{"not_picked":["Leg Sweep+1","Deflect+1","Underhanded Strike+1"],"picked":"SKIP","floor":45}],"player_experience":371168,"relics_obtained":[{"floor":4.0,"key":"Paper Crane"},{"floor":6.0,"key":"Tiny Chest"},{"floor":9.0,"key":"Toxic Egg 2"},{"floor":12.0,"key":"Tough Bandages"},{"floor":14.0,"key":"Incense Burner"},{"floor":20,"key":"White Beast Statue"},{"floor":26,"key":"Lizard Tail"},{"floor":27,"key":"Pear"},{"floor":31,"key":"Smiling Mask"},{"floor":34,"key":"Nunchaku"},{"floor":34,"key":"Gremlin Horn"},{"floor":34,"key":"Dead Branch"},{"floor":41,"key":"Oddly Smooth Stone"},{"floor":43,"key":"CaptainsWheel"},{"floor":47,"key":"Potion Belt"},{"floor":48,"key":"TungstenRod"}],"event_choices":[{"damage_healed":0.0,"max_hp_gain":0.0,"max_hp_loss":0.0,"gold_gain":0.0,"event_name":"Big Fish","player_choice":"Box","floor":3.0,"gold_loss":0.0,"damage_taken":0.0,"relics_obtained":["MealTicket"],"cards_obtained":["Regret"]},{"cards_removed":["Regret"],"damage_healed":0.0,"max_hp_gain":0.0,"max_hp_loss":0.0,"gold_gain":0.0,"event_name":"Purifier","player_choice":"Purged","floor":7.0,"gold_loss":0.0,"damage_taken":0.0},{"damage_healed":0.0,"max_hp_gain":0.0,"max_hp_loss":0.0,"gold_gain":0.0,"event_name":"Dead Adventurer","player_choice":"Searched \u00272\u0027 times","floor":14.0,"gold_loss":0.0,"damage_taken":0.0},{"damage_healed":0,"gold_gain":0,"player_choice":"Ignored","damage_taken":0,"max_hp_gain":0,"max_hp_loss":0,"event_name":"Vampires","floor":21,"gold_loss":0},{"damage_healed":0,"gold_gain":0,"player_choice":"Upgraded","damage_taken":0,"max_hp_gain":0,"max_hp_loss":0,"event_name":"Upgrade Shrine","floor":22,"gold_loss":0,"cards_upgraded":["Backstab"]},{"damage_healed":0,"gold_gain":0,"player_choice":"Memory 1","damage_taken":0,"max_hp_gain":0,"max_hp_loss":0,"event_name":"SensoryStone","floor":36,"gold_loss":0},{"cards_removed":["Strike_G"],"damage_healed":0,"gold_gain":0,"player_choice":"Removed Attack","damage_taken":0,"max_hp_gain":0,"max_hp_loss":0,"event_name":"Falling","floor":39,"gold_loss":0},{"damage_healed":0,"gold_gain":0,"player_choice":"Upgraded","damage_taken":0,"max_hp_gain":0,"max_hp_loss":0,"event_name":"Upgrade Shrine","floor":40,"gold_loss":0,"cards_upgraded":["Blade Dance"]},{"damage_healed":0,"gold_gain":0,"player_choice":"Fight","damage_taken":0,"max_hp_gain":0,"max_hp_loss":0,"event_name":"MindBloom","floor":48,"gold_loss":0}],"is_beta":false,"boss_relics":[{"not_picked":["Velvet Choker","SlaversCollar"],"picked":"Tiny House"},{"not_picked":["Runic Dome","Snecko Eye"],"picked":"Calling Bell"}],"items_purged_floors":[19,38,42],"is_endless":false,"potions_floor_spawned":[6,12,13,14,16,24,27,29,30,33,35,37,41,44,45,48],"ascension_level":4}}