{"host":"4w8ocelhatf0iefc","time":1608913558,"event":{"mods":["AchievementEnabler","Act Like it!","Aspiration","BaseMod","Colored Map","Colored Powertips","Hubris","Minty Spire (QoL Compilation)","Replay The Spire","StSLib"],"gold_per_floor":[115,148,423,433,102,127,140,172,172,20,20,20],"floor_reached":11,"playtime":327,"items_purged":["Regret","Strike_B"],"score":93,"play_id":"5fb6a2b7-f4d9-43be-8acc-b3b99b19eeef","local_time":"20201226002558","is_ascension_mode":true,"campfire_choices":[],"circlet_count":0,"master_deck":["Strike_B","Strike_B","Strike_B","Defend_B","Defend_B","Defend_B","Defend_B","Zap","Dualcast","Go for the Eyes","Double Energy","Streamline","ReplayTheSpireMod:Calculation Training+1","Turbo","Redo","Doom and Gloom","Chaos"],"relics":["Cracked Core","aspiration:Nostalgia","Sizzling Blood","Runic Capacitor","aspiration:FaultyCoupler","Replay:Arrowhead","Ornamental Fan"],"acts_visited":["Exordium"],"potions_floor_usage":[6,6,6,8,11],"damage_taken":[{"damage":3,"enemies":"2 Louse","floor":1,"turns":2},{"damage":14,"enemies":"Small Slimes","floor":4,"turns":3},{"damage":23,"enemies":"3 Sentries","floor":6,"turns":7},{"damage":7,"enemies":"Jaw Worm","floor":7,"turns":4},{"damage":25,"enemies":"Lagavulin","floor":8,"turns":5},{"damage":10,"enemies":"3 Sentries","floor":11,"turns":2}],"seed_played":"-1178808488287309462","potions_obtained":[{"floor":2,"key":"DistilledChaos"},{"floor":2,"key":"EssenceOfSteel"},{"floor":2,"key":"FocusPotion"},{"floor":7,"key":"BlessingOfTheForge"}],"is_trial":false,"path_per_floor":["M","?","?","M","$","E","M","E","T","$","E"],"character_chosen":"DEFECT","items_purchased":["Runic Capacitor","ReplayTheSpireMod:Calculation Training+1","Turbo","AttackPotion"],"campfire_rested":0,"item_purchase_floors":[5,5,5,10],"current_hp_per_floor":[79,60,60,50,50,31,28,7,7,7,0,0],"gold":20,"neow_bonus":"NOSTALGIA","is_daily":false,"chose_seed":false,"campfire_upgraded":0,"win_rate":0.0,"timestamp":1608913558,"path_taken":["M","?","?","M","$","E","?","E","T","?","E"],"items_purchased_type":["Relic","Card","Card","Potion"],"build_version":"2020-12-22","purchased_purges":2,"victory":false,"max_hp_per_floor":[79,79,79,79,79,79,79,79,79,79,79,79],"card_choices":[{"not_picked":["Stack","Fusion"],"picked":"Go for the Eyes","floor":1},{"not_picked":["Compile Driver","Beam Cell"],"picked":"Double Energy","floor":2},{"not_picked":["ReplayTheSpireMod:Repulse","BasicCrystalCard"],"picked":"Streamline","floor":4},{"not_picked":["Blizzard","Undo"],"picked":"Redo","floor":6},{"not_picked":["Rebound","Redo"],"picked":"Doom and Gloom","floor":7},{"not_picked":["Machine Learning","Tempest"],"picked":"Chaos","floor":8}],"player_experience":291512,"relics_obtained":[{"floor":6,"key":"aspiration:FaultyCoupler"},{"floor":8,"key":"Replay:Arrowhead"},{"floor":9,"key":"Ornamental Fan"}],"event_choices":[{"damage_healed":0,"gold_gain":275,"player_choice":"Desecrate","damage_taken":0,"max_hp_gain":0,"max_hp_loss":0,"event_name":"Golden Shrine","floor":3,"gold_loss":0,"cards_obtained":["Regret"]}],"is_beta":false,"boss_relics":[],"items_purged_floors":[5,10],"is_endless":false,"potions_floor_spawned":[4,7],"killed_by":"3 Sentries","ascension_level":3}}