{"host":"hfxp6ue4pvwo3fit","time":1608865854,"event":{"mods":["AchievementEnabler","BaseMod","Colored Map","Colored Powertips","Highlight Path","Minty Spire (QoL Compilation)","StSLib","SuperFastMode"],"gold_per_floor":[111,123,194,213,213,239,212,177,253,269,269,269],"floor_reached":11,"playtime":305,"items_purged":[],"score":150,"play_id":"32463c83-86a3-4331-bca5-016cd8ce3c71","local_time":"20201224211054","is_ascension_mode":true,"campfire_choices":[],"circlet_count":0,"master_deck":["AscendersBane","Strike_R","Strike_R","Strike_R","Strike_R","Strike_R","Defend_R","Defend_R","Defend_R","Defend_R","Bash","Disarm","Whirlwind","Pommel Strike","Twin Strike","Corruption","Shrug It Off"],"relics":["SlaversCollar","Ornamental Fan","Juzu Bracelet","Singing Bowl"],"acts_visited":["Exordium"],"potions_floor_usage":[6,7],"damage_taken":[{"damage":7,"enemies":"Cultist","floor":1,"turns":4},{"damage":7,"enemies":"2 Louse","floor":2,"turns":3},{"damage":7,"enemies":"Small Slimes","floor":4,"turns":5},{"damage":19,"enemies":"Gremlin Nob","floor":6,"turns":4},{"damage":30,"enemies":"Exordium Thugs","floor":7,"turns":5},{"damage":6,"enemies":"Looter","floor":10,"turns":5},{"damage":31,"enemies":"3 Sentries","floor":11,"turns":6}],"seed_played":"-2869877901826617799","potions_obtained":[{"floor":1,"key":"Swift Potion"},{"floor":6,"key":"BloodPotion"}],"is_trial":false,"path_per_floor":["M","M","T","M","?","E","M","?","T","M","E"],"character_chosen":"IRONCLAD","items_purchased":[],"campfire_rested":0,"item_purchase_floors":[],"current_hp_per_floor":[61,54,54,47,47,28,13,31,31,25,0,0],"gold":269,"neow_bonus":"BOSS_RELIC","is_daily":false,"chose_seed":false,"campfire_upgraded":0,"win_rate":0.0,"timestamp":1608865854,"path_taken":["M","M","?","M","?","E","M","?","T","M","E"],"items_purchased_type":[],"build_version":"2020-12-22","purchased_purges":0,"victory":false,"max_hp_per_floor":[75,75,75,75,75,75,75,75,75,75,75,75],"card_choices":[{"not_picked":["Havoc","Burning Pact"],"picked":"Disarm","floor":1},{"not_picked":["Iron Wave","Sword Boomerang"],"picked":"Whirlwind","floor":2},{"not_picked":["Second Wind","Havoc"],"picked":"Pommel Strike","floor":4},{"not_picked":["Clash","Wild Strike"],"picked":"Twin Strike","floor":6},{"not_picked":["Iron Wave","Whirlwind"],"picked":"Corruption","floor":7},{"not_picked":["Second Wind","Clash"],"picked":"Shrug It Off","floor":10}],"player_experience":429775,"relics_obtained":[{"floor":3,"key":"Ornamental Fan"},{"floor":6,"key":"Juzu Bracelet"},{"floor":9,"key":"Singing Bowl"}],"event_choices":[{"damage_healed":0,"gold_gain":0,"player_choice":"Ignored","damage_taken":0,"max_hp_gain":0,"max_hp_loss":0,"event_name":"Golden Wing","floor":5,"gold_loss":0},{"damage_healed":18,"gold_gain":0,"player_choice":"Healed","damage_taken":0,"max_hp_gain":0,"max_hp_loss":0,"event_name":"The Cleric","floor":8,"gold_loss":35}],"is_beta":false,"boss_relics":[],"items_purged_floors":[],"is_endless":false,"potions_floor_spawned":[1,6],"killed_by":"3 Sentries","ascension_level":20}}