{"host":"wkq136ike0ligh15","time":1608874521,"event":{"mods":["Bard","BaseMod","Clockwork Mod","Minty Spire (QoL Compilation)","StSLib"],"gold_per_floor":[113,65,82,101,101,128,139,150,176,176,4,31,31,43,43,141,141,151,151,66,66,83,83,83,110,135,145,145,145,145,172,172,172,172],"floor_reached":33,"playtime":624,"items_purged":[],"score":323,"play_id":"f2ac9999-1a62-40a9-b7dc-b449e320fd74","local_time":"20201225003521","is_ascension_mode":false,"campfire_choices":[{"floor":15,"key":"REST"},{"floor":23,"key":"REST"},{"floor":28,"key":"RECALL"},{"floor":30,"key":"REST"},{"floor":32,"key":"REST"}],"circlet_count":0,"master_deck":["Defend_B","Defend_B","Defend_B","Defend_B","Zap+1","Dualcast+1","Rip and Tear+1","Ball Lightning+1","Ball Lightning","Lockon","Storm","Go for the Eyes","Stack","Regret","Coolheaded","Chaos","Streamline","Barrage","Hyperbeam","CurseOfTheBell","Sunder+1","Turbo","Skim","RitualDagger","Blizzard","Bite","Bite","Bite","Bite","Bite","Loop","Glacier+1"],"relics":["Nuclear Battery","Orichalcum","Pen Nib","Smiling Mask","Whetstone","Dream Catcher","Juzu Bracelet","Calling Bell","Centennial Puzzle","Darkstone Periapt","Dead Branch","Du-Vu Doll","Oddly Smooth Stone","Ancient Tea Set","Omamori"],"acts_visited":["Exordium","TheCity"],"potions_floor_usage":[6,6,16,16,33,33,33],"damage_taken":[{"damage":3,"enemies":"2 Louse","floor":1,"turns":4},{"damage":1,"enemies":"Jaw Worm","floor":3,"turns":3},{"damage":2,"enemies":"Small Slimes","floor":4,"turns":2},{"damage":0,"enemies":"Gremlin Nob","floor":6,"turns":2},{"damage":11,"enemies":"Red Slaver","floor":7,"turns":4},{"damage":0,"enemies":"3 Louse","floor":8,"turns":4},{"damage":11,"enemies":"Lagavulin","floor":12,"turns":4},{"damage":2,"enemies":"Looter","floor":14,"turns":2},{"damage":21,"enemies":"Hexaghost","floor":16,"turns":8},{"damage":15,"enemies":"2 Thieves","floor":18,"turns":3},{"damage":6,"enemies":"Chosen","floor":22,"turns":2},{"damage":19,"enemies":"Snake Plant","floor":27,"turns":3},{"damage":27,"enemies":"Book of Stabbing","floor":31,"turns":4},{"damage":62,"enemies":"Automaton","floor":33,"turns":6}],"seed_played":"8252580180584067863","potions_obtained":[{"floor":3,"key":"Fire Potion"},{"floor":4,"key":"Strength Potion"},{"floor":6,"key":"FearPotion"},{"floor":7,"key":"AttackPotion"},{"floor":8,"key":"AttackPotion"},{"floor":16,"key":"Explosive Potion"},{"floor":21,"key":"Weak Potion"},{"floor":21,"key":"AttackPotion"}],"is_trial":false,"path_per_floor":["M","$","M","M","?","E","M","M","T","?","$","E","?","M","R","B",null,"M","T","?","?","M","R","?","T","T","M","R","?","R","E","R","B"],"character_chosen":"DEFECT","items_purchased":["Ball Lightning","Whetstone","Coolheaded"],"campfire_rested":4,"item_purchase_floors":[2,11,11],"current_hp_per_floor":[72,72,71,69,54,54,43,43,43,43,43,32,32,30,52,31,75,60,60,60,60,54,75,69,69,69,50,50,50,52,33,48,0,0],"gold":172,"neow_bonus":"BOSS_RELIC","is_daily":false,"chose_seed":false,"campfire_upgraded":0,"win_rate":0.0,"timestamp":1608874521,"path_taken":["M","$","M","M","?","E","M","M","T","?","$","E","?","M","R","BOSS","M","?","?","?","M","R","?","?","T","M","R","?","R","E","R","BOSS"],"items_purchased_type":["Card","Relic","Card"],"build_version":"2020-12-22","purchased_purges":0,"victory":false,"max_hp_per_floor":[75,75,75,75,75,75,75,75,75,75,75,75,75,75,75,75,75,75,75,75,75,75,75,75,75,75,75,75,52,52,52,52,52,52],"card_choices":[{"not_picked":["Leap","Sweeping Beam"],"picked":"Rip and Tear","floor":1},{"not_picked":["Chill","Beam Cell"],"picked":"Ball Lightning","floor":3},{"not_picked":["Compile Driver","Stack"],"picked":"Lockon","floor":4},{"not_picked":["Ball Lightning","All For One"],"picked":"Storm","floor":6},{"not_picked":["Tempest","Turbo"],"picked":"Go for the Eyes","floor":7},{"not_picked":["Hologram","Redo"],"picked":"Stack","floor":8},{"not_picked":["Force Field","Go for the Eyes"],"picked":"Chaos","floor":12},{"not_picked":["Aggregate","Glacier"],"picked":"Streamline","floor":14},{"not_picked":["Gash","Skim"],"picked":"Barrage","floor":15},{"not_picked":["Reboot","Fission"],"picked":"Hyperbeam","floor":16},{"not_picked":["Skim","Leap"],"picked":"Sunder+1","floor":18},{"not_picked":["Ball Lightning","Static Discharge"],"picked":"Turbo","floor":22},{"not_picked":["Turbo","Go for the Eyes"],"picked":"Skim","floor":23},{"not_picked":["Go for the Eyes","Redo"],"picked":"Blizzard","floor":27},{"not_picked":["Self Repair+1","Undo"],"picked":"Loop","floor":30},{"not_picked":["Biased Cognition","Skim"],"picked":"Glacier+1","floor":31}],"player_experience":239098,"relics_obtained":[{"floor":6,"key":"Orichalcum"},{"floor":9,"key":"Pen Nib"},{"floor":12,"key":"Dream Catcher"},{"floor":17,"key":"Centennial Puzzle"},{"floor":17,"key":"Darkstone Periapt"},{"floor":17,"key":"Dead Branch"},{"floor":19,"key":"Du-Vu Doll"},{"floor":26,"key":"Ancient Tea Set"},{"floor":31,"key":"Omamori"}],"event_choices":[{"damage_healed":0,"gold_gain":0,"player_choice":"Entered Light","damage_taken":15,"max_hp_gain":0,"max_hp_loss":0,"event_name":"Shining Light","floor":5,"gold_loss":0,"cards_upgraded":["Dualcast","Zap"]},{"damage_healed":0,"gold_gain":0,"player_choice":"Box","damage_taken":0,"relics_obtained":["Smiling Mask"],"max_hp_gain":0,"max_hp_loss":0,"event_name":"Big Fish","floor":10,"gold_loss":0,"cards_obtained":["Regret"]},{"damage_healed":0,"gold_gain":0,"player_choice":"Gave Potion","damage_taken":0,"relics_obtained":["Juzu Bracelet"],"max_hp_gain":0,"max_hp_loss":0,"event_name":"WeMeetAgain","floor":13,"gold_loss":0},{"damage_healed":0,"gold_gain":0,"player_choice":"Obtained Relic","damage_taken":0,"relics_obtained":["Oddly Smooth Stone"],"max_hp_gain":0,"max_hp_loss":0,"event_name":"Addict","floor":20,"gold_loss":85},{"damage_healed":0,"gold_gain":0,"player_choice":"Got Potions","damage_taken":0,"max_hp_gain":0,"max_hp_loss":0,"event_name":"Lab","floor":21,"gold_loss":0},{"damage_healed":0,"gold_gain":0,"player_choice":"Joined the Cult","damage_taken":6,"max_hp_gain":0,"max_hp_loss":0,"event_name":"Nest","floor":24,"gold_loss":0,"cards_obtained":["RitualDagger"]},{"damage_healed":0,"gold_gain":0,"player_choice":"Became a vampire","damage_taken":0,"max_hp_gain":0,"max_hp_loss":23,"event_name":"Vampires","floor":29,"gold_loss":0,"cards_obtained":["Bite","Bite","Bite","Bite","Bite"]}],"is_beta":false,"boss_relics":[{"not_picked":["Empty Cage","Sozu"],"picked":"Calling Bell"}],"items_purged_floors":[],"is_endless":false,"potions_floor_spawned":[3,4,6,7,8,16,22],"killed_by":"Automaton","ascension_level":0}}