{"host":"gk9qdtkqd8dwfeg2","time":1608903205,"event":{"mods":["Aspiration","BaseMod","Colored Powertips","Minty Spire (QoL Compilation)","Quick Restart","Replay The Spire","Shop Mod","StSLib","TestMod","The Servant 0.9.4","Waifu the Spire","vexMod"],"gold_per_floor":[116,116,129,129,129,129,157,157,184,217,233,32,32,50,50,149,149,169,569,161,191,191,226,264,311,311,311,390,418,104,118,118,218,218,235,235,235,3,17,48,48,73,73,84,160,110,31,62,62,62,62,62,27,60,60],"floor_reached":56,"playtime":1847,"items_purged":["Writhe","Strike_R","Strike_R","Armaments+1"],"score":1672,"play_id":"5f0dc90f-c57f-4385-ad54-9f6fcb26cb8b","local_time":"20201225213325","is_ascension_mode":true,"campfire_choices":[{"data":"Bash","floor":6.0,"key":"SMITH"},{"data":"Sword Boomerang","floor":8.0,"key":"SMITH"},{"floor":13.0,"key":"REST"},{"data":"Hemogenesis","floor":15.0,"key":"SMITH"},{"data":"Rupture","floor":27.0,"key":"SMITH"},{"data":"testmod-ChaoticCore","floor":32.0,"key":"SMITH"},{"floor":41.0,"key":"RECALL"},{"floor":49,"key":"DIG"},{"data":"Dark Embrace","floor":52,"key":"SMITH"}],"circlet_count":0,"master_deck":["Defend_R+1","Defend_R+1","Bash+1","Sword Boomerang+1","Spot Weakness+1","ReplayTheSpireMod:Stacked+1","Hemogenesis+1","Dropkick","Berserk","Clumsy","Evolve","Offering+1","Dual Wield+1","Rupture+1","testmod-ChaoticCore+1","Seeing Red+1","Offering+1","testmod-EternalityOfKhronos+1","Shockwave+1","Shrug It Off+1","Abandon+1","Dark Embrace+1","Feel No Pain","Burning Pact+1"],"relics":["Burning Blood","testmod-CrystalShield","m_ScarletBlood","Lizard Tail","Cracked Core","Toxic Egg 2","Smiling Mask","testmod-Alchemist","MerchantsRug","Replay:Bandana","ReplayTheSpireMod:Lightbulb","King of Hearts","vexMod:ScavengeHelm","Shuriken","Pantograph","testmod-Charity","Replay:WaspNest","aspiration:BursterCore","Akabeko","aspiration:HummingbirdHeart","Eternal Feather","StrikeDummy","Magic Flower"],"acts_visited":["Exordium","TheCity","TheBeyond","TheEnding"],"potions_floor_usage":[55,55,55,55],"damage_taken":[{"damage":12.0,"enemies":"Small Slimes","floor":1.0,"turns":4.0},{"damage":6.0,"enemies":"Cultist","floor":3.0,"turns":3.0},{"damage":46.0,"enemies":"3 Sentries","floor":7.0,"turns":9.0},{"damage":24.0,"enemies":"Lagavulin","floor":10.0,"turns":4.0},{"damage":12.0,"enemies":"Jaw Worm","floor":11.0,"turns":1.0},{"damage":0.0,"enemies":"3 Louse","floor":14.0,"turns":3.0},{"damage":28.0,"enemies":"Slime Boss","floor":16.0,"turns":4.0},{"damage":24.0,"enemies":"3 Byrds","floor":18.0,"turns":5.0},{"damage":0.0,"enemies":"Chosen","floor":21.0,"turns":4.0},{"damage":30.0,"enemies":"Book of Stabbing","floor":23.0,"turns":6.0},{"damage":16.0,"enemies":"Snake Plant","floor":24.0,"turns":5.0},{"damage":18.0,"enemies":"Slavers","floor":25.0,"turns":5.0},{"damage":12.0,"enemies":"Shelled Parasite and Fungi","floor":29.0,"turns":3.0},{"damage":6.0,"enemies":"Snecko","floor":31.0,"turns":5.0},{"damage":18.0,"enemies":"Champ","floor":33.0,"turns":7.0},{"damage":16.0,"enemies":"3 Shapes","floor":35.0,"turns":4.0},{"damage":24.0,"enemies":"Orb Walker","floor":39.0,"turns":2.0},{"damage":12.0,"enemies":"Giant Head","floor":40.0,"turns":4.0},{"damage":12.0,"enemies":"Reptomancer","floor":42.0,"turns":3.0},{"damage":12.0,"enemies":"Writhing Mass","floor":44.0,"turns":3.0},{"damage":12,"enemies":"Nemesis","floor":48,"turns":4},{"damage":12,"enemies":"Time Eater","floor":50,"turns":5},{"damage":12,"enemies":"Shield and Spear","floor":54,"turns":4},{"damage":56,"enemies":"The Heart","floor":55,"turns":9}],"seed_played":"-60007755425191977","potions_obtained":[{"floor":5.0,"key":"Death Potion"},{"floor":7.0,"key":"Block Potion"},{"floor":10.0,"key":"LiquidMemories"},{"floor":21.0,"key":"DuplicationPotion"},{"floor":23.0,"key":"BlessingOfTheForge"},{"floor":24.0,"key":"SpeedPotion"},{"floor":39.0,"key":"testmod-TimePotion"}],"is_trial":false,"path_per_floor":["M","?","M","?","?","R","E","R","T","E","M","$","R","M","R","B",null,"M","?","$","M","?","E","M","E","T","R","T","M","$","M","R","B",null,"M","?","?","$","M","E","R","E","T","M","T","$","$","E","R","B",null,"R","$","E","B",null],"character_chosen":"IRONCLAD","items_purchased":["MerchantsRug","Armaments+1","Replay:Bandana","ReplayTheSpireMod:Lightbulb","testmod-ChaoticCore","testmod-Charity","Replay:WaspNest","testmod-EternalityOfKhronos+1","Dark Embrace","Feel No Pain"],"campfire_rested":1,"item_purchase_floors":[12,12,20,20,30,30,30,38,47,53],"current_hp_per_floor":[74,74,74,74,74,74,34,34,34,16,10,10,34,40,40,18,80,62,62,62,68,68,58,62,61,61,61,61,55,59,90,90,100,112,123,123,123,123,114,139,139,152,152,165,166,166,166,169,181,235,235,235,235,242,247],"gold":60,"neow_bonus":"NOSTALGIA","is_daily":false,"chose_seed":false,"campfire_upgraded":6,"win_rate":0.0,"timestamp":1608903205,"path_taken":["M","?","?","?","?","R","E","R","T","E","M","$","R","M","R","BOSS","M","?","$","M","?","E","M","E","T","R","?","?","$","M","R","BOSS","M","?","?","$","?","E","R","E","T","M","?","$","?","E","R","BOSS","R","$","E","BOSS"],"items_purchased_type":["Relic","Card","Relic","Relic","Card","Relic","Relic","Card","Card","Card"],"build_version":"2020-12-22","purchased_purges":4,"victory":true,"max_hp_per_floor":[80,80,80,80,80,80,80,80,80,80,80,80,80,80,80,80,80,80,80,80,80,80,80,80,80,80,80,80,80,84,93,93,112,112,123,123,123,123,132,163,163,182,182,201,202,202,202,211,211,235,235,235,235,248,258],"card_choices":[{"not_picked":["Cleave","Metallicize","ReplayTheSpireMod:Stacked"],"picked":"SKIP","floor":1.0},{"not_picked":["Havoc","Defy Death"],"picked":"Sword Boomerang","floor":3.0},{"not_picked":["Second Wind+1","Replay:Undeath\u0027s Touch"],"picked":"Spot Weakness+1","floor":7.0},{"not_picked":["Heavy Blade","Entrench+1"],"picked":"ReplayTheSpireMod:Stacked+1","floor":10.0},{"not_picked":["Uppercut","Sword Boomerang"],"picked":"Hemogenesis","floor":11.0},{"not_picked":["Iron Wave","Run Through"],"picked":"Dropkick","floor":14.0},{"not_picked":["Exhume+1","Brutality"],"picked":"Berserk","floor":16.0},{"not_picked":["Fire Breathing","Twin Strike"],"picked":"Evolve","floor":18.0},{"not_picked":["Run Through","True Grit+1","ReplayTheSpireMod:Strike From Hell+1"],"picked":"SKIP","floor":21.0},{"not_picked":["Wild Strike","Warcry+1"],"picked":"Offering+1","floor":23.0},{"not_picked":["Infernal Blade+1","ReplayTheSpireMod:Stacked+1"],"picked":"Dual Wield+1","floor":24.0},{"not_picked":["Metallicize","Pommel Strike"],"picked":"Rupture","floor":25.0},{"not_picked":["Dropkick","Clothesline","Replay:Undeath\u0027s Touch"],"picked":"SKIP","floor":29.0},{"not_picked":["Clothesline","Warcry+1"],"picked":"Seeing Red+1","floor":31.0},{"not_picked":["Corruption","Limit Break+1"],"picked":"Offering+1","floor":33.0},{"not_picked":["ReplayTheSpireMod:Limb From Limb+1","ReplayTheSpireMod:Stacked+1","Sentinel+1"],"picked":"SKIP","floor":35.0},{"not_picked":["Rage+1","Perfected Strike"],"picked":"Shockwave+1","floor":39.0},{"not_picked":["Warcry+1","Pommel Strike+1","Defy Death+1"],"picked":"SKIP","floor":40.0},{"not_picked":["Warcry+1","Intimidate+1"],"picked":"Shrug It Off+1","floor":42.0},{"not_picked":["Pommel Strike","Massacre+1"],"picked":"Abandon+1","floor":44.0},{"not_picked":["Sentinel+1","Iron Wave+1","Intimidate+1"],"picked":"SKIP","floor":48},{"not_picked":["Juggernaut","Havoc+1"],"picked":"Burning Pact+1","floor":54}],"player_experience":566452,"relics_obtained":[{"floor":2.0,"key":"Lizard Tail"},{"floor":7.0,"key":"Toxic Egg 2"},{"floor":9.0,"key":"Smiling Mask"},{"floor":10.0,"key":"testmod-Alchemist"},{"floor":23.0,"key":"King of Hearts"},{"floor":25.0,"key":"Matryoshka"},{"floor":26.0,"key":"vexMod:ScavengeHelm"},{"floor":26.0,"key":"Shuriken"},{"floor":28.0,"key":"Pantograph"},{"floor":28.0,"key":"Replay:Bottled Eggs"},{"floor":40.0,"key":"Akabeko"},{"floor":42.0,"key":"aspiration:HummingbirdHeart"},{"floor":45.0,"key":"Eternal Feather"},{"floor":49,"key":"StrikeDummy"},{"floor":54,"key":"Magic Flower"}],"event_choices":[{"damage_healed":0.0,"max_hp_gain":0.0,"max_hp_loss":0.0,"gold_gain":0.0,"event_name":"Wheel of Change","player_choice":"Relic","floor":2.0,"gold_loss":0.0,"damage_taken":0.0},{"damage_healed":0.0,"max_hp_gain":0.0,"max_hp_loss":0.0,"gold_gain":0.0,"event_name":"给自己的盒子","player_choice":"Swap Relic","floor":4.0,"relics_lost":["aspiration:Nostalgia"],"gold_loss":0.0,"damage_taken":0.0,"relics_obtained":["aspiration:Nostalgia"]},{"damage_healed":0.0,"max_hp_gain":0.0,"max_hp_loss":0.0,"gold_gain":400.0,"event_name":"恩洛斯的盘子","player_choice":"Sell","floor":19.0,"relics_lost":["testmod-TestBox"],"gold_loss":0.0,"damage_taken":0.0},{"damage_healed":0.0,"max_hp_gain":0.0,"max_hp_loss":0.0,"gold_gain":0.0,"event_name":"Ghosts","player_choice":"Ignored","floor":22.0,"gold_loss":0.0,"damage_taken":0.0},{"damage_healed":0.0,"max_hp_gain":0.0,"max_hp_loss":0.0,"gold_gain":0.0,"event_name":"Tomb of Lord Red Mask","player_choice":"Ignored","floor":36.0,"gold_loss":0.0,"damage_taken":0.0},{"damage_healed":0.0,"max_hp_gain":0.0,"max_hp_loss":0.0,"gold_gain":0.0,"event_name":"SecretPortal","player_choice":"Ignored","floor":37.0,"gold_loss":0.0,"damage_taken":0.0}],"is_beta":false,"boss_relics":[{"not_picked":["Electric Blood","Runic Dome"],"picked":"Kintsugi"},{"not_picked":["Honey Jar","testmod-BatchProcessingSystem"],"picked":"aspiration:BursterCore"}],"items_purged_floors":[20,30,38,46],"is_endless":false,"potions_floor_spawned":[7,10,21,23,24,33,39,42],"ascension_level":2}}