{"host":"gttgmv2wah99hzdm","time":1608932791,"event":{"mods":["AchievementEnabler","BaseMod","Bestiary","Block Reminder","Filter the Spire","Highlight Path","Minty Spire (QoL Compilation)","Permanent Neow","Random Character Button","Relic Stats","StSLib"],"gold_per_floor":[114,114,138,58,71,71,71,71],"floor_reached":7,"playtime":345,"items_purged":[],"score":80,"play_id":"b913c5b5-0886-4ed1-849a-14fd91ebaab0","local_time":"20201225154631","is_ascension_mode":true,"campfire_choices":[{"data":"Bash","floor":6,"key":"SMITH"}],"circlet_count":0,"master_deck":["AscendersBane","Strike_R","Strike_R","Strike_R","Strike_R","Strike_R","Defend_R","Defend_R","Defend_R","Defend_R","Bash+1","Iron Wave","Armaments","Feel No Pain","Clothesline"],"relics":["Runic Cube","Golden Idol"],"acts_visited":["Exordium"],"potions_floor_usage":[],"damage_taken":[{"damage":5,"enemies":"2 Louse","floor":1,"turns":4},{"damage":9,"enemies":"Jaw Worm","floor":3,"turns":6},{"damage":2,"enemies":"Cultist","floor":5,"turns":5},{"damage":63,"enemies":"Gremlin Nob","floor":7,"turns":5}],"seed_played":"3107529382688560131","potions_obtained":[],"is_trial":false,"path_per_floor":["M","?","M","$","M","R","E"],"character_chosen":"IRONCLAD","items_purchased":["Feel No Pain"],"campfire_rested":0,"item_purchase_floors":[4],"current_hp_per_floor":[63,63,54,54,52,52,0,0],"gold":71,"neow_bonus":"BOSS_RELIC","is_daily":false,"chose_seed":false,"campfire_upgraded":1,"win_rate":0.0,"timestamp":1608932791,"path_taken":["M","?","M","?","M","R","E"],"items_purchased_type":["Card"],"build_version":"2020-12-22","purchased_purges":0,"victory":false,"max_hp_per_floor":[75,68,68,68,68,68,68,68],"relic_stats":{"counters":[4,20],"Golden Idol":8,"obtain_stats":[{"Golden Idol":2,"Burning Blood":0,"Runic Cube":0},{"Golden Idol":1,"Burning Blood":0,"Runic Cube":0},{"Golden Idol":4,"Burning Blood":0,"Runic Cube":0}],"Runic Cube":[9]},"card_choices":[{"not_picked":["Shrug It Off","Reckless Charge"],"picked":"Iron Wave","floor":1},{"not_picked":["Heavy Blade","Infernal Blade"],"picked":"Armaments","floor":3},{"not_picked":["Seeing Red","Disarm"],"picked":"Clothesline","floor":5}],"player_experience":869316,"relics_obtained":[],"event_choices":[{"damage_healed":0,"gold_gain":0,"player_choice":"Lose Max HP","damage_taken":0,"relics_obtained":["Golden Idol"],"max_hp_gain":0,"max_hp_loss":7,"event_name":"Golden Idol","floor":2,"gold_loss":0}],"is_beta":false,"boss_relics":[],"items_purged_floors":[],"is_endless":false,"potions_floor_spawned":[],"killed_by":"Gremlin Nob","ascension_level":19}}