{"host":"5bdt6s51dmpd4l3v","time":1608895560,"event":{"mods":["AchievementEnabler","BaseMod","Colored Map","Colored Powertips","Highlight Path","Minty Spire (QoL Compilation)","Quick Restart","Rare Cards Sparkle","StSLib"],"gold_per_floor":[109,120,40,59,59,59,73,98,98,98,63,63,63,76,76,155,155,171,129,146,157,173,173,202,220,220,270,270,290,300,56,56,133,133,150,164,176,10,10,10,26,26,76,108,20,52,52,67,67,67,67],"floor_reached":50,"playtime":1380,"items_purged":["Writhe","Parasite"],"score":932,"play_id":"07c0c86c-543b-4953-a3d0-bff58b72027c","local_time":"20201225192600","is_ascension_mode":true,"campfire_choices":[{"data":"Sword Boomerang","floor":6.0,"key":"SMITH"},{"data":"Rage","floor":10.0,"key":"SMITH"},{"data":"Hemokinesis","floor":12.0,"key":"SMITH"},{"data":"Bash","floor":15.0,"key":"SMITH"},{"floor":23.0,"key":"REST"},{"data":"Offering","floor":28.0,"key":"SMITH"},{"floor":32.0,"key":"REST"},{"data":"Demon Form","floor":40.0,"key":"SMITH"},{"data":"Inflame","floor":42.0,"key":"SMITH"},{"data":"Battle Trance","floor":47.0,"key":"SMITH"},{"floor":49.0,"key":"REST"}],"circlet_count":0,"master_deck":["AscendersBane","Strike_R","Strike_R","Strike_R","Strike_R","Strike_R","Defend_R","Defend_R","Defend_R","Bash+1","Shockwave+1","Hemokinesis+1","Sword Boomerang+1","Rage+1","Heavy Blade+1","Offering+1","Rampage+1","Inflame+1","Whirlwind+1","True Grit+1","Whirlwind+1","Iron Wave+1","Headbutt+1","Dropkick+1","Pommel Strike+1","Clash+1","Twin Strike+1","Flex+1","Anger+1","Heavy Blade+1","Demon Form+1","Dual Wield+1","Body Slam+1","Pummel+1","Spot Weakness","Pommel Strike+1","Battle Trance+1","Armaments+1"],"relics":["Burning Blood","NeowsBlessing","Eternal Feather","Molten Egg 2","Cursed Key","Red Mask","Pen Nib","Orrery","Mark of Pain","Happy Flower","MawBank","Bag of Marbles"],"acts_visited":["Exordium","TheCity","TheBeyond"],"potions_floor_usage":[],"damage_taken":[{"damage":0.0,"enemies":"Cultist","floor":1.0,"turns":1.0},{"damage":0.0,"enemies":"Jaw Worm","floor":2.0,"turns":1.0},{"damage":0.0,"enemies":"Small Slimes","floor":4.0,"turns":1.0},{"damage":6.0,"enemies":"Exordium Wildlife","floor":7.0,"turns":4.0},{"damage":34.0,"enemies":"Lagavulin","floor":8.0,"turns":5.0},{"damage":2.0,"enemies":"2 Fungi Beasts","floor":14.0,"turns":3.0},{"damage":43.0,"enemies":"Slime Boss","floor":16.0,"turns":8.0},{"damage":15.0,"enemies":"2 Thieves","floor":18.0,"turns":3.0},{"damage":21.0,"enemies":"Spheric Guardian","floor":20.0,"turns":4.0},{"damage":18.0,"enemies":"Centurion and Healer","floor":21.0,"turns":4.0},{"damage":16.0,"enemies":"3 Cultists","floor":22.0,"turns":4.0},{"damage":0.0,"enemies":"Masked Bandits","floor":24.0,"turns":2.0},{"damage":34.0,"enemies":"Shelled Parasite and Fungi","floor":25.0,"turns":3.0},{"damage":29.0,"enemies":"Snake Plant","floor":29.0,"turns":4.0},{"damage":8.0,"enemies":"Sentry and Sphere","floor":30.0,"turns":2.0},{"damage":70.0,"enemies":"Champ","floor":33.0,"turns":7.0},{"damage":27.0,"enemies":"Orb Walker","floor":35.0,"turns":3.0},{"damage":27.0,"enemies":"3 Shapes","floor":36.0,"turns":4.0},{"damage":0.0,"enemies":"Spire Growth","floor":37.0,"turns":3.0},{"damage":19.0,"enemies":"3 Darklings","floor":41.0,"turns":3.0},{"damage":23.0,"enemies":"Reptomancer","floor":44.0,"turns":4.0},{"damage":28.0,"enemies":"Nemesis","floor":46.0,"turns":5.0},{"damage":34.0,"enemies":"Jaw Worm Horde","floor":48.0,"turns":3.0},{"damage":65,"enemies":"Awakened One","floor":50,"turns":3}],"seed_played":"4168095143319894211","potions_obtained":[{"floor":7.0,"key":"FearPotion"},{"floor":14.0,"key":"ColorlessPotion"},{"floor":16.0,"key":"Fruit Juice"},{"floor":18.0,"key":"LiquidMemories"},{"floor":22.0,"key":"Regen Potion"},{"floor":25.0,"key":"SkillPotion"},{"floor":33.0,"key":"Energy Potion"},{"floor":36.0,"key":"EntropicBrew"},{"floor":41.0,"key":"PowerPotion"},{"floor":46.0,"key":"ColorlessPotion"}],"is_trial":false,"path_per_floor":["M","M","$","M","?","R","M","E","T","R","?","R","?","M","R","B",null,"M","$","M","M","M","R","?","M","T","?","R","M","M","$","R","B",null,"M","M","M","$","?","R","M","R","T","E","$","E","R","M","R","B"],"character_chosen":"IRONCLAD","items_purchased":["Hemokinesis","Inflame","Orrery","Pummel+1","Spot Weakness"],"campfire_rested":3,"item_purchase_floors":[3,19,31,38,38],"current_hp_per_floor":[74,75,75,75,75,75,75,47,47,56,74,75,75,75,75,38,66,62,62,47,35,25,61,72,44,44,44,56,33,31,31,73,9,62,41,20,26,26,66,66,53,66,66,49,49,27,48,20,59,0,0],"gold":67,"neow_bonus":"THREE_ENEMY_KILL","is_daily":false,"chose_seed":false,"campfire_upgraded":8,"win_rate":0.0,"timestamp":1608895560,"path_taken":["M","M","$","M","?","R","M","E","T","R","?","R","?","M","R","BOSS","M","?","M","M","M","R","?","M","T","?","R","?","M","$","R","BOSS","M","M","M","$","?","R","M","R","T","E","$","E","R","M","R","BOSS"],"items_purchased_type":["Card","Card","Relic","Card","Card"],"build_version":"2020-12-22","purchased_purges":2,"victory":false,"max_hp_per_floor":[75,75,75,75,75,75,75,75,75,75,75,75,75,75,75,75,75,80,80,80,80,80,80,80,80,80,80,80,80,80,80,80,80,80,80,80,80,80,66,66,66,66,66,66,63,63,63,63,63,63,63],"card_choices":[{"not_picked":["Body Slam","Clothesline"],"picked":"Shockwave","floor":1.0},{"not_picked":["Wild Strike","Dark Embrace","Perfected Strike"],"picked":"SKIP","floor":2.0},{"not_picked":["Infernal Blade","Evolve"],"picked":"Sword Boomerang","floor":4.0},{"not_picked":["Anger","Clothesline","Thunderclap"],"picked":"SKIP","floor":7.0},{"not_picked":["Intimidate","Shrug It Off"],"picked":"Rage","floor":8.0},{"not_picked":["Intimidate","Armaments"],"picked":"Heavy Blade+1","floor":14.0},{"not_picked":["Demon Form","Barricade"],"picked":"Offering","floor":16.0},{"not_picked":["Disarm","Iron Wave+1"],"picked":"Rampage+1","floor":18.0},{"not_picked":["Iron Wave+1","Flame Barrier"],"picked":"Whirlwind+1","floor":20.0},{"not_picked":["Entrench","Dark Embrace"],"picked":"True Grit+1","floor":21.0},{"not_picked":["Clash+1","Cleave+1"],"picked":"Whirlwind+1","floor":22.0},{"not_picked":["Metallicize","Intimidate"],"picked":"Iron Wave+1","floor":24.0},{"not_picked":["True Grit+1","Second Wind"],"picked":"Headbutt+1","floor":25.0},{"not_picked":["Blood for Blood+1","Body Slam+1"],"picked":"Dropkick+1","floor":29.0},{"not_picked":["Flex","Heavy Blade+1"],"picked":"Pommel Strike+1","floor":30.0},{"not_picked":["Barricade","Armaments"],"picked":"Clash+1","floor":31.0},{"not_picked":["Sentinel","Warcry"],"picked":"Twin Strike+1","floor":31.0},{"not_picked":["Heavy Blade+1","Fiend Fire+1"],"picked":"Flex+1","floor":31.0},{"not_picked":["Intimidate","Warcry"],"picked":"Anger+1","floor":31.0},{"not_picked":["Disarm","Impervious"],"picked":"Heavy Blade+1","floor":31.0},{"not_picked":["Exhume","Double Tap"],"picked":"Demon Form","floor":33.0},{"not_picked":["Warcry","True Grit","Power Through+1"],"picked":"SKIP","floor":35.0},{"not_picked":["Sentinel","Spot Weakness"],"picked":"Dual Wield+1","floor":36.0},{"not_picked":["Infernal Blade","Second Wind"],"picked":"Body Slam+1","floor":37.0},{"not_picked":["Headbutt+1","True Grit","Metallicize"],"picked":"SKIP","floor":41.0},{"not_picked":["Cleave+1","Shrug It Off"],"picked":"Pommel Strike+1","floor":44.0},{"not_picked":["Armaments","Burning Pact"],"picked":"Battle Trance","floor":46.0},{"not_picked":["Carnage+1","Bludgeon+1"],"picked":"Armaments+1","floor":48.0}],"player_experience":234157,"relics_obtained":[{"floor":8.0,"key":"Eternal Feather"},{"floor":9.0,"key":"Molten Egg 2"},{"floor":24.0,"key":"Red Mask"},{"floor":26.0,"key":"Pen Nib"},{"floor":43.0,"key":"Happy Flower"},{"floor":44.0,"key":"MawBank"},{"floor":46.0,"key":"Bag of Marbles"}],"event_choices":[{"damage_healed":0.0,"max_hp_gain":0.0,"max_hp_loss":0.0,"gold_gain":0.0,"event_name":"Living Wall","player_choice":"Grow","floor":5.0,"gold_loss":0.0,"damage_taken":0.0,"cards_upgraded":["Shockwave"]},{"damage_healed":18.0,"max_hp_gain":0.0,"max_hp_loss":0.0,"gold_gain":0.0,"event_name":"The Cleric","player_choice":"Healed","floor":11.0,"gold_loss":35.0,"damage_taken":0.0},{"cards_removed":["Defend_R"],"damage_healed":0.0,"max_hp_gain":0.0,"max_hp_loss":0.0,"gold_gain":0.0,"event_name":"Purifier","player_choice":"Purged","floor":13.0,"gold_loss":0.0,"damage_taken":0.0},{"damage_healed":0.0,"max_hp_gain":0.0,"max_hp_loss":0.0,"gold_gain":0.0,"event_name":"Masked Bandits","player_choice":"Fought Bandits","floor":24.0,"gold_loss":0.0,"damage_taken":0.0},{"damage_healed":0.0,"max_hp_gain":0.0,"max_hp_loss":0.0,"gold_gain":50.0,"event_name":"Nest","player_choice":"Stole From Cult","floor":27.0,"gold_loss":0.0,"damage_taken":0.0},{"damage_healed":66.0,"max_hp_gain":0.0,"max_hp_loss":14.0,"gold_gain":0.0,"event_name":"The Moai Head","player_choice":"Heal","floor":39.0,"gold_loss":0.0,"damage_taken":0.0}],"is_beta":false,"boss_relics":[{"not_picked":["Runic Dome","Ectoplasm"],"picked":"Cursed Key"},{"not_picked":["Black Blood","Snecko Eye"],"picked":"Mark of Pain"}],"items_purged_floors":[31,45],"is_endless":false,"potions_floor_spawned":[7,14,16,18,22,25,33,36,41,46],"killed_by":"Awakened One","ascension_level":16}}