{"host":"ljnkpwbnfujn5lym","time":1608919640,"event":{"mods":["Bard","BaseMod","Better Note","Colored Map","Colored Powertips","Exacting","Googly Eyes","Highlight Path","Infinite Spire","Minty Spire (QoL Compilation)","Permanent Neow","Quick Restart","Relic Sorter","Relic Stats","Replay The Spire","StSLib","The IronCluck","slay the spire mod where everything is the same but ironclad has a cowboy hat"],"gold_per_floor":[18,51,67,67,116,116,161,161,186,186,241,241,241,291,291,366,366,409,409,428,111,111,140,140,165,165,165,192,192,203,248,248,325,325,364,405,423,423,505,505,536,536,561,561,577,697,697,35,35,35],"floor_reached":51,"playtime":2350,"items_purged":["Regret","Overencumbered","Decay"],"score":1253,"play_id":"be249a87-8cb7-4782-b519-2471708c0679","local_time":"20201225120720","is_ascension_mode":true,"campfire_choices":[{"data":"A Thousand Cuts","floor":6.0,"key":"SMITH"},{"data":"Deadly Poison","floor":6.0,"key":"SMITH"},{"floor":8.0,"key":"REST"},{"data":"Catalyst","floor":10.0,"key":"SMITH"},{"data":"Neutralize","floor":10.0,"key":"SMITH"},{"data":"Predator","floor":12.0,"key":"SMITH"},{"data":"Masterful Stab","floor":12.0,"key":"SMITH"},{"data":"Crippling Poison","floor":24.0,"key":"SMITH"},{"data":"Burst","floor":24.0,"key":"SMITH"},{"floor":27.0,"key":"REST"},{"data":"Catalyst","floor":32.0,"key":"SMITH"},{"data":"Dodge and Roll","floor":32.0,"key":"SMITH"},{"data":"Malaise","floor":40.0,"key":"SMITH"},{"data":"Malaise","floor":40.0,"key":"SMITH"},{"floor":42.0,"key":"REST"},{"floor":44.0,"key":"REST"},{"data":"ReplayTheSpireMod:Chaos Vortex","floor":49,"key":"SMITH"},{"data":"ReplayTheSpireMod:Brewmster","floor":49,"key":"SMITH"}],"circlet_count":0,"master_deck":["AscendersBane","Defend_G+1","Defend_G+1","Defend_G+1","Defend_G+1","Defend_G+1","Survivor","Neutralize+1","Deadly Poison+1","Masterful Stab+1","Catalyst+1","A Thousand Cuts+1","Quick Slash+1","Predator+1","PiercingWail","Burst+1","Shame","ReplayTheSpireMod:Speed Training","Malaise+1","Deflect","Crippling Poison+1","Dodge and Roll+1","Catalyst+1","Bite","Bite","Bite","Bite","Bite","Malaise+1","Escape Plan+1","Replay:Poison Smokescreen+1","ReplayTheSpireMod:Chaos Vortex+1","After Image","ReplayTheSpireMod:Brewmster+1"],"relics":["Ring of the Serpent","Replay:Arrowhead","Juzu Bracelet","Dream Catcher","Bag of Marbles","Strawberry","Replay:Ancient Bell","infinitespire:Beetle Shell","ReplayTheSpireMod:Shallot","Turnip","Orichalcum","infinitespire:Joker Card","Chameleon Ring","Omamori","CaptainsWheel","Replay:Bandana","MealTicket","Nunchaku","Lizard Tail","Girya","infinitespire:CursedDice","Oddly Smooth Stone"],"acts_visited":["Exordium","TheCity","TheBeyond"],"potions_floor_usage":[],"damage_taken":[{"damage":0.0,"enemies":"2 Louse","floor":1.0,"turns":4.0},{"damage":2.0,"enemies":"Jaw Worm","floor":2.0,"turns":5.0},{"damage":0.0,"enemies":"Cultist","floor":3.0,"turns":3.0},{"damage":17.0,"enemies":"3 Louse","floor":5.0,"turns":6.0},{"damage":22.0,"enemies":"Lagavulin","floor":7.0,"turns":5.0},{"damage":8.0,"enemies":"Replay:BlueRogue","floor":11.0,"turns":5.0},{"damage":26.0,"enemies":"Fading Forest","floor":16.0,"turns":11.0},{"damage":34.0,"enemies":"3 Byrds","floor":18.0,"turns":7.0},{"damage":18.0,"enemies":"2 Thieves","floor":20.0,"turns":5.0},{"damage":19.0,"enemies":"Gremlin Leader","floor":23.0,"turns":7.0},{"damage":7.0,"enemies":"Replay:Snechameleon","floor":25.0,"turns":6.0},{"damage":19.0,"enemies":"Book of Stabbing","floor":28.0,"turns":6.0},{"damage":6.0,"enemies":"Snake Plant","floor":30.0,"turns":11.0},{"damage":0.0,"enemies":"Slavers","floor":31.0,"turns":7.0},{"damage":55.0,"enemies":"Automaton","floor":33.0,"turns":10.0},{"damage":5.0,"enemies":"3 Darklings","floor":35.0,"turns":5.0},{"damage":0.0,"enemies":"3 Shapes","floor":36.0,"turns":5.0},{"damage":18.0,"enemies":"Spire Growth","floor":37.0,"turns":4.0},{"damage":20.0,"enemies":"R_Hoarder","floor":41.0,"turns":12.0},{"damage":29.0,"enemies":"Maw","floor":45.0,"turns":7.0},{"damage":24.0,"enemies":"infinitespire:Three Voidlings","floor":46.0,"turns":6.0},{"damage":22.0,"enemies":"Nightmare_Alpha","floor":46.0,"turns":8.0},{"damage":0,"enemies":"Donu and Deca","floor":50,"turns":1}],"seed_played":"-8918311811775689367","potions_obtained":[{"floor":1.0,"key":"SteroidPotion"},{"floor":3.0,"key":"FearPotion"},{"floor":18.0,"key":"Dexterity Potion"},{"floor":28.0,"key":"DuplicationPotion"},{"floor":31.0,"key":"Strength Potion"},{"floor":35.0,"key":"LifebloodPotion"},{"floor":37.0,"key":"Dexterity Potion"},{"floor":41.0,"key":"Explosive Potion"}],"is_trial":false,"path_per_floor":["M","M","M","?","M","R","E","R","T","R","E","R","?","?","R_BF","B",null,"M","?","M","$","?","E","R","E","T","R","E","?","M","E","R","B",null,"M","M","M","?","?","R","E","R","T","R","M","?","AVR","$","R","B",null],"character_chosen":"THE_SILENT","items_purchased":["Orichalcum","Weak Potion","Deflect","Oddly Smooth Stone","After Image","ReplayTheSpireMod:Brewmster"],"campfire_rested":4,"item_purchase_floors":[21,21,21,48,48,48],"current_hp_per_floor":[59,57,59,52,35,35,13,33,33,33,25,25,32,32,54,28,63,29,29,11,11,11,33,33,26,26,48,29,29,47,52,52,4,40,39,45,37,24,24,24,6,21,21,36,13,27,27,42,42,42],"gold":35,"neow_bonus":"ONE_RARE_RELIC","is_daily":false,"chose_seed":false,"campfire_upgraded":14,"win_rate":0.0,"timestamp":1608919640,"path_taken":["M","M","M","?","M","R","E","R","T","R","E","R","?","?","R_BF","BOSS","M","?","M","$","?","E","R","E","T","R","E","?","M","E","R","BOSS","M","M","M","?","?","R","E","R","T","R","M","?","AVR","?","R","BOSS"],"items_purchased_type":["Relic","Potion","Card","Relic","Card","Card"],"build_version":"2020-12-22","purchased_purges":3,"victory":true,"max_hp_per_floor":[66,66,68,68,68,68,68,68,68,68,68,68,75,75,75,75,75,75,75,75,75,75,75,75,75,75,75,75,52,52,52,52,52,52,52,52,52,52,52,52,52,52,52,52,52,52,52,52,52,52],"relic_stats":{"Dream Catcher":4,"Nunchaku":[2],"Lizard Tail":63,"counters":[23,146],"MealTicket":15,"Turnip":[32],"Juzu Bracelet":2,"Orichalcum":[204],"obtain_stats":[{"Girya":46,"infinitespire:CursedDice":47,"Oddly Smooth Stone":48,"infinitespire:Beetle Shell":17,"infinitespire:Joker Card":23,"Juzu Bracelet":7,"Replay:Ancient Bell":17,"Omamori":26,"Orichalcum":21,"Replay:Arrowhead":0,"Dream Catcher":9,"Lizard Tail":23,"CaptainsWheel":28,"Replay:Bandana":31,"Nunchaku":43,"Chameleon Ring":25,"ReplayTheSpireMod:Shallot":17,"Strawberry":13,"MealTicket":41,"Turnip":17,"Bag of Marbles":11,"Ring of the Serpent":34,"Ring of the Snake":0},{"Girya":22,"infinitespire:CursedDice":22,"Oddly Smooth Stone":22,"infinitespire:Beetle Shell":7,"infinitespire:Joker Card":10,"Juzu Bracelet":5,"Replay:Ancient Bell":7,"Omamori":11,"Orichalcum":9,"Replay:Arrowhead":0,"Dream Catcher":5,"Lizard Tail":10,"CaptainsWheel":12,"Replay:Bandana":14,"Nunchaku":19,"Chameleon Ring":11,"ReplayTheSpireMod:Shallot":7,"Strawberry":6,"MealTicket":19,"Turnip":7,"Bag of Marbles":6,"Ring of the Serpent":15,"Ring of the Snake":0},{"Girya":145,"infinitespire:CursedDice":145,"Oddly Smooth Stone":145,"infinitespire:Beetle Shell":39,"infinitespire:Joker Card":58,"Juzu Bracelet":23,"Replay:Ancient Bell":39,"Omamori":64,"Orichalcum":51,"Replay:Arrowhead":0,"Dream Catcher":23,"Lizard Tail":54,"CaptainsWheel":70,"Replay:Bandana":88,"Nunchaku":124,"Chameleon Ring":64,"ReplayTheSpireMod:Shallot":39,"Strawberry":28,"MealTicket":124,"Turnip":39,"Bag of Marbles":28,"Ring of the Serpent":98,"Ring of the Snake":0}]},"card_choices":[{"not_picked":["Dagger Throw","Sneak Up"],"picked":"Deadly Poison","floor":1.0},{"not_picked":["Deflect","Expertise"],"picked":"Masterful Stab","floor":2.0},{"not_picked":["Acrobatics","Hidden Blade"],"picked":"Catalyst","floor":3.0},{"not_picked":["Bane","Acrobatics"],"picked":"A Thousand Cuts","floor":5.0},{"not_picked":["Infinite Blades","Choke"],"picked":"Quick Slash","floor":7.0},{"not_picked":["ReplayTheSpireMod:Scrap Shanks","Dagger Throw"],"picked":"Predator","floor":11.0},{"not_picked":["Expertise","Flying Knee"],"picked":"PiercingWail","floor":15.0},{"not_picked":["Glass Knife","Adrenaline"],"picked":"Burst","floor":16.0},{"not_picked":["Regret","Amnesia"],"picked":"Shame","floor":17.0},{"not_picked":["Voices","CurseOfTheBell"],"picked":"Regret","floor":17.0},{"not_picked":["Spreading Infection","Injury"],"picked":"Overencumbered","floor":17.0},{"not_picked":["PiercingWail","Fluid Movement+1"],"picked":"ReplayTheSpireMod:Speed Training","floor":18.0},{"not_picked":["Fluid Movement+1","Sucker Punch"],"picked":"Malaise","floor":20.0},{"not_picked":["Cloak And Dagger","Deflect"],"picked":"Crippling Poison","floor":23.0},{"not_picked":["Bane+1","Dagger Throw"],"picked":"Dodge and Roll","floor":25.0},{"not_picked":["Predator","Hidden Blade+1"],"picked":"Catalyst","floor":28.0},{"not_picked":["Deflect","Poisoned Stab","Blade Dance+1"],"picked":"SKIP","floor":30.0},{"not_picked":["Acrobatics","ReplayTheSpireMod:Exploit Weakness","Blade Dance+1"],"picked":"SKIP","floor":31.0},{"not_picked":["infinitespire:Neurotoxin","ReplayTheSpireMod:Necrosis"],"picked":"Malaise","floor":33.0},{"not_picked":["Bane","ReplayTheSpireMod:Shiv Toss"],"picked":"Escape Plan+1","floor":35.0},{"not_picked":["ReplayTheSpireMod:Exploit Weakness+1","Backstab","Deflect"],"picked":"SKIP","floor":36.0},{"not_picked":["Dodge and Roll","Sucker Punch","Backflip"],"picked":"SKIP","floor":37.0},{"not_picked":["infinitespire:Punishment","ReplayTheSpireMod:Haul"],"picked":"infinitespire:SealOfDarkness+","floor":38.0},{"not_picked":["Bouncing Flask","Poisoned Stab"],"picked":"Replay:Poison Smokescreen+1","floor":39.0},{"not_picked":["ReplayTheSpireMod:From All Sides","Dagger Spray+1","Venomology"],"picked":"SKIP","floor":41.0},{"not_picked":["Malaise","Quick Slash","PiercingWail"],"picked":"SKIP","floor":45.0},{"not_picked":["infinitespire:UltimateForm","infinitespire:TheBestDefense"],"picked":"ReplayTheSpireMod:Chaos Vortex","floor":46}],"player_experience":627809,"relics_obtained":[{"floor":7.0,"key":"Juzu Bracelet"},{"floor":9.0,"key":"Dream Catcher"},{"floor":11.0,"key":"Bag of Marbles"},{"floor":13.0,"key":"Strawberry"},{"floor":23.0,"key":"infinitespire:Joker Card"},{"floor":25.0,"key":"Chameleon Ring"},{"floor":26.0,"key":"Omamori"},{"floor":28.0,"key":"CaptainsWheel"},{"floor":31.0,"key":"Replay:Bandana"},{"floor":41.0,"key":"MealTicket"},{"floor":43.0,"key":"Nunchaku"},{"floor":46,"key":"Girya"}],"event_choices":[{"cards_removed":["Strike_G"],"damage_healed":0.0,"max_hp_gain":0.0,"max_hp_loss":0.0,"gold_gain":0.0,"event_name":"Golden Wing","player_choice":"Card Removal","floor":4.0,"gold_loss":0.0,"damage_taken":7.0},{"damage_healed":0.0,"max_hp_gain":0.0,"max_hp_loss":0.0,"gold_gain":50.0,"event_name":"Golden Shrine","player_choice":"Pray","floor":14.0,"gold_loss":0.0,"damage_taken":0.0},{"damage_healed":0.0,"max_hp_gain":0.0,"max_hp_loss":0.0,"gold_gain":0.0,"event_name":"Back to Basics","player_choice":"Simplicity","floor":19.0,"gold_loss":0.0,"damage_taken":0.0,"cards_upgraded":["Strike_G","Strike_G","Strike_G","Strike_G","Defend_G","Defend_G","Defend_G","Defend_G","Defend_G"]},{"damage_healed":0.0,"max_hp_gain":0.0,"max_hp_loss":0.0,"gold_gain":0.0,"event_name":"Wheel of Change","player_choice":"Cursed","floor":22.0,"gold_loss":0.0,"damage_taken":0.0,"cards_obtained":["Decay"]},{"damage_healed":0.0,"max_hp_gain":0.0,"max_hp_loss":23.0,"gold_gain":0.0,"event_name":"Vampires","player_choice":"Became a vampire","floor":29.0,"gold_loss":0.0,"damage_taken":0.0,"cards_obtained":["Bite","Bite","Bite","Bite","Bite"]},{"damage_healed":0,"gold_gain":0,"player_choice":"Ignored","damage_taken":0,"max_hp_gain":0,"max_hp_loss":0,"event_name":"Vampires","floor":46,"gold_loss":0}],"is_beta":false,"boss_relics":[{"not_picked":["Snecko Scales","Replay:Drink Me"],"picked":"Replay:Ancient Bell"},{"not_picked":["ReplayTheSpireMod:Lightbulb","Gremlin Food"],"picked":"infinitespire:Beetle Shell"},{"not_picked":["Mercury Hourglass","Blue Candle"],"picked":"ReplayTheSpireMod:Shallot"},{"not_picked":["Replay:Kaleidoscope","StoneCalendar"],"picked":"Turnip"},{"not_picked":["Runic Dome","Tiny House"],"picked":"Ring of the Serpent"}],"items_purged_floors":[21,47,48],"is_endless":false,"potions_floor_spawned":[1,3,7,11,18,28,30,31,35,37,41,46],"ascension_level":18}}