{"host":"mxpmrihs65xqmug3","time":1608932573,"event":{"mods":["AchievementEnabler","BaseMod","BetterRewards","Colored Map","Colored Powertips","Curses Come First","GifTheSpireLib","Minty Spire (QoL Compilation)","Permanent Neow","Quick Restart","Replay The Spire","StSLib","Stuff the Spire","Useless Jewels Mod"],"gold_per_floor":[116,128,128,148,323,323,356,367,439,439,439],"floor_reached":10,"playtime":993,"items_purged":[],"score":71,"play_id":"588b31a4-79fc-4e10-9211-86c7a24a2bad","local_time":"20201226081253","is_ascension_mode":true,"campfire_choices":[],"circlet_count":0,"master_deck":["Strike_P","Strike_P","Strike_P","Defend_P","Defend_P","Defend_P","Defend_P","Eruption","Vigilance","DeusExMachina+1","Conclude","Fasting2","Pain","Replay:AtTheReady","Doubt","FlurryOfBlows","WheelKick","Prostrate"],"relics":["PureWater","WarpedTongs","TungstenRod","Replay:Bottled Eggs"],"acts_visited":["Exordium"],"potions_floor_usage":[7,8],"damage_taken":[{"damage":0,"enemies":"Small Slimes","floor":1,"turns":2},{"damage":7,"enemies":"Cultist","floor":2,"turns":3},{"damage":0,"enemies":"Jaw Worm","floor":4,"turns":2},{"damage":17,"enemies":"Lagavulin","floor":7,"turns":10},{"damage":0,"enemies":"2 Fungi Beasts","floor":8,"turns":4},{"damage":0,"enemies":"3 Sentries","floor":10,"turns":4}],"seed_played":"-5135013055080182794","potions_obtained":[{"floor":1,"key":"BottledMiracle"},{"floor":4,"key":"Regen Potion"},{"floor":7,"key":"Swift Potion"},{"floor":8,"key":"LiquidMemories"}],"is_trial":false,"path_per_floor":["M","M","?","M","?","?","E","M","T","E"],"character_chosen":"WATCHER","items_purchased":[],"campfire_rested":0,"item_purchase_floors":[],"current_hp_per_floor":[65,58,58,58,58,58,50,50,50,50,50],"gold":439,"neow_bonus":"THREE_RARE_CARDS","is_daily":false,"chose_seed":false,"campfire_upgraded":0,"win_rate":0.0,"timestamp":1608932573,"path_taken":["M","M","?","?","?","?","E","M","T","E"],"items_purchased_type":[],"build_version":"2020-12-22","purchased_purges":0,"victory":false,"max_hp_per_floor":[65,65,65,65,65,65,65,65,65,65,65],"card_choices":[{"not_picked":["Brilliance","MasterReality"],"picked":"DeusExMachina","floor":0},{"not_picked":["ForeignInfluence","Replay:BluntJabs"],"picked":"Conclude","floor":1},{"not_picked":["ThirdEye","CrushJoints"],"picked":"Fasting2","floor":2},{"not_picked":["BowlingBash","EmptyBody"],"picked":"Replay:AtTheReady","floor":4},{"not_picked":["FlyingSleeves","ClearTheMind"],"picked":"WheelKick","floor":7},{"not_picked":["Replay:Cycle","FearNoEvil"],"picked":"Prostrate","floor":8}],"player_experience":193794,"relics_obtained":[{"floor":7,"key":"TungstenRod"},{"floor":9,"key":"Replay:Bottled Eggs"}],"event_choices":[{"damage_healed":0,"gold_gain":0,"player_choice":"Rummage","damage_taken":0,"relics_obtained":["WarpedTongs"],"max_hp_gain":0,"max_hp_loss":0,"event_name":"Accursed Blacksmith","floor":3,"gold_loss":0,"cards_obtained":["Pain"]},{"damage_healed":0,"gold_gain":175,"player_choice":"AGREE","damage_taken":0,"max_hp_gain":0,"max_hp_loss":0,"event_name":"Liars Game","floor":5,"gold_loss":0,"cards_obtained":["Doubt"]},{"damage_healed":0,"gold_gain":0,"cards_transformed":["Strike_P"],"player_choice":"Change","damage_taken":0,"max_hp_gain":0,"max_hp_loss":0,"event_name":"Living Wall","floor":6,"gold_loss":0,"cards_obtained":["FlurryOfBlows"]}],"is_beta":false,"boss_relics":[],"items_purged_floors":[],"is_endless":false,"potions_floor_spawned":[1,4,7,8],"killed_by":"3 Sentries","ascension_level":1}}