{"host":"uv231blk40vjdojr","time":1608903578,"event":{"mods":["BaseMod","Minty Spire (QoL Compilation)","Relic Stats"],"gold_per_floor":[34,65,105,24,24,24,56,122,191,191,235,260,260,260,260,334,334,351,22,63,63,113,148,180,180,180,13,44,80,80,95,95,95,95],"floor_reached":33,"playtime":1432,"items_purged":[],"score":576,"play_id":"c25fc8e1-bc37-47ec-a327-57163b1ee7b4","local_time":"20201225143938","is_ascension_mode":true,"campfire_choices":[{"data":"Bash","floor":6,"key":"SMITH"},{"data":"HandOfGreed","floor":10,"key":"SMITH"},{"data":"Fire Breathing","floor":13,"key":"SMITH"},{"floor":15,"key":"REST"},{"data":"Immolate","floor":25,"key":"SMITH"},{"data":"Reaper","floor":30,"key":"SMITH"},{"data":"Reckless Charge","floor":32,"key":"SMITH"}],"circlet_count":0,"master_deck":["AscendersBane","Strike_R+1","Strike_R+1","Strike_R+1","Strike_R+1","Strike_R+1","Defend_R+1","Defend_R+1","Defend_R+1","Defend_R+1","Bash+1","HandOfGreed+1","Pommel Strike","Ghostly Armor","Whirlwind+1","Reckless Charge+1","Fire Breathing+1","Immolate+1","Reaper+1"],"relics":["Burning Blood","Turnip","Self Forming Clay","Art of War","Letter Opener","Mark of Pain","MealTicket","ClockworkSouvenir","Anchor","Juzu Bracelet","Medical Kit","Pantograph"],"acts_visited":["Exordium","TheCity"],"potions_floor_usage":[12,24,33,33],"damage_taken":[{"damage":10,"enemies":"2 Louse","floor":1,"turns":2},{"damage":4,"enemies":"Jaw Worm","floor":2,"turns":4},{"damage":0,"enemies":"Small Slimes","floor":3,"turns":3},{"damage":1,"enemies":"Exordium Wildlife","floor":7,"turns":4},{"damage":20,"enemies":"3 Sentries","floor":8,"turns":4},{"damage":29,"enemies":"Large Slime","floor":11,"turns":7},{"damage":12,"enemies":"Gremlin Nob","floor":12,"turns":3},{"damage":22,"enemies":"Slime Boss","floor":16,"turns":8},{"damage":19,"enemies":"Shell Parasite","floor":18,"turns":3},{"damage":7,"enemies":"Chosen","floor":20,"turns":3},{"damage":31,"enemies":"Centurion and Healer","floor":23,"turns":5},{"damage":7,"enemies":"Slavers","floor":24,"turns":2},{"damage":0,"enemies":"Gremlin Leader","floor":28,"turns":6},{"damage":2,"enemies":"Cultist and Chosen","floor":29,"turns":4},{"damage":24,"enemies":"Snake Plant","floor":31,"turns":3},{"damage":76,"enemies":"Automaton","floor":33,"turns":8}],"seed_played":"6553834907013699403","potions_obtained":[{"floor":1,"key":"AttackPotion"},{"floor":3,"key":"EssenceOfSteel"},{"floor":16,"key":"LiquidBronze"},{"floor":23,"key":"SkillPotion"},{"floor":24,"key":"DistilledChaos"}],"is_trial":false,"path_per_floor":["M","M","M","$","?","R","M","E","T","R","M","E","R","?","R","B",null,"M","$","M","?","?","M","E","R","T","$","E","M","R","M","R","B"],"character_chosen":"IRONCLAD","items_purchased":["Whirlwind","MealTicket","ClockworkSouvenir","Medical Kit"],"campfire_rested":1,"item_purchase_floors":[4,19,19,27],"current_hp_per_floor":[64,66,72,72,72,72,75,61,61,61,38,32,32,14,36,20,61,48,48,47,47,47,22,21,21,21,36,42,46,46,28,28,0,0],"gold":95,"neow_bonus":"RANDOM_COLORLESS_2","is_daily":false,"chose_seed":false,"campfire_upgraded":6,"win_rate":0.0,"timestamp":1608903578,"path_taken":["M","M","M","$","?","R","M","E","T","R","M","E","R","?","R","BOSS","M","$","M","?","?","M","E","R","T","$","E","M","R","M","R","BOSS"],"items_purchased_type":["Card","Relic","Relic","Relic"],"build_version":"2020-12-22","purchased_purges":0,"victory":false,"max_hp_per_floor":[75,75,75,75,75,75,75,75,75,75,75,75,75,75,75,75,75,75,75,75,75,75,75,75,75,75,75,75,75,75,75,75,75,75],"relic_stats":{"counters":[16,69],"Self Forming Clay":[72],"Pantograph":25,"MealTicket":15,"Turnip":[6],"Art of War":[3],"Juzu Bracelet":0,"Letter Opener":[10],"Medical Kit":[5],"obtain_stats":[{"Anchor":24,"Self Forming Clay":9,"Pantograph":28,"MealTicket":19,"Turnip":8,"Mark of Pain":17,"Art of War":12,"Juzu Bracelet":26,"Letter Opener":14,"Medical Kit":27,"Burning Blood":0,"ClockworkSouvenir":19},{"Anchor":12,"Self Forming Clay":5,"Pantograph":13,"MealTicket":9,"Turnip":5,"Mark of Pain":8,"Art of War":7,"Juzu Bracelet":12,"Letter Opener":7,"Medical Kit":12,"Burning Blood":0,"ClockworkSouvenir":9},{"Anchor":48,"Self Forming Clay":17,"Pantograph":54,"MealTicket":38,"Turnip":17,"Mark of Pain":35,"Art of War":27,"Juzu Bracelet":48,"Letter Opener":27,"Medical Kit":48,"Burning Blood":0,"ClockworkSouvenir":38}],"Burning Blood":88},"card_choices":[{"not_picked":["The Bomb","Mayhem"],"picked":"HandOfGreed","floor":0.0},{"not_picked":["Warcry","Twin Strike"],"picked":"Pommel Strike","floor":1},{"not_picked":["Flex","True Grit","Seeing Red"],"picked":"SKIP","floor":2},{"not_picked":["True Grit","Shrug It Off"],"picked":"Ghostly Armor","floor":3},{"not_picked":["Sentinel","Blood for Blood","Searing Blow"],"picked":"SKIP","floor":7},{"not_picked":["Rupture","Perfected Strike"],"picked":"Reckless Charge","floor":8},{"not_picked":["Flex","Exhume","True Grit"],"picked":"SKIP","floor":11},{"not_picked":["Twin Strike","Combust"],"picked":"Fire Breathing","floor":12},{"not_picked":["Brutality","Offering"],"picked":"Immolate","floor":16},{"not_picked":["Body Slam","Warcry","Rampage"],"picked":"SKIP","floor":18},{"not_picked":["Perfected Strike","Wild Strike","Blood for Blood"],"picked":"SKIP","floor":20},{"not_picked":["Twin Strike","Bloodletting","Headbutt"],"picked":"SKIP","floor":23},{"not_picked":["Berserk","Pummel+1","Feel No Pain"],"picked":"SKIP","floor":24},{"not_picked":["Rampage","Twin Strike"],"picked":"Reaper","floor":28},{"not_picked":["Sword Boomerang","Cleave","Havoc"],"picked":"SKIP","floor":31}],"player_experience":529790,"relics_obtained":[{"floor":8,"key":"Turnip"},{"floor":9,"key":"Self Forming Clay"},{"floor":12,"key":"Art of War"},{"floor":24,"key":"Anchor"},{"floor":26,"key":"Juzu Bracelet"},{"floor":28,"key":"Pantograph"}],"event_choices":[{"damage_healed":0,"gold_gain":0,"player_choice":"Grow","damage_taken":0,"max_hp_gain":0,"max_hp_loss":0,"event_name":"Living Wall","floor":5,"gold_loss":0,"cards_upgraded":["Whirlwind"]},{"damage_healed":0,"gold_gain":0,"player_choice":"Success","damage_taken":18,"relics_obtained":["Letter Opener"],"max_hp_gain":0,"max_hp_loss":0,"event_name":"Scrap Ooze","floor":14,"gold_loss":0},{"damage_healed":0,"gold_gain":0,"player_choice":"Simplicity","damage_taken":0,"max_hp_gain":0,"max_hp_loss":0,"event_name":"Back to Basics","floor":21,"gold_loss":0,"cards_upgraded":["Strike_R","Strike_R","Strike_R","Strike_R","Strike_R","Defend_R","Defend_R","Defend_R","Defend_R"]},{"damage_healed":0,"gold_gain":50,"player_choice":"Stole From Cult","damage_taken":0,"max_hp_gain":0,"max_hp_loss":0,"event_name":"Nest","floor":22,"gold_loss":0}],"is_beta":false,"boss_relics":[{"not_picked":["Black Star","Calling Bell"],"picked":"Mark of Pain"}],"items_purged_floors":[],"is_endless":false,"potions_floor_spawned":[1,3,16,20,23,24],"killed_by":"Automaton","ascension_level":16}}