{"host":"czen9m7c7ttmirt2","time":1608922437,"event":{"mods":["AchievementEnabler","Aspiration","BaseMod","Better Third Choice","Colored Map","Colored Powertips","Conspire","Hubris","Minty Spire (QoL Compilation)","Replay The Spire","StSLib"],"gold_per_floor":[114,114,134,154,2,2,13,13,87,99,24,24,52,71,71,170,170,186,186,186,205,224,224,253,270,270,295,295,295,310,321,321,321,321],"floor_reached":33,"playtime":1752,"items_purged":["Clumsy"],"score":407,"play_id":"8d4c7f1b-b9fc-44da-9f24-49f55c516b28","local_time":"20201225125357","is_ascension_mode":true,"campfire_choices":[{"floor":6,"key":"RECALL"},{"data":"White Noise","floor":8,"key":"SMITH"},{"data":"FIFO Queue","floor":15,"key":"SMITH"},{"floor":23,"key":"REST"},{"floor":28,"key":"REST"},{"floor":32,"key":"REST"}],"circlet_count":0,"master_deck":["Strike_B","Strike_B","Strike_B","Strike_B","Defend_B","Defend_B","Defend_B","Defend_B","Zap","Dualcast","Panic Button","Sweeping Beam","White Noise+1","Conserve Battery","FIFO Queue+1","Ball Lightning","Rainbow","CurseOfTheBell","Melter","Strike_B","Strike_B","Strike_B","Strike_B","Defend_B","Defend_B","Defend_B","Defend_B","Zap","Dualcast","Panic Button","Sweeping Beam","White Noise+1","Conserve Battery","FIFO Queue+1","Ball Lightning","Rainbow","CurseOfTheBell","Melter","Conserve Battery","Fusion+1","ReplaySolidLightProjector","Storm","Pot Of Greed","Pot Of Greed","Pot Of Greed","Pot Of Greed","FTL","Pain","ReplayTheSpireMod:System Scan+1","Gash+1"],"relics":["Cracked Core","Carrot","aspiration:Nostalgia","PureWater","Symbiotic Virus","Calling Bell","Pen Nib","hubris:SphereOfDissonance","hubris:CuriousFeather","Replay:Baseball","aspiration:HummingbirdHeart","Grinning Jar","WarpedTongs"],"acts_visited":["Exordium","TheCity"],"potions_floor_usage":[21,25,33],"damage_taken":[{"damage":0,"enemies":"conspire:RoseBush","floor":1,"turns":3},{"damage":0,"enemies":"Cultist","floor":3,"turns":4},{"damage":0,"enemies":"2 Louse","floor":4,"turns":2},{"damage":0,"enemies":"Large Slime","floor":7,"turns":4},{"damage":0,"enemies":"conspire:2 RoseBushes","floor":10,"turns":2},{"damage":20,"enemies":"Gremlin Nob","floor":13,"turns":3},{"damage":3,"enemies":"3 Louse","floor":14,"turns":3},{"damage":26,"enemies":"Fading Forest","floor":16,"turns":11},{"damage":34,"enemies":"Shell Parasite","floor":18,"turns":6},{"damage":0,"enemies":"3 Byrds","floor":21,"turns":2},{"damage":19,"enemies":"Snake Plant","floor":22,"turns":3},{"damage":27,"enemies":"conspire:Head Lice","floor":24,"turns":6},{"damage":24,"enemies":"Centurion and Healer","floor":25,"turns":3},{"damage":9,"enemies":"Slavers","floor":27,"turns":4},{"damage":4,"enemies":"conspire:HollyBat","floor":30,"turns":8},{"damage":1,"enemies":"3 Cultists","floor":31,"turns":4},{"damage":69,"enemies":"Automaton","floor":33,"turns":6}],"seed_played":"1053629585660831724","potions_obtained":[{"floor":4,"key":"Toxic Potion"},{"floor":13,"key":"Reflective Coating"},{"floor":24,"key":"Fire Potion"},{"floor":25,"key":"LiquidMemories"}],"is_trial":false,"path_per_floor":["M","?","M","M","$","R","M","R","T","M","$","?","E","M","R","B",null,"M","?","?","M","M","R","E","M","T","E","R","?","M","M","R","B"],"character_chosen":"DEFECT","items_purchased":["aspiration:Nostalgia"],"campfire_rested":3,"item_purchase_floors":[5],"current_hp_per_floor":[89,89,89,89,89,89,89,89,89,89,89,89,69,66,66,60,89,55,55,55,55,36,62,35,11,11,2,28,28,24,23,49,0,0],"gold":321,"neow_bonus":"TWENTY_PERCENT_HP_BONUS","is_daily":false,"chose_seed":false,"campfire_upgraded":2,"win_rate":0.0,"timestamp":1608922437,"path_taken":["M","?","?","?","?","R","M","R","T","M","$","?","E","M","R","BOSS","M","?","?","M","M","R","E","?","T","E","R","?","M","?","R","BOSS"],"items_purchased_type":["Relic"],"build_version":"2020-12-22","purchased_purges":1,"victory":false,"max_hp_per_floor":[89,89,89,89,89,89,89,89,89,89,89,89,89,89,89,89,89,89,89,89,89,89,89,89,89,89,89,89,89,89,89,89,89,89],"card_choices":[{"not_picked":["Redo","Cold Snap"],"picked":"Ball Lightning","floor":1},{"not_picked":["Beam Cell","Go for the Eyes"],"picked":"Panic Button","floor":3},{"not_picked":["Barrage","Biased Cognition"],"picked":"Sweeping Beam","floor":4},{"not_picked":["Cold Snap","Sweeping Beam"],"picked":"White Noise","floor":7},{"not_picked":["Leap","Panic Button"],"picked":"Conserve Battery","floor":10},{"not_picked":["Crystallizer","Undo"],"picked":"FIFO Queue","floor":13},{"not_picked":["Compile Driver","Coolheaded"],"picked":"Ball Lightning","floor":14},{"not_picked":["Meteor Strike","hubris:SpecializedCircuitry"],"picked":"Rainbow","floor":16},{"not_picked":["Stack+1","Hologram"],"picked":"Melter","floor":18},{"not_picked":["Barrage","Auto Shields"],"picked":"Conserve Battery","floor":21},{"not_picked":["Skim","aspiration:Polymerization"],"picked":"Fusion+1","floor":22},{"not_picked":["Steam","Blizzard"],"picked":"ReplaySolidLightProjector","floor":24},{"not_picked":["Redo","Compile Driver"],"picked":"Storm","floor":25},{"not_picked":["Streamline","Redo"],"picked":"FTL","floor":27},{"not_picked":["Panic Button","Beam Cell"],"picked":"ReplayTheSpireMod:System Scan+1","floor":30},{"not_picked":["Panic Button","ReplayTheSpireMod:GoodbyeWorld"],"picked":"Gash+1","floor":31}],"player_experience":197749,"relics_obtained":[{"floor":13,"key":"Symbiotic Virus"},{"floor":17,"key":"Pen Nib"},{"floor":17,"key":"hubris:SphereOfDissonance"},{"floor":17,"key":"hubris:CuriousFeather"},{"floor":24,"key":"Replay:Baseball"},{"floor":26,"key":"aspiration:HummingbirdHeart"},{"floor":27,"key":"Grinning Jar"}],"event_choices":[{"cards_removed":["Ball Lightning"],"damage_healed":0,"gold_gain":0,"player_choice":"Gave Card","damage_taken":0,"relics_obtained":["Carrot"],"max_hp_gain":0,"max_hp_loss":0,"event_name":"WeMeetAgain","floor":2,"gold_loss":0},{"damage_healed":0,"gold_gain":0,"player_choice":"Leave","damage_taken":0,"max_hp_gain":0,"max_hp_loss":0,"event_name":"conspire:Investor","floor":12,"gold_loss":0},{"damage_healed":0,"gold_gain":0,"player_choice":"Rummage","damage_taken":0,"relics_obtained":["WarpedTongs"],"max_hp_gain":0,"max_hp_loss":0,"event_name":"Accursed Blacksmith","floor":29,"gold_loss":0,"cards_obtained":["Pain"]}],"is_beta":false,"boss_relics":[{"not_picked":["aspiration:FutureDiary","conspire:RunicOctahedron"],"picked":"Calling Bell"}],"items_purged_floors":[11],"is_endless":false,"potions_floor_spawned":[4,13,24,25],"killed_by":"Automaton","ascension_level":3}}