{"host":"z5ys1wbqpsyqmecy","time":1608887594,"event":{"mods":["BaseMod","Colored Map","Colored Powertips","Minty Spire (QoL Compilation)","Relic Stats"],"gold_per_floor":[115,129,141,101,114,114,147,165,165,165,61,76,95,122,122,219,219,238,224,224,237,251,251,80,80,148,148,174,174,174,204,204,306,306,319,335,24,24,24],"floor_reached":38,"playtime":5160,"items_purged":["Night Terror","Writhe"],"score":451,"play_id":"30b72984-ae49-44f5-8f27-714d6d4775cd","local_time":"20201225011314","is_ascension_mode":false,"campfire_choices":[{"data":"Night Terror","floor":6,"key":"SMITH"},{"floor":10,"key":"REST"},{"data":"Distraction","floor":15,"key":"SMITH"},{"data":"Bouncing Flask","floor":23,"key":"SMITH"},{"data":"Terror","floor":25,"key":"SMITH"},{"floor":29,"key":"REST"},{"floor":32,"key":"REST"}],"circlet_count":0,"master_deck":["Strike_G","Strike_G","Strike_G","Defend_G","Defend_G","Defend_G","Defend_G","Survivor","Neutralize","All Out Attack","Terror+1","Underhanded Strike","Slice","Underhanded Strike","Dagger Throw","Dagger Throw","Deflect","Distraction+1","Poisoned Stab","Unload","Wraith Form v2+1","Noxious Fumes+1","Night Terror+1","Flechettes+1","Slice","Prepared","Bouncing Flask+1","Swift Strike","Bane","Dash+1","Dagger Throw","Glass Knife","All Out Attack","Slice","Panache"],"relics":["Ring of the Snake","Ornamental Fan","White Beast Statue","The Specimen","Astrolabe","Eternal Feather","Mercury Hourglass","Paper Crane","Letter Opener","Dream Catcher","Coffee Dripper"],"acts_visited":["Exordium","TheCity","TheBeyond"],"potions_floor_usage":[7,14,16,16,21,22,28,28,28,28,28,28,31,33,35,36,38,38],"damage_taken":[{"damage":5,"enemies":"Small Slimes","floor":1,"turns":5},{"damage":1,"enemies":"Cultist","floor":2,"turns":4},{"damage":2,"enemies":"2 Louse","floor":3,"turns":3},{"damage":11,"enemies":"Red Slaver","floor":5,"turns":7},{"damage":7,"enemies":"Gremlin Nob","floor":7,"turns":4},{"damage":22,"enemies":"Exordium Thugs","floor":8,"turns":4},{"damage":6,"enemies":"3 Louse","floor":12,"turns":2},{"damage":0,"enemies":"Blue Slaver","floor":13,"turns":3},{"damage":4,"enemies":"3 Sentries","floor":14,"turns":6},{"damage":3,"enemies":"Slime Boss","floor":16,"turns":6},{"damage":12,"enemies":"Spheric Guardian","floor":18,"turns":5},{"damage":2,"enemies":"2 Thieves","floor":19,"turns":4},{"damage":6,"enemies":"3 Cultists","floor":21,"turns":5},{"damage":10,"enemies":"Chosen and Byrds","floor":22,"turns":5},{"damage":12,"enemies":"Book of Stabbing","floor":28,"turns":3},{"damage":34,"enemies":"Slavers","floor":31,"turns":4},{"damage":35,"enemies":"Collector","floor":33,"turns":6},{"damage":37,"enemies":"3 Darklings","floor":35,"turns":5},{"damage":14,"enemies":"Orb Walker","floor":36,"turns":3},{"damage":22,"enemies":"Sphere and 2 Shapes","floor":38,"turns":3}],"seed_played":"-150802350139822576","potions_obtained":[{"floor":2,"key":"Poison Potion"},{"floor":4,"key":"SteroidPotion"},{"floor":4,"key":"GhostInAJar"},{"floor":4,"key":"Swift Potion"},{"floor":12,"key":"PowerPotion"},{"floor":14,"key":"Regen Potion"},{"floor":16,"key":"Dexterity Potion"},{"floor":18,"key":"FearPotion"},{"floor":19,"key":"EntropicBrew"},{"floor":21,"key":"Fire Potion"},{"floor":22,"key":"CunningPotion"},{"floor":28,"key":"Strength Potion"},{"floor":31,"key":"Poison Potion"},{"floor":33,"key":"CunningPotion"},{"floor":35,"key":"Fire Potion"},{"floor":36,"key":"SpeedPotion"}],"is_trial":false,"path_per_floor":["M","M","M","?","M","R","E","M","T","R","$","M","M","E","R","B",null,"M","M","?","M","M","R","$","R","T","T","E","R","?","E","R","B",null,"M","M","$","M"],"character_chosen":"THE_SILENT","items_purchased":["Dagger Throw","PowerPotion","Swift Strike","Panache","ColorlessPotion"],"campfire_rested":3,"item_purchase_floors":[11,11,24,37,37],"current_hp_per_floor":[65,64,62,62,51,51,44,22,22,43,43,37,37,33,33,45,70,58,56,56,50,40,40,40,40,40,40,28,64,64,30,69,34,70,33,19,19,0,0],"gold":24,"neow_bonus":"ONE_RANDOM_RARE_CARD","is_daily":false,"chose_seed":false,"campfire_upgraded":4,"win_rate":0.0,"timestamp":1608887594,"path_taken":["M","M","M","?","M","R","E","?","T","R","$","M","M","E","R","BOSS","M","M","?","?","M","R","$","R","T","?","E","R","?","E","R","BOSS","M","M","$","M"],"items_purchased_type":["Card","Potion","Card","Card","Potion"],"build_version":"2020-12-22","purchased_purges":2,"victory":false,"max_hp_per_floor":[70,70,70,70,70,70,70,70,70,70,70,70,70,70,70,70,70,70,70,70,70,70,70,70,70,70,70,70,70,70,70,70,70,70,70,70,70,70,70],"relic_stats":{"Dream Catcher":1,"counters":[20,85],"Ornamental Fan":[112],"Astrolabe":["Wraith Form v2","Noxious Fumes","Night Terror"],"Eternal Feather":33,"Letter Opener":[20],"obtain_stats":[{"Dream Catcher":31,"The Specimen":14,"Ornamental Fan":7,"Astrolabe":17,"Eternal Feather":26,"Coffee Dripper":34,"Letter Opener":30,"Paper Crane":28,"White Beast Statue":9,"Ring of the Snake":0,"Mercury Hourglass":27},{"Dream Catcher":16,"The Specimen":9,"Ornamental Fan":5,"Astrolabe":10,"Eternal Feather":14,"Coffee Dripper":17,"Letter Opener":15,"Paper Crane":15,"White Beast Statue":6,"Ring of the Snake":0,"Mercury Hourglass":14},{"Dream Catcher":70,"The Specimen":38,"Ornamental Fan":23,"Astrolabe":44,"Eternal Feather":63,"Coffee Dripper":76,"Letter Opener":66,"Paper Crane":66,"White Beast Statue":27,"Ring of the Snake":0,"Mercury Hourglass":63}],"Ring of the Snake":[40],"Mercury Hourglass":[127]},"card_choices":[{"not_picked":["Slice","Escape Plan"],"picked":"All Out Attack","floor":1},{"not_picked":["Expertise","Dagger Spray"],"picked":"Terror","floor":2},{"not_picked":["Dodge and Roll","Caltrops"],"picked":"Underhanded Strike","floor":3},{"not_picked":["Escape Plan","Skewer"],"picked":"Slice","floor":5},{"not_picked":["Backflip","Venomology"],"picked":"Underhanded Strike","floor":7},{"not_picked":["Crippling Poison","Dodge and Roll"],"picked":"Dagger Throw","floor":8},{"not_picked":["Skewer","Infinite Blades"],"picked":"Deflect","floor":12},{"not_picked":["Eviscerate","Bane"],"picked":"Distraction","floor":13},{"not_picked":["Tactician","Predator"],"picked":"Poisoned Stab","floor":14},{"not_picked":["Malaise","Burst"],"picked":"Unload","floor":16},{"not_picked":["Flying Knee","Outmaneuver"],"picked":"Flechettes+1","floor":18},{"not_picked":["Outmaneuver","Quick Slash+1"],"picked":"Slice","floor":19},{"not_picked":["Poisoned Stab","Backflip"],"picked":"Prepared","floor":21},{"not_picked":["Flying Knee","Infinite Blades"],"picked":"Bouncing Flask","floor":22},{"not_picked":["Infinite Blades+1","Slice+1"],"picked":"Bane","floor":28},{"not_picked":["Choke","Eviscerate"],"picked":"Dash+1","floor":31},{"not_picked":["Quick Slash","Poisoned Stab"],"picked":"Dagger Throw","floor":32},{"not_picked":["A Thousand Cuts","Wraith Form v2"],"picked":"Glass Knife","floor":33},{"not_picked":["Poisoned Stab","PiercingWail"],"picked":"All Out Attack","floor":35},{"not_picked":["Prepared+1","Eviscerate+1"],"picked":"Slice","floor":36}],"player_experience":28170,"relics_obtained":[{"floor":7,"key":"Ornamental Fan"},{"floor":9,"key":"White Beast Statue"},{"floor":14,"key":"The Specimen"},{"floor":26,"key":"Eternal Feather"},{"floor":27,"key":"Mercury Hourglass"},{"floor":28,"key":"Paper Crane"},{"floor":31,"key":"Dream Catcher"}],"event_choices":[{"damage_healed":0,"gold_gain":0,"player_choice":"Bought 3 Potions","damage_taken":0,"max_hp_gain":0,"max_hp_loss":0,"event_name":"The Woman in Blue","floor":4,"gold_loss":0},{"damage_healed":0,"gold_gain":0,"cards_transformed":["Strike_G"],"player_choice":"Transformed","damage_taken":0,"max_hp_gain":0,"max_hp_loss":0,"event_name":"Transmorgrifier","floor":20,"gold_loss":0,"cards_obtained":["Night Terror"]},{"damage_healed":0,"gold_gain":0,"player_choice":"Opened","damage_taken":0,"relics_obtained":["Letter Opener"],"max_hp_gain":0,"max_hp_loss":0,"event_name":"The Mausoleum","floor":30,"gold_loss":0,"cards_obtained":["Writhe"]}],"is_beta":false,"boss_relics":[{"not_picked":["Velvet Choker","Runic Dome"],"picked":"Astrolabe"},{"not_picked":["Tiny House","Empty Cage"],"picked":"Coffee Dripper"}],"items_purged_floors":[24,37],"is_endless":false,"potions_floor_spawned":[2,5,12,13,14,16,18,19,21,22,28,31,33,35,36],"killed_by":"Sphere and 2 Shapes","ascension_level":0}}