{"host":"1zjc08c6hob33401","time":1608933531,"event":{"mods":["AchievementEnabler","Act Like it!","Aspiration","BaseMod","Downfall","Energized Spire","GifTheSpireLib","Hermit","Hubris","Infinite Spire","Jedi Mod","Jorbs\u0027s Wanderer Trilogy","Minty Spire (QoL Compilation)","Pale of the Ancients","Quick Restart","Replay The Spire","Retaliation","Shop Mod","StSLib","Stuff the Spire","Swap Starting Deck Mod","The Blue Laboratory","The Gatherer","The Runesmith","Wandering Minibosses","[IsaacMod]????"],"gold_per_floor":[119,119,69,80,80,80,101,101,101,101,112,124,124,143,143,242,242,262,6,6,6,31,31,31,50,50,50,50,83,83,837,837,837,837],"floor_reached":33,"playtime":1732,"items_purged":[],"score":258,"play_id":"f3384ede-0f9d-4a6a-be5d-0bc5f6d0107f","local_time":"20201225235851","is_ascension_mode":false,"campfire_choices":[{"floor":6.0,"key":"REST"},{"data":"hermit:Brawl","floor":10.0,"key":"SMITH"},{"data":"hermit:Cheat","floor":15.0,"key":"SMITH"},{"data":"hermit:DeadOrAlive","floor":23,"key":"SMITH"},{"data":"hermit:Enervate","floor":24,"key":"SMITH"},{"data":"hermit:Desperado","floor":27,"key":"SMITH"},{"data":"hermit:CalledShot","floor":28,"key":"SMITH"},{"data":"hermit:GoldenBullet","floor":30,"key":"SMITH"},{"floor":32,"key":"REST"}],"circlet_count":0,"master_deck":["hermit:BodyArmor","hermit:HoleUp","hermit:Misfire+1","hermit:ItchyTrigger","hermit:Desperado+1","hermit:Vantage","hermit:CalledShot+1","hermit:Manifest","hermit:Misfire","hermit:LuckOfTheDraw+1","hermit:Brawl+1","hermit:ItchyTrigger","hermit:Cheat+1","hermit:Ricochet","hermit:DeadOrAlive+1","hermit:Enervate+1","hermit:EyeOfTheStorm+1","hermit:GoldenBullet+1","hermit:DeadMansHand+1"],"relics":["hermit:Momento","HushsDoor","KeepersGift","Odd Mushroom","Oddly Smooth Stone","Darkstone Periapt","hubris:Icosahedron","Black Star","Replay:WaspNest","WingedGreaves","Philosopher\u0027s Stone","jedi:shrinkray","Bronze Scales","wanderingMiniBosses:MasterThiefsPresence"],"acts_visited":["Exordium","TheCity"],"potions_floor_usage":[],"damage_taken":[{"damage":0.0,"enemies":"2 Louse","floor":1.0,"turns":2.0},{"damage":0.0,"enemies":"Cultist","floor":4.0,"turns":4.0},{"damage":0.0,"enemies":"The Mushroom Lair","floor":7.0,"turns":1.0},{"damage":3.0,"enemies":"Jaw Worm","floor":11.0,"turns":3.0},{"damage":0.0,"enemies":"Large Slime","floor":12.0,"turns":4.0},{"damage":10.0,"enemies":"Exordium Wildlife","floor":14.0,"turns":4.0},{"damage":12.0,"enemies":"Slime Boss","floor":16.0,"turns":8.0},{"damage":10.0,"enemies":"Chosen","floor":18.0,"turns":4.0},{"damage":12,"enemies":"Shell Parasite","floor":25,"turns":3},{"damage":5,"enemies":"Shelled Parasite and Fungi","floor":29,"turns":4},{"damage":18,"enemies":"Centurion and Healer","floor":31,"turns":9},{"damage":54,"enemies":"Champ","floor":33,"turns":6}],"seed_played":"6867576074821485657","potions_obtained":[{"floor":7.0,"key":"Explosive Potion"},{"floor":11.0,"key":"blueLaboratory:FrostheartPotion"},{"floor":12.0,"key":"sneckomod:MuddlingPotion"},{"floor":29,"key":"GamblersBrew"}],"is_trial":false,"path_per_floor":["M","?","?","M","?","R","?","T","T","R","M","M","?","M","R","B",null,"M","$","?","?","T","R","R","M","T","R","R","M","R","M","R","B"],"character_chosen":"HERMIT","items_purchased":["Replay:WaspNest"],"campfire_rested":2,"item_purchase_floors":[19],"current_hp_per_floor":[38,38,38,38,23,45,45,45,45,45,42,42,42,32,32,20,75,65,65,65,57,57,57,57,45,45,45,45,40,40,22,39,0,0],"gold":837,"neow_bonus":"","is_daily":false,"chose_seed":false,"campfire_upgraded":7,"win_rate":0.0,"timestamp":1608933531,"path_taken":["M","?","?","?","?","R","?","?","T","R","?","?","?","M","R","BOSS","M","$","?","?","?","R","R","?","T","R","R","?","R","M","R","BOSS"],"items_purchased_type":["Relic"],"build_version":"2020-12-22","purchased_purges":0,"victory":false,"max_hp_per_floor":[75,75,75,75,75,75,75,75,75,75,75,75,75,75,75,75,75,75,75,75,57,57,57,57,57,57,57,57,57,57,57,57,57,57],"card_choices":[{"not_picked":["hermit:Glare","hermit:Vantage"],"picked":"hermit:LuckOfTheDraw","floor":1.0},{"not_picked":["hermit:Midnight","hermit:Roulette"],"picked":"Bomb","floor":4.0},{"not_picked":["Bomb","hermit:Headshot"],"picked":"hermit:Brawl","floor":7.0},{"not_picked":["hermit:CalledShot","hermit:Snipe"],"picked":"hermit:ItchyTrigger","floor":11.0},{"not_picked":["hermit:Roulette","hermit:Manifest"],"picked":"hermit:Cheat","floor":12.0},{"not_picked":["hermit:Maintenance","hermit:Manifest"],"picked":"hermit:Ricochet","floor":14.0},{"not_picked":["hermit:EternalForm","hermit:Adapt"],"picked":"hermit:DeadOrAlive","floor":16.0},{"not_picked":["hermit:Vantage","hermit:Midnight"],"picked":"hermit:Enervate","floor":18.0},{"not_picked":["hermit:Gestalt","hermit:Grudge"],"picked":"hermit:EyeOfTheStorm+1","floor":25},{"not_picked":["hermit:Quickdraw","hermit:WideOpen"],"picked":"hermit:GoldenBullet","floor":29},{"not_picked":["hermit:HoleUp+1","hermit:TrackingShot"],"picked":"hermit:DeadMansHand+1","floor":31}],"player_experience":482652,"relics_obtained":[{"floor":7.0,"key":"Odd Mushroom"},{"floor":8.0,"key":"Oddly Smooth Stone"},{"floor":9.0,"key":"Darkstone Periapt"},{"floor":22,"key":"jedi:shrinkray"},{"floor":26,"key":"Bronze Scales"},{"floor":31,"key":"wanderingMiniBosses:MasterThiefsPresence"}],"event_choices":[{"cards_removed":["hermit:Manifest"],"damage_healed":0.0,"max_hp_gain":0.0,"max_hp_loss":0.0,"gold_gain":0.0,"event_name":"The Cleric","player_choice":"Card Removal","floor":3.0,"gold_loss":50.0,"damage_taken":0.0},{"damage_healed":0.0,"max_hp_gain":0.0,"max_hp_loss":0.0,"gold_gain":0.0,"event_name":"Shining Light","player_choice":"Entered Light","floor":5.0,"gold_loss":0.0,"damage_taken":15.0,"cards_upgraded":["hermit:Misfire","hermit:LuckOfTheDraw"]},{"damage_healed":0.0,"max_hp_gain":0.0,"max_hp_loss":0.0,"gold_gain":0.0,"event_name":"Mushrooms","player_choice":"Fought Mushrooms","floor":7.0,"gold_loss":0.0,"damage_taken":0.0}],"is_beta":false,"boss_relics":[{"not_picked":["aspiration:PoetsPen_weak","Runic Pyramid"],"picked":"Black Star"},{"not_picked":[]}],"items_purged_floors":[],"is_endless":false,"potions_floor_spawned":[7,11,12,29],"killed_by":"Champ","ascension_level":0}}