{"host":"0e3sjn8nzeyxegex","time":1608914499,"event":{"mods":["Act Like it!","AlwaysNeverKeys","BaseMod","Better Altar","Better Note","Better Sensory Stone","Better Skull","Better Third Choice","Better Vampires","Colored Map","Friendly Minions","Minty Spire (QoL Compilation)","Permanent Neow","Quick Restart","StSLib","The Alterego"],"gold_per_floor":[116,116,134,144,94,94,122,122,122,122,152,152,167,342,342,414,414,424,434,450,500,520,554,554,580,661,678,696,136,136,169,169,244,244,263,278,278,289,303,328,328,353,353,9,24,55,65,81,81,81],"floor_reached":51,"playtime":3328,"items_purged":["Doubt"],"score":1327,"play_id":"21b6c5eb-a648-4882-b6e7-a7ba71f04e5a","local_time":"20201225114139","is_ascension_mode":true,"campfire_choices":[{"data":"alterego_mod:RocketPunch","floor":6.0,"key":"SMITH"},{"data":"alterego_mod:1TonWallop","floor":8.0,"key":"SMITH"},{"data":"alterego_mod:Valkyrie","floor":10.0,"key":"SMITH"},{"data":"alterego_mod:Venus","floor":12.0,"key":"SMITH"},{"data":"alterego_mod:BigMeatyClaws","floor":15.0,"key":"SMITH"},{"data":"alterego_mod:TrashNCrash","floor":24.0,"key":"SMITH"},{"data":"alterego_mod:Support","floor":30.0,"key":"SMITH"},{"data":"alterego_mod:BreastValley","floor":32.0,"key":"SMITH"},{"data":"alterego_mod:MagicResistance","floor":41,"key":"SMITH"},{"data":"alterego_mod:PerceptionDisorder","floor":49,"key":"SMITH"}],"circlet_count":0,"master_deck":["AscendersBane","alterego_mod:Strike","alterego_mod:Defend","alterego_mod:Defend","alterego_mod:Defend","alterego_mod:Defend","alterego_mod:BigMeatyClaws+1","alterego_mod:BrynhildrsRune","alterego_mod:Valkyrie+1","alterego_mod:RocketPunch+1","alterego_mod:Exercise","alterego_mod:1TonWallop+1","alterego_mod:Venus+1","alterego_mod:SakuraFive","alterego_mod:Venus","alterego_mod:ChallengeComplete+1","alterego_mod:PainIsPleasure+1","alterego_mod:Cooking+1","alterego_mod:TrashNCrash+1","alterego_mod:BiFurious","alterego_mod:MaintainEyeContact","alterego_mod:MagicResistance+1","alterego_mod:Support+1","alterego_mod:PerceptionDisorder+1","alterego_mod:BreastValley+1","alterego_mod:AlterEgo","alterego_mod:PerceptionDisorder","alterego_mod:PerceptionDisorder+1","alterego_mod:1TonWallop+1","alterego_mod:BiFurious+1","alterego_mod:Birthday+1"],"relics":["alterego_mod:MasochisticConstitution","TungstenRod","Mummified Hand","Ginger","Astrolabe","Gremlin Horn","CaptainsWheel","Question Card","Chemical X","Bird Faced Urn","Incense Burner","Runic Pyramid","StrikeDummy","Peace Pipe","Turnip","Girya","Bag of Preparation","Vajra","Boot"],"acts_visited":["Exordium","TheCity","TheBeyond"],"potions_floor_usage":[42,50,50],"damage_taken":[{"damage":4.0,"enemies":"Small Slimes","floor":1.0,"turns":5.0},{"damage":1.0,"enemies":"2 Louse","floor":3.0,"turns":4.0},{"damage":6.0,"enemies":"Cultist","floor":4.0,"turns":4.0},{"damage":28.0,"enemies":"Lagavulin","floor":7.0,"turns":8.0},{"damage":9.0,"enemies":"3 Sentries","floor":11.0,"turns":4.0},{"damage":3.0,"enemies":"Red Slaver","floor":13.0,"turns":4.0},{"damage":12.0,"enemies":"Slime Boss","floor":16.0,"turns":7.0},{"damage":3.0,"enemies":"Spheric Guardian","floor":18.0,"turns":3.0},{"damage":6.0,"enemies":"3 Byrds","floor":19.0,"turns":2.0},{"damage":6.0,"enemies":"Snecko","floor":20.0,"turns":4.0},{"damage":15.0,"enemies":"3 Cultists","floor":22.0,"turns":6.0},{"damage":40.0,"enemies":"Slavers","floor":23.0,"turns":6.0},{"damage":4.0,"enemies":"Gremlin Leader","floor":25.0,"turns":5.0},{"damage":25.0,"enemies":"Snake Plant","floor":27.0,"turns":4.0},{"damage":3.0,"enemies":"Centurion and Healer","floor":28.0,"turns":5.0},{"damage":7.0,"enemies":"Slavers","floor":31.0,"turns":6.0},{"damage":6.0,"enemies":"Automaton","floor":33.0,"turns":7.0},{"damage":16.0,"enemies":"3 Shapes","floor":35.0,"turns":3.0},{"damage":2,"enemies":"3 Darklings","floor":36,"turns":5},{"damage":12,"enemies":"Spire Growth","floor":38,"turns":5},{"damage":6,"enemies":"Sphere and 2 Shapes","floor":39,"turns":4},{"damage":22,"enemies":"Giant Head","floor":40,"turns":7},{"damage":15,"enemies":"Nemesis","floor":42,"turns":5},{"damage":20,"enemies":"Jaw Worm Horde","floor":45,"turns":3},{"damage":17,"enemies":"Reptomancer","floor":46,"turns":4},{"damage":0,"enemies":"Spire Growth","floor":47,"turns":3},{"damage":20,"enemies":"Sphere and 2 Shapes","floor":48,"turns":3},{"damage":33,"enemies":"Awakened One","floor":50,"turns":5}],"seed_played":"1958015784767560179","potions_obtained":[{"floor":1.0,"key":"GamblersBrew"},{"floor":3.0,"key":"DuplicationPotion"},{"floor":13.0,"key":"EssenceOfSteel"},{"floor":18.0,"key":"LiquidBronze"},{"floor":22.0,"key":"Ancient Potion"},{"floor":23.0,"key":"Explosive Potion"},{"floor":25.0,"key":"DistilledChaos"},{"floor":27.0,"key":"DistilledChaos"},{"floor":36,"key":"Energy Potion"},{"floor":38,"key":"GamblersBrew"},{"floor":39,"key":"AttackPotion"},{"floor":48,"key":"EssenceOfSteel"}],"is_trial":false,"path_per_floor":["M","?","M","M","?","R","E","R","T","R","E","R","M","?","R","B",null,"M","M","M","?","M","E","R","E","T","M","M","$","R","E","R","B",null,"M","M","T","M","M","E","R","E","T","$","M","E","M","M","R","B",null],"character_chosen":"The_Alterego","items_purchased":["Chemical X","alterego_mod:PerceptionDisorder","Bird Faced Urn","Bag of Preparation","Vajra","Weak Potion"],"campfire_rested":0,"item_purchase_floors":[29,29,29,44,44,44],"current_hp_per_floor":[71,76,77,78,78,78,58,58,58,58,76,76,81,81,81,82,82,83,78,77,77,86,58,58,73,73,60,76,76,76,91,91,92,92,93,94,94,95,96,89,89,98,98,98,99,100,100,89,89,94],"gold":81,"neow_bonus":"ONE_RANDOM_RARE_CARD","is_daily":false,"chose_seed":false,"campfire_upgraded":10,"win_rate":0.0,"timestamp":1608914499,"path_taken":["M","?","M","M","?","R","E","R","T","R","E","R","M","?","R","BOSS","M","M","M","?","M","E","R","E","T","M","?","$","R","E","R","BOSS","M","M","?","M","?","E","R","E","T","$","M","E","M","M","R","BOSS"],"items_purchased_type":["Relic","Card","Relic","Relic","Relic","Potion"],"build_version":"2020-12-22","purchased_purges":1,"victory":true,"max_hp_per_floor":[71,76,77,78,78,78,79,79,79,79,80,80,81,81,81,82,82,83,84,85,85,86,87,87,88,88,89,90,90,90,91,91,92,92,93,94,94,95,96,97,97,98,98,98,99,100,100,101,101,102],"card_choices":[{"not_picked":["alterego_mod:MaintainEyeContact","alterego_mod:Mirror"],"picked":"alterego_mod:RocketPunch","floor":1.0},{"not_picked":["alterego_mod:GoddessCore","alterego_mod:Pet"],"picked":"alterego_mod:Exercise","floor":3.0},{"not_picked":["alterego_mod:Belle","alterego_mod:Cycle"],"picked":"alterego_mod:1TonWallop","floor":4.0},{"not_picked":["alterego_mod:HighServant","alterego_mod:1TonWallop","alterego_mod:Clones"],"picked":"SKIP","floor":7.0},{"not_picked":["alterego_mod:RocketPunch","alterego_mod:Maid"],"picked":"alterego_mod:Venus","floor":11.0},{"not_picked":["alterego_mod:HighServant","alterego_mod:Cooking"],"picked":"alterego_mod:SakuraFive","floor":13.0},{"not_picked":["alterego_mod:Tantrum","alterego_mod:STier"],"picked":"alterego_mod:Venus","floor":16.0},{"not_picked":["alterego_mod:Clones","alterego_mod:1TonWallop"],"picked":"alterego_mod:TrashNCrash","floor":18.0},{"not_picked":["alterego_mod:HighServant","alterego_mod:PurpleHair","alterego_mod:Maid"],"picked":"SKIP","floor":19.0},{"not_picked":["alterego_mod:TrashNCrash","alterego_mod:GachaTicket"],"picked":"alterego_mod:BiFurious","floor":20.0},{"not_picked":["alterego_mod:Bloomers","alterego_mod:BiFurious"],"picked":"alterego_mod:MaintainEyeContact","floor":22.0},{"not_picked":["alterego_mod:Maid","alterego_mod:Cooking","alterego_mod:Collar"],"picked":"SKIP","floor":23.0},{"not_picked":["alterego_mod:IndependentAction","alterego_mod:PurpleHair","alterego_mod:Valentines"],"picked":"SKIP","floor":25.0},{"not_picked":["alterego_mod:Bunnysuit","alterego_mod:Support","alterego_mod:Pet"],"picked":"alterego_mod:MagicResistance","floor":27.0},{"not_picked":["alterego_mod:Bounce","alterego_mod:MaintainEyeContact","alterego_mod:Alter","alterego_mod:Support"],"picked":"SKIP","floor":28.0},{"not_picked":["alterego_mod:Bounce","alterego_mod:MaintainEyeContact","alterego_mod:Alter"],"picked":"alterego_mod:Support","floor":28.0},{"not_picked":["alterego_mod:TrashNCrash","alterego_mod:Skirt","alterego_mod:Maid"],"picked":"alterego_mod:BreastValley","floor":31.0},{"not_picked":["alterego_mod:RingBreak","alterego_mod:SideboobHour","alterego_mod:Weigh"],"picked":"alterego_mod:AlterEgo","floor":33.0},{"not_picked":["alterego_mod:Complex+1","alterego_mod:Undulate","alterego_mod:Collar+1"],"picked":"alterego_mod:PerceptionDisorder","floor":35.0},{"not_picked":["alterego_mod:MagicResistance","alterego_mod:Swimsuit","alterego_mod:TrashNCrash","alterego_mod:Exercise"],"picked":"SKIP","floor":36},{"not_picked":["alterego_mod:HighServant+1","alterego_mod:BustOut","alterego_mod:Cycle"],"picked":"alterego_mod:PerceptionDisorder+1","floor":38},{"not_picked":["alterego_mod:Jiggle","alterego_mod:MagicResistance","alterego_mod:DeftHands","alterego_mod:Punishment"],"picked":"SKIP","floor":39},{"not_picked":["alterego_mod:Alter","alterego_mod:MagicResistance","alterego_mod:Belts"],"picked":"alterego_mod:1TonWallop+1","floor":40},{"not_picked":["alterego_mod:Cycle","alterego_mod:PurpleHair","alterego_mod:Bounce+1","alterego_mod:BusterCard+1"],"picked":"SKIP","floor":42},{"not_picked":["alterego_mod:Jiggle","alterego_mod:Bounce","alterego_mod:HighServant+1","alterego_mod:InsideBaseball"],"picked":"SKIP","floor":45},{"not_picked":["alterego_mod:Schoolgirl+1","alterego_mod:Pet","alterego_mod:Punishment+1"],"picked":"alterego_mod:BiFurious+1","floor":46},{"not_picked":["alterego_mod:Table","alterego_mod:BreastValley","alterego_mod:Rip","alterego_mod:PurpleHair"],"picked":"SKIP","floor":47},{"not_picked":["alterego_mod:Schoolgirl","alterego_mod:TrashNCrash","alterego_mod:Skirt"],"picked":"alterego_mod:Birthday+1","floor":48}],"player_experience":1128209,"relics_obtained":[{"floor":7.0,"key":"TungstenRod"},{"floor":9.0,"key":"Mummified Hand"},{"floor":11.0,"key":"Ginger"},{"floor":23.0,"key":"Gremlin Horn"},{"floor":25.0,"key":"CaptainsWheel"},{"floor":26.0,"key":"Question Card"},{"floor":31.0,"key":"Incense Burner"},{"floor":37,"key":"StrikeDummy"},{"floor":40,"key":"Peace Pipe"},{"floor":42,"key":"Turnip"},{"floor":43,"key":"Girya"},{"floor":46,"key":"Boot"}],"event_choices":[{"damage_healed":0.0,"max_hp_gain":5.0,"max_hp_loss":0.0,"gold_gain":0.0,"event_name":"Big Fish","player_choice":"Donut","floor":2.0,"gold_loss":0.0,"damage_taken":0.0},{"cards_removed":["alterego_mod:Impale"],"damage_healed":0.0,"max_hp_gain":0.0,"max_hp_loss":0.0,"gold_gain":0.0,"event_name":"The Cleric","player_choice":"Card Removal","floor":5.0,"gold_loss":50.0,"damage_taken":0.0},{"damage_healed":0.0,"max_hp_gain":0.0,"max_hp_loss":0.0,"gold_gain":175.0,"event_name":"betterThird:BetterSerpent","player_choice":"AGREE","floor":14.0,"gold_loss":0.0,"damage_taken":167.0},{"damage_healed":0.0,"max_hp_gain":0.0,"max_hp_loss":0.0,"gold_gain":100.0,"event_name":"The Joust","player_choice":"Bet on Murderer","floor":21.0,"gold_loss":50.0,"damage_taken":0.0}],"is_beta":false,"boss_relics":[{"not_picked":["Black Star","Busted Crown"],"picked":"Astrolabe"},{"not_picked":["Tiny House","SacredBark"],"picked":"Runic Pyramid"}],"items_purged_floors":[29],"is_endless":false,"potions_floor_spawned":[1,3,13,18,22,23,25,27,36,38,39,48],"ascension_level":13}}