{"host":"151yr9p79rpn1su6","time":1608923525,"event":{"mods":["BaseMod","Colored Map","Downfall","Minty Spire (QoL Compilation)","Replay The Spire","StSLib"],"gold_per_floor":[110,110,110,63,9,9,19,19,19,49,67,67,92,108,108,203,203,203,203],"floor_reached":18,"playtime":778,"items_purged":[],"score":218,"play_id":"b02d1383-d351-440d-bb88-0d6afac45a06","local_time":"20201225141205","is_ascension_mode":false,"campfire_choices":[{"data":"True Grit","floor":6,"key":"SMITH"},{"data":"Limit Break","floor":12,"key":"SMITH"},{"data":"ReplayTheSpireMod:Strike From Hell","floor":15,"key":"SMITH"}],"circlet_count":0,"master_deck":["Strike_R","Strike_R","Strike_R","Strike_R","Strike_R","Defend_R+1","Defend_R","Defend_R","Defend_R","Bash","Cleave","True Grit+1","Searing Blow","Limit Break+1","Twin Strike","Feel No Pain","ReplayTheSpireMod:Strike From Hell+1","Impervious"],"relics":["Burning Blood","NeowsBlessing","MealTicket","Quantum Egg","Replay:Ringing Soul","Strawberry","Replay:Accelerometer","Replay:Bronze Core"],"acts_visited":["Exordium","TheCity"],"potions_floor_usage":[16],"damage_taken":[{"damage":0,"enemies":"2 Louse","floor":1,"turns":1},{"damage":0,"enemies":"Small Slimes","floor":7,"turns":1},{"damage":0,"enemies":"Gremlin Nob","floor":10,"turns":1},{"damage":6,"enemies":"Cultist","floor":11,"turns":3},{"damage":16,"enemies":"3 Sentries","floor":13,"turns":10},{"damage":9,"enemies":"Large Slime","floor":14,"turns":7},{"damage":48,"enemies":"Fading Forest","floor":16,"turns":12},{"damage":12,"enemies":"Shell Parasite","floor":18,"turns":5}],"seed_played":"-6389680714286013922","potions_obtained":[{"floor":1,"key":"Strength Potion"},{"floor":10,"key":"FearPotion"},{"floor":11,"key":"PowerPotion"}],"is_trial":false,"path_per_floor":["M","?","?","$","?","R","M","?","T","E","M","R","E","M","R","B",null,"M"],"character_chosen":"IRONCLAD","items_purchased":["True Grit"],"campfire_rested":0,"item_purchase_floors":[4],"current_hp_per_floor":[80,80,77,80,80,80,80,80,80,90,93,93,83,83,83,54,99,87,87],"gold":203,"neow_bonus":"THREE_ENEMY_KILL","is_daily":false,"chose_seed":false,"campfire_upgraded":3,"win_rate":0.0,"timestamp":1608923525,"path_taken":["M","?","?","$","?","R","?","?","T","E","M","R","E","M","R","BOSS","M"],"items_purchased_type":["Card"],"build_version":"2020-12-22","purchased_purges":0,"victory":false,"max_hp_per_floor":[80,80,80,80,80,80,80,80,80,90,93,93,93,96,96,99,99,99,99],"card_choices":[{"not_picked":["Armaments","Havoc"],"picked":"Cleave","floor":1},{"not_picked":["Flame Barrier","Sentinel"],"picked":"Searing Blow","floor":7},{"not_picked":["Clothesline","Iron Wave"],"picked":"Twin Strike","floor":10},{"not_picked":["ReplayTheSpireMod:LeadingStrike","Headbutt"],"picked":"Feel No Pain","floor":11},{"not_picked":["Havoc","Wild Strike","Entrench"],"picked":"SKIP","floor":13},{"not_picked":["Anger","Replay:Undeath\u0027s Touch"],"picked":"ReplayTheSpireMod:Strike From Hell","floor":14},{"not_picked":["Double Tap","Offering"],"picked":"Impervious","floor":16}],"player_experience":1045795,"relics_obtained":[{"floor":9,"key":"Replay:Ringing Soul"},{"floor":10,"key":"Strawberry"},{"floor":13,"key":"Replay:Accelerometer"}],"event_choices":[{"damage_healed":0,"gold_gain":0,"player_choice":"Success","damage_taken":3,"relics_obtained":["MealTicket"],"max_hp_gain":0,"max_hp_loss":0,"event_name":"Scrap Ooze","floor":3,"gold_loss":0},{"damage_healed":0,"gold_gain":0,"player_choice":"Paid Gold","damage_taken":0,"relics_obtained":["Quantum Egg"],"max_hp_gain":0,"max_hp_loss":0,"event_name":"WeMeetAgain","floor":5,"gold_loss":54},{"damage_healed":0,"gold_gain":0,"player_choice":"1 cards matched","damage_taken":0,"max_hp_gain":0,"max_hp_loss":0,"event_name":"Match and Keep!","floor":8,"gold_loss":0,"cards_obtained":["Limit Break"]}],"is_beta":false,"boss_relics":[{"not_picked":["Kintsugi","Replay:Drink Me"],"picked":"Replay:Bronze Core"}],"items_purged_floors":[],"is_endless":false,"potions_floor_spawned":[1,10,11],"killed_by":"Shell Parasite","ascension_level":0}}