{"host":"lix655q3qm1o3wym","time":1608878065,"event":{"mods":["Act Like it!","BaseMod","Colored Powertips","Downfall","Minty Spire (QoL Compilation)","StSLib"],"gold_per_floor":[17,31,47,47,57,88,88,263,290,290,290,290,317,335,335,440,440,460,476,203,217,237,237,254,288,313,313,313,330,341,341,341,441,441,460,480,494,494,57,102,102,129,154,154,164,164,164,191,191,191],"floor_reached":51,"playtime":4443,"items_purged":["Strike_P","Nirvana"],"score":851,"play_id":"cfecf90c-d265-4ca4-911f-2eb101050a2e","local_time":"20201224233425","is_ascension_mode":true,"campfire_choices":[{"data":"Eruption","floor":7,"key":"SMITH"},{"data":"BattleHymn","floor":10,"key":"SMITH"},{"data":"Worship","floor":15,"key":"SMITH"},{"data":"Establishment","floor":23,"key":"SMITH"},{"floor":28,"key":"REST"},{"data":"Meditate","floor":32,"key":"SMITH"},{"data":"Secret Technique","floor":41,"key":"SMITH"},{"floor":44,"key":"REST"},{"floor":46,"key":"REST"},{"data":"WindmillStrike","floor":49,"key":"SMITH"}],"circlet_count":0,"master_deck":["Defend_P+1","Defend_P","Defend_P","Defend_P","Eruption+1","Vigilance","PathToVictory","Halt","Wireheading","BattleHymn+1","PathToVictory","Worship+1","Establishment+1","Prostrate","Crescendo","WindmillStrike+1","Meditate+1","Scrawl","Pray+1","FlyingSleeves+1","Secret Technique+1","Protect+1","FlyingSleeves+1"],"relics":["PureWater","FossilizedHelix","Vajra","Anchor","FaceOfCleric","Pen Nib","Empty Cage","Chemical X","Guardian:PocketSentry","Centennial Puzzle","Ginger","Runic Pyramid","Melange","WingedGreaves","Mercury Hourglass","Toy Ornithopter","Question Card","Lizard Tail"],"acts_visited":["Exordium","TheCity","TheBeyond"],"potions_floor_usage":[6,6,16,24,25,25,40,40,42,50],"damage_taken":[{"damage":0,"enemies":"Small Slimes","floor":1,"turns":3},{"damage":0,"enemies":"Jaw Worm","floor":2,"turns":3},{"damage":0,"enemies":"Cultist","floor":3,"turns":3},{"damage":0,"enemies":"Looter","floor":5,"turns":2},{"damage":7,"enemies":"Lagavulin","floor":6,"turns":5},{"damage":2,"enemies":"3 Sentries","floor":13,"turns":6},{"damage":0,"enemies":"2 Fungi Beasts","floor":14,"turns":2},{"damage":0,"enemies":"The Guardian","floor":16,"turns":7},{"damage":18,"enemies":"3 Byrds","floor":18,"turns":5},{"damage":0,"enemies":"Chosen","floor":19,"turns":3},{"damage":5,"enemies":"Snake Plant","floor":21,"turns":3},{"damage":0,"enemies":"Centurion and Healer","floor":22,"turns":4},{"damage":0,"enemies":"Chosen and Byrds","floor":24,"turns":4},{"damage":32,"enemies":"Slavers","floor":25,"turns":4},{"damage":7,"enemies":"Snake Plant","floor":29,"turns":3},{"damage":0,"enemies":"Cultist and Chosen","floor":30,"turns":4},{"damage":39,"enemies":"Collector","floor":33,"turns":7},{"damage":29,"enemies":"3 Shapes","floor":35,"turns":5},{"damage":6,"enemies":"3 Darklings","floor":36,"turns":3},{"damage":0,"enemies":"4 Shapes","floor":37,"turns":4},{"damage":7,"enemies":"2 Orb Walkers","floor":40,"turns":3},{"damage":36,"enemies":"Reptomancer","floor":42,"turns":5},{"damage":1,"enemies":"Transient","floor":45,"turns":5},{"damage":0,"enemies":"Giant Head","floor":48,"turns":5},{"damage":51,"enemies":"Awakened One","floor":50,"turns":7}],"seed_played":"-685352732719066366","potions_obtained":[{"floor":2,"key":"Dexterity Potion"},{"floor":5,"key":"SpeedPotion"},{"floor":14,"key":"EssenceOfSteel"},{"floor":16,"key":"Strength Potion"},{"floor":18,"key":"GamblersBrew"},{"floor":24,"key":"FearPotion"},{"floor":25,"key":"Energy Potion"},{"floor":33,"key":"sneckomod:MuddlingPotion"},{"floor":36,"key":"LiquidMemories"},{"floor":37,"key":"champ:CounterPotion"},{"floor":45,"key":"FearPotion"}],"is_trial":false,"path_per_floor":["M","M","M","?","M","E","R","?","T","R","?","?","E","M","R","B",null,"M","M","$","M","M","R","M","E","T","T","R","M","M","?","R","B",null,"M","M","M","?","$","?","R","E","T","R","M","R","T","E","R","B",null],"character_chosen":"WATCHER","items_purchased":["Chemical X","Crescendo","Secret Technique","Melange"],"campfire_rested":3,"item_purchase_floors":[20,20,39,39],"current_hp_per_floor":[72,72,72,58,58,51,51,51,51,51,51,51,50,51,51,52,75,58,59,59,55,56,56,57,26,26,26,50,44,45,45,45,7,84,56,51,52,52,52,46,46,11,11,37,37,64,64,65,65,20],"gold":191,"neow_bonus":"ONE_RARE_RELIC","is_daily":false,"chose_seed":false,"campfire_upgraded":7,"win_rate":0.0,"timestamp":1608878065,"path_taken":["M","M","M","?","M","E","R","?","T","R","?","?","E","M","R","BOSS","M","M","$","M","M","R","M","E","T","?","R","M","M","?","R","BOSS","M","M","M","?","$","?","R","E","T","R","M","R","?","E","R","BOSS"],"items_purchased_type":["Relic","Card","Card","Relic"],"build_version":"2020-12-22","purchased_purges":2,"victory":true,"max_hp_per_floor":[72,72,72,72,72,72,72,72,72,72,72,72,73,74,74,75,75,76,77,77,78,79,79,80,81,81,81,81,82,83,83,83,84,84,85,86,87,87,87,88,88,89,89,89,90,90,90,91,91,92],"card_choices":[{"not_picked":["Protect","BowlingBash"],"picked":"PathToVictory","floor":1},{"not_picked":["SashWhip","EmptyBody"],"picked":"Halt","floor":2},{"not_picked":["Vengeance","ClearTheMind"],"picked":"Wireheading","floor":3},{"not_picked":["MentalFortress","ClearTheMind"],"picked":"Nirvana","floor":5},{"not_picked":["Brilliance","ReachHeaven"],"picked":"BattleHymn","floor":6},{"not_picked":["LessonLearned","ClearTheMind"],"picked":"PathToVictory","floor":13},{"not_picked":["SignatureMove","EmptyBody"],"picked":"Worship","floor":14},{"not_picked":["MasterReality","Devotion"],"picked":"Establishment","floor":16},{"not_picked":["BowlingBash","Evaluate+1"],"picked":"Prostrate","floor":18},{"not_picked":["ThirdEye","FlurryOfBlows"],"picked":"Consecrate","floor":19},{"not_picked":["BowlingBash","Protect"],"picked":"WindmillStrike","floor":21},{"not_picked":["EmptyBody","Halt","Consecrate+1"],"picked":"SKIP","floor":22},{"not_picked":["BowlingBash","PathToVictory+1"],"picked":"Meditate","floor":24},{"not_picked":["SashWhip","Judgement","FlurryOfBlows"],"picked":"SKIP","floor":25},{"not_picked":["BattleHymn","WheelKick","EmptyBody"],"picked":"SKIP","floor":29},{"not_picked":["SashWhip","Consecrate+1","Alpha"],"picked":"SKIP","floor":30},{"not_picked":["Wish","Alpha"],"picked":"Scrawl","floor":33},{"not_picked":["WaveOfTheHand+1","Tantrum+1","Protect"],"picked":"SKIP","floor":35},{"not_picked":["Prostrate","Conclude+1"],"picked":"Pray+1","floor":36},{"not_picked":["FlurryOfBlows+1","Evaluate"],"picked":"FlyingSleeves+1","floor":37},{"not_picked":["Weave","Evaluate","Alpha"],"picked":"SKIP","floor":42},{"not_picked":["BowlingBash","FlurryOfBlows+1"],"picked":"Protect+1","floor":45},{"not_picked":["EmptyBody","Consecrate+1","Evaluate+1"],"picked":"FlyingSleeves+1","floor":48}],"player_experience":565101,"relics_obtained":[{"floor":6,"key":"Vajra"},{"floor":9,"key":"Anchor"},{"floor":13,"key":"Pen Nib"},{"floor":25,"key":"Guardian:PocketSentry"},{"floor":26,"key":"Centennial Puzzle"},{"floor":27,"key":"Ginger"},{"floor":40,"key":"WingedGreaves"},{"floor":42,"key":"Mercury Hourglass"},{"floor":43,"key":"Toy Ornithopter"},{"floor":47,"key":"Question Card"},{"floor":48,"key":"Lizard Tail"}],"event_choices":[{"damage_healed":0,"gold_gain":0,"player_choice":"Entered Light","damage_taken":14,"max_hp_gain":0,"max_hp_loss":0,"event_name":"Shining Light","floor":4,"gold_loss":0,"cards_upgraded":["Strike_P","Defend_P"]},{"damage_healed":0,"gold_gain":175,"player_choice":"AGREE","damage_taken":0,"max_hp_gain":0,"max_hp_loss":0,"event_name":"Liars Game","floor":8,"gold_loss":0,"cards_obtained":["Doubt"]},{"cards_removed":["Doubt"],"damage_healed":0,"gold_gain":0,"player_choice":"Forget","damage_taken":0,"max_hp_gain":0,"max_hp_loss":0,"event_name":"Living Wall","floor":11,"gold_loss":0},{"damage_healed":0,"gold_gain":0,"player_choice":"Trade","damage_taken":0,"relics_obtained":["FaceOfCleric"],"max_hp_gain":0,"max_hp_loss":0,"event_name":"FaceTrader","floor":12,"gold_loss":0},{"cards_removed":["Strike_P"],"damage_healed":0,"gold_gain":0,"player_choice":"Elegance","damage_taken":0,"max_hp_gain":0,"max_hp_loss":0,"event_name":"Back to Basics","floor":31,"gold_loss":0},{"cards_removed":["Consecrate"],"damage_healed":0,"gold_gain":0,"player_choice":"Removed Attack","damage_taken":0,"max_hp_gain":0,"max_hp_loss":0,"event_name":"Falling","floor":38,"gold_loss":0},{"damage_healed":0,"gold_gain":0,"player_choice":"Fight","damage_taken":0,"max_hp_gain":0,"max_hp_loss":0,"event_name":"Mysterious Sphere","floor":40,"gold_loss":0}],"is_beta":false,"boss_relics":[{"not_picked":["VioletLotus","Busted Crown"],"picked":"Empty Cage"},{"not_picked":["Velvet Choker","Astrolabe"],"picked":"Runic Pyramid"}],"items_purged_floors":[20,39],"is_endless":false,"potions_floor_spawned":[2,5,14,16,18,24,25,33,36,37,45],"ascension_level":1}}