{"host":"9kcqr6gvt9348rwr","time":1608891121,"event":{"mods":["Alarm Clock","BaseMod","Better Third Choice","BetterRewards","Colored Map","Colored Powertips","Conspire","Downfall","Ironclad Rager","Minty Spire (QoL Compilation)","Practice Mode","Rare Cards Sparkle","Relic Sorter","Replay The Spire","Shop Mod","Spicy Shops","StSLib"],"gold_per_floor":[10,49,69,82,93,93,93,93,109,119,119,119,147,175,206,143,143,242,242,254,254,254,267,11,11,43,43,43,43,63,54,80,91,91,186,236,255,255,269,146,157,157,157],"floor_reached":42,"playtime":2544,"items_purged":["conspire:Blindness","Replay:Hysterical Blindness"],"score":465,"play_id":"9245c011-93ed-4de6-91c7-cb3429f330a5","local_time":"20201225181201","is_ascension_mode":false,"campfire_choices":[{"data":"Armaments","floor":8,"key":"SMITH"},{"data":"Metallicize","floor":12,"key":"SMITH"},{"floor":17,"key":"REST"},{"data":"Intimidate","floor":25,"key":"SMITH"},{"floor":27,"key":"REST"},{"data":"Metallicize","floor":34,"key":"SMITH"}],"circlet_count":0,"master_deck":["Twin Strike","Twin Strike","Twin Strike","Twin Strike","Twin Strike","Iron Wave","Iron Wave","Iron Wave","Iron Wave","Thunderclap","Life Link","Armaments+1","Bludgeon","Metallicize+1","Intimidate+1","Run Through+1","Run Through+1","Iron Wave+1","Hemogenesis+1","Warcry+1","Cleave+1","Armaments+1","Metallicize","Intimidate+1","Metallicize+1","Dual Wield+1","Reaper+1","Warcry+1","Thunderclap+1","ICR:VitalStrike+1","Thunderclap+1"],"relics":["Burning Blood","Ice Cream","Molten Egg 2","Velvet Choker","MerchantsRug","Medical Kit","Mirror","ReplayTheSpireMod:CursedCoin","conspire:Flyswatter"],"acts_visited":["Exordium","TheCity","TheBeyond"],"potions_floor_usage":[18,26,33,35],"damage_taken":[{"damage":1,"enemies":"Jaw Worm","floor":1,"turns":2},{"damage":9,"enemies":"conspire:MimicChest","floor":2,"turns":4},{"damage":0,"enemies":"Cultist","floor":3,"turns":2},{"damage":5,"enemies":"Small Slimes","floor":4,"turns":2},{"damage":9,"enemies":"Exordium Wildlife","floor":5,"turns":3},{"damage":2,"enemies":"3 Louse","floor":9,"turns":3},{"damage":6,"enemies":"Large Slime","floor":10,"turns":6},{"damage":10,"enemies":"Gremlin Nob","floor":13,"turns":5},{"damage":9,"enemies":"Lots of Slimes","floor":14,"turns":3},{"damage":12,"enemies":"Blue Slaver","floor":15,"turns":2},{"damage":35,"enemies":"Hexaghost","floor":18,"turns":9},{"damage":10,"enemies":"3 Byrds","floor":20,"turns":5},{"damage":7,"enemies":"2 Thieves","floor":23,"turns":4},{"damage":56,"enemies":"Gremlin Leader","floor":26,"turns":6},{"damage":0,"enemies":"Snecko","floor":30,"turns":4},{"damage":15,"enemies":"Slavers","floor":32,"turns":6},{"damage":15,"enemies":"Shelled Parasite and Fungi","floor":33,"turns":6},{"damage":46,"enemies":"Champ","floor":35,"turns":12},{"damage":62,"enemies":"3 Darklings","floor":37,"turns":7},{"damage":23,"enemies":"3 Shapes","floor":39,"turns":4},{"damage":40,"enemies":"Maw","floor":41,"turns":8},{"damage":35,"enemies":"Nemesis","floor":42,"turns":2}],"seed_played":"-6464472597983372807","potions_obtained":[{"floor":1,"key":"Block Potion"},{"floor":3,"key":"DuplicationPotion"},{"floor":9,"key":"BlessingOfTheForge"},{"floor":10,"key":"Toxic Potion"},{"floor":18,"key":"BlessingOfTheForge"},{"floor":26,"key":"hexamod:EctoCoolerPotion"},{"floor":30,"key":"Dexterity Potion"},{"floor":33,"key":"Adrenaline Potion"},{"floor":36,"key":"BlessingOfTheForge"}],"is_trial":false,"path_per_floor":["M","?","M","M","M","PTL","PTL","R","M","M","T","R","E","M","M","$","R","B",null,"M","?","?","M","$","R","E","R","T","?","M","$","E","M","R","B",null,"M","?","M","$","M","E"],"character_chosen":"IRONCLAD","items_purchased":["MerchantsRug","Armaments","Medical Kit","ReplayTheSpireMod:CursedCoin","Lee\u0027s Waffle","conspire:Flyswatter"],"campfire_rested":2,"item_purchase_floors":[24,24,24,31,31,40],"current_hp_per_floor":[56,53,59,60,57,57,57,57,61,61,61,61,57,54,48,48,69,40,72,72,72,72,72,72,72,30,51,51,38,44,84,83,78,78,46,89,56,56,55,55,29,0,0],"gold":157,"neow_bonus":"IRONCLAD_BERSERKER","is_daily":false,"chose_seed":false,"campfire_upgraded":4,"win_rate":0.0,"timestamp":1608891121,"path_taken":["M","?","M","?","M","PTL","PTL","R","M","M","T","R","E","M","M","$","R","BOSS","M","?","?","M","$","R","E","R","T","?","M","$","E","M","R","BOSS","M","?","?","$","M","E"],"items_purchased_type":["Relic","Card","Relic","Relic","Relic","Relic"],"build_version":"2020-12-22","purchased_purges":2,"victory":false,"max_hp_per_floor":[72,72,72,72,72,72,72,72,72,72,72,72,72,72,72,72,72,72,72,72,72,72,72,72,72,72,72,72,77,77,84,84,84,84,84,89,89,89,89,89,89,89,89],"card_choices":[{"not_picked":["Flex","Body Slam"],"picked":"Thunderclap","floor":1},{"not_picked":["Replay:Undeath\u0027s Touch","Carnage"],"picked":"Life Link","floor":2},{"not_picked":["Clash","Twin Strike","Shrug It Off"],"picked":"SKIP","floor":3},{"not_picked":["Combust","Massacre"],"picked":"Armaments","floor":4},{"not_picked":["True Grit","ReplayTheSpireMod:Stacked"],"picked":"Bludgeon","floor":5},{"not_picked":["Cleave","Flex"],"picked":"Metallicize","floor":9},{"not_picked":["Bloodletting","ReplayTheSpireMod:Muscle Training"],"picked":"Intimidate","floor":10},{"not_picked":["Heavy Blade+1","Twin Strike+1"],"picked":"Run Through+1","floor":13},{"not_picked":["Armaments","Dark Embrace"],"picked":"Run Through+1","floor":14},{"not_picked":["Cleave+1","Double Tap"],"picked":"Iron Wave+1","floor":15},{"not_picked":["Eclipse","Limit Break"],"picked":"Hemogenesis+1","floor":18},{"not_picked":["Dark Embrace","Clash+1"],"picked":"Warcry+1","floor":20},{"not_picked":["True Grit+1","Hemokinesis+1"],"picked":"Cleave+1","floor":23},{"not_picked":["Iron Wave+1","Twin Strike+1"],"picked":"Metallicize","floor":26},{"not_picked":["Sword Boomerang+1","Clothesline+1"],"picked":"Intimidate+1","floor":30},{"not_picked":["Disarm+1","Thunderclap+1"],"picked":"Metallicize","floor":32},{"not_picked":["Battle Trance","Hemokinesis+1"],"picked":"Dual Wield+1","floor":33},{"not_picked":["Brutality","Impervious"],"picked":"Reaper+1","floor":35},{"not_picked":["Twin Strike+1","ReplayTheSpireMod:Muscle Training+1"],"picked":"Warcry+1","floor":36},{"not_picked":["Cleave+1","Dual Wield"],"picked":"Thunderclap+1","floor":37},{"not_picked":["Body Slam+1","Ghostly Armor","Headbutt+1"],"picked":"SKIP","floor":39},{"not_picked":["Sword Boomerang+1","Power Through+1"],"picked":"Thunderclap+1","floor":41}],"player_experience":5454,"relics_obtained":[{"floor":2,"key":"Ice Cream"},{"floor":11,"key":"Molten Egg 2"},{"floor":13,"key":"MawBank"},{"floor":26,"key":"Mirror"},{"floor":28,"key":"ReplayTheSpireMod:Ninjato"},{"floor":32,"key":"Girya"}],"event_choices":[{"damage_healed":0,"gold_gain":0,"player_choice":"Ignored","damage_taken":0,"max_hp_gain":0,"max_hp_loss":0,"event_name":"Ghosts","floor":22,"gold_loss":0},{"damage_healed":0,"gold_gain":0,"player_choice":"Shed Blood","damage_taken":18,"max_hp_gain":5,"max_hp_loss":0,"event_name":"Forgotten Altar","floor":29,"gold_loss":0},{"damage_healed":0,"gold_gain":0,"cards_transformed":["Bash"],"player_choice":"Transformed","damage_taken":0,"max_hp_gain":0,"max_hp_loss":0,"event_name":"Transmorgrifier","floor":38,"gold_loss":0,"cards_obtained":["ICR:VitalStrike"]}],"is_beta":false,"boss_relics":[{"not_picked":["Replay:Drink Me","Replay:Grab Bag"],"picked":"Velvet Choker"},{"not_picked":["Sozu","SlaversCollar"],"picked":"Tiny House"}],"items_purged_floors":[16,31],"is_endless":false,"potions_floor_spawned":[1,3,9,10,18,26,30,33],"killed_by":"Nemesis","ascension_level":0}}