{"host":"30jsp143e4v19aze","time":1608864040,"event":{"mods":["BaseMod","Colored Map","Colored Powertips","Curses Come First","DeckTracker","Highlight Path","Minty Spire (QoL Compilation)","Quick Restart","Relic Stats","StSLib","everything is the same but u backflip on backflip","slay the spire mod where everything is the same but ironclad has a cowboy hat"],"gold_per_floor":[214,16,16,29,42,70,70,97,97,97,113,113,113,147,147,243,243,262,282,301,14,35,70,70,70,70,90,90,90,134,153,153,242,242,257,257,270,74,90,90,90],"floor_reached":40,"playtime":1898,"items_purged":["Strike_R"],"score":992,"play_id":"d94dd9aa-f64a-4244-ba21-828e3f897cad","local_time":"20201225034040","is_ascension_mode":true,"campfire_choices":[{"data":"Immolate","floor":7,"key":"SMITH"},{"data":"Shockwave","floor":10,"key":"SMITH"},{"data":"Limit Break","floor":13,"key":"SMITH"},{"floor":15,"key":"REST"},{"floor":24,"key":"REST"},{"floor":28,"key":"REST"},{"floor":32,"key":"DIG"}],"circlet_count":0,"master_deck":["AscendersBane","Strike_R+1","Strike_R+1","Strike_R+1","Defend_R+1","Defend_R+1","Defend_R+1","Defend_R+1","Bash","Shockwave+1","Spot Weakness","Immolate+1","Burning Pact","Hemokinesis","Limit Break+1","Evolve","Offering","Sentinel+1","Shrug It Off","Whirlwind","Second Wind","Burning Pact","Whirlwind","Whirlwind","Offering","Master of Strategy"],"relics":["Burning Blood","Kunai","Pen Nib","Bottled Flame","Golden Idol","Bottled Lightning","Fusion Hammer","Red Skull","Shovel","Enchiridion","Gremlin Horn","Darkstone Periapt","Meat on the Bone","Mark of Pain"],"acts_visited":["Exordium","TheCity","TheBeyond"],"potions_floor_usage":[6,8,14,20,23,27,30,40,40],"damage_taken":[{"damage":4,"enemies":"2 Louse","floor":1,"turns":4},{"damage":11,"enemies":"Small Slimes","floor":4,"turns":4},{"damage":12,"enemies":"Jaw Worm","floor":5,"turns":4},{"damage":24,"enemies":"Lagavulin","floor":6,"turns":5},{"damage":22,"enemies":"Gremlin Nob","floor":8,"turns":4},{"damage":7,"enemies":"Exordium Wildlife","floor":11,"turns":3},{"damage":5,"enemies":"3 Sentries","floor":14,"turns":3},{"damage":27,"enemies":"The Guardian","floor":16,"turns":9},{"damage":27,"enemies":"Shell Parasite","floor":18,"turns":3},{"damage":6,"enemies":"2 Thieves","floor":19,"turns":2},{"damage":22,"enemies":"Sentry and Sphere","floor":20,"turns":4},{"damage":18,"enemies":"Snake Plant","floor":22,"turns":2},{"damage":6,"enemies":"Slavers","floor":23,"turns":2},{"damage":2,"enemies":"Snecko","floor":27,"turns":4},{"damage":8,"enemies":"Book of Stabbing","floor":30,"turns":3},{"damage":0,"enemies":"Cultist and Chosen","floor":31,"turns":2},{"damage":11,"enemies":"Collector","floor":33,"turns":5},{"damage":16,"enemies":"3 Darklings","floor":35,"turns":2},{"damage":0,"enemies":"Orb Walker","floor":37,"turns":3},{"damage":39,"enemies":"Spire Growth","floor":39,"turns":3},{"damage":55,"enemies":"Giant Head","floor":40,"turns":5}],"seed_played":"437923154852261036","potions_obtained":[{"floor":4,"key":"Strength Potion"},{"floor":11,"key":"Explosive Potion"},{"floor":16,"key":"Weak Potion"},{"floor":18,"key":"LiquidMemories"},{"floor":20,"key":"Weak Potion"},{"floor":22,"key":"SneckoOil"},{"floor":23,"key":"Swift Potion"},{"floor":31,"key":"Energy Potion"},{"floor":37,"key":"Strength Potion"}],"is_trial":false,"path_per_floor":["M","$","?","M","M","E","R","E","T","R","M","?","R","E","R","B",null,"M","M","M","$","M","E","R","?","T","M","R","?","E","M","R","B",null,"M","?","M","$","M","E"],"character_chosen":"IRONCLAD","items_purchased":["Spot Weakness","HeartOfIron","Red Skull","Energy Potion","Master of Strategy"],"campfire_rested":3,"item_purchase_floors":[2,2,21,21,38],"current_hp_per_floor":[70,70,70,65,59,41,41,25,25,25,24,24,24,25,45,24,57,36,36,20,20,8,8,28,7,7,11,31,31,29,35,35,42,62,52,52,58,58,37,0,0],"gold":90,"neow_bonus":"HUNDRED_GOLD","is_daily":false,"chose_seed":false,"campfire_upgraded":3,"win_rate":0.0,"timestamp":1608864040,"path_taken":["M","$","?","M","M","E","R","E","T","R","M","?","R","E","R","BOSS","M","M","M","$","M","E","R","?","T","M","R","?","E","M","R","BOSS","M","?","M","$","M","E"],"items_purchased_type":["Card","Potion","Relic","Potion","Card"],"build_version":"2020-12-22","purchased_purges":1,"victory":false,"max_hp_per_floor":[75,75,75,75,75,75,75,75,75,75,75,68,68,68,68,68,68,68,68,68,68,68,68,68,68,68,68,68,68,68,68,68,68,68,68,68,68,68,68,68,68],"relic_stats":{"Darkstone Periapt":0,"Shovel":1,"Gremlin Horn":[3,3],"counters":[21,76],"Golden Idol":93,"Pen Nib":[7],"Kunai":[6],"obtain_stats":[{"Darkstone Periapt":30,"Gremlin Horn":26,"Golden Idol":12,"Enchiridion":25,"Pen Nib":8,"Burning Blood":0,"Bottled Flame":9,"Shovel":23,"Fusion Hammer":17,"Mark of Pain":34,"Kunai":6,"Bottled Lightning":14,"Red Skull":21,"Meat on the Bone":32},{"Darkstone Periapt":15,"Gremlin Horn":13,"Golden Idol":6,"Enchiridion":13,"Pen Nib":5,"Burning Blood":0,"Bottled Flame":5,"Shovel":13,"Fusion Hammer":8,"Mark of Pain":17,"Kunai":4,"Bottled Lightning":7,"Red Skull":11,"Meat on the Bone":16},{"Darkstone Periapt":56,"Gremlin Horn":49,"Golden Idol":24,"Enchiridion":49,"Pen Nib":21,"Burning Blood":0,"Bottled Flame":21,"Shovel":49,"Fusion Hammer":36,"Mark of Pain":63,"Kunai":17,"Bottled Lightning":27,"Red Skull":45,"Meat on the Bone":58}],"Burning Blood":120,"Meat on the Bone":24},"card_choices":[{"not_picked":["Havoc","Armaments"],"picked":"Shockwave","floor":1},{"not_picked":["Hemokinesis","Shrug It Off"],"picked":"Burning Pact","floor":4},{"not_picked":["Perfected Strike","Heavy Blade"],"picked":"Hemokinesis","floor":5},{"not_picked":["Pommel Strike","True Grit","Flex"],"picked":"SKIP","floor":6},{"not_picked":["Iron Wave","Second Wind"],"picked":"Limit Break","floor":8},{"not_picked":["Havoc","Second Wind"],"picked":"Evolve","floor":11},{"not_picked":["Bloodletting","Intimidate","Iron Wave"],"picked":"SKIP","floor":14},{"not_picked":["Impervious","Double Tap"],"picked":"Offering","floor":16},{"not_picked":["Headbutt","Flex"],"picked":"Sentinel+1","floor":18},{"not_picked":["Flex+1","Warcry"],"picked":"Shrug It Off","floor":19},{"not_picked":["Heavy Blade","Bloodletting","Iron Wave"],"picked":"SKIP","floor":20},{"not_picked":["True Grit+1","Perfected Strike"],"picked":"Whirlwind","floor":22},{"not_picked":["Headbutt","Shrug It Off"],"picked":"Second Wind","floor":23},{"not_picked":["Carnage","Perfected Strike"],"picked":"Burning Pact","floor":27},{"not_picked":["Headbutt","Thunderclap"],"picked":"Whirlwind","floor":30},{"not_picked":["Searing Blow","Evolve+1"],"picked":"Whirlwind","floor":31},{"not_picked":["Corruption","Limit Break"],"picked":"Offering","floor":33},{"not_picked":["Twin Strike","Infernal Blade","Flex"],"picked":"SKIP","floor":35},{"not_picked":["Iron Wave","Anger+1","Clothesline"],"picked":"SKIP","floor":37},{"not_picked":["Perfected Strike","Flex","Clash"],"picked":"SKIP","floor":39}],"player_experience":3181683,"relics_obtained":[{"floor":6,"key":"Kunai"},{"floor":8,"key":"Pen Nib"},{"floor":9,"key":"Bottled Flame"},{"floor":14,"key":"Bottled Lightning"},{"floor":23,"key":"Shovel"},{"floor":25,"key":"Enchiridion"},{"floor":26,"key":"Gremlin Horn"},{"floor":30,"key":"Darkstone Periapt"},{"floor":32,"key":"Meat on the Bone"}],"event_choices":[{"damage_healed":0,"gold_gain":0,"cards_transformed":["Strike_R"],"player_choice":"Change","damage_taken":0,"max_hp_gain":0,"max_hp_loss":0,"event_name":"Living Wall","floor":3,"gold_loss":0,"cards_obtained":["Immolate"]},{"damage_healed":0,"gold_gain":0,"player_choice":"Lose Max HP","damage_taken":0,"relics_obtained":["Golden Idol"],"max_hp_gain":0,"max_hp_loss":7,"event_name":"Golden Idol","floor":12,"gold_loss":0},{"damage_healed":0,"gold_gain":0,"player_choice":"Obtained Book","damage_taken":21,"max_hp_gain":0,"max_hp_loss":0,"event_name":"Cursed Tome","floor":25,"gold_loss":0},{"damage_healed":0,"gold_gain":0,"player_choice":"Simplicity","damage_taken":0,"max_hp_gain":0,"max_hp_loss":0,"event_name":"Back to Basics","floor":29,"gold_loss":0,"cards_upgraded":["Strike_R","Strike_R","Strike_R","Defend_R","Defend_R","Defend_R","Defend_R"]},{"damage_healed":0,"gold_gain":0,"player_choice":"Ignored","damage_taken":0,"max_hp_gain":0,"max_hp_loss":0,"event_name":"Tomb of Lord Red Mask","floor":36,"gold_loss":0}],"is_beta":false,"boss_relics":[{"not_picked":["Black Blood","Astrolabe"],"picked":"Fusion Hammer"},{"not_picked":["Sozu","Calling Bell"],"picked":"Mark of Pain"}],"items_purged_floors":[21],"is_endless":false,"potions_floor_spawned":[4,5,11,16,18,20,22,23,31,37],"killed_by":"Giant Head","ascension_level":20}}