{"host":"no0bdlpxzp7bzzks","time":1608886742,"event":{"mods":["BaseMod","Better Match","Block Reminder","Colored Map","Curses Come First","DeckTracker","Filter the Spire","Highlight Path","Key Reminder","Minty Spire (QoL Compilation)","Permanent Neow","Relic Sorter","Relic Stats","StSLib","The Construct"],"gold_per_floor":[116,116,135,146,24,55,55,82,109,109,139,152,172,172,172,276,276,294,16,16,29,40,40,67,77,100,100,100],"floor_reached":27,"playtime":28366,"items_purged":[],"score":291,"play_id":"32466a24-0df6-4c9e-bb67-9ef23065bd37","local_time":"20201225025902","is_ascension_mode":true,"campfire_choices":[{"data":"construct:Multistage","floor":10.0,"key":"SMITH"},{"floor":15,"key":"RECALL"},{"data":"construct:PowerUp","floor":23,"key":"SMITH"}],"circlet_count":0,"master_deck":["construct:Strike_Gold","construct:Strike_Gold","construct:Strike_Gold","construct:Strike_Gold","construct:Strike_Gold","construct:Defend_Gold","construct:Defend_Gold","construct:Defend_Gold","construct:Defend_Gold+1","construct:Defend_Gold","construct:AttackMode","construct:DefenseMode","construct:Reserves","construct:CripplingShot","construct:PowerUp+1","construct:PowerUp","construct:Autoturret","construct:Forcefield+1","construct:Multistage+1","construct:Reinforce","construct:Autoturret","construct:SpinDrive","construct:HeavyBolt","construct:MetalShell+1","Ghostly+1","Ghostly+1","Ghostly+1","Ghostly+1","Ghostly+1","construct:SiegeForm","construct:Enhance"],"relics":["construct:Cogwheel","War Paint","Pen Nib","Oddly Smooth Stone","Bronze Scales","keyreminder:keyreminder","Snecko Eye","Toxic Egg 2","Strawberry","Lantern"],"acts_visited":["Exordium","TheCity"],"potions_floor_usage":[24,25],"damage_taken":[{"damage":11.0,"enemies":"Jaw Worm","floor":1.0,"turns":3.0},{"damage":5.0,"enemies":"Cultist","floor":3.0,"turns":5.0},{"damage":0.0,"enemies":"2 Louse","floor":4.0,"turns":2.0},{"damage":45.0,"enemies":"3 Sentries","floor":6.0,"turns":7.0},{"damage":26.0,"enemies":"Lagavulin","floor":8.0,"turns":7.0},{"damage":23.0,"enemies":"Gremlin Nob","floor":11.0,"turns":4.0},{"damage":5,"enemies":"Lots of Slimes","floor":12,"turns":4},{"damage":0,"enemies":"Exordium Wildlife","floor":13,"turns":3},{"damage":25,"enemies":"Slime Boss","floor":16,"turns":10},{"damage":1,"enemies":"Chosen","floor":18,"turns":5},{"damage":5,"enemies":"Spheric Guardian","floor":21,"turns":4},{"damage":3,"enemies":"3 Cultists","floor":22,"turns":6},{"damage":15,"enemies":"Slavers","floor":24,"turns":6},{"damage":1,"enemies":"Centurion and Healer","floor":25,"turns":5},{"damage":29,"enemies":"Gremlin Leader","floor":27,"turns":5}],"seed_played":"-7098041416159283501","potions_obtained":[{"floor":1.0,"key":"Explosive Potion"},{"floor":8.0,"key":"CultistPotion"},{"floor":13,"key":"Block Potion"},{"floor":21,"key":"SteroidPotion"},{"floor":24,"key":"Weak Potion"}],"is_trial":false,"path_per_floor":["M","?","M","M","$","E","?","E","T","R","E","M","M","?","R","B",null,"M","$","?","M","M","R","E","M","T","E"],"character_chosen":"THE_CONSTRUCT_MOD","items_purchased":["construct:PowerUp","construct:Autoturret","Toxic Egg 2","construct:MetalShell+1"],"campfire_rested":0,"item_purchase_floors":[5,5,19,19],"current_hp_per_floor":[74,74,69,69,69,24,85,59,59,59,36,31,31,85,85,60,85,84,84,42,37,34,34,26,25,25,0,0],"gold":100,"neow_bonus":"ONE_RANDOM_RARE_CARD","is_daily":false,"chose_seed":false,"campfire_upgraded":2,"win_rate":0.0,"timestamp":1608886742,"path_taken":["M","?","?","M","$","E","?","E","T","R","E","M","?","?","R","BOSS","M","?","?","M","M","R","E","M","T","E"],"items_purchased_type":["Card","Card","Relic","Card"],"build_version":"2020-12-22","purchased_purges":0,"victory":false,"max_hp_per_floor":[85,85,85,85,85,85,85,85,85,85,85,85,85,85,85,85,85,85,85,42,42,42,42,49,49,49,49,49],"relic_stats":{"counters":[15,76],"Bronze Scales":[159],"Snecko Eye":[64,66,66,73],"Pen Nib":[9],"War Paint":["construct:Defend_Gold","construct:Forcefield"],"obtain_stats":[{"keyreminder:keyreminder":15,"Lantern":26,"construct:Cogwheel":0,"Bronze Scales":11,"Strawberry":24,"Oddly Smooth Stone":9,"Snecko Eye":17,"Pen Nib":8,"War Paint":6,"Toxic Egg 2":19},{"keyreminder:keyreminder":8,"Lantern":14,"construct:Cogwheel":0,"Bronze Scales":6,"Strawberry":13,"Oddly Smooth Stone":5,"Snecko Eye":9,"Pen Nib":5,"War Paint":4,"Toxic Egg 2":10},{"keyreminder:keyreminder":35,"Lantern":71,"construct:Cogwheel":0,"Bronze Scales":28,"Strawberry":66,"Oddly Smooth Stone":24,"Snecko Eye":45,"Pen Nib":24,"War Paint":17,"Toxic Egg 2":50}]},"card_choices":[{"not_picked":["construct:Backfire","construct:SuppressiveFire"],"picked":"construct:CripplingShot","floor":1.0},{"not_picked":["construct:SaveState","construct:SyphonStrike","construct:Anticipate"],"picked":"SKIP","floor":3.0},{"not_picked":["construct:SaveState","construct:SyphonStrike","construct:Anticipate"],"picked":"SKIP","floor":3.0},{"not_picked":["construct:ScopeCore","construct:Reinforce"],"picked":"construct:PowerUp","floor":4.0},{"not_picked":["construct:Versatility","construct:Synchronize"],"picked":"construct:Forcefield","floor":6.0},{"not_picked":["construct:ClusterMines","construct:Isolate"],"picked":"construct:Multistage","floor":8.0},{"not_picked":["construct:Antimatter","construct:HeavyBolt"],"picked":"construct:Reinforce","floor":11.0},{"not_picked":["construct:SaveState","construct:Anticipate"],"picked":"construct:Autoturret","floor":12},{"not_picked":["construct:Electrocute","construct:FocusedBeam"],"picked":"construct:OmegaCannon","floor":13},{"not_picked":["construct:MemoryTap","construct:GoldenBullet"],"picked":"construct:SpinDrive","floor":16},{"not_picked":["construct:ShiftStrike","construct:FierceBash+1"],"picked":"construct:HeavyBolt","floor":18},{"not_picked":["construct:SyphonStrike","construct:Overcharge+1","construct:Analyze+1"],"picked":"SKIP","floor":21},{"not_picked":["construct:Analyze+1","construct:Versatility"],"picked":"construct:SiegeForm","floor":22},{"not_picked":["construct:ShiftStrike","construct:SweepLaser","construct:FierceBash"],"picked":"SKIP","floor":24},{"not_picked":["construct:Failsafe","construct:ClusterMines"],"picked":"construct:Enhance","floor":25}],"player_experience":78637,"relics_obtained":[{"floor":6.0,"key":"War Paint"},{"floor":8.0,"key":"Pen Nib"},{"floor":9.0,"key":"Oddly Smooth Stone"},{"floor":11.0,"key":"Bronze Scales"},{"floor":24,"key":"Strawberry"},{"floor":26,"key":"Lantern"}],"event_choices":[{"damage_healed":0.0,"max_hp_gain":0.0,"max_hp_loss":0.0,"gold_gain":0.0,"event_name":"The Woman in Blue","player_choice":"Bought 0 Potions","floor":2.0,"gold_loss":0.0,"damage_taken":0.0},{"damage_healed":61.0,"max_hp_gain":0.0,"max_hp_loss":0.0,"gold_gain":0.0,"event_name":"Wheel of Change","player_choice":"Full Heal","floor":7.0,"gold_loss":0.0,"damage_taken":0.0},{"cards_removed":["construct:OmegaCannon"],"damage_healed":54,"gold_gain":0,"player_choice":"Offered Uncommon","damage_taken":0,"max_hp_gain":0,"max_hp_loss":0,"event_name":"Bonfire Elementals","floor":14,"gold_loss":0},{"damage_healed":0,"gold_gain":0,"player_choice":"Became a Ghost","damage_taken":0,"max_hp_gain":0,"max_hp_loss":43,"event_name":"Ghosts","floor":20,"gold_loss":0,"cards_obtained":["Ghostly","Ghostly","Ghostly","Ghostly","Ghostly"]}],"is_beta":false,"boss_relics":[{"not_picked":["Empty Cage","Ectoplasm"],"picked":"Snecko Eye"}],"items_purged_floors":[],"is_endless":false,"potions_floor_spawned":[1,8,13,21,24],"killed_by":"Gremlin Leader","ascension_level":1}}