{"host":"porgtwlvhh3hs75v","time":1608869415,"event":{"mods":["ATMod(°¢èªMod)","Act Like it!","BaseMod","GifTheSpireLib","Minty Spire (QoL Compilation)","Quick Restart","Replay The Spire","StSLib"],"gold_per_floor":[115,63,63,63,63,80,80,114,114,137,137,137,137,22,22,40,40,136,136,154,154,178,178,78,78,78,116,116,159,179,203,74,117,117,208,208,226,257,257,282,242,277,292,305,331,366,366,89,113,137,137,137,137,137,137,12,46,46],"floor_reached":59,"playtime":3180,"items_purged":["Strike_G","Hallucinations","Strike_G"],"score":4056,"play_id":"43b34235-637c-4edd-98ea-e317cd88e2a7","local_time":"20201225121015","is_ascension_mode":true,"campfire_choices":[{"data":"AT_FocusSwordFire","floor":9.0,"key":"SMITH"},{"data":"Blade Dance","floor":12.0,"key":"SMITH"},{"data":"AT_FocusSwordFire","floor":17.0,"key":"SMITH"},{"data":"AT_ThistleTea","floor":25.0,"key":"SMITH"},{"data":"Accuracy","floor":34.0,"key":"SMITH"},{"data":"Tactician","floor":47.0,"key":"SMITH"},{"floor":51.0,"key":"RECALL"},{"floor":55.0,"key":"DIG"}],"circlet_count":0,"master_deck":["AscendersBane","Defend_G","Defend_G","Defend_G","Defend_G","Defend_G","Survivor","AT_FocusSwordFire+1","AT_ThistleTea+1","Blade Dance+1","Backflip","Sucker Punch+1","Acrobatics","Acrobatics","AT_FocusSwordFire+1","Adrenaline","ReplayTheSpireMod:Speed Training+1","ReplayTheSpireMod:Tripwire","Reflex","Accuracy+1","Prepared","After Image","After Image","AT_EssenceShift","A Thousand Cuts","Prepared","Sucker Punch+1","Deflect","AT_ShadowStep","Flying Knee","Tactician+1","Calculated Gamble","Acrobatics+1"],"relics":["Ring of the Snake","AT_ATBox","NeowsBlessing","Letter Opener","Golden Idol","Turnip","Pantograph","Ring of Chaos","ReplayTheSpireMod:Ring of Addiction","Potion Belt","ReplayTheSpireMod:Ring of Collecting","SacredBark","Kunai","Ring of Peace","InkBottle","Question Card","Chameleon Ring","AT_TrinityForce","Tingsha","Replay:Multitool","Ring of Fangs","AT_ChloranthyRing","AT_GuinsooRageblade","Iron Hammer","ReplayTheSpireMod:Lightbulb"],"acts_visited":["Exordium","TheCity","TheBeyond","TheEnding"],"potions_floor_usage":[58,58],"damage_taken":[{"damage":0.0,"enemies":"2 Louse","floor":1.0,"turns":1.0},{"damage":0.0,"enemies":"Cultist","floor":6.0,"turns":1.0},{"damage":0.0,"enemies":"3 Sentries","floor":8.0,"turns":1.0},{"damage":2.0,"enemies":"Jaw Worm","floor":10.0,"turns":3.0},{"damage":1.0,"enemies":"3 Louse","floor":16.0,"turns":2.0},{"damage":34.0,"enemies":"The Guardian","floor":18.0,"turns":16.0},{"damage":9.0,"enemies":"Spheric Guardian","floor":20.0,"turns":4.0},{"damage":1.0,"enemies":"3 Byrds","floor":22.0,"turns":3.0},{"damage":4.0,"enemies":"Slavers","floor":27.0,"turns":4.0},{"damage":6.0,"enemies":"Replay:Snechameleon","floor":29.0,"turns":6.0},{"damage":0.0,"enemies":"3 Cultists","floor":30.0,"turns":5.0},{"damage":0.0,"enemies":"Snecko","floor":31.0,"turns":4.0},{"damage":0.0,"enemies":"Book of Stabbing","floor":33.0,"turns":5.0},{"damage":0.0,"enemies":"Pondfish","floor":35.0,"turns":7.0},{"damage":0.0,"enemies":"3 Shapes","floor":37.0,"turns":4.0},{"damage":0.0,"enemies":"Mind Bloom Boss Battle","floor":38.0,"turns":1.0},{"damage":0.0,"enemies":"Orb Walker","floor":40.0,"turns":3.0},{"damage":0.0,"enemies":"Giant Head","floor":42.0,"turns":3.0},{"damage":0.0,"enemies":"Sphere and 2 Shapes","floor":43.0,"turns":4.0},{"damage":0.0,"enemies":"Jaw Worm Horde","floor":44.0,"turns":2.0},{"damage":0.0,"enemies":"R_Hoarder","floor":46.0,"turns":6.0},{"damage":0.0,"enemies":"3 Darklings","floor":49.0,"turns":1.0},{"damage":0.0,"enemies":"Transient","floor":50.0,"turns":6.0},{"damage":0.0,"enemies":"Awakened One","floor":52.0,"turns":4.0},{"damage":0.0,"enemies":"Donu and Deca","floor":53.0,"turns":6.0},{"damage":0.0,"enemies":"Shield and Spear","floor":57.0,"turns":2.0},{"damage":0,"enemies":"The Heart","floor":58,"turns":8}],"seed_played":"-6558011465251976626","potions_obtained":[{"floor":8.0,"key":"Fire Potion"},{"floor":10.0,"key":"FearPotion"},{"floor":18.0,"key":"Venom Potion"},{"floor":23.0,"key":"Swift Potion"},{"floor":23.0,"key":"Poison Potion"},{"floor":27.0,"key":"AttackPotion"},{"floor":30.0,"key":"ColorlessPotion"},{"floor":37.0,"key":"Poison Potion"},{"floor":38.0,"key":"CultistPotion"},{"floor":41.0,"key":"Weak Potion"},{"floor":41.0,"key":"EntropicBrew"},{"floor":44.0,"key":"Explosive Potion"},{"floor":57.0,"key":"Explosive Potion"}],"is_trial":false,"path_per_floor":["M","?","$","PTL","PTL","M","?","E","R","M","T","R","?","$","?","M","R","B",null,"M","?","M","?","$","R","?","E","T","E","M","M","$","E","R","B",null,"M","?","?","M","?","E","M","M","T","E","R","$","M","M","R","B","B",null,"R","$","E","B",null],"character_chosen":"THE_SILENT","items_purchased":["Acrobatics","After Image","AT_GuinsooRageblade"],"campfire_rested":0,"item_purchase_floors":[14,32,48],"current_hp_per_floor":[59,59,59,59,59,59,59,59,59,57,57,57,57,57,57,56,56,26,52,43,43,42,42,42,42,42,38,38,32,32,32,32,32,32,57,59,59,60,60,60,60,60,60,60,60,60,60,60,60,60,60,60,60,60,60,60,60,60],"gold":46,"neow_bonus":"THREE_ENEMY_KILL","is_daily":false,"chose_seed":false,"campfire_upgraded":6,"win_rate":0.0,"timestamp":1608869415,"path_taken":["M","?","$","PTL","PTL","?","?","E","R","M","T","R","?","?","?","?","R","BOSS","M","?","M","?","$","R","?","E","T","E","M","M","?","E","R","BOSS","M","?","?","?","?","E","M","M","T","E","R","$","M","M","R","BOSS","BOSS","R","$","E","BOSS"],"items_purchased_type":["Card","Card","Relic"],"build_version":"2020-12-22","purchased_purges":3,"victory":true,"max_hp_per_floor":[66,66,66,66,66,66,60,60,60,60,60,60,60,60,60,60,60,60,60,60,60,60,60,60,60,60,60,60,60,60,60,60,60,60,60,60,60,60,60,60,60,60,60,60,60,60,60,60,60,60,60,60,60,60,60,60,60,60],"card_choices":[{"not_picked":["Backflip","ReplayTheSpireMod:Shiv Toss"],"picked":"AT_ThistleTea","floor":1.0},{"not_picked":["Endless Agony","ReplayTheSpireMod:Shiv Toss"],"picked":"Blade Dance","floor":6.0},{"not_picked":["Dagger Throw","Toxin Wave","Crippling Poison"],"picked":"SKIP","floor":8.0},{"not_picked":["Bouncing Flask","Underhanded Strike"],"picked":"Backflip","floor":10.0},{"not_picked":["Underhanded Strike","Riddle With Holes"],"picked":"AT_FocusSwordFire","floor":16.0},{"not_picked":["Envenom","Phantasmal Killer"],"picked":"Adrenaline","floor":18.0},{"not_picked":["Backstab","Outmaneuver","Dagger Throw"],"picked":"SKIP","floor":20.0},{"not_picked":["Cloak And Dagger","Backflip"],"picked":"ReplayTheSpireMod:Speed Training+1","floor":22.0},{"not_picked":["Deadly Poison","Glass Knife"],"picked":"Reflex","floor":27.0},{"not_picked":["AT_ArcaneSupremacy","Dagger Throw"],"picked":"Accuracy","floor":29.0},{"not_picked":["Crippling Poison","Blade Dance","Underhanded Strike"],"picked":"Prepared","floor":30.0},{"not_picked":["Dodge and Roll","Fluid Movement","Footwork","Prepared"],"picked":"SKIP","floor":31.0},{"not_picked":["Underhanded Strike","Dagger Throw","Masterful Stab"],"picked":"AT_EssenceShift","floor":33.0},{"not_picked":["Die Die Die","Bullet Time","Poison Darts"],"picked":"A Thousand Cuts","floor":35.0},{"not_picked":["AT_KneejerkReflex","Slice","Dagger Spray"],"picked":"Prepared","floor":37.0},{"not_picked":["Prepared","Choke","Noxious Fumes+1"],"picked":"Sucker Punch+1","floor":38.0},{"not_picked":["Leg Sweep","Quick Slash","Dagger Spray","Dagger Throw+1"],"picked":"SKIP","floor":40.0},{"not_picked":["AT_TwilightShroud","Acrobatics+1","Calculated Gamble"],"picked":"AT_ShadowStep","floor":42.0},{"not_picked":["Crippling Poison","Slice","Dagger Throw+1"],"picked":"Flying Knee","floor":43.0},{"not_picked":["Dagger Spray","Flying Knee","Outmaneuver","Acrobatics"],"picked":"SKIP","floor":44.0},{"not_picked":["Skewer+1","Backflip+1","Well Laid Plans"],"picked":"Tactician","floor":46.0},{"not_picked":["Storm of Steel","Eviscerate","Concentrate"],"picked":"Calculated Gamble","floor":49.0},{"not_picked":["Riddle With Holes+1","Slice","Crippling Poison","Flechettes"],"picked":"SKIP","floor":50.0},{"not_picked":["Deadly Poison","AT_WomanClash","Outmaneuver"],"picked":"Acrobatics+1","floor":57.0}],"player_experience":492156,"relics_obtained":[{"floor":8.0,"key":"Turnip"},{"floor":11.0,"key":"Pantograph"},{"floor":23.0,"key":"ReplayTheSpireMod:Ring of Addiction"},{"floor":23.0,"key":"Potion Belt"},{"floor":23.0,"key":"ReplayTheSpireMod:Ring of Collecting"},{"floor":23.0,"key":"SacredBark"},{"floor":27.0,"key":"Kunai"},{"floor":28.0,"key":"Ring of Peace"},{"floor":28.0,"key":"InkBottle"},{"floor":29.0,"key":"Question Card"},{"floor":33.0,"key":"Chameleon Ring"},{"floor":38.0,"key":"Tingsha"},{"floor":42.0,"key":"Replay:Multitool"},{"floor":45.0,"key":"Ring of Fangs"},{"floor":46.0,"key":"AT_ChloranthyRing"},{"floor":55.0,"key":"Iron Hammer"},{"floor":57.0,"key":"ReplayTheSpireMod:Lightbulb"}],"event_choices":[{"damage_healed":0.0,"max_hp_gain":0.0,"max_hp_loss":0.0,"gold_gain":0.0,"event_name":"WeMeetAgain","player_choice":"Paid Gold","floor":2.0,"gold_loss":52.0,"damage_taken":0.0,"relics_obtained":["Letter Opener"]},{"damage_healed":0.0,"max_hp_gain":0.0,"max_hp_loss":6.0,"gold_gain":0.0,"event_name":"Golden Idol","player_choice":"Lose Max HP","floor":7.0,"gold_loss":0.0,"damage_taken":0.0,"relics_obtained":["Golden Idol"]},{"cards_removed":["Strike_G"],"damage_healed":0.0,"max_hp_gain":0.0,"max_hp_loss":0.0,"gold_gain":0.0,"event_name":"Back to Basics","player_choice":"Elegance","floor":21.0,"gold_loss":0.0,"damage_taken":0.0},{"damage_healed":0.0,"max_hp_gain":0.0,"max_hp_loss":0.0,"gold_gain":0.0,"event_name":"The Library","player_choice":"Read","floor":26.0,"gold_loss":0.0,"damage_taken":0.0,"cards_obtained":["ReplayTheSpireMod:Tripwire"]},{"damage_healed":0.0,"max_hp_gain":0.0,"max_hp_loss":0.0,"gold_gain":0.0,"event_name":"MindBloom","player_choice":"Fight","floor":38.0,"gold_loss":0.0,"damage_taken":0.0},{"damage_healed":0.0,"max_hp_gain":0.0,"max_hp_loss":0.0,"gold_gain":0.0,"cards_transformed":["Strike_G"],"event_name":"Transmorgrifier","player_choice":"Transformed","floor":39.0,"gold_loss":0.0,"damage_taken":0.0,"cards_obtained":["Deflect"]},{"damage_healed":0.0,"max_hp_gain":0.0,"max_hp_loss":0.0,"gold_gain":0.0,"event_name":"The Woman in Blue","player_choice":"Bought 3 Potions","floor":41.0,"gold_loss":0.0,"damage_taken":0.0}],"is_beta":false,"boss_relics":[{"not_picked":["SlaversCollar","Philosopher\u0027s Stone"],"picked":"Ring of Chaos"},{"not_picked":["Calling Bell","Fusion Hammer"],"picked":"AT_TrinityForce"}],"items_purged_floors":[14,24,56],"is_endless":false,"potions_floor_spawned":[8,10,18,27,30,31,37,38,43,44,57],"ascension_level":20}}