{"host":"npubv26u89aif4fa","time":1608876992,"event":{"mods":["Astrologer","BaseMod","Better Vampires","Better-Laid Plans","Colored Powertips","GifTheSpireLib","GungeonMod","HornydragonMod","Hubris","Jedi Mod","Minty Spire (QoL Compilation)","Quick Restart","Remilia（蕾米莉亚）","Replay The Spire","StSLib","Td1madao Mod","The Administrix","The Alterego","The Bug Knight","The Cursed","The Mystic","The Runesmith","Yuri Mod","Yuyuko","残留之物"],"gold_per_floor":[118,134,134,146,159,187,198,198,198,209,224,243,18,45,45,45,45],"floor_reached":16,"playtime":1786,"items_purged":["mysticmod:Strike_Mystic"],"score":116,"play_id":"21d70ca3-03c4-4923-b7b9-adf67aeb2f50","local_time":"20201225141632","is_ascension_mode":false,"campfire_choices":[{"floor":15,"key":"REST"}],"circlet_count":0,"master_deck":["mysticmod:Strike_Mystic","mysticmod:Strike_Mystic","mysticmod:Strike_Mystic","mysticmod:Defend_Mystic","mysticmod:Defend_Mystic","mysticmod:Defend_Mystic","mysticmod:Defend_Mystic","mysticmod:ArcaneDodge","mysticmod:ShockingGrasp","mysticmod:Fireball","mysticmod:CorrosiveTouch","mysticmod:PowerSlash","mysticmod:ComboCaster+1","mysticmod:MagicWeapon","mysticmod:AllIn","mysticmod:PreparedCaster","mysticmod:Grapple","mysticmod:CureLightWounds","mysticmod:FiveFootStep"],"relics":["mysticmod:SpellBook","NeowsBlessing","Replay:Rubber Ducky","Mercury Hourglass","Blue Doll","hubris:SlimyHat"],"acts_visited":["Exordium"],"potions_floor_usage":[],"damage_taken":[{"damage":0.0,"enemies":"Jaw Worm","floor":1.0,"turns":1.0},{"damage":0.0,"enemies":"Cultist","floor":2.0,"turns":1.0},{"damage":0.0,"enemies":"Small Slimes","floor":4.0,"turns":1.0},{"damage":0.0,"enemies":"Exordium Wildlife","floor":5.0,"turns":1.0},{"damage":24.0,"enemies":"Lagavulin","floor":6.0,"turns":5.0},{"damage":7.0,"enemies":"Blue Slaver","floor":7.0,"turns":3.0},{"damage":3.0,"enemies":"Red Slaver","floor":10.0,"turns":4.0},{"damage":8.0,"enemies":"Exordium Thugs","floor":11.0,"turns":4.0},{"damage":7,"enemies":"2 Fungi Beasts","floor":12,"turns":2},{"damage":11,"enemies":"3 Sentries","floor":14,"turns":5},{"damage":48,"enemies":"The Guardian","floor":16,"turns":6}],"seed_played":"-8584885139715221637","potions_obtained":[{"floor":1.0,"key":"SpeedPotion"},{"floor":2.0,"key":"BlessingOfTheForge"},{"floor":3.0,"key":"PowerPotion"},{"floor":3.0,"key":"Cursed Concoction"},{"floor":14,"key":"Swift Potion"}],"is_trial":false,"path_per_floor":["M","M","?","M","M","E","M","?","T","M","M","M","$","E","R","B"],"character_chosen":"MYSTIC_CLASS","items_purchased":["Blue Doll"],"campfire_rested":1,"item_purchase_floors":[13],"current_hp_per_floor":[77,77,77,77,77,53,46,46,46,43,35,28,28,20,43,0,0],"gold":45,"neow_bonus":"THREE_ENEMY_KILL","is_daily":false,"chose_seed":false,"campfire_upgraded":0,"win_rate":0.0,"timestamp":1608876992,"path_taken":["M","M","?","?","?","E","M","?","T","M","M","M","?","E","R","BOSS"],"items_purchased_type":["Relic"],"build_version":"2020-12-22","purchased_purges":1,"victory":false,"max_hp_per_floor":[77,77,77,77,77,77,77,77,77,77,77,77,77,77,77,77,77],"card_choices":[{"not_picked":["mysticmod:Daze","mysticmod:Shield"],"picked":"mysticmod:Fireball","floor":1.0},{"not_picked":["mysticmod:SuddenClarity","mysticmod:Daze"],"picked":"mysticmod:CorrosiveTouch","floor":2.0},{"not_picked":["mysticmod:Snowball","mysticmod:PureInstinct"],"picked":"mysticmod:PowerSlash","floor":4.0},{"not_picked":["mysticmod:PowerSlash","mysticmod:Alacrity"],"picked":"mysticmod:ComboCaster","floor":5.0},{"not_picked":["mysticmod:EnergizedRift","mysticmod:Dedication"],"picked":"mysticmod:MagicWeapon","floor":6.0},{"not_picked":["mysticmod:Alacrity","mysticmod:Shield"],"picked":"mysticmod:AllIn","floor":7.0},{"not_picked":["mysticmod:ComponentsPouch","mysticmod:SpellCombat"],"picked":"mysticmod:PreparedCaster","floor":10.0},{"not_picked":["mysticmod:PowerSlash","mysticmod:HeavyStrike"],"picked":"mysticmod:Grapple","floor":11.0},{"not_picked":["mysticmod:Shield","mysticmod:Riposte"],"picked":"mysticmod:CureLightWounds","floor":12},{"not_picked":["mysticmod:SuddenClarity","mysticmod:PowerSlash"],"picked":"mysticmod:FiveFootStep","floor":14}],"player_experience":152521,"relics_obtained":[{"floor":6.0,"key":"Replay:Rubber Ducky"},{"floor":9.0,"key":"Mercury Hourglass"},{"floor":14,"key":"hubris:SlimyHat"}],"event_choices":[{"damage_healed":0.0,"max_hp_gain":0.0,"max_hp_loss":0.0,"gold_gain":0.0,"event_name":"Lab","player_choice":"Got Potions","floor":3.0,"gold_loss":0.0,"damage_taken":0.0}],"is_beta":false,"boss_relics":[],"items_purged_floors":[13],"is_endless":false,"potions_floor_spawned":[1,2,4,14],"killed_by":"The Guardian","ascension_level":0}}