{"host":"ix2a18c4ohfsrslv","time":1608859478,"event":{"mods":["BaseMod","Better Third Choice","Downfall","Lobotomy","Minty Spire (QoL Compilation)","Replay The Spire","StSLib","The Dragon Tamer"],"gold_per_floor":[109,34,45,45,60,60,85,85,85,85,103,121,134,153,153,254,254,274,189,46,63,79,79,93,93,93,125,125,224,224,224,120,217,217,228,228,228,242,332,332,332,332,362,362,387,387,387,387,419,59,59,59],"floor_reached":53,"playtime":3027,"items_purged":["DTMod:DoubleHit"],"score":906,"play_id":"ebee3555-26ec-4d0b-9e53-f70d8d7d5aa0","local_time":"20201224172438","is_ascension_mode":false,"metric_token":531,"campfire_choices":[{"data":"DTMod:ForkedFire","floor":6,"key":"SMITH"},{"data":"DTMod:Adaptation","floor":8,"key":"SMITH"},{"data":"DTMod:Dissolve","floor":15,"key":"SMITH"},{"data":"DTMod:HeadStart","floor":23,"key":"SMITH"},{"data":"DTMod:Threaten","floor":25,"key":"SMITH"},{"data":"DTMod:CleansingStrike","floor":28,"key":"SMITH"},{"floor":30,"key":"REST"},{"data":"DTMod:BuildUp","floor":40,"key":"SMITH"},{"floor":44,"key":"REST"},{"floor":48,"key":"REST"},{"data":"DTMod:DragonDance","floor":51,"key":"SMITH"}],"dtmod_dragon_data":[40,56,0,1,0,10],"circlet_count":0,"master_deck":["DTMod:SwitchingTactic+1","DTMod:BuildUp+1","DTMod:ForkedFire+1","DTMod:Feint+1","DTMod:Threaten+1","DTMod:Adaptation+1","DTMod:Dissolve+1","DTMod:Punisher","DTMod:Threaten+1","DTMod:DragonDance+1","DTMod:HeadStart+1","DTMod:Conduct","DTMod:CalculatedDefense+1","DTMod:CalculatedDefense+1","DTMod:BlueScale","DTMod:LowKick+1","DTMod:Dissolve","DTMod:BlazingStrike+1","DTMod:CleansingStrike+1","DTMod:HeatWave+1","Writhe","DTMod:TriAttack","DTMod:BizarreTactic+1","DTMod:BurningForce+1","DTMod:Overwhelm+1","DTMod:Threaten+1","DTMod:Astonish","DTMod:CalculatedDefense","DTMod:HeatWave","DTMod:Training"],"relics":["DTMod:PactStone","NeowsBlessing","Pondfish Scales","Counterbalance","GremlinMask","Pandora\u0027s Box","Du-Vu Doll","champ:Barbells","CaptainsWheel","Bag of Marbles","Vajra","Juzu Bracelet","Empty Cage","Smiling Mask","Blood Vial","Happy Flower","Medical Kit"],"acts_visited":["Exordium","TheCity","TheBeyond"],"potions_floor_usage":[13,16,18,21,21,24,33,52,52],"damage_taken":[{"damage":0,"enemies":"2 Louse","floor":1,"turns":1},{"damage":0,"enemies":"Cultist","floor":3,"turns":1},{"damage":0,"enemies":"Small Slimes","floor":5,"turns":1},{"damage":0,"enemies":"Replay:BlueRogue","floor":7,"turns":4},{"damage":0,"enemies":"Red Slaver","floor":11,"turns":4},{"damage":0,"enemies":"3 Louse","floor":12,"turns":3},{"damage":5,"enemies":"Large Slime","floor":13,"turns":5},{"damage":0,"enemies":"Blue Slaver","floor":14,"turns":3},{"damage":17,"enemies":"The Guardian","floor":16,"turns":11},{"damage":0,"enemies":"Chosen","floor":18,"turns":3},{"damage":0,"enemies":"2 Thieves","floor":21,"turns":2},{"damage":1,"enemies":"Cultist and Chosen","floor":22,"turns":6},{"damage":3,"enemies":"3 Cultists","floor":24,"turns":6},{"damage":5,"enemies":"Gremlin Leader","floor":27,"turns":7},{"damage":0,"enemies":"Automaton","floor":33,"turns":11},{"damage":0,"enemies":"3 Darklings","floor":35,"turns":5},{"damage":0,"enemies":"Orb Walker","floor":38,"turns":3},{"damage":0,"enemies":"Nemesis","floor":43,"turns":7},{"damage":0,"enemies":"Giant Head","floor":49,"turns":6},{"damage":0,"enemies":"Awakened One","floor":52,"turns":10}],"seed_played":"9210135008372075186","potions_obtained":[{"floor":1,"key":"LiquidMemories"},{"floor":5,"key":"SpeedPotion"},{"floor":12,"key":"sneckomod:MuddlingPotion"},{"floor":16,"key":"Swift Potion"},{"floor":18,"key":"LiquidMemories"},{"floor":22,"key":"EssenceOfSteel"},{"floor":27,"key":"SpeedPotion"},{"floor":35,"key":"Languid Potion"},{"floor":36,"key":"Dexterity Potion"},{"floor":36,"key":"FairyPotion"}],"is_trial":false,"path_per_floor":["M","$","M","?","M","R","E","R","T","?","M","M","M","M","R","B",null,"M","?","$","M","M","R","M","R","T","E","R","?","R","?","R","B",null,"M","?","?","M","?","R","PTL","PTL","E","R","T","?","?","R","E","$","R","B",null],"character_chosen":"THE_DT","items_purchased":["DTMod:ForkedFire","champ:Barbells","Medical Kit","DTMod:CalculatedDefense","DTMod:HeatWave","DTMod:Training"],"campfire_rested":3,"item_purchase_floors":[2,20,50,50,50,50],"current_hp_per_floor":[45,45,45,45,45,45,45,45,45,45,45,45,40,40,40,23,45,45,45,45,45,44,44,41,41,41,36,36,36,45,45,45,45,45,45,45,45,45,45,45,45,45,45,45,45,45,45,45,45,45,45,45],"gold":59,"neow_bonus":"THREE_ENEMY_KILL","is_daily":false,"chose_seed":false,"campfire_upgraded":8,"win_rate":0.0,"timestamp":1608859478,"path_taken":["M","$","M","?","?","R","E","R","T","?","M","M","?","M","R","BOSS","M","?","$","M","M","R","M","R","T","E","R","?","R","?","R","BOSS","M","?","?","M","?","R","PTL","PTL","E","R","T","?","?","R","E","$","R","BOSS"],"items_purchased_type":["Card","Relic","Relic","Card","Card","Card"],"build_version":"2020-12-22","purchased_purges":1,"victory":true,"max_hp_per_floor":[45,45,45,45,45,45,45,45,45,45,45,45,45,45,45,45,45,45,45,45,45,45,45,45,45,45,45,45,45,45,45,45,45,45,45,45,45,45,45,45,45,45,45,45,45,45,45,45,45,45,45,45],"card_choices":[{"not_picked":["DTMod:BurningEnergy","DTMod:BizarreTactic"],"picked":"DTMod:BuildUp","floor":1},{"not_picked":["DTMod:BurningForce","DTMod:CrossStep"],"picked":"DTMod:Feint","floor":3},{"not_picked":["DTMod:CleansingStrike","DTMod:MasterPlan"],"picked":"DTMod:Threaten","floor":5},{"not_picked":["DTMod:Hide","DTMod:CrossStep"],"picked":"DTMod:Adaptation","floor":7},{"not_picked":["DTMod:MasterPlan","DTMod:CleansingStrike"],"picked":"DTMod:Dissolve","floor":11},{"not_picked":["DTMod:StarRain","DTMod:ShieldDrain"],"picked":"DTMod:Punisher","floor":12},{"not_picked":["DTMod:BizarreTactic","DTMod:QuickFly"],"picked":"DTMod:Threaten","floor":13},{"not_picked":["DTMod:MasterPlan","DTMod:FlameSlash"],"picked":"DTMod:DragonDance","floor":14},{"not_picked":["DTMod:StunTrap","DTMod:Multitask"],"picked":"DTMod:HeadStart","floor":16},{"not_picked":["DTMod:ShieldDrain+1","DTMod:Adaptation","DTMod:BreakAttack+1"],"picked":"SKIP","floor":18},{"not_picked":["DTMod:Conduct","DTMod:TauntingStrike"],"picked":"DTMod:Dissolve","floor":21},{"not_picked":["DTMod:Cover","DTMod:BlueScale"],"picked":"DTMod:BlazingStrike+1","floor":22},{"not_picked":["DTMod:Feint","DTMod:FlameSlash+1"],"picked":"DTMod:CleansingStrike","floor":24},{"not_picked":["DTMod:TagTeam","DTMod:Feint"],"picked":"DTMod:HeatWave+1","floor":27},{"not_picked":["DTMod:RepeatStrike","DTMod:ResonanceForm"],"picked":"DTMod:TriAttack","floor":33},{"not_picked":["DTMod:Adaptation+1","DTMod:InvisibleFlame+1"],"picked":"DTMod:BizarreTactic","floor":35},{"not_picked":["DTMod:BalancedStrike","DTMod:FlameSlash"],"picked":"DTMod:BurningForce+1","floor":38},{"not_picked":["DTMod:MagicField","DTMod:FlameSlash"],"picked":"DTMod:Training+1","floor":39},{"not_picked":["DTMod:BizarreTactic+1","DTMod:MasterPlan+1"],"picked":"DTMod:Overwhelm+1","floor":39},{"not_picked":["DTMod:LastStand+1","DTMod:Punisher+1"],"picked":"DTMod:Threaten+1","floor":43},{"not_picked":["DTMod:QuickFly+1","DTMod:ComboAttack+1"],"picked":"DTMod:Astonish","floor":49}],"player_experience":147420,"relics_obtained":[{"floor":7,"key":"Pondfish Scales"},{"floor":9,"key":"Counterbalance"},{"floor":26,"key":"CaptainsWheel"},{"floor":27,"key":"Bag of Marbles"},{"floor":43,"key":"Smiling Mask"},{"floor":45,"key":"Blood Vial"},{"floor":49,"key":"Happy Flower"}],"event_choices":[{"cards_removed":["DTMod:Strike"],"damage_healed":0,"gold_gain":0,"player_choice":"Purged","damage_taken":0,"max_hp_gain":0,"max_hp_loss":0,"event_name":"Purifier","floor":4,"gold_loss":0},{"damage_healed":0,"gold_gain":0,"player_choice":"Trade","damage_taken":0,"relics_obtained":["GremlinMask"],"max_hp_gain":0,"max_hp_loss":0,"event_name":"FaceTrader","floor":10,"gold_loss":0},{"damage_healed":0,"gold_gain":0,"player_choice":"Obtained Relic","damage_taken":0,"relics_obtained":["Du-Vu Doll"],"max_hp_gain":0,"max_hp_loss":0,"event_name":"Addict","floor":19,"gold_loss":85},{"damage_healed":0,"gold_gain":99,"player_choice":"Steal","damage_taken":0,"max_hp_gain":0,"max_hp_loss":0,"event_name":"betterThird:BetterNest","floor":29,"gold_loss":0},{"damage_healed":0,"gold_gain":0,"player_choice":"Opened","damage_taken":0,"relics_obtained":["Vajra"],"max_hp_gain":0,"max_hp_loss":0,"event_name":"The Mausoleum","floor":31,"gold_loss":0,"cards_obtained":["Writhe"]},{"damage_healed":0,"gold_gain":0,"player_choice":"Paid Gold","damage_taken":0,"relics_obtained":["Juzu Bracelet"],"max_hp_gain":0,"max_hp_loss":0,"event_name":"WeMeetAgain","floor":32,"gold_loss":104},{"damage_healed":0,"gold_gain":0,"player_choice":"Got Potions","damage_taken":0,"max_hp_gain":0,"max_hp_loss":0,"event_name":"Lab","floor":36,"gold_loss":0},{"damage_healed":0,"gold_gain":0,"player_choice":"Memory 1","damage_taken":0,"max_hp_gain":0,"max_hp_loss":0,"event_name":"SensoryStone","floor":37,"gold_loss":0},{"cards_removed":["DTMod:Training"],"damage_healed":0,"gold_gain":0,"player_choice":"Removed Skill","damage_taken":0,"max_hp_gain":0,"max_hp_loss":0,"event_name":"Falling","floor":46,"gold_loss":0},{"damage_healed":0,"gold_gain":0,"player_choice":"Ignored","damage_taken":0,"max_hp_gain":0,"max_hp_loss":0,"event_name":"Tomb of Lord Red Mask","floor":47,"gold_loss":0}],"is_beta":false,"boss_relics":[{"not_picked":["Coffee Dripper","Ectoplasm"],"picked":"Pandora\u0027s Box"},{"not_picked":["Sozu","ReplayTheSpireMod:DimensionalGlitch"],"picked":"Empty Cage"}],"items_purged_floors":[50],"is_endless":false,"potions_floor_spawned":[1,5,12,16,18,22,27,35,49],"ascension_level":0}}