{"host":"¿à÷økuyou","time":1608900920,"event":{"mods":["ATMod(°¢èªMod)","Act Like it!","BaseMod","Lobotomy","Minty Spire (QoL Compilation)","Quick Restart","StSLib"],"gold_per_floor":[114,114,129,52,67,97,112,142,142,172,247,247,277,292,292,392,442,457,457,457,157,157,157,187,187,237,276,276,315,348,378,378,487,487,511,261,279,304,304,468,468,532,532,532,696,84,148,212,212,262],"floor_reached":51,"playtime":2038,"items_purged":[],"score":1411,"play_id":"872f0259-c4dd-4131-9008-9b9e1d8a5f62","local_time":"20201225205520","daily_mods":["Draft","Hoarder","Elite Swarm"],"is_ascension_mode":false,"campfire_choices":[{"data":"AT_ShrugMaster","floor":15.0,"key":"SMITH"},{"data":"AT_ShrugMaster","floor":23,"key":"SMITH"},{"data":"AT_ShrugMaster","floor":25,"key":"SMITH"},{"data":"AT_Dispersion","floor":32,"key":"SMITH"},{"data":"AT_Dispersion","floor":41,"key":"SMITH"},{"data":"AT_Dispersion","floor":44,"key":"SMITH"},{"data":"1","floor":49,"key":"LIFT"}],"circlet_count":0,"master_deck":["Armaments","Armaments","Armaments","AT_ShrugMaster+1","AT_ShrugMaster+1","AT_ShrugMaster+1","Pommel Strike+1","Pommel Strike+1","Pommel Strike","Shrug It Off","Shrug It Off+1","Shrug It Off","AT_ManFootWork","AT_ManFootWork","AT_ManFootWork","Cleave","Cleave","Cleave","Perfected Strike","Perfected Strike","Perfected Strike","Shrug It Off","Shrug It Off","Shrug It Off","Feel No Pain","Feel No Pain","Feel No Pain","AT_DrawKnifeCut","AT_DrawKnifeCut","AT_DrawKnifeCut","True Grit","True Grit","True Grit","Feel No Pain","Feel No Pain","Feel No Pain","True Grit","True Grit","True Grit","Shrug It Off","Shrug It Off","Shrug It Off","Pommel Strike","Pommel Strike","Pommel Strike","Decay","Decay","AT_ShrugMaster","AT_ShrugMaster","AT_ShrugMaster","Perfected Strike","Perfected Strike","Perfected Strike","AT_Dispersion+1","AT_Dispersion+1","AT_Dispersion+1","AT_DrawKnifeCut","AT_DrawKnifeCut","AT_DrawKnifeCut","Offering","Offering","Offering","Barricade","Barricade","Barricade","Fiend Fire","Fiend Fire","Fiend Fire","AT_CaressingTears+1","AT_CaressingTears+1","AT_CaressingTears+1","Burning Pact+1","Burning Pact+1","Burning Pact+1","AT_Dispersion","AT_Dispersion","AT_Dispersion","Corruption","Corruption","Corruption","AT_Dispersion","AT_Dispersion","AT_Dispersion","Perfected Strike","Perfected Strike","Perfected Strike","Body Slam+1","Body Slam+1","Body Slam+1","Juggernaut","Juggernaut","Juggernaut","AT_BodySlamDance+1","AT_BodySlamDance+1","AT_BodySlamDance+1","Madness+1","Madness+1","Madness+1","Madness+1","Madness+1","Madness+1","Limit Break+1","Limit Break+1","Limit Break+1","Corruption","Corruption","Corruption","Berserk","Berserk","Berserk","Dark Embrace","Dark Embrace","Dark Embrace","Corruption","Corruption","Corruption","Seeing Red+1","Seeing Red+1","Seeing Red+1"],"relics":["Burning Blood","AT_ATBox","Art of War","Orichalcum","Self Forming Clay","Toxic Egg 2","Bronze Scales","Tiny House","MutagenicStrength","Prayer Wheel","Whetstone","CeramicFish","Shuriken","AT_RabadonDeathcap","FossilizedHelix","Mark of Pain","Matryoshka","AT_MibuBalloonWealth","AT_RedTearstoneRing","Bag of Preparation","Akabeko","Red Skull","AT_SpeedBoots","Girya","OrangePellets","Juzu Bracelet","Paper Frog","Pen Nib","Mango"],"acts_visited":["Exordium","TheCity","TheBeyond"],"potions_floor_usage":[29,45,48],"damage_taken":[{"damage":0.0,"enemies":"Small Slimes","floor":1.0,"turns":2.0},{"damage":0.0,"enemies":"Cultist","floor":3.0,"turns":4.0},{"damage":0.0,"enemies":"2 Louse","floor":5.0,"turns":1.0},{"damage":11.0,"enemies":"3 Sentries","floor":6.0,"turns":5.0},{"damage":0.0,"enemies":"Large Slime","floor":7.0,"turns":5.0},{"damage":7.0,"enemies":"Gremlin Nob","floor":8.0,"turns":5.0},{"damage":6.0,"enemies":"Lagavulin","floor":10.0,"turns":9.0},{"damage":15.0,"enemies":"Gremlin Nob","floor":13.0,"turns":3.0},{"damage":0.0,"enemies":"Exordium Wildlife","floor":14.0,"turns":3.0},{"damage":23.0,"enemies":"Slime Boss","floor":16.0,"turns":8.0},{"damage":16.0,"enemies":"Shell Parasite","floor":18.0,"turns":5.0},{"damage":6,"enemies":"Gremlin Leader","floor":24,"turns":10},{"damage":17,"enemies":"Book of Stabbing","floor":27,"turns":6},{"damage":21,"enemies":"Slavers","floor":29,"turns":6},{"damage":6,"enemies":"Spheric Guardian","floor":30,"turns":6},{"damage":24,"enemies":"Book of Stabbing","floor":31,"turns":5},{"damage":12,"enemies":"Champ","floor":33,"turns":9},{"damage":0,"enemies":"3 Darklings","floor":35,"turns":6},{"damage":5,"enemies":"Reptomancer","floor":40,"turns":5},{"damage":12,"enemies":"Nemesis","floor":42,"turns":5},{"damage":21,"enemies":"Reptomancer","floor":45,"turns":4},{"damage":0,"enemies":"Giant Head","floor":47,"turns":4},{"damage":0,"enemies":"2 Orb Walkers","floor":48,"turns":4},{"damage":26,"enemies":"Donu and Deca","floor":50,"turns":7}],"seed_played":"-567031674859551473","potions_obtained":[{"floor":5.0,"key":"Energy Potion"},{"floor":7.0,"key":"FearPotion"},{"floor":8.0,"key":"Regen Potion"},{"floor":16.0,"key":"Swift Potion"},{"floor":17.0,"key":"PowerPotion"},{"floor":27,"key":"Strength Potion"},{"floor":29,"key":"Block Potion"},{"floor":45,"key":"EssenceOfSteel"}],"is_trial":false,"path_per_floor":["M","?","M","$","M","E","M","E","T","E","?","?","E","M","R","B",null,"M","?","?","$","$","R","E","R","T","E","?","E","M","E","R","B",null,"M","$","?","T","?","E","R","E","T","R","E","$","E","?","R","B",null],"character_chosen":"IRONCLAD","items_purchased":["AT_ShrugMaster","Prayer Wheel","Matryoshka","OrangePellets","Juzu Bracelet","Paper Frog","Dark Embrace"],"campfire_rested":0,"item_purchase_floors":[4,21,36,46,46,46,46],"current_hp_per_floor":[80,80,80,80,80,75,80,79,79,79,68,73,64,70,70,53,90,89,90,90,90,90,90,90,90,90,79,79,64,64,46,46,40,90,90,90,79,79,79,90,90,88,88,88,83,83,90,104,104,96],"gold":262,"neow_bonus":"","is_daily":true,"chose_seed":false,"campfire_upgraded":6,"win_rate":0.0,"timestamp":1608900920,"path_taken":["M","?","?","$","M","E","M","E","T","E","?","?","E","M","R","BOSS","M","?","?","?","$","R","E","R","T","E","?","E","M","E","R","BOSS","M","$","?","?","?","E","R","E","T","R","E","$","E","?","R","BOSS"],"items_purchased_type":["Card","Relic","Relic","Relic","Relic","Relic","Card"],"build_version":"2020-12-18","purchased_purges":0,"victory":true,"max_hp_per_floor":[80,80,80,80,80,80,80,80,80,80,80,85,85,85,85,85,90,90,90,90,90,90,90,90,90,90,90,90,90,90,90,90,90,90,90,90,90,90,90,90,90,90,90,90,90,90,90,104,104,104],"card_choices":[{"not_picked":["Heavy Blade","Searing Blow"],"picked":"Armaments","floor":0.0},{"not_picked":["Thunderclap","Dual Wield"],"picked":"AT_ShrugMaster","floor":0.0},{"not_picked":["Shockwave","Disarm"],"picked":"Pommel Strike","floor":0.0},{"not_picked":["Heavy Blade","Armaments"],"picked":"Shrug It Off","floor":0.0},{"not_picked":["Clash","Searing Blow"],"picked":"AT_ManFootWork","floor":0.0},{"not_picked":["Clothesline","Wild Strike"],"picked":"Cleave","floor":0.0},{"not_picked":["Wild Strike","Entrench"],"picked":"Perfected Strike","floor":0.0},{"not_picked":["Body Slam","Cleave"],"picked":"Shrug It Off","floor":0.0},{"not_picked":["Uppercut","Twin Strike"],"picked":"Feel No Pain","floor":0.0},{"not_picked":["Pommel Strike","Clash"],"picked":"AT_DrawKnifeCut","floor":0.0},{"not_picked":["Cleave","Thunderclap"],"picked":"True Grit","floor":0.0},{"not_picked":["Sentinel","True Grit"],"picked":"Feel No Pain","floor":0.0},{"not_picked":["Havoc","Warcry"],"picked":"True Grit","floor":0.0},{"not_picked":["Inflame","Cleave"],"picked":"Shrug It Off","floor":0.0},{"not_picked":["True Grit","Intimidate"],"picked":"Pommel Strike","floor":0.0},{"not_picked":["Shrug It Off","Heavy Blade","Ghostly Armor"],"picked":"SKIP","floor":1.0},{"not_picked":["Sentinel","Sword Boomerang","Ghostly Armor"],"picked":"SKIP","floor":3.0},{"not_picked":["Shrug It Off","AT_BodySlamDance"],"picked":"Perfected Strike","floor":5.0},{"not_picked":["Demon Form","Double Tap"],"picked":"AT_Dispersion","floor":6.0},{"not_picked":["Headbutt","Seeing Red"],"picked":"AT_DrawKnifeCut","floor":7.0},{"not_picked":["Juggernaut","Double Tap"],"picked":"Offering","floor":8.0},{"not_picked":["Feed","Brutality"],"picked":"Barricade","floor":10.0},{"not_picked":["Bludgeon","Double Tap+1","Reaper"],"picked":"SKIP","floor":13.0},{"not_picked":["Uppercut","Shockwave+1","Flex+1"],"picked":"SKIP","floor":14.0},{"not_picked":["Juggernaut","Demon Form"],"picked":"Fiend Fire","floor":16.0},{"not_picked":["Clash","Flex+1"],"picked":"AT_CaressingTears+1","floor":17.0},{"not_picked":["AT_ManFootWork+1","Pommel Strike"],"picked":"Burning Pact+1","floor":18.0},{"not_picked":["Juggernaut","Brutality"],"picked":"AT_Dispersion","floor":24},{"not_picked":["Reaper","Barricade"],"picked":"Corruption","floor":27},{"not_picked":["Limit Break+1","Demon Form"],"picked":"AT_Dispersion","floor":29},{"not_picked":["Disarm+1","AT_IchimonjiDouble"],"picked":"Perfected Strike","floor":30},{"not_picked":["Intimidate+1","Flame Barrier+1"],"picked":"Body Slam+1","floor":30},{"not_picked":["Corruption","Double Tap+1","Barricade"],"picked":"SKIP","floor":31},{"not_picked":["Berserk","Brutality"],"picked":"Juggernaut","floor":33},{"not_picked":["Inflame","Dropkick"],"picked":"AT_BodySlamDance+1","floor":35},{"not_picked":["Armaments+1","AT_IchimonjiDouble","Dual Wield+1"],"picked":"SKIP","floor":35},{"not_picked":["Feed","Impervious+1"],"picked":"Limit Break+1","floor":40},{"not_picked":["Juggernaut","Exhume+1"],"picked":"Corruption","floor":42},{"not_picked":["Bludgeon","Brutality"],"picked":"Berserk","floor":45},{"not_picked":["Barricade","Offering+1"],"picked":"Corruption","floor":47},{"not_picked":["Iron Wave","Anger"],"picked":"Seeing Red+1","floor":48}],"player_experience":138757,"relics_obtained":[{"floor":6.0,"key":"Art of War"},{"floor":8.0,"key":"Orichalcum"},{"floor":9.0,"key":"Self Forming Clay"},{"floor":10.0,"key":"Toxic Egg 2"},{"floor":13.0,"key":"Bronze Scales"},{"floor":24,"key":"Whetstone"},{"floor":26,"key":"CeramicFish"},{"floor":27,"key":"Shuriken"},{"floor":29,"key":"AT_RabadonDeathcap"},{"floor":31,"key":"FossilizedHelix"},{"floor":38,"key":"AT_MibuBalloonWealth"},{"floor":38,"key":"AT_RedTearstoneRing"},{"floor":40,"key":"Bag of Preparation"},{"floor":42,"key":"Akabeko"},{"floor":43,"key":"Red Skull"},{"floor":43,"key":"AT_SpeedBoots"},{"floor":45,"key":"Girya"},{"floor":47,"key":"Pen Nib"},{"floor":48,"key":"Mango"}],"event_choices":[{"damage_healed":0.0,"max_hp_gain":0.0,"max_hp_loss":0.0,"gold_gain":0.0,"event_name":"Wheel of Change","player_choice":"Cursed","floor":2.0,"gold_loss":0.0,"damage_taken":0.0,"cards_obtained":["Decay"]},{"damage_healed":0.0,"max_hp_gain":0.0,"max_hp_loss":0.0,"gold_gain":75.0,"event_name":"World of Goop","player_choice":"Gather Gold","floor":11.0,"gold_loss":0.0,"damage_taken":11.0},{"damage_healed":0.0,"max_hp_gain":5.0,"max_hp_loss":0.0,"gold_gain":0.0,"event_name":"Big Fish","player_choice":"Donut","floor":12.0,"gold_loss":0.0,"damage_taken":0.0},{"damage_healed":30.0,"max_hp_gain":0.0,"max_hp_loss":0.0,"gold_gain":0.0,"event_name":"The Library","player_choice":"Heal","floor":19.0,"gold_loss":0.0,"damage_taken":0.0},{"damage_healed":0,"gold_gain":0,"player_choice":"Inject Mutagens","damage_taken":0,"relics_obtained":["MutagenicStrength"],"max_hp_gain":0,"max_hp_loss":0,"event_name":"Drug Dealer","floor":20,"gold_loss":0},{"cards_removed":["Decay"],"damage_healed":0,"gold_gain":0,"player_choice":"Elegance","damage_taken":0,"max_hp_gain":0,"max_hp_loss":0,"event_name":"Back to Basics","floor":28,"gold_loss":0},{"damage_healed":0,"gold_gain":0,"player_choice":"Embrace Madness","damage_taken":11,"max_hp_gain":0,"max_hp_loss":0,"event_name":"Winding Halls","floor":37,"gold_loss":0,"cards_obtained":["Madness","Madness"]},{"damage_healed":0,"gold_gain":0,"player_choice":"Ignored","damage_taken":0,"max_hp_gain":0,"max_hp_loss":0,"event_name":"SecretPortal","floor":39,"gold_loss":0},{"damage_healed":0,"gold_gain":0,"player_choice":"Fight","damage_taken":0,"max_hp_gain":0,"max_hp_loss":0,"event_name":"Mysterious Sphere","floor":48,"gold_loss":0}],"is_beta":true,"boss_relics":[{"not_picked":["SacredBark","Ectoplasm"],"picked":"Tiny House"},{"not_picked":["Calling Bell","Runic Cube"],"picked":"Mark of Pain"}],"items_purged_floors":[],"is_endless":false,"potions_floor_spawned":[5,7,8,13,16,27,29,33,35,45],"ascension_level":0}}