{"host":"gkm149kh1ihaqy0o","time":1608875495,"event":{"mods":["AchievementEnabler","BaseMod","Better Altar","Better Match","Better Note","Better Skull","Better Third Choice","Better Vampires","BetterRewards","Colored Powertips","Downfall","Googly Eyes","Key Reminder","Mimic Mod","Minty Spire (QoL Compilation)","Permanent Neow","Quick Restart","Random Character Button","Rare Cards Sparkle","Relic Sorter","Relic Stats","StSLib","SuperFastMode","Unceasing Turn Reminder","everything is the same but u backflip on backflip"],"gold_per_floor":[99,113,133,133,118,135,135,155,80,114,134,59,78,78,98,98,98,98],"floor_reached":16,"playtime":933,"items_purged":[],"score":104,"play_id":"47670eb9-fb5c-461a-a166-98e4780237d4","local_time":"20201224235135","is_ascension_mode":false,"campfire_choices":[{"floor":1.0,"key":"RECALL"},{"data":"champ:DefensiveStyle","floor":9,"key":"SMITH"},{"floor":12,"key":"REST"}],"circlet_count":0,"master_deck":["champ:Strike","champ:Strike","champ:Defend","champ:Defend","champ:Defend","champ:Execute","champ:Taunt","champ:BringItOn","champ:IronFortress","Pain","champ:DefensiveStyle+1","champ:RisingSlash","champ:StanceDance","champ:ViciousMockery","champ:ShieldWall","champ:GutPunch","champ:Haymaker"],"relics":["Empty Cage","keyreminder:keyreminder","WarpedTongs","Happy Flower","downfall:HeartBlessingRed","TungstenRod","downfall:HeartBlessingGreen"],"acts_visited":["Exordium"],"potions_floor_usage":[16,16,16],"damage_taken":[{"damage":17.0,"enemies":"Jaw Worm","floor":2.0,"turns":4.0},{"damage":14.0,"enemies":"Cultist","floor":3.0,"turns":3.0},{"damage":15.0,"enemies":"downfall:FleeingMerchant","floor":5.0,"turns":4.0},{"damage":8,"enemies":"2 Louse","floor":6,"turns":2},{"damage":17,"enemies":"Large Slime","floor":8,"turns":7},{"damage":52,"enemies":"3 Sentries","floor":10,"turns":10},{"damage":5,"enemies":"Exordium Wildlife","floor":11,"turns":2},{"damage":12,"enemies":"Exordium Thugs","floor":13,"turns":4},{"damage":15,"enemies":"2 Fungi Beasts","floor":15,"turns":3},{"damage":42,"enemies":"downfall:Defect","floor":16,"turns":5}],"seed_played":"6502404829070835567","potions_obtained":[{"floor":3.0,"key":"FearPotion"},{"floor":8,"key":"Ancient Potion"},{"floor":13,"key":"Energy Potion"},{"floor":15,"key":"Swift Potion"}],"is_trial":false,"path_per_floor":["R","M","M","?","$","M","T","M","R","E","M","R","M","?","M","B"],"character_chosen":"THE_CHAMP","items_purchased":[],"campfire_rested":1,"item_purchase_floors":[],"current_hp_per_floor":[90,88,84,84,74,71,71,57,57,20,15,42,47,47,32,0,0,0],"gold":98,"neow_bonus":"BOSS_RELIC","is_daily":false,"chose_seed":false,"campfire_upgraded":1,"win_rate":0.0,"timestamp":1608875495,"path_taken":["R","M","M","?","$","M","T","M","R","E","M","R","M","?","M","BOSS"],"items_purchased_type":[],"build_version":"2020-12-22","purchased_purges":0,"victory":false,"max_hp_per_floor":[90,90,90,90,90,90,90,90,90,90,90,90,90,90,90,90,90,90],"relic_stats":{"Happy Flower":[10],"counters":[10,44],"obtain_stats":[{"keyreminder:keyreminder":1,"Happy Flower":7,"downfall:HeartBlessingRed":9,"champ:ChampionCrown":0,"downfall:HeartBlessingGreen":12,"Empty Cage":0,"TungstenRod":10,"WarpedTongs":4},{"keyreminder:keyreminder":0,"Happy Flower":4,"downfall:HeartBlessingRed":5,"champ:ChampionCrown":0,"downfall:HeartBlessingGreen":7,"Empty Cage":0,"TungstenRod":6,"WarpedTongs":2},{"keyreminder:keyreminder":0,"Happy Flower":13,"downfall:HeartBlessingRed":20,"champ:ChampionCrown":0,"downfall:HeartBlessingGreen":32,"Empty Cage":0,"TungstenRod":30,"WarpedTongs":7}],"TungstenRod":43,"WarpedTongs":[36]},"card_choices":[{"not_picked":["champ:GladiatorsShout","champ:PerfectedStrike"],"picked":"champ:BringItOn","floor":2.0},{"not_picked":["champ:FocusedBerserking","champ:Haymaker"],"picked":"champ:IronFortress","floor":3.0},{"not_picked":["champ:DefensiveShout","champ:BringItOn"],"picked":"champ:DefensiveStyle","floor":5},{"not_picked":["champ:GutPunch","champ:FanOfKnives"],"picked":"champ:RisingSlash","floor":6},{"not_picked":["champ:ShieldThrow","champ:Encircle"],"picked":"champ:StanceDance","floor":8},{"not_picked":["champ:BringItOn","champ:BladeFlurry"],"picked":"champ:ViciousMockery","floor":10},{"not_picked":["champ:Circumvent","champ:GladiatorsShout"],"picked":"champ:ShieldWall","floor":11},{"not_picked":["champ:PerfectedStrike","champ:RisingSlash"],"picked":"champ:GutPunch","floor":13},{"not_picked":["champ:BerserkersShout","champ:BringItOn"],"picked":"champ:Haymaker","floor":15}],"player_experience":663625,"relics_obtained":[{"floor":7,"key":"Happy Flower"},{"floor":10,"key":"TungstenRod"}],"event_choices":[{"damage_healed":0.0,"max_hp_gain":0.0,"max_hp_loss":0.0,"gold_gain":0.0,"event_name":"Accursed Blacksmith","player_choice":"Rummage","floor":4.0,"gold_loss":0.0,"damage_taken":0.0,"relics_obtained":["WarpedTongs"],"cards_obtained":["Pain"]},{"cards_removed":["champ:Strike"],"damage_healed":0,"gold_gain":0,"player_choice":"Offered Basic","damage_taken":0,"max_hp_gain":0,"max_hp_loss":0,"event_name":"Bonfire Elementals","floor":14,"gold_loss":0}],"is_beta":false,"boss_relics":[],"items_purged_floors":[],"is_endless":false,"potions_floor_spawned":[3,8,13,15],"killed_by":"downfall:Defect","ascension_level":0}}