{"host":"kiauivt48syq9iz6","time":1608877054,"event":{"mods":["BaseMod","Conspire","Downfall","Hermit","Minty Spire (QoL Compilation)","Replay The Spire","SIMod","StSLib","The Animator","The Construct","The Cursed","The Runesmith","The Servant 0.9.4"],"gold_per_floor":[113,28,28,44,60,60,79,59,59,69,69,84,114,125,125,229,229,246,246,150,162,177,177,210,248,319,333,349,13,13,31,31,31,31],"floor_reached":33,"playtime":1684,"items_purged":["Languid"],"score":273,"play_id":"19d4a5a7-97a9-48e0-b10c-ffb9037aba7f","local_time":"20201224231734","is_ascension_mode":false,"campfire_choices":[{"data":"TheCursedMod:FleshFromBone","floor":6,"key":"SMITH"},{"floor":15,"key":"DIG"},{"floor":23,"key":"REST"},{"data":"TheCursedMod:CleanUpWorkshop","floor":30,"key":"SMITH"},{"data":"TheCursedMod:Strike_TheCursed","floor":32,"key":"PURGE"}],"circlet_count":0,"master_deck":["TheCursedMod:Strike_TheCursed","TheCursedMod:Strike_TheCursed","TheCursedMod:Defend_TheCursed","TheCursedMod:Defend_TheCursed","TheCursedMod:Defend_TheCursed","TheCursedMod:Defend_TheCursed","TheCursedMod:CursedWand","TheCursedMod:CleanUpWorkshop+1","TheCursedMod:Dregs","TheCursedMod:Torture","TheCursedMod:FleshFromBone+1","TheCursedMod:SmokeScreen+1","TheCursedMod:CursedBlade","TheCursedMod:Stigma","TheCursedMod:SoulReap","TheCursedMod:CursedShiv","TheCursedMod:StingEye","TheCursedMod:CircleOfCorruption","TheCursedMod:SpitefulStrike","TheCursedMod:CircleOfFlame","TheCursedMod:ForbiddenAlchemy","TheCursedMod:TacticalStrike+1","J.A.X.","TheCursedMod:EmpowerCircles","TheCursedMod:ReleasedStrength","TheCursedMod:HellfireBreathing+1","TheCursedMod:Wield+1","TheCursedMod:WearCloak","TheCursedMod:CursedMace+1","TheCursedMod:HellfireBreathing","TheCursedMod:ReleasedKnowledge","TheCursedMod:SpitefulStrike"],"relics":["TheCursedMod:BlackMagic101","Pet Ghost","conspire:Flyswatter","Blood Vial","Cursed Key","Snack Pack","Replay:Towering Pillar of Hats","Runesmith:Nanobots","Vajra"],"acts_visited":["Exordium","TheCity"],"potions_floor_usage":[7,10,12,13,18,18,18,18,22,22,24,24,24,24,24,24,25,25,25,25,25,28,33,33,33,33,33,33],"damage_taken":[{"damage":0,"enemies":"2 Louse","floor":1,"turns":3},{"damage":2,"enemies":"Small Slimes","floor":4,"turns":6},{"damage":1,"enemies":"Cultist","floor":5,"turns":4},{"damage":12,"enemies":"Large Slime","floor":7,"turns":6},{"damage":16,"enemies":"Gremlin Gang","floor":10,"turns":7},{"damage":6,"enemies":"Lots of Slimes","floor":12,"turns":2},{"damage":8,"enemies":"Lagavulin","floor":13,"turns":6},{"damage":3,"enemies":"Looter","floor":14,"turns":3},{"damage":63,"enemies":"Fading Forest","floor":16,"turns":11},{"damage":0,"enemies":"Spheric Guardian","floor":18,"turns":3},{"damage":23,"enemies":"2 Thieves","floor":21,"turns":4},{"damage":24,"enemies":"Snecko","floor":22,"turns":4},{"damage":10,"enemies":"Gremlin Leader","floor":24,"turns":7},{"damage":3,"enemies":"Chosen and Byrds","floor":25,"turns":4},{"damage":14,"enemies":"3 Cultists","floor":27,"turns":5},{"damage":12,"enemies":"Centurion and Healer","floor":28,"turns":4},{"damage":3,"enemies":"Snake Plant","floor":31,"turns":3},{"damage":98,"enemies":"Collector","floor":33,"turns":7}],"seed_played":"634475703486343000","potions_obtained":[{"floor":5,"key":"FearPotion"},{"floor":8,"key":"hexamod:EctoCoolerPotion"},{"floor":10,"key":"SteroidPotion"},{"floor":12,"key":"Flashbang"},{"floor":21,"key":"DuplicationPotion"},{"floor":27,"key":"BlessingOfTheForge"},{"floor":28,"key":"Toxic Potion"},{"floor":31,"key":"SkillPotion"}],"is_trial":false,"path_per_floor":["M","$","?","M","M","R","M","?","T","M","?","M","E","M","R","B",null,"M","?","?","M","M","R","E","M","T","M","M","$","R","M","R","B"],"character_chosen":"THE_CURSED","items_purchased":["TheCursedMod:FleshFromBone","TheCursedMod:SmokeScreen+1","TheCursedMod:HellfireBreathing","TheCursedMod:ReleasedKnowledge","Vajra"],"campfire_rested":1,"item_purchase_floors":[2,2,29,29,29],"current_hp_per_floor":[82,82,87,85,84,84,72,72,72,56,56,60,57,59,59,3,87,87,87,87,73,64,87,87,87,87,78,78,78,78,85,85,0,0],"gold":31,"neow_bonus":"TEN_PERCENT_HP_BONUS","is_daily":false,"chose_seed":false,"campfire_upgraded":2,"win_rate":0.0,"timestamp":1608877054,"path_taken":["M","$","?","M","M","R","M","?","T","?","?","?","E","?","R","BOSS","M","?","?","M","?","R","E","M","T","M","?","$","R","M","R","BOSS"],"items_purchased_type":["Card","Card","Card","Card","Relic"],"build_version":"2020-12-22","purchased_purges":1,"victory":false,"max_hp_per_floor":[82,82,87,87,87,87,87,87,87,87,87,87,87,87,87,87,87,87,87,87,87,87,87,87,87,87,87,87,87,87,87,87,87,87],"card_choices":[{"not_picked":["TheCursedMod:VitalStrike","TheCursedMod:SaltUponWound"],"picked":"TheCursedMod:Torture","floor":1},{"not_picked":["TheCursedMod:SpitefulStrike","TheCursedMod:CursedBoomerang"],"picked":"TheCursedMod:CursedBlade","floor":4},{"not_picked":["TheCursedMod:Torture","TheCursedMod:CursedShiv"],"picked":"TheCursedMod:Stigma","floor":5},{"not_picked":["TheCursedMod:Evocation","TheCursedMod:RapidMovement"],"picked":"TheCursedMod:SoulReap","floor":7},{"not_picked":["TheCursedMod:CircleOfFocus","TheCursedMod:CursedAmulet"],"picked":"TheCursedMod:CursedShiv","floor":10},{"not_picked":["TheCursedMod:Torture","TheCursedMod:StingEye"],"picked":"TheCursedMod:CircleOfCorruption","floor":12},{"not_picked":["TheCursedMod:CursedBlade","TheCursedMod:ManaBullet"],"picked":"TheCursedMod:SpitefulStrike","floor":13},{"not_picked":["TheCursedMod:WearCloak","TheCursedMod:HellsGateOpen"],"picked":"TheCursedMod:CircleOfFlame","floor":14},{"not_picked":["TheCursedMod:Neurasthenia","TheCursedMod:CursedRelics"],"picked":"TheCursedMod:ForbiddenAlchemy","floor":16},{"not_picked":["TheCursedMod:VitalStrike","TheCursedMod:RapidMovement"],"picked":"TheCursedMod:TacticalStrike+1","floor":18},{"not_picked":["TheCursedMod:SmokeScreen","TheCursedMod:Grudge"],"picked":"TheCursedMod:EmpowerCircles","floor":21},{"not_picked":["TheCursedMod:CursedAmulet","TheCursedMod:RavingStaff+1"],"picked":"TheCursedMod:ReleasedStrength","floor":22},{"not_picked":["TheCursedMod:SaltUponWound","TheCursedMod:CursedArmor"],"picked":"TheCursedMod:HellfireBreathing+1","floor":24},{"not_picked":["TheCursedMod:AbyssShockwave","TheCursedMod:CursedBlade"],"picked":"TheCursedMod:Wield+1","floor":25},{"not_picked":["TheCursedMod:SurpriseAttack+1","TheCursedMod:Stigma"],"picked":"TheCursedMod:WearCloak","floor":27},{"not_picked":["TheCursedMod:TacticalStrike","TheCursedMod:Torture"],"picked":"TheCursedMod:CursedMace+1","floor":28},{"not_picked":["TheCursedMod:Wield","TheCursedMod:DarkBarrier"],"picked":"TheCursedMod:SpitefulStrike","floor":31}],"player_experience":66312,"relics_obtained":[{"floor":9,"key":"Pet Ghost"},{"floor":13,"key":"conspire:Flyswatter"},{"floor":15,"key":"Blood Vial"},{"floor":24,"key":"Replay:Towering Pillar of Hats"},{"floor":26,"key":"Runesmith:Nanobots"}],"event_choices":[{"damage_healed":0,"gold_gain":0,"player_choice":"Donut","damage_taken":0,"max_hp_gain":5,"max_hp_loss":0,"event_name":"Big Fish","floor":3,"gold_loss":0},{"damage_healed":0,"gold_gain":0,"player_choice":"Bought 1 Potion","damage_taken":0,"max_hp_gain":0,"max_hp_loss":0,"event_name":"The Woman in Blue","floor":8,"gold_loss":0},{"damage_healed":0,"gold_gain":0,"cards_transformed":["TheCursedMod:Strike_TheCursed"],"player_choice":"Transformed","damage_taken":0,"max_hp_gain":0,"max_hp_loss":0,"event_name":"Transmorgrifier","floor":11,"gold_loss":0,"cards_obtained":["TheCursedMod:StingEye"]},{"damage_healed":0,"gold_gain":0,"player_choice":"Obtain J.A.X.","damage_taken":0,"max_hp_gain":0,"max_hp_loss":0,"event_name":"Drug Dealer","floor":19,"gold_loss":0,"cards_obtained":["J.A.X."]},{"damage_healed":0,"gold_gain":0,"player_choice":"Paid Gold","damage_taken":0,"relics_obtained":["Snack Pack"],"max_hp_gain":0,"max_hp_loss":0,"event_name":"WeMeetAgain","floor":20,"gold_loss":96}],"is_beta":false,"boss_relics":[{"not_picked":["Busted Crown","Calling Bell"],"picked":"Cursed Key"}],"items_purged_floors":[29],"is_endless":false,"potions_floor_spawned":[5,10,12,21,27,28,31],"killed_by":"Collector","ascension_level":0}}