{"host":"vhvubw4jk4f204qs","time":1608872047,"event":{"mods":["AchievementEnabler","Act Like it!","BaseMod","Better Match","Better Note","BetterRewards","Colored Powertips","Downfall","GifTheSpireLib","Googly Eyes","Highlight Path","Jorbs Mod","Marisa????????","Minty Spire (QoL Compilation)","Permanent Neow","Prisma Mod","Quick Restart","Replay The Spire","StSLib","SuperFastMode","The IronCluck","The Servant 0.9.4","slay the spire mod where everything is the same but ironclad has a cowboy hat"],"gold_per_floor":[117,117,42,61,61,61,11,40,67,83,83,113,133,166,166,166,166],"floor_reached":16,"playtime":592,"items_purged":[],"score":338,"play_id":"762b9bb0-b2d5-4ea7-a0ee-7b6cffd212aa","local_time":"20201224235407","is_ascension_mode":true,"campfire_choices":[{"data":"Strike_MRS","floor":6,"key":"PURGE"},{"floor":11,"key":"REST"},{"data":"MilkyWay","floor":15,"key":"SMITH"}],"circlet_count":0,"master_deck":["AscendersBane","Strike_MRS","Strike_MRS","Defend_MRS","Defend_MRS+1","Defend_MRS","Defend_MRS","MasterSpark","UpSweep","NonDirectionalLaser+1","MilkyWay+1","MilkyWay","SprinkleStarSeal","AsteroidBelt","DarkMatter","EnergyRecoil"],"relics":["MiniHakkero","Membership Card","Peace Pipe","Counterbalance","Divine Protection","Ancient Tea Set","Bag of Preparation","Bottled Flame"],"acts_visited":["Exordium"],"potions_floor_usage":[8,12,16],"damage_taken":[{"damage":3,"enemies":"2 Louse","floor":1,"turns":2},{"damage":12,"enemies":"Jaw Worm","floor":4,"turns":3},{"damage":12,"enemies":"Lagavulin","floor":8,"turns":7},{"damage":0,"enemies":"Cultist","floor":10,"turns":3},{"damage":19,"enemies":"Gremlin Nob","floor":12,"turns":6},{"damage":0,"enemies":"2 Fungi Beasts","floor":13,"turns":3},{"damage":0,"enemies":"Lagavulin","floor":14,"turns":5},{"damage":27,"enemies":"Slime Boss","floor":16,"turns":7}],"seed_played":"7640860449886931890","potions_obtained":[{"floor":10,"key":"LiquidBronze"},{"floor":12,"key":"Strength Potion"}],"is_trial":false,"path_per_floor":["M","?","?","M","?","R","$","E","T","M","R","E","M","E","R","B"],"character_chosen":"MARISA","items_purchased":["Membership Card","MilkyWay","Fire Potion"],"campfire_rested":1,"item_purchase_floors":[0,7,7],"current_hp_per_floor":[43,66,66,54,33,33,33,21,21,21,42,23,23,23,23,0,0],"gold":166,"neow_bonus":"","is_daily":false,"chose_seed":false,"campfire_upgraded":1,"win_rate":0.0,"timestamp":1608872047,"path_taken":["M","?","?","M","?","R","?","E","T","M","R","E","M","E","R","BOSS"],"items_purchased_type":["Relic","Card","Potion"],"build_version":"2020-12-22","purchased_purges":0,"victory":false,"max_hp_per_floor":[70,70,70,70,70,70,70,70,70,70,70,70,70,70,70,70,70],"card_choices":[{"not_picked":["MeteoricShower","IllusionStar"],"picked":"NonDirectionalLaser","floor":1},{"not_picked":["EnergyRecoil","MachineGunSpark"],"picked":"MilkyWay","floor":4},{"not_picked":["DragonMeteor","6A"],"picked":"SprinkleStarSeal","floor":8},{"not_picked":["NonDirectionalLaser","Robbery"],"picked":"AsteroidBelt","floor":10},{"not_picked":["SporeBomb","DC","Orbital"],"picked":"SKIP","floor":12},{"not_picked":["ShootingEcho","PowerUp"],"picked":"DarkMatter","floor":13},{"not_picked":["DC","WitchLeyline"],"picked":"EnergyRecoil","floor":14}],"player_experience":1046493,"relics_obtained":[{"floor":8,"key":"Divine Protection"},{"floor":9,"key":"Ancient Tea Set"},{"floor":12,"key":"Bag of Preparation"},{"floor":14,"key":"Bottled Flame"}],"event_choices":[{"damage_healed":23,"gold_gain":0,"player_choice":"Banana","damage_taken":0,"max_hp_gain":0,"max_hp_loss":0,"event_name":"Big Fish","floor":2,"gold_loss":0},{"cards_removed":["Strike_MRS"],"damage_healed":0,"gold_gain":0,"player_choice":"Card Removal","damage_taken":0,"max_hp_gain":0,"max_hp_loss":0,"event_name":"The Cleric","floor":3,"gold_loss":75},{"damage_healed":0,"gold_gain":0,"player_choice":"Entered Light","damage_taken":21,"max_hp_gain":0,"max_hp_loss":0,"event_name":"Shining Light","floor":5,"gold_loss":0,"cards_upgraded":["NonDirectionalLaser","Defend_MRS"]}],"is_beta":false,"boss_relics":[],"items_purged_floors":[],"is_endless":false,"potions_floor_spawned":[10,12],"killed_by":"Slime Boss","ascension_level":15}}