{"host":"sabve5zmqufxyc5o","time":1608873436,"event":{"mods":["2.2 Compatiblity","AchievementEnabler","Act Like it!","BaseMod","Block Reminder","Colored Map","Colored Powertips","DeckTracker","KOR Keyword Fix","Keyboard Shortcuts","Minty Spire (QoL Compilation)","Quick Restart","Rare Cards Sparkle","Relic Stats","StSLib","SuperFastMode"],"gold_per_floor":[110,128,144,163,180,180,212,212,212,225,225,225,257,268,268,268,268],"floor_reached":16,"playtime":325,"items_purged":[],"score":228,"play_id":"2a786a49-f2c2-4018-9fa6-d693127ebff2","local_time":"20201225141716","is_ascension_mode":true,"campfire_choices":[{"floor":6.0,"key":"REST"},{"floor":8.0,"key":"REST"},{"data":"Hologram","floor":11.0,"key":"SMITH"},{"data":"Go for the Eyes","floor":15,"key":"SMITH"}],"circlet_count":0,"master_deck":["AscendersBane","Strike_B","Strike_B","Strike_B","Strike_B","Defend_B","Defend_B","Defend_B","Defend_B","Zap","Dualcast","Ball Lightning","Undo","Beam Cell","Cold Snap","Genetic Algorithm","Electrodynamics","Cold Snap","Hologram+1","Go for the Eyes+1","Compile Driver"],"relics":["Cracked Core","Darkstone Periapt","White Beast Statue"],"acts_visited":["Exordium"],"potions_floor_usage":[16,16],"damage_taken":[{"damage":1.0,"enemies":"Cultist","floor":1.0,"turns":3.0},{"damage":9.0,"enemies":"Jaw Worm","floor":2.0,"turns":3.0},{"damage":0.0,"enemies":"2 Louse","floor":3.0,"turns":3.0},{"damage":8.0,"enemies":"Lots of Slimes","floor":4.0,"turns":3.0},{"damage":3.0,"enemies":"Exordium Wildlife","floor":5.0,"turns":3.0},{"damage":16.0,"enemies":"Lagavulin","floor":7.0,"turns":6.0},{"damage":15.0,"enemies":"3 Louse","floor":10.0,"turns":2.0},{"damage":17.0,"enemies":"3 Sentries","floor":13.0,"turns":6.0},{"damage":2,"enemies":"Blue Slaver","floor":14,"turns":5},{"damage":38,"enemies":"Hexaghost","floor":16,"turns":11}],"seed_played":"380765929837986033","potions_obtained":[{"floor":3.0,"key":"BlessingOfTheForge"},{"floor":5.0,"key":"BlessingOfTheForge"},{"floor":10.0,"key":"Dexterity Potion"}],"is_trial":false,"path_per_floor":["M","M","M","M","M","R","E","R","T","M","R","?","E","M","R","B"],"character_chosen":"DEFECT","items_purchased":[],"campfire_rested":2,"item_purchase_floors":[],"current_hp_per_floor":[63,54,54,46,43,64,48,69,69,54,54,54,37,35,35,0,0],"gold":268,"neow_bonus":"THREE_CARDS","is_daily":false,"chose_seed":false,"campfire_upgraded":2,"win_rate":0.0,"timestamp":1608873436,"path_taken":["M","M","M","M","M","R","E","R","T","M","R","?","E","M","R","BOSS"],"items_purchased_type":[],"build_version":"2020-12-22","purchased_purges":0,"victory":false,"max_hp_per_floor":[71,71,71,71,71,71,71,71,71,71,71,71,71,71,71,71,71],"relic_stats":{"Darkstone Periapt":0,"counters":[10,45],"obtain_stats":[{"Darkstone Periapt":7,"Cracked Core":0,"White Beast Statue":9},{"Darkstone Periapt":6,"Cracked Core":0,"White Beast Statue":6},{"Darkstone Periapt":21,"Cracked Core":0,"White Beast Statue":21}]},"card_choices":[{"not_picked":["Redo","Steam"],"picked":"Ball Lightning","floor":0.0},{"not_picked":["Hologram","Hello World"],"picked":"Undo","floor":1.0},{"not_picked":["Rebound","Compile Driver"],"picked":"Beam Cell","floor":2.0},{"not_picked":["Barrage","Hologram"],"picked":"Cold Snap","floor":3.0},{"not_picked":["Leap","Beam Cell"],"picked":"Genetic Algorithm","floor":4.0},{"not_picked":["Conserve Battery","Reprogram"],"picked":"Electrodynamics","floor":5.0},{"not_picked":["Heatsinks","Leap"],"picked":"Cold Snap","floor":7.0},{"not_picked":["Redo","Blizzard"],"picked":"Hologram","floor":10.0},{"not_picked":["Streamline","Redo"],"picked":"Go for the Eyes","floor":13},{"not_picked":["Conserve Battery","Streamline"],"picked":"Compile Driver","floor":14}],"player_experience":806481,"relics_obtained":[{"floor":7.0,"key":"Darkstone Periapt"},{"floor":9.0,"key":"White Beast Statue"}],"event_choices":[{"damage_healed":0.0,"max_hp_gain":0.0,"max_hp_loss":0.0,"gold_gain":0.0,"event_name":"Liars Game","player_choice":"Ignored","floor":12.0,"gold_loss":0.0,"damage_taken":0.0}],"is_beta":false,"boss_relics":[],"items_purged_floors":[],"is_endless":false,"potions_floor_spawned":[3,5,10,13,14],"killed_by":"Hexaghost","ascension_level":20}}