{"host":"n23juj4d9qam5hh1","time":1608868691,"event":{"mods":["BaseMod","Better Note","BetterRewards","Infinite Spire","Minty Spire (QoL Compilation)","Relic Stats","StSLib"],"gold_per_floor":[213,140,150,225,225,225,225,225,249,259,269,282,293,306,306,405,405,418,418,428,443,443,443],"floor_reached":22,"playtime":960,"items_purged":[],"score":198,"play_id":"87fd8965-51f0-433f-8a10-24b90a74ede7","local_time":"20201224225811","is_ascension_mode":true,"campfire_choices":[{"data":"Footwork","floor":6.0,"key":"SMITH"},{"floor":15.0,"key":"REST"}],"circlet_count":0,"master_deck":["Strike_G","Strike_G","Defend_G","Defend_G","Defend_G","Defend_G","Defend_G","Survivor","Neutralize","Poisoned Stab","Footwork+1","Bane+1","Caltrops","Noxious Fumes","Deadly Poison","All Out Attack","Die Die Die","Predator+1","Outmaneuver+1","Flechettes+1","Catalyst"],"relics":["Ring of the Snake","Bronze Scales","Astrolabe"],"acts_visited":["Exordium","TheCity"],"potions_floor_usage":[21,21,22],"damage_taken":[{"damage":1.0,"enemies":"Small Slimes","floor":1.0,"turns":4.0},{"damage":0.0,"enemies":"2 Louse","floor":3.0,"turns":4.0},{"damage":0.0,"enemies":"Jaw Worm","floor":10.0,"turns":5.0},{"damage":1.0,"enemies":"Exordium Wildlife","floor":11.0,"turns":4.0},{"damage":5.0,"enemies":"Blue Slaver","floor":12.0,"turns":4.0},{"damage":1.0,"enemies":"2 Fungi Beasts","floor":13.0,"turns":4.0},{"damage":2.0,"enemies":"3 Louse","floor":14.0,"turns":3.0},{"damage":20.0,"enemies":"Hexaghost","floor":16.0,"turns":9.0},{"damage":7.0,"enemies":"3 Byrds","floor":18.0,"turns":3.0},{"damage":1.0,"enemies":"Chosen","floor":20.0,"turns":4.0},{"damage":16,"enemies":"Snake Plant","floor":21,"turns":3},{"damage":49,"enemies":"Centurion and Healer","floor":22,"turns":6}],"seed_played":"-2454029505893448841","potions_obtained":[{"floor":1.0,"key":"CunningPotion"},{"floor":3.0,"key":"LiquidBronze"},{"floor":12.0,"key":"Explosive Potion"},{"floor":14.0,"key":"DuplicationPotion"},{"floor":21,"key":"EssenceOfSteel"}],"is_trial":false,"path_per_floor":["M","$","M","?","$","R","?","?","T","M","M","M","M","M","R","B",null,"M","?","M","M","M"],"character_chosen":"THE_SILENT","items_purchased":["Footwork"],"campfire_rested":1,"item_purchase_floors":[2],"current_hp_per_floor":[69,69,69,58,58,58,58,58,58,58,57,52,51,49,70,50,70,63,63,62,46,0,0],"gold":443,"neow_bonus":"HUNDRED_GOLD","is_daily":false,"chose_seed":false,"campfire_upgraded":1,"win_rate":0.0,"timestamp":1608868691,"path_taken":["M","$","M","?","$","R","?","?","T","M","M","?","M","M","R","BOSS","M","?","M","M","M"],"items_purchased_type":["Card"],"build_version":"2020-12-22","purchased_purges":0,"victory":false,"max_hp_per_floor":[70,70,70,70,70,70,70,70,70,70,70,70,70,70,70,70,70,70,70,70,70,70,70],"relic_stats":{"counters":[12,53],"Bronze Scales":[135],"Astrolabe":["Predator","Outmaneuver","Flechettes"],"obtain_stats":[{"Bronze Scales":9,"Astrolabe":17,"Ring of the Snake":0},{"Bronze Scales":2,"Astrolabe":8,"Ring of the Snake":0},{"Bronze Scales":8,"Astrolabe":37,"Ring of the Snake":0}],"Ring of the Snake":[24]},"card_choices":[{"not_picked":["Heel Hook","Blade Dance"],"picked":"Poisoned Stab","floor":1.0},{"not_picked":["Dodge and Roll","PiercingWail"],"picked":"Bane","floor":3.0},{"not_picked":["Cloak And Dagger","Quick Slash"],"picked":"Caltrops","floor":10.0},{"not_picked":["Accuracy","Well Laid Plans"],"picked":"Noxious Fumes","floor":11.0},{"not_picked":["Dodge and Roll","Skewer"],"picked":"Deadly Poison","floor":12.0},{"not_picked":["Slice","Calculated Gamble"],"picked":"All Out Attack","floor":13.0},{"not_picked":["Finisher","Heel Hook","Infinite Blades"],"picked":"SKIP","floor":14.0},{"not_picked":["Malaise","Envenom"],"picked":"Die Die Die","floor":16.0},{"not_picked":["Tactician","Poisoned Stab","Sucker Punch"],"picked":"SKIP","floor":18.0},{"not_picked":["Underhanded Strike","Dagger Spray+1","Slice+1"],"picked":"SKIP","floor":20.0},{"not_picked":["Flying Knee+1","Deflect"],"picked":"Catalyst","floor":21}],"player_experience":207457,"relics_obtained":[{"floor":9.0,"key":"Bronze Scales"}],"event_choices":[{"damage_healed":0.0,"max_hp_gain":0.0,"max_hp_loss":0.0,"gold_gain":75.0,"event_name":"World of Goop","player_choice":"Gather Gold","floor":4.0,"gold_loss":0.0,"damage_taken":11.0},{"damage_healed":0.0,"max_hp_gain":0.0,"max_hp_loss":0.0,"gold_gain":0.0,"event_name":"Living Wall","player_choice":"Grow","floor":7.0,"gold_loss":0.0,"damage_taken":0.0,"cards_upgraded":["Bane"]},{"damage_healed":0.0,"max_hp_gain":0.0,"max_hp_loss":0.0,"gold_gain":0.0,"event_name":"Liars Game","player_choice":"Ignored","floor":8.0,"gold_loss":0.0,"damage_taken":0.0},{"damage_healed":0.0,"max_hp_gain":0.0,"max_hp_loss":0.0,"gold_gain":0.0,"event_name":"Vampires","player_choice":"Ignored","floor":19.0,"gold_loss":0.0,"damage_taken":0.0}],"is_beta":false,"boss_relics":[{"not_picked":["Runic Dome","SlaversCollar"],"picked":"Astrolabe"}],"items_purged_floors":[],"is_endless":false,"potions_floor_spawned":[1,3,12,14,21],"killed_by":"Centurion and Healer","ascension_level":2}}