{"host":"6z6y4ky8uzsz1dpj","time":1608908920,"event":{"mods":["AchievementEnabler","BaseMod","BetterRewards","Challenge The Spire","Colored Map","Downfall","Hubris","Minty Spire (QoL Compilation)","Quick Restart","StSLib"],"gold_per_floor":[99,110,129,146,164,194,194,226,226,240,72,172,236,267,281,381,381,381,401,471,482,497,522,575,607,622,672,672,354,354,354,354],"floor_reached":30,"playtime":1555,"items_purged":[],"score":360,"play_id":"82360c32-626b-4408-b9f5-c0b04b7683ca","local_time":"20201225100840","is_ascension_mode":true,"campfire_choices":[{"data":"Slimebound:AcidTongue","floor":1,"key":"SMITH"},{"data":"Slimebound:AcidTongue","floor":18,"key":"SMITH"},{"data":"Slimebound:SpikyOuterGoop","floor":28,"key":"SMITH"}],"circlet_count":0,"master_deck":["Slimebound:Strike_Slimebound","Slimebound:Strike_Slimebound","Slimebound:Tackle","Slimebound:Defend_Slimebound","Slimebound:Defend_Slimebound","Slimebound:Defend_Slimebound","Slimebound:Defend_Slimebound","Slimebound:Split","Slimebound:CorrosiveSpit","Slimebound:AcidTongue+1","Slimebound:MegaLick","Slimebound:SplitMire","Slimebound:AcidTongue","Slimebound:TongueLash","Slimebound:LeechingTouch","Slimebound:SpikyOuterGoop","Slimebound:HungryTackle","Slimebound:SpikyOuterGoop+1","Slimebound:MegaLick","Slimebound:MegaLick","Slimebound:SplitMire","Slimebound:AcidTongue+1","Slimebound:LivingWall","Slimebound:WasteNot","Slimebound:SplitMire","Slimebound:GoopSpray","Slimebound:ViciousTackle+1","Slimebound:SamplingLick","Slimebound:SamplingLick","Slimebound:LevelUp","Slimebound:ServeAndProtect","Slimebound:LeechingTouch","Slimebound:SlimeSlap","Slimebound:SlimeBarrage","Slimebound:SamplingLick"],"relics":["Slimebound:AbsorbEndCombat","hubris:CrystalStatue","Bird Faced Urn","Pocketwatch","downfall:CloakOfManyFaces","CultistMask","FaceOfCleric","NlothsMask","GremlinMask","SsserpentHead","Nunchaku","Sozu","Ice Cream","Prayer Wheel","Mummified Hand"],"acts_visited":["Exordium","TheCity"],"potions_floor_usage":[16],"damage_taken":[{"damage":4,"enemies":"Small Slimes","floor":2,"turns":5},{"damage":4,"enemies":"Cultist","floor":3,"turns":4},{"damage":10,"enemies":"2 Louse","floor":4,"turns":2},{"damage":14,"enemies":"Blue Slaver","floor":5,"turns":3},{"damage":24,"enemies":"Lagavulin","floor":6,"turns":7},{"damage":40,"enemies":"Gremlin Nob","floor":8,"turns":4},{"damage":19,"enemies":"Large Slime","floor":10,"turns":6},{"damage":9,"enemies":"downfall:FleeingMerchant","floor":11,"turns":4},{"damage":24,"enemies":"downfall:FaceTrader","floor":12,"turns":6},{"damage":10,"enemies":"Blue Slaver","floor":13,"turns":3},{"damage":38,"enemies":"3 Sentries","floor":14,"turns":5},{"damage":27,"enemies":"Exordium Thugs","floor":15,"turns":5},{"damage":43,"enemies":"downfall:Defect","floor":16,"turns":9},{"damage":24,"enemies":"Shell Parasite","floor":19,"turns":5},{"damage":27,"enemies":"Snecko","floor":20,"turns":5},{"damage":17,"enemies":"Snake Plant","floor":21,"turns":3},{"damage":14,"enemies":"Sentry and Sphere","floor":22,"turns":3},{"damage":66,"enemies":"Gremlin Leader","floor":23,"turns":6},{"damage":47,"enemies":"Book of Stabbing","floor":25,"turns":6},{"damage":41,"enemies":"Shelled Parasite and Fungi","floor":26,"turns":4},{"damage":12,"enemies":"downfall:FleeingMerchant","floor":29,"turns":4},{"damage":60,"enemies":"Slavers","floor":30,"turns":4}],"seed_played":"6191773297175097440","potions_obtained":[{"floor":2,"key":"Slimebound:SpawnSlimePotion"},{"floor":8,"key":"sneckomod:MuddlingPotion"},{"floor":12,"key":"Strength Potion"},{"floor":14,"key":"SkillPotion"}],"is_trial":false,"path_per_floor":["R","M","M","M","M","E","T","E","?","M","$","?","M","E","M","B",null,"R","M","M","M","M","E","T","E","M","?","R","$","E"],"character_chosen":"SLIMEBOUND","items_purchased":["Slimebound:SpikyOuterGoop","Slimebound:MegaLick","Mummified Hand","Slimebound:SamplingLick"],"campfire_rested":0,"item_purchase_floors":[11,11,29,29],"current_hp_per_floor":[60,60,60,60,58,48,48,26,26,33,44,52,61,54,56,46,64,64,63,61,61,64,41,41,35,23,23,23,40,0,0,0],"gold":354,"neow_bonus":"TRANSFORM_CARD","is_daily":false,"chose_seed":false,"campfire_upgraded":3,"win_rate":0.0,"timestamp":1608908920,"path_taken":["R","M","M","M","M","E","T","E","?","M","$","?","?","E","M","BOSS","R","M","?","M","M","E","T","E","M","?","R","$","E"],"items_purchased_type":["Card","Card","Relic","Card"],"build_version":"2020-12-22","purchased_purges":0,"victory":false,"max_hp_per_floor":[60,60,60,60,60,60,60,60,60,60,60,60,61,62,63,64,64,64,65,66,67,68,69,69,70,71,71,71,72,72,72,72],"card_choices":[{"not_picked":["Slimebound:Chomp","Slimebound:SlimeSpikes"],"picked":"Slimebound:MegaLick","floor":2},{"not_picked":["Slimebound:GoopTackle","Slimebound:PressTheAttack"],"picked":"Slimebound:SplitMire","floor":3},{"not_picked":["Slimebound:BestDefense","Slimebound:ComboTackle","Slimebound:SplitAcid"],"picked":"SKIP","floor":4},{"not_picked":["Slimebound:SplitAcid","Slimebound:RollThrough"],"picked":"Slimebound:AcidTongue","floor":5},{"not_picked":["Slimebound:Repurpose","Slimebound:SplitSpecialist"],"picked":"Slimebound:TongueLash","floor":6},{"not_picked":["Slimebound:HungryTackle","Slimebound:ViciousTackle"],"picked":"Slimebound:LeechingTouch","floor":8},{"not_picked":["Slimebound:TongueLash","Slimebound:LeechingTouch"],"picked":"Slimebound:SpikyOuterGoop","floor":10},{"not_picked":["Slimebound:FlameTackle","Slimebound:Replication"],"picked":"Slimebound:HungryTackle","floor":11},{"not_picked":["Slimebound:DivideAndConquer","Slimebound:HauntingLick"],"picked":"Slimebound:MegaLick","floor":12},{"not_picked":["Slimebound:PrepareCrush","Slimebound:PressTheAttack"],"picked":"Slimebound:SplitMire","floor":13},{"not_picked":["Slimebound:ProtectTheBoss","Slimebound:ViciousTackle"],"picked":"Slimebound:AcidTongue","floor":14},{"not_picked":["Slimebound:LeechingTouch","Slimebound:ViciousTackle"],"picked":"Slimebound:LivingWall","floor":15},{"not_picked":["Slimebound:OozeBath","Slimebound:RallyTheTroops"],"picked":"Slimebound:WasteNot","floor":16},{"not_picked":["Slimebound:GoopTackle","Slimebound:LeechEnergy"],"picked":"Slimebound:SplitMire","floor":19},{"not_picked":["Slimebound:LeechEnergy","Slimebound:LeechingTouch"],"picked":"Slimebound:GoopSpray","floor":20},{"not_picked":["Slimebound:SlimeSpikes","Slimebound:RollThrough"],"picked":"Slimebound:ViciousTackle+1","floor":21},{"not_picked":["Slimebound:FinishingTackle","Slimebound:RollThrough"],"picked":"Slimebound:SamplingLick","floor":22},{"not_picked":["Slimebound:HauntingLick","Slimebound:RollThrough"],"picked":"Slimebound:SamplingLick","floor":23},{"not_picked":["Slimebound:ServeAndProtect+1","Slimebound:Nibble"],"picked":"Slimebound:LevelUp","floor":25},{"not_picked":["Slimebound:Replication","Slimebound:SlimeBarrage"],"picked":"Slimebound:ServeAndProtect","floor":26},{"not_picked":["Slimebound:SplitAcid","Slimebound:Replication"],"picked":"Slimebound:LeechingTouch","floor":26},{"not_picked":["Slimebound:SelfFormingGoo","Slimebound:SplitAcid+1"],"picked":"Slimebound:SlimeBarrage","floor":29}],"player_experience":201630,"relics_obtained":[{"floor":6,"key":"hubris:CrystalStatue"},{"floor":7,"key":"Bird Faced Urn"},{"floor":8,"key":"Pocketwatch"},{"floor":12,"key":"downfall:CloakOfManyFaces"},{"floor":14,"key":"Nunchaku"},{"floor":23,"key":"Ice Cream"},{"floor":25,"key":"Prayer Wheel"}],"event_choices":[],"is_beta":false,"boss_relics":[{"not_picked":["hubris:CrackedHourglass","hubris:RunicObelisk"],"picked":"Sozu"}],"items_purged_floors":[],"is_endless":false,"potions_floor_spawned":[2,8,12,14,15,19,21,26],"killed_by":"Slavers","ascension_level":1}}