{"host":"pjgcdp3h1plnbocs","time":1608910344,"event":{"mods":["AchievementEnabler","BaseMod","Colored Map","Highlight Path","Minty Spire (QoL Compilation)"],"gold_per_floor":[118,118,118,129,149,149,176,176,202,229,248,248,248,267,267,367,367,382,402,317,94,94,94,94],"floor_reached":23,"playtime":497,"items_purged":["Rip and Tear"],"score":336,"play_id":"f69cb772-3a75-40bf-9e26-04830ae14450","local_time":"20201225163224","is_ascension_mode":true,"campfire_choices":[{"data":"Dualcast","floor":6,"key":"SMITH"},{"data":"Creative AI","floor":8,"key":"SMITH"},{"data":"Leap","floor":12,"key":"SMITH"},{"floor":15,"key":"REST"}],"circlet_count":0,"master_deck":["Strike_B","Strike_B","Strike_B","Defend_B","Defend_B","Defend_B","Zap+1","Dualcast+1","Hello World","Beam Cell","Beam Cell","Creative AI+1","Leap+1","White Noise","All For One","Glacier"],"relics":["Cracked Core","FaceOfCleric","Juzu Bracelet","Pocketwatch","Philosopher\u0027s Stone","Dream Catcher","Runic Capacitor","Nilry\u0027s Codex"],"acts_visited":["Exordium","TheCity"],"potions_floor_usage":[10,11,23],"damage_taken":[{"damage":0,"enemies":"Cultist","floor":1,"turns":3},{"damage":0,"enemies":"Jaw Worm","floor":4,"turns":1},{"damage":0,"enemies":"Small Slimes","floor":5,"turns":1},{"damage":14,"enemies":"Lagavulin","floor":7,"turns":6},{"damage":18,"enemies":"3 Sentries","floor":10,"turns":4},{"damage":12,"enemies":"3 Louse","floor":11,"turns":3},{"damage":8,"enemies":"Blue Slaver","floor":14,"turns":3},{"damage":0,"enemies":"Slime Boss","floor":16,"turns":4},{"damage":12,"enemies":"Spheric Guardian","floor":18,"turns":3},{"damage":24,"enemies":"2 Thieves","floor":19,"turns":3},{"damage":20,"enemies":"Slavers","floor":23,"turns":1}],"seed_played":"-7703548371323251423","potions_obtained":[{"floor":4,"key":"Block Potion"},{"floor":5,"key":"Swift Potion"},{"floor":16,"key":"PotionOfCapacity"},{"floor":18,"key":"Dexterity Potion"},{"floor":19,"key":"Explosive Potion"}],"is_trial":false,"path_per_floor":["M","?","?","M","M","R","E","R","T","E","M","R","?","M","R","B",null,"M","M","?","$","?","E"],"character_chosen":"DEFECT","items_purchased":["Runic Capacitor"],"campfire_rested":1,"item_purchase_floors":[21],"current_hp_per_floor":[50,50,50,51,52,52,39,39,39,22,11,11,11,4,28,29,69,58,35,35,35,19,0,0],"gold":94,"neow_bonus":"TRANSFORM_TWO_CARDS","is_daily":false,"chose_seed":false,"campfire_upgraded":3,"win_rate":0.0,"timestamp":1608910344,"path_taken":["M","?","?","M","?","R","E","R","T","E","M","R","?","M","R","BOSS","M","M","?","$","?","E"],"items_purchased_type":["Relic"],"build_version":"2020-12-22","purchased_purges":1,"victory":false,"max_hp_per_floor":[75,75,75,76,77,77,78,78,78,79,80,80,80,81,81,82,82,83,84,84,84,84,84,84],"card_choices":[{"not_picked":["Streamline","Capacitor"],"picked":"Beam Cell","floor":1},{"not_picked":["Doom and Gloom","Streamline"],"picked":"Beam Cell","floor":4},{"not_picked":["Hologram","Blizzard","Coolheaded"],"picked":"SKIP","floor":5},{"not_picked":["Loop","Cold Snap"],"picked":"Creative AI","floor":7},{"not_picked":["Cold Snap","Hologram","Turbo"],"picked":"SKIP","floor":10},{"not_picked":["Sweeping Beam","Go for the Eyes"],"picked":"Leap","floor":11},{"not_picked":["Static Discharge","Biased Cognition"],"picked":"White Noise","floor":14},{"not_picked":["Rainbow","Reboot"],"picked":"All For One","floor":16},{"not_picked":["Stack","Conserve Battery","Double Energy"],"picked":"SKIP","floor":18},{"not_picked":["Hologram","Rebound+1"],"picked":"Glacier","floor":19}],"player_experience":146680,"relics_obtained":[{"floor":7,"key":"Juzu Bracelet"},{"floor":10,"key":"Pocketwatch"},{"floor":22,"key":"Nilry\u0027s Codex"}],"event_choices":[{"damage_healed":0,"gold_gain":0,"player_choice":"Grow","damage_taken":0,"max_hp_gain":0,"max_hp_loss":0,"event_name":"Living Wall","floor":2,"gold_loss":0,"cards_upgraded":["Zap"]},{"damage_healed":0,"gold_gain":0,"player_choice":"Trade","damage_taken":0,"relics_obtained":["FaceOfCleric"],"max_hp_gain":0,"max_hp_loss":0,"event_name":"FaceTrader","floor":3,"gold_loss":0},{"damage_healed":0,"gold_gain":0,"player_choice":"Ignored","damage_taken":0,"max_hp_gain":0,"max_hp_loss":0,"event_name":"Shining Light","floor":13,"gold_loss":0},{"damage_healed":0,"gold_gain":0,"player_choice":"Obtained Relic","damage_taken":0,"relics_obtained":["Dream Catcher"],"max_hp_gain":0,"max_hp_loss":0,"event_name":"Addict","floor":20,"gold_loss":85},{"damage_healed":0,"gold_gain":0,"player_choice":"Obtained Book","damage_taken":16,"max_hp_gain":0,"max_hp_loss":0,"event_name":"Cursed Tome","floor":22,"gold_loss":0}],"is_beta":false,"boss_relics":[{"not_picked":["SlaversCollar","Snecko Eye"],"picked":"Philosopher\u0027s Stone"}],"items_purged_floors":[21],"is_endless":false,"potions_floor_spawned":[4,5,16,18,19],"killed_by":"Slavers","ascension_level":7}}