{"host":"1zjc08c6hob33401","time":1608927306,"event":{"mods":["AchievementEnabler","Act Like it!","Aspiration","BaseMod","Downfall","Energized Spire","GifTheSpireLib","Hermit","Hubris","Infinite Spire","Jedi Mod","Jorbs\u0027s Wanderer Trilogy","Minty Spire (QoL Compilation)","Pale of the Ancients","Quick Restart","Replay The Spire","Retaliation","Shop Mod","StSLib","Stuff the Spire","Swap Starting Deck Mod","The Blue Laboratory","The Gatherer","The Runesmith","Wandering Minibosses","[IsaacMod]????"],"gold_per_floor":[99,109,125,145,157,257,326,344,344,28,28,42,58,43,55,153,153,153,238,255,272,272,287,287,301,320,320,334,359,209,221,233,332,332,332,349,363,379,379,392,441,441,491,505,505,520,520,520,520,520],"floor_reached":48,"playtime":3395,"items_purged":["Slimebound:Defend_Slimebound","Slimebound:Defend_Slimebound"],"score":479,"play_id":"56838eb5-fd7b-4c41-bf97-da9c531a8e0c","local_time":"20201225221506","is_ascension_mode":false,"campfire_choices":[{"data":"Slimebound:SplitSpecialist","floor":1.0,"key":"SMITH"},{"data":"Slimebound:OneTwoCombo","floor":11.0,"key":"SMITH"},{"floor":18.0,"key":"RECALL"},{"data":"Slimebound:DuplicatedForm","floor":30.0,"key":"SMITH"},{"data":"Slimebound:FormOfPuddle","floor":35.0,"key":"SMITH"},{"data":"Slimebound:Teamwork","floor":42.0,"key":"SMITH"},{"data":"Slimebound:Darklings","floor":45.0,"key":"SMITH"}],"circlet_count":0,"master_deck":["Slimebound:Strike_Slimebound","Slimebound:Strike_Slimebound","Slimebound:Tackle","Slimebound:Split","Slimebound:CorrosiveSpit","Slimebound:SplitSpecialist+1","Slimebound:GrowthPunch","Slimebound:Nibble","Slimebound:Chomp","Slimebound:SlimeTap","Slimebound:FlameTackle","Slimebound:ForwardTackle","Slimebound:OneTwoCombo+1","Slimebound:DuplicatedForm+1","Slimebound:Equalize","Slimebound:Teamwork+1","Slimebound:SplitMire","Slimebound:Darklings+1","Slimebound:SamplingLick","jedi:studypoison","Deflect","Predator","Slimebound:FormOfPuddle+1","Slimebound:FinishingTackle+1","Slimebound:Dissolve","Slimebound:LevelUp+1","Slimebound:Overexert","Slimebound:ComboTackle+1","Slimebound:Prepare+1","Slimebound:SlimeSpikes+1","Parasite","Slimebound:SplitAcid"],"relics":["Slimebound:AbsorbEndCombat","HushsDoor","DeadEye","Shuriken","ClockworkSouvenir","Busted Crown","Centennial Puzzle","Ornamental Fan","hubris:Spice","downfall:HeartBlessingRed","downfall:HeartBlessingGreen","StuffTheSpire:ModemDavis","Turnip","hubris:Towel"],"acts_visited":["Exordium","TheCity","TheBeyond"],"potions_floor_usage":[],"damage_taken":[{"damage":14.0,"enemies":"Jaw Worm","floor":2.0,"turns":3.0},{"damage":13.0,"enemies":"Small Slimes","floor":3.0,"turns":4.0},{"damage":12.0,"enemies":"Cultist","floor":4.0,"turns":2.0},{"damage":3.0,"enemies":"Exordium Wildlife","floor":5.0,"turns":2.0},{"damage":24.0,"enemies":"Large Slime","floor":8.0,"turns":4.0},{"damage":14.0,"enemies":"downfall:FleeingMerchant","floor":10.0,"turns":4.0},{"damage":14.0,"enemies":"Lots of Slimes","floor":12.0,"turns":2.0},{"damage":24.0,"enemies":"Exordium Thugs","floor":13.0,"turns":2.0},{"damage":23.0,"enemies":"downfall:FleeingMerchant","floor":14.0,"turns":4.0},{"damage":10.0,"enemies":"Exordium Wildlife","floor":15.0,"turns":2.0},{"damage":37.0,"enemies":"downfall:Defect","floor":16.0,"turns":4.0},{"damage":43.0,"enemies":"downfall:FleeingMerchant","floor":19.0,"turns":4.0},{"damage":27.0,"enemies":"3 Byrds","floor":20.0,"turns":3.0},{"damage":22.0,"enemies":"Spheric Guardian","floor":21.0,"turns":3.0},{"damage":12.0,"enemies":"Centurion and Healer","floor":23.0,"turns":4.0},{"damage":29.0,"enemies":"Snake Plant","floor":25.0,"turns":2.0},{"damage":10.0,"enemies":"Cultist and Chosen","floor":26.0,"turns":3.0},{"damage":22.0,"enemies":"Chosen and Byrds","floor":28.0,"turns":5.0},{"damage":31.0,"enemies":"Nightmare","floor":29.0,"turns":3.0},{"damage":19.0,"enemies":"Snake Plant","floor":31.0,"turns":2.0},{"damage":22.0,"enemies":"Centurion and Healer","floor":32.0,"turns":3.0},{"damage":11.0,"enemies":"downfall:Watcher","floor":33.0,"turns":4.0},{"damage":31.0,"enemies":"3 Darklings","floor":36.0,"turns":3.0},{"damage":31.0,"enemies":"3 Shapes","floor":37.0,"turns":3.0},{"damage":25.0,"enemies":"3 Darklings","floor":38.0,"turns":4.0},{"damage":42.0,"enemies":"4 Shapes","floor":40.0,"turns":4.0},{"damage":16.0,"enemies":"Mind Bloom Boss Battle","floor":43.0,"turns":2.0},{"damage":11.0,"enemies":"Writhing Mass","floor":44.0,"turns":3.0},{"damage":6.0,"enemies":"Spire Growth","floor":46.0,"turns":3.0},{"damage":84,"enemies":"Nightmare","floor":48,"turns":3}],"seed_played":"-6748473110120280224","potions_obtained":[{"floor":2.0,"key":"blueLaboratory:PhilterOfMotion"},{"floor":3.0,"key":"SteroidPotion"},{"floor":5.0,"key":"blueLaboratory:ExaltedPotion"},{"floor":12.0,"key":"blueLaboratory:FruitPunch"},{"floor":15.0,"key":"Guardian:BlockOnCardUsePotion"},{"floor":20.0,"key":"blueLaboratory:AbyssPotion"},{"floor":23.0,"key":"blueLaboratory:EnragingPotion"},{"floor":32.0,"key":"jedi:StrikingPotion"},{"floor":33.0,"key":"Strength Potion"},{"floor":36.0,"key":"Weak Potion"},{"floor":37.0,"key":"blueLaboratory:EmptyBottle"},{"floor":43.0,"key":"Energy Potion"}],"is_trial":false,"path_per_floor":["R","M","M","M","M","?","T","M","?","$","R","M","M","$","M","B",null,"R","$","M","M","?","M","T","M","M","$","M","NM","R","M","M","B",null,"R","M","M","M","AVR","M","T","R","?","M","R","M","?","NM"],"character_chosen":"SLIMEBOUND","items_purchased":["ClockworkSouvenir","Slimebound:OneTwoCombo","Centennial Puzzle"],"campfire_rested":0,"item_purchase_floors":[10,10,19],"current_hp_per_floor":[60,58,60,60,60,60,60,48,48,54,54,56,46,37,39,52,62,62,58,58,57,57,59,59,57,62,62,58,51,51,67,67,70,70,70,70,70,55,63,72,70,70,70,62,62,62,62,0,0,0],"gold":520,"neow_bonus":"THREE_CARDS","is_daily":false,"chose_seed":false,"campfire_upgraded":6,"win_rate":0.0,"timestamp":1608927306,"path_taken":["R","M","M","M","M","?","T","M","?","$","R","M","M","$","M","BOSS","R","$","M","M","?","M","T","M","?","?","M","NM","R","M","M","BOSS","R","M","M","M","AVR","M","T","R","?","?","R","M","?","NM"],"items_purchased_type":["Relic","Card","Relic"],"build_version":"2020-12-22","purchased_purges":2,"victory":false,"max_hp_per_floor":[60,60,60,60,60,60,60,60,60,60,60,60,62,62,62,62,62,62,62,62,62,62,62,62,62,62,62,62,70,70,70,70,70,70,70,70,70,70,78,78,70,70,70,62,62,62,62,62,62,62],"card_choices":[{"not_picked":[],"picked":"ChaosCard","floor":0.0},{"not_picked":["Slimebound:LeechEnergy","Slimebound:ViciousTackle"],"picked":"Slimebound:SplitSpecialist","floor":0.0},{"not_picked":["Slimebound:SplitBruiser","Slimebound:LeechingTouch"],"picked":"Slimebound:GrowthPunch","floor":2.0},{"not_picked":["Slimebound:ProtectTheBoss","Slimebound:PressTheAttack"],"picked":"Slimebound:Nibble","floor":3.0},{"not_picked":["Slimebound:Replication","Slimebound:SplitBruiser"],"picked":"Slimebound:Chomp","floor":4.0},{"not_picked":["Slimebound:LeechingTouch","Slimebound:SplitMire"],"picked":"Slimebound:SlimeTap","floor":5.0},{"not_picked":["Slimebound:ForwardTackle","Slimebound:RainOfGoop"],"picked":"Slimebound:FlameTackle","floor":8.0},{"not_picked":["Slimebound:RainOfGoop","Slimebound:Grow"],"picked":"Slimebound:ForwardTackle","floor":10.0},{"not_picked":["Slimebound:Grow","Slimebound:FirmFortitude"],"picked":"Slimebound:DuplicatedForm","floor":12.0},{"not_picked":["Slimebound:PressTheAttack","Slimebound:SlimeSpikes"],"picked":"Slimebound:Equalize","floor":13.0},{"not_picked":["Slimebound:Chomp","Slimebound:SplitMire"],"picked":"Slimebound:Teamwork","floor":14.0},{"not_picked":["Slimebound:RollThrough","Slimebound:SplitBruiser"],"picked":"Slimebound:SplitMire","floor":15.0},{"not_picked":["Slimebound:DouseInSlime","Slimebound:Teamwork"],"picked":"Slimebound:Darklings","floor":16.0},{"not_picked":["Slimebound:ViciousTackle"],"picked":"SKIP","floor":19.0},{"not_picked":[],"picked":"Slimebound:SamplingLick","floor":20.0},{"not_picked":["Slimebound:GoopSpray"],"picked":"SKIP","floor":21.0},{"not_picked":["Slimebound:FinishingTackle"],"picked":"SKIP","floor":23.0},{"not_picked":[],"picked":"Slimebound:FormOfPuddle","floor":25.0},{"not_picked":[],"picked":"Slimebound:FinishingTackle+1","floor":26.0},{"not_picked":["Slimebound:LeechEnergy"],"picked":"SKIP","floor":28.0},{"not_picked":[],"picked":"Slimebound:Dissolve","floor":29.0},{"not_picked":[],"picked":"Slimebound:LevelUp+1","floor":31.0},{"not_picked":["Slimebound:ComboTackle"],"picked":"SKIP","floor":32.0},{"not_picked":[],"picked":"Slimebound:Overexert","floor":33.0},{"not_picked":["Slimebound:RollThrough"],"picked":"SKIP","floor":36.0},{"not_picked":[],"picked":"Slimebound:ComboTackle+1","floor":37.0},{"not_picked":[],"picked":"Slimebound:Prepare+1","floor":38.0},{"not_picked":[],"picked":"Slimebound:SlimeSpikes+1","floor":40.0},{"not_picked":[],"picked":"hubris:SpiceAddiction","floor":44.0},{"not_picked":[],"picked":"Slimebound:SplitAcid","floor":46}],"player_experience":476594,"relics_obtained":[{"floor":7.0,"key":"Shuriken"},{"floor":24.0,"key":"Ornamental Fan"},{"floor":29.0,"key":"hubris:Spice"},{"floor":41.0,"key":"hubris:Spice"},{"floor":43.0,"key":"Turnip"}],"event_choices":[],"is_beta":false,"boss_relics":[{"not_picked":["Ring of Chaos","Replay:Wanted Poster"],"picked":"Busted Crown"},{"not_picked":[]},{"not_picked":["Replay:Grab Bag","hubris:CrackedHourglass"],"picked":"StuffTheSpire:ModemDavis"},{"not_picked":[]}],"items_purged_floors":[10,19],"is_endless":false,"potions_floor_spawned":[2,3,5,12,15,20,23,25,32,33,36,37,43],"killed_by":"Nightmare","ascension_level":0}}