{"host":"cfluht5kr2kfk9p9","time":1608922622,"event":{"mods":["ATMod(阿瑾Mod)","Act Like it!","BaseMod","Gensokyo","GungeonMod","Hallownest","Highlight Path","Minty Spire (QoL Compilation)","Quick Restart","Rare Cards Sparkle","Relic Stats","RumiaBox-露米娅的神秘盒子","Spicy Shops","StSLib","TestMod","The Alterego","【功能Mod】混沌之环修复补丁"],"gold_per_floor":[114,128,128,53,53,87,107,139,139,139,139,139,168,105,105,188,188,211,46,219,219,327,621,621,660,660,701,701,601,618,618,618,697,697,714,116,116,516,533,563,563,59,59,75,102,124,141,141,141,146,149,149,149,63,101,106],"floor_reached":57,"playtime":1473,"items_purged":["Strike_B","Defend_B","Creative AI","Decay"],"score":3539,"play_id":"73c940fc-971b-48dd-9979-a73312fbd0c5","local_time":"20201226025702","is_ascension_mode":true,"campfire_choices":[{"data":"Defragment","floor":12.0,"key":"SMITH"},{"data":"Dualcast","floor":15.0,"key":"SMITH"},{"floor":24,"key":"RECALL"},{"data":"Zap","floor":28,"key":"SMITH"},{"data":"Coolheaded","floor":32,"key":"SMITH"},{"data":"Buffer","floor":41,"key":"SMITH"},{"data":"AT_StudyProgram","floor":49,"key":"SMITH"},{"data":"Core Surge","floor":53,"key":"SMITH"}],"circlet_count":0,"master_deck":["AscendersBane","Zap+1","Dualcast+1","AT_StudyProgram+1","Rip and Tear+1","Electrodynamics+1","Coolheaded+1","Defragment+1","Fission+1","Turbo+1","Capacitor+1","AT_DarkMatter+1","Buffer+1","Core Surge+1","AT_ThreeBodyProblem","Cold Snap"],"relics":["AT_ATBox","Astrolabe","testmod-DeterminationOfClimber","AddBug","SecretRecord","SecretRecord","SecretRecord","SecretRecord","SecretRecord"],"acts_visited":["Exordium","Gensokyo:Gensokyo","Gensokyo:Gensokyoer","TheEnding"],"potions_floor_usage":[30],"damage_taken":[{"damage":0.0,"enemies":"Gensokyo:3_Fairies","floor":1.0,"turns":2.0},{"damage":2.0,"enemies":"Gensokyo:2_Kodama","floor":2.0,"turns":2.0},{"damage":0.0,"enemies":"Gensokyo:Mamizou","floor":6.0,"turns":4.0},{"damage":0.0,"enemies":"Gensokyo:Python","floor":7.0,"turns":2.0},{"damage":18.0,"enemies":"Gensokyo:Aya","floor":8.0,"turns":4.0},{"damage":0.0,"enemies":"Gensokyo:Cirno","floor":13.0,"turns":5.0},{"damage":0.0,"enemies":"Gensokyo:Reimu","floor":16.0,"turns":4.0},{"damage":0.0,"enemies":"Gensokyo:2_Gloops","floor":18.0,"turns":2.0},{"damage":0.0,"enemies":"Gensokyo:Chomper","floor":20.0,"turns":1.0},{"damage":0,"enemies":"Gensokyo:Chomper","floor":22,"turns":2},{"damage":0,"enemies":"Gensokyo:Koishi","floor":23,"turns":1},{"damage":0,"enemies":"Gensokyo:Tenshi","floor":25,"turns":1},{"damage":0,"enemies":"Gensokyo:Koishi","floor":27,"turns":1},{"damage":0,"enemies":"Gensokyo:Slime_Group","floor":30,"turns":1},{"damage":0,"enemies":"Gensokyo:Eternal_Rivals","floor":33,"turns":2},{"damage":0,"enemies":"Gensokyo:3_Bats","floor":35,"turns":1},{"damage":0,"enemies":"Gensokyo:AncientGuardian","floor":39,"turns":1},{"damage":0,"enemies":"Gensokyo:Kasen","floor":40,"turns":1},{"damage":0,"enemies":"Gensokyo:Sharpion","floor":44,"turns":1},{"damage":0,"enemies":"Gensokyo:Doremy","floor":45,"turns":1},{"damage":0,"enemies":"Gensokyo:SeedOfUnknown","floor":46,"turns":1},{"damage":0,"enemies":"Gensokyo:4_Bats","floor":47,"turns":1},{"damage":0,"enemies":"Gensokyo:Yuyuko","floor":50,"turns":1},{"damage":0,"enemies":"Gensokyo:Shinki","floor":51,"turns":3},{"damage":0,"enemies":"Shield and Spear","floor":55,"turns":1},{"damage":0,"enemies":"The Heart","floor":56,"turns":4}],"seed_played":"7563728327747265257","potions_obtained":[{"floor":2.0,"key":"FearPotion"},{"floor":18.0,"key":"PowerPotion"},{"floor":20.0,"key":"DistilledChaos"},{"floor":30,"key":"testmod-SpacePotion"},{"floor":39,"key":"GamblersBrew"},{"floor":40,"key":"Regen Potion"},{"floor":45,"key":"FocusPotion"}],"is_trial":false,"path_per_floor":["M","M","?","$","?","E","M","E","T","?","T","R","E","COS","R","B",null,"M","COS","M","?","?","E","R","E","T","E","R","$","M","?","R","B",null,"M","COS","?","?","M","E","R","$","T","M","E","M","M","?","R","B","B",null,"R","$","E","B",null],"character_chosen":"DEFECT","items_purchased":["Vajra","Lantern","AT_ThreeBodyProblem"],"campfire_rested":0,"item_purchase_floors":[42,42,54],"current_hp_per_floor":[66,65,65,65,65,68,70,55,55,55,55,55,58,58,58,65,70,71,71,71,71,71,71,71,71,71,71,71,71,71,71,71,71,71,71,71,71,71,71,71,71,71,71,71,71,71,71,71,71,71,71,71,71,71,71,71],"gold":106,"neow_bonus":"BOSS_RELIC","is_daily":false,"chose_seed":false,"campfire_upgraded":7,"win_rate":0.0,"timestamp":1608922622,"path_taken":["M","M","?","$","?","E","M","E","T","?","?","R","E","COS","R","BOSS","M","COS","M","?","?","E","R","E","T","E","R","?","M","?","R","BOSS","M","COS","?","?","M","E","R","$","T","M","E","M","M","?","R","BOSS","BOSS","R","$","E","BOSS"],"items_purchased_type":["Relic","Relic","Card"],"build_version":"2020-12-22","purchased_purges":4,"victory":true,"max_hp_per_floor":[71,71,71,71,71,71,71,71,71,71,71,71,71,71,71,71,71,71,71,71,71,71,71,71,71,71,71,71,71,71,71,71,71,71,71,71,71,71,71,71,71,71,71,71,71,71,71,71,71,71,71,71,71,71,71,71],"relic_stats":{"counters":[26,50],"Astrolabe":["Rip and Tear","Electrodynamics","Gash"],"obtain_stats":[{"testmod-TestBox":0,"AT_ATBox":0,"Astrolabe":0,"AddBug":1,"SecretRecord":1,"testmod-DeterminationOfClimber":0,"Cracked Core":0},{"testmod-TestBox":0,"AT_ATBox":0,"Astrolabe":0,"AddBug":1,"SecretRecord":1,"testmod-DeterminationOfClimber":0,"Cracked Core":0},{"testmod-TestBox":0,"AT_ATBox":0,"Astrolabe":0,"AddBug":2,"SecretRecord":2,"testmod-DeterminationOfClimber":0,"Cracked Core":0}]},"card_choices":[{"not_picked":["Coolheaded","Barrage","Streamline"],"picked":"SKIP","floor":1.0},{"not_picked":["Redo","Rebound"],"picked":"Coolheaded","floor":2.0},{"not_picked":["Self Repair","Hello World"],"picked":"Cold Snap","floor":6.0},{"not_picked":["Rip and Tear","Conserve Battery","Coolheaded"],"picked":"SKIP","floor":7.0},{"not_picked":["Turbo","Reprogram"],"picked":"Defragment","floor":8.0},{"not_picked":["Barrage","Rebound","Chaos"],"picked":"SKIP","floor":13.0},{"not_picked":["All For One+1","Machine Learning+1"],"picked":"Fission+1","floor":16.0},{"not_picked":["Hologram","Barrage+1"],"picked":"Storm","floor":18.0},{"not_picked":["Machine Learning","AT_EMC2"],"picked":"Turbo+1","floor":20.0},{"not_picked":["Go for the Eyes","Ball Lightning"],"picked":"Creative AI","floor":23},{"not_picked":["Rebound","Loop"],"picked":"Capacitor+1","floor":25},{"not_picked":["Amplify","Reprogram","AT_HeatAcrobatics"],"picked":"SKIP","floor":27},{"not_picked":["Rebound","Barrage"],"picked":"AT_DarkMatter+1","floor":30},{"not_picked":["Amplify","Seek"],"picked":"Buffer","floor":33},{"not_picked":["BootSequence","Turbo","Conserve Battery+1"],"picked":"SKIP","floor":35},{"not_picked":["Leap+1","Biased Cognition","Coolheaded+1"],"picked":"SKIP","floor":39},{"not_picked":["AT_HeatAcrobatics","Leap","Beam Cell"],"picked":"SKIP","floor":40},{"not_picked":["AT_WarpDrive","Stack+1","Conserve Battery+1"],"picked":"SKIP","floor":44},{"not_picked":["Aggregate+1","AT_DarkMatter+1"],"picked":"Core Surge","floor":45},{"not_picked":["Stack","Genetic Algorithm","Streamline"],"picked":"SKIP","floor":46},{"not_picked":["Multi-Cast","Hologram","Stack"],"picked":"SKIP","floor":47},{"not_picked":["Melter","AT_HeatAcrobatics"],"picked":"Cold Snap","floor":55}],"player_experience":34118,"relics_obtained":[{"floor":1.0,"key":"AddBug"},{"floor":6.0,"key":"Happy Flower"},{"floor":8.0,"key":"Bottled Flame"},{"floor":11.0,"key":"DemoMod:ChaffGrenade"},{"floor":13.0,"key":"Sundial"},{"floor":16.0,"key":"SecretRecord"},{"floor":22,"key":"DemoMod:Antibody"},{"floor":22,"key":"Ginger"},{"floor":23,"key":"SecretRecord"},{"floor":23,"key":"DemoMod:GreenGuonStone"},{"floor":25,"key":"testmod-BalancedPeriapt"},{"floor":26,"key":"Blue Candle"},{"floor":27,"key":"SecretRecord"},{"floor":27,"key":"Torii"},{"floor":39,"key":"SecretRecord"},{"floor":40,"key":"Cables"},{"floor":43,"key":"Akabeko"},{"floor":44,"key":"SecretRecord"},{"floor":45,"key":"DemoMod:PartiallyEatenCheese"},{"floor":55,"key":"MagicDraw1"}],"event_choices":[{"damage_healed":0,"gold_gain":400,"player_choice":"Sell","damage_taken":0,"max_hp_gain":0,"max_hp_loss":0,"event_name":"恩洛斯的盘子","floor":38,"relics_lost":["testmod-TestBox"],"gold_loss":0}],"is_beta":false,"boss_relics":[{"not_picked":["Runic Dome","SacredBark"],"picked":"Sozu"},{"not_picked":["AT_MortalBlade","Tiny House"],"picked":"testmod-BatchProcessingSystem"}],"items_purged_floors":[4,29,42,42],"is_endless":false,"potions_floor_spawned":[2,18,20,25,30,39,40,45,47],"ascension_level":20}}