{"host":"ejwrda5cjllq8zfn","time":1608926643,"event":{"mods":["2.2 Compatiblity","Act Like it!","Astrologer","Bard","BaseMod","Challenge The Spire","Colored Map","Colored Powertips","Defuse TimeMaze Blight","Energized Spire","Gensokyo","Hermit","Highlight Path","Hubris","Infinite Spire","Jorbs\u0027s Wanderer Trilogy","Lobotomy","Mad Scientist","Marisa????????","Minty Spire (QoL Compilation)","Random Character Button","Replay The Spire","Somnambulant","StSLib","SuperFastMode","The Bladedancer","The Cursed","The Disciple","The Florist","The Gatherer","The Hayseed","The Hierophant","The Juggle","The Jungle","The Mystic","The Necromancer","The Poker Player","The Problem Sleuth","The Spell Scribe","The Valiant","TheFirefly","Unceasing Turn Reminder","vexMod"],"gold_per_floor":[109,109,26785,26785,26785,26785,26812,26831,26854,26866,26881,26911,26930,26456,26456,26558,26558,26575,26575,26575,26587,26687,26687,26699,26699,26699,26709,26709,26723,26723,26723,26723,26823,26823,26834,26348,26104,26124,26124,26124,26155,26155,26155,26155,26035,26035,26052,26079,26079,26079],"floor_reached":51,"playtime":2341,"items_purged":["hubris:Insight","Gatherer:Centralize","Gatherer:Enchant+1"],"score":906,"play_id":"cecaea39-f460-4f8d-9539-f3032eb19028","local_time":"20201225210403","is_ascension_mode":false,"metric_token":2769,"campfire_choices":[{"data":"Gatherer:FlowerWhip+1","floor":6.0,"key":"SMITH"},{"data":"Gatherer:FlowerWhip+2","floor":23.0,"key":"SMITH"},{"data":"Gatherer:RecoveryHerb","floor":25.0,"key":"SMITH"},{"data":"Gensokyo:FourOfAKind","floor":32.0,"key":"SMITH"},{"data":"ReplayTheSpireMod:Faulty Equipment","floor":40.0,"key":"SMITH"},{"data":"ReplayTheSpireMod:Faulty Equipment","floor":46,"key":"SMITH"},{"floor":49,"key":"REST"}],"circlet_count":0,"master_deck":["Gatherer:Strike_Gatherer","Gatherer:Strike_Gatherer","Gatherer:Strike_Gatherer","Gatherer:Strike_Gatherer","Gatherer:Strike_Gatherer","Gatherer:Defend_Gatherer","Gatherer:Defend_Gatherer","Gatherer:Defend_Gatherer","Gatherer:Defend_Gatherer","Gatherer:Defend_Gatherer","Gatherer:FlowerWhip+3","Gatherer:QuickSynthesis","Gatherer:BambuSword","Gatherer:PoisonMastery+1","Gatherer:PoisonMastery+1","Replay:Dark Deal+1","Gatherer:FinishingStrike","Gatherer:MindSearch+1","Gatherer:RecoveryHerb+1","Gensokyo:FourOfAKind+1","Gensokyo:FourOfAKind+1","Gensokyo:FourOfAKind","Gensokyo:FourOfAKind","Injury","Gensokyo:CustomPotion"],"relics":["Gatherer:AlchemyBag","Mango","hubris:EmptyBottle","Replay:Baseball","hubris:ToyBattleship","Garlic","Guide Book","DollysMirror","ReplayTheSpireMod:ShopPack","vexMod:MegatonBomb","Oddly Smooth Stone","hubris:FunFungus","Unceasing Top","Pet Ghost","vexMod:RedPlottingStone","Replay:Ancient Bell","vexMod:FocusSash","vexMod:InvisibilityCloak","Gatherer:Leftovers","Medical Kit","vexMod:Spyglass","vexMod:GhostlyGear","vexMod:PaidLearning","hubris:Metronome","hubris:MysteriousPyramids","Happy Flower","Gensokyo:DualWield","Blue Doll"],"acts_visited":["Gensokyo:Gensokyo","Gensokyo:Gensokyoer","Gensokyo:Gensokyoest"],"potions_floor_usage":[],"damage_taken":[{"damage":3.0,"enemies":"Gensokyo:2_Kodama","floor":1.0,"turns":4.0},{"damage":9.0,"enemies":"Gensokyo:Cirno","floor":7.0,"turns":5.0},{"damage":0.0,"enemies":"Gensokyo:Gryphon","floor":8.0,"turns":2.0},{"damage":6.0,"enemies":"Gensokyo:Python","floor":10.0,"turns":3.0},{"damage":0.0,"enemies":"Gensokyo:Kitsune","floor":11.0,"turns":3.0},{"damage":6.0,"enemies":"Gensokyo:Aya","floor":12.0,"turns":3.0},{"damage":1.0,"enemies":"Gensokyo:2_Rabbits","floor":13.0,"turns":3.0},{"damage":16.0,"enemies":"Gensokyo:Kokoro","floor":16.0,"turns":9.0},{"damage":0.0,"enemies":"Gensokyo:AngelMirror","floor":18.0,"turns":1.0},{"damage":6.0,"enemies":"Gensokyo:3_Dogs","floor":21.0,"turns":5.0},{"damage":2.0,"enemies":"Gensokyo:3_Dogs","floor":22.0,"turns":3.0},{"damage":2.0,"enemies":"Gensokyo:Wraith","floor":24.0,"turns":3.0},{"damage":29.0,"enemies":"Gensokyo:Slime_Group","floor":27.0,"turns":4.0},{"damage":4.0,"enemies":"Gensokyo:Swordslinger","floor":29.0,"turns":2.0},{"damage":22.0,"enemies":"Gensokyo:Eternal_Rivals","floor":33.0,"turns":3.0},{"damage":24.0,"enemies":"Gensokyo:3_Bats","floor":35.0,"turns":5.0},{"damage":17.0,"enemies":"Gensokyo:3_Boulders","floor":38.0,"turns":7.0},{"damage":0.0,"enemies":"Gensokyo:Doremy","floor":41.0,"turns":4.0},{"damage":12,"enemies":"Gensokyo:Dusk_and_Dawn","floor":47,"turns":3},{"damage":41,"enemies":"Gensokyo:Scarlet_Devils","floor":50,"turns":6}],"seed_played":"-2381023046352135697","potions_obtained":[{"floor":1.0,"key":"Explosive Potion"},{"floor":10.0,"key":"Adrenaline Potion"},{"floor":11.0,"key":"AttackPotion"},{"floor":12.0,"key":"Energy Potion"},{"floor":22.0,"key":"Dexterity Potion"},{"floor":27.0,"key":"Poison Potion"},{"floor":29.0,"key":"CultistPotion"},{"floor":33.0,"key":"Dexterity Potion"},{"floor":38.0,"key":"Dexterity Potion"}],"is_trial":false,"path_per_floor":["M","?","$","?","?","R","E","M","T","M","M","E","M","COS","R_BF","B",null,"M","?","?","M","?","R","M","R","T","M","AVR","M","T","?","R","B",null,"M","COS","$","M","T","R","E","?","T","?","?","R","M","T","R","B",null],"character_chosen":"THE_GATHERER","items_purchased":["hubris:EmptyBottle","SkillPotion","PowerPotion","vexMod:PaidLearning"],"campfire_rested":1,"item_purchase_floors":[3,3,3,37],"current_hp_per_floor":[69,62,62,62,62,62,53,53,53,47,47,41,40,40,65,49,86,86,80,80,74,72,72,71,71,71,44,44,40,40,40,40,18,56,36,36,36,21,21,21,25,25,25,25,25,25,18,18,34,1],"gold":26079,"neow_bonus":"RANDOM_COLORLESS","is_daily":false,"chose_seed":false,"campfire_upgraded":6,"win_rate":0.0,"timestamp":1608926643,"path_taken":["M","?","$","?","?","R","E","M","T","M","M","E","M","COS","R_BF","BOSS","M","?","?","?","?","R","M","R","T","M","AVR","M","?","?","R","BOSS","M","COS","?","M","?","R","E","?","T","?","?","R","M","?","R","BOSS"],"items_purchased_type":["Relic","Potion","Potion","Relic"],"build_version":"2020-12-22","purchased_purges":3,"victory":true,"max_hp_per_floor":[72,86,86,86,86,86,86,86,86,86,86,86,86,86,86,86,86,86,80,80,80,80,80,80,80,80,80,80,80,80,56,56,56,56,56,56,56,56,56,56,56,56,56,56,56,56,56,56,56,56],"card_choices":[{"not_picked":["Panacea","Survey Options"],"picked":"hubris:Insight","floor":0.0},{"not_picked":["Gatherer:Liquidism","Gatherer:BigPouch","Gatherer:UpgradeBag"],"picked":"SKIP","floor":1.0},{"not_picked":["Gatherer:AromaProtection","Gatherer:SaveValuables"],"picked":"Gatherer:QuickSynthesis","floor":7.0},{"not_picked":["Gatherer:ScentOfRosmari","Gatherer:ScherryThrow","Gatherer:TreeGrowth"],"picked":"SKIP","floor":8.0},{"not_picked":["Gatherer:SealedBomb","Gatherer:ScherryThrow"],"picked":"Gatherer:BambuSword","floor":10.0},{"not_picked":["Gatherer:Liquidism","Gatherer:Convert"],"picked":"Gatherer:Enchant","floor":11.0},{"not_picked":["Gatherer:AlchemyTrial","Gatherer:Duality","Gatherer:MiningStrike"],"picked":"SKIP","floor":12.0},{"not_picked":["Gatherer:QuickSynthesis","Gatherer:AromaProtection"],"picked":"Gatherer:PoisonMastery","floor":13.0},{"not_picked":["Secret Technique","Crow Ritual"],"picked":"Replay:Dark Deal","floor":14.0},{"not_picked":["Gatherer:BlackTea","Gatherer:Examine"],"picked":"Gatherer:FinishingStrike","floor":16.0},{"not_picked":["Gatherer:Overflowing+1","Gatherer:HeartToFruit+1"],"picked":"Gatherer:MindSearch+1","floor":16.0},{"not_picked":["Gatherer:DrugPower","Gatherer:TreeGrowth","Gatherer:ScrollOfWall"],"picked":"SKIP","floor":18.0},{"not_picked":["Gatherer:RecipeChange","Gatherer:FlowerShield","Gatherer:CarefulStrike+1"],"picked":"SKIP","floor":21.0},{"not_picked":["Gatherer:GatherMaterial","Gatherer:TreeGrowth"],"picked":"Gatherer:RecoveryHerb","floor":24.0},{"not_picked":["Gatherer:FruitForce","Gatherer:WoolGloves","Gatherer:CursedBlade"],"picked":"SKIP","floor":27.0},{"not_picked":["Gatherer:EnergyBasket","Gatherer:ScentOfRosmari","Gatherer:FlowerFalling+1"],"picked":"SKIP","floor":29.0},{"not_picked":["Regret","Parasite"],"picked":"Injury","floor":34.0},{"not_picked":["Spreading Infection","hubris:Despair"],"picked":"ReplayTheSpireMod:Faulty Equipment","floor":34.0},{"not_picked":["Overencumbered","hubris:Envy"],"picked":"ReplayTheSpireMod:Faulty Equipment","floor":34.0},{"not_picked":["Gatherer:FlowerFalling","Gatherer:PotentialSlash","Gatherer:GatherMaterial"],"picked":"SKIP","floor":35.0},{"not_picked":["Gatherer:TreeGrowth+1","Gatherer:FlowerPower+2","Gatherer:ScherryThrow+1"],"picked":"SKIP","floor":38.0},{"not_picked":["Gatherer:Snatch","Gatherer:FragileHammer+1","Gatherer:AcidicSpray"],"picked":"SKIP","floor":38.0},{"not_picked":["Gatherer:BomberForm","Gatherer:ScherryThrow+1","Gatherer:FlowerBeam"],"picked":"SKIP","floor":41.0},{"not_picked":["Gatherer:Nutrients+1","Gatherer:FlowerShield+1","Gatherer:AcidicSpray"],"picked":"SKIP","floor":47}],"player_experience":196664,"relics_obtained":[{"floor":7.0,"key":"Replay:Baseball"},{"floor":9.0,"key":"hubris:ToyBattleship"},{"floor":12.0,"key":"Garlic"},{"floor":22.0,"key":"hubris:FunFungus"},{"floor":22.0,"key":"Unceasing Top"},{"floor":26.0,"key":"Pet Ghost"},{"floor":30.0,"key":"vexMod:RedPlottingStone"},{"floor":39.0,"key":"hubris:Metronome"},{"floor":41.0,"key":"hubris:MysteriousPyramids"},{"floor":43.0,"key":"Happy Flower"},{"floor":48,"key":"Blue Doll"}],"event_choices":[],"is_beta":false,"boss_relics":[{"not_picked":["Snecko Eye","hubris:RunicObelisk"],"picked":"vexMod:MegatonBomb"},{"not_picked":["Coffee Dripper","energizedSpire:OgreHead"],"picked":"Replay:Ancient Bell"},{"not_picked":["infinitespire:PuzzleCube","Centennial Puzzle"],"picked":"vexMod:FocusSash"},{"not_picked":["vexMod:ScavengeHelm","Huge Egg"],"picked":"vexMod:InvisibilityCloak"},{"not_picked":["infinitespire:Golems Mask","Replay:PocketPolymizer"],"picked":"Gatherer:Leftovers"}],"items_purged_floors":[3,28,37],"is_endless":false,"potions_floor_spawned":[1,10,11,12,18,22,27,29,33,35,38],"ascension_level":0}}