{"host":"cz3p2o9n3b1gdmkz","time":1608903271,"event":{"mods":["AchievementEnabler","BaseMod","CapriCore","GungeonMod","Hermit","Lobotomy","Minty Spire (QoL Compilation)","Replay The Spire","Shop Mod","StSLib","SuperFastMode","The Cursed","The Dragon Tamer","The Gatherer","The Jungle","The Poker Player","The Runesmith"],"gold_per_floor":[112,36,55,155,168,168,181,200,223,68,68,83,107,121,121,226,226,246,73,73,89,89,89,99,112,137,165,165,175,185,185,185,282,282,295,295,295,45,45,76,76,96,96,116,142,162,179,103,103,103,103],"floor_reached":52,"playtime":3791,"items_purged":["Gatherer:Strike_Gatherer","Gatherer:Defend_Gatherer","Gatherer:Strike_Gatherer"],"score":1236,"play_id":"10a82afd-a9d0-41eb-abf0-a5b13780ca94","local_time":"20201225223430","is_ascension_mode":true,"metric_token":1117,"campfire_choices":[{"data":"Gatherer:Centralize","floor":6.0,"key":"SMITH"},{"floor":15,"key":"REST"},{"data":"Gatherer:FlowerPower+1","floor":23,"key":"SMITH"},{"data":"Gatherer:FlowerPower+2","floor":28,"key":"SMITH"},{"floor":32,"key":"REST"},{"data":"Gatherer:ScrollOfPurity","floor":41,"key":"SMITH"},{"floor":49,"key":"REST"}],"circlet_count":0,"master_deck":["Gatherer:Strike_Gatherer","Gatherer:Strike_Gatherer","Gatherer:Strike_Gatherer","Gatherer:Defend_Gatherer","Gatherer:Defend_Gatherer","Gatherer:Defend_Gatherer","Gatherer:Centralize+1","Gatherer:FlowerWhip","Gatherer:GlowingPlant","Gatherer:Shadow","Gatherer:Light","Gatherer:BigPouch","Gatherer:GlowingPlant","Gatherer:Shadow","Gatherer:Light","Gatherer:FlowerPower+3","Gatherer:BomberForm+1","Gatherer:AlchemyTrial+1","Gatherer:GlowingPlant","Gatherer:Shadow","Gatherer:Light","Gatherer:AlchemyTrial+1","Gatherer:ScrollOfPurity+1","Gatherer:StoneFence+1","Gatherer:StoneFence+1","Madness","Madness","Gatherer:AlchemyTrial+1","Gatherer:BomberForm+1","Gatherer:EnergyBasket+1","Gatherer:Liquidism+1"],"relics":["Gatherer:AlchemyBag","MealTicket","Frozen Egg 2","Prayer Wheel","Replay:Bronze Core","Omamori","Art of War","Ring of Fury","Runic Pyramid","Snack Pack","ReplayTheSpireMod:Ninjato","InkBottle"],"acts_visited":["Exordium","TheCity","TheBeyond"],"potions_floor_usage":[27,33,40,44,44,45,45,50,50,50],"damage_taken":[{"damage":0.0,"enemies":"Cultist","floor":1.0,"turns":3.0},{"damage":0.0,"enemies":"2 Louse","floor":3.0,"turns":2.0},{"damage":0.0,"enemies":"Small Slimes","floor":5.0,"turns":2.0},{"damage":0.0,"enemies":"Looter","floor":7.0,"turns":2.0},{"damage":3.0,"enemies":"Gremlin Gang","floor":8.0,"turns":5.0},{"damage":4.0,"enemies":"3 Louse","floor":12.0,"turns":4.0},{"damage":18,"enemies":"Exordium Wildlife","floor":14,"turns":4},{"damage":9,"enemies":"Fading Forest","floor":16,"turns":11},{"damage":12,"enemies":"Shell Parasite","floor":18,"turns":7},{"damage":1,"enemies":"Spheric Guardian","floor":21,"turns":3},{"damage":7,"enemies":"Snake Plant","floor":24,"turns":4},{"damage":0,"enemies":"Centurion and Healer","floor":25,"turns":4},{"damage":5,"enemies":"Gremlin Leader","floor":27,"turns":6},{"damage":22,"enemies":"Shelled Parasite and Fungi","floor":29,"turns":4},{"damage":13,"enemies":"Snecko","floor":30,"turns":5},{"damage":39,"enemies":"Pondfish","floor":33,"turns":6},{"damage":10,"enemies":"3 Shapes","floor":35,"turns":5},{"damage":6,"enemies":"Giant Head","floor":40,"turns":4},{"damage":21,"enemies":"3 Darklings","floor":42,"turns":3},{"damage":0,"enemies":"Sphere and 2 Shapes","floor":44,"turns":2},{"damage":0,"enemies":"Reptomancer","floor":45,"turns":3},{"damage":0,"enemies":"Writhing Mass","floor":46,"turns":3},{"damage":19,"enemies":"3 Darklings","floor":47,"turns":2},{"damage":31,"enemies":"Time Eater","floor":50,"turns":6}],"seed_played":"8729535819449092193","potions_obtained":[{"floor":3.0,"key":"Dexterity Potion"},{"floor":5.0,"key":"FearPotion"},{"floor":12.0,"key":"Languid Potion"},{"floor":21,"key":"DemoMod:LeadSkinPotion"},{"floor":27,"key":"Cursed Concoction"},{"floor":42,"key":"AttackPotion"},{"floor":44,"key":"Dexterity Potion"},{"floor":45,"key":"SpeedPotion"},{"floor":46,"key":"Regen Potion"}],"is_trial":false,"path_per_floor":["M","$","M","?","M","R","M","M","T","$","?","M","?","M","R","B",null,"M","$","?","M","?","R","M","M","T","E","R","M","M","?","R","B",null,"M","?","?","$","?","E","R","M","T","M","E","M","M","$","R","B",null,null],"character_chosen":"THE_GATHERER","items_purchased":["Gatherer:GlowingPlant","Gatherer:GlowingPlant","Gatherer:AlchemyTrial+1","Gatherer:AlchemyTrial+1","Weak Potion","Languid Potion"],"campfire_rested":3,"item_purchase_floors":[2,10,19,38,38,48],"current_hp_per_floor":[65,65,65,65,65,65,65,62,62,72,65,61,43,25,46,45,65,53,68,68,67,67,67,60,60,60,55,55,33,20,20,41,2,55,45,45,36,51,51,45,45,24,24,30,42,48,35,50,71,49,49],"gold":103,"neow_bonus":"REMOVE_CARD","is_daily":false,"chose_seed":false,"campfire_upgraded":4,"win_rate":0.0,"timestamp":1608903270,"path_taken":["M","$","M","?","?","R","M","M","T","$","?","M","?","M","R","BOSS","M","$","?","M","?","R","M","M","T","E","R","?","M","?","R","BOSS","M","?","?","$","?","E","R","M","T","M","E","?","M","$","R","BOSS"],"items_purchased_type":["Card","Card","Card","Card","Potion","Potion"],"build_version":"2020-12-22","purchased_purges":3,"victory":true,"max_hp_per_floor":[72,72,72,72,72,72,72,72,72,72,72,72,72,72,72,72,72,72,72,72,72,72,72,72,72,72,72,72,72,72,72,72,72,72,72,72,72,72,72,72,72,72,72,72,72,72,72,72,72,72,72],"card_choices":[{"not_picked":["Gatherer:AcidicSpray","Gatherer:Nutrients","Gatherer:AromaProtection"],"picked":"SKIP","floor":1.0},{"not_picked":["Gatherer:EnergyBasket","Gatherer:QuickSynthesis"],"picked":"Gatherer:BigPouch","floor":3.0},{"not_picked":["Gatherer:SaveValuables","Gatherer:FruitForce","Gatherer:GatherMaterial"],"picked":"SKIP","floor":5.0},{"not_picked":["Gatherer:FragileHammer","Gatherer:Liquidism","Gatherer:GrowBook"],"picked":"SKIP","floor":7.0},{"not_picked":["Gatherer:MiningStrike","Gatherer:GatherMaterial","Gatherer:FlowerShield"],"picked":"SKIP","floor":8.0},{"not_picked":["Gatherer:TreeGrowth","Gatherer:FlowerShield"],"picked":"Gatherer:FlowerPower+1","floor":12.0},{"not_picked":["Gatherer:TreeGrowth","Gatherer:Polymorphism","Gatherer:Pollute"],"picked":"SKIP","floor":14},{"not_picked":["Gatherer:FlowerFalling","Gatherer:Enchant","Gatherer:BambuSword"],"picked":"SKIP","floor":14},{"not_picked":["Gatherer:FlamingBottle","Gatherer:FinishingStrike"],"picked":"Gatherer:BomberForm+1","floor":16},{"not_picked":["Gatherer:Solidify+1","Gatherer:CollectorsShot","Gatherer:Duplicator+1"],"picked":"SKIP","floor":18},{"not_picked":["Gatherer:CollectorsShot+1","Gatherer:GatherMaterial","Gatherer:SaveValuables"],"picked":"SKIP","floor":18},{"not_picked":["Gatherer:Frenzy","Gatherer:Snatch","Gatherer:GatherMaterial+1"],"picked":"SKIP","floor":21},{"not_picked":["Gatherer:FragileHammer+1","Gatherer:BambuSword+1","Gatherer:Transmute"],"picked":"SKIP","floor":21},{"not_picked":["Gatherer:AcidicSpray","Gatherer:TacticalStrike"],"picked":"Gatherer:AlchemyTrial+1","floor":24},{"not_picked":["Gatherer:FlowerShield","Gatherer:Pollute","Gatherer:PotentialSlash"],"picked":"SKIP","floor":24},{"not_picked":["Gatherer:FeelingFine+1","Gatherer:FragileHammer+1"],"picked":"Gatherer:ScrollOfPurity","floor":25},{"not_picked":["Gatherer:QuickSynthesis+1","Gatherer:BambuSword","Gatherer:SaveValuables"],"picked":"SKIP","floor":25},{"not_picked":["Gatherer:Solidify","Gatherer:CollectorsShot+1","Gatherer:Herbalism"],"picked":"SKIP","floor":27},{"not_picked":["Gatherer:SaveValuables","Gatherer:BambuSword","Gatherer:WitheringStrike"],"picked":"SKIP","floor":29},{"not_picked":["Gatherer:TreeGrowth+1","Gatherer:FruitForce","Gatherer:BambuSword"],"picked":"SKIP","floor":29},{"not_picked":["Gatherer:CollectorsShot+1","Gatherer:Duplicator"],"picked":"Gatherer:StoneFence+1","floor":30},{"not_picked":["Gatherer:FlowerBeam","Gatherer:Pollute+1","Gatherer:RecipeChange"],"picked":"SKIP","floor":30},{"not_picked":["Gatherer:FinishingStrike","Gatherer:FlamingBottle"],"picked":"Gatherer:StoneFence+1","floor":33},{"not_picked":["Gatherer:FragileHammer+1","Gatherer:Uplift+1","Gatherer:RecoveryHerb"],"picked":"SKIP","floor":35},{"not_picked":["Gatherer:Convert","Gatherer:Pollute","Gatherer:GatherMaterial"],"picked":"SKIP","floor":35},{"not_picked":["Gatherer:CarefulStrike+1","Gatherer:Convert","Gatherer:AcidicSpray+1"],"picked":"SKIP","floor":40},{"not_picked":["Gatherer:CarefulStrike+1","Gatherer:Convert","Gatherer:AcidicSpray+1"],"picked":"SKIP","floor":40},{"not_picked":["Gatherer:Snatch+1","Gatherer:SaveValuables+1"],"picked":"Gatherer:EnergyBasket+1","floor":42},{"not_picked":["Gatherer:ColorfulGarden+1","Gatherer:RottenStipe","Gatherer:FlowerShield+1"],"picked":"SKIP","floor":42},{"not_picked":["Gatherer:BigPouch","Gatherer:GatherMaterial","Gatherer:FlowerShield"],"picked":"SKIP","floor":44},{"not_picked":["Gatherer:OddSpoils","Gatherer:SaveValuables","Gatherer:MiningStrike"],"picked":"SKIP","floor":44},{"not_picked":["Gatherer:TacticalStrike+1","Gatherer:Liquidism+1","Gatherer:BambuSword"],"picked":"SKIP","floor":45},{"not_picked":["Gatherer:FlowerShield","Gatherer:FinishingStrike"],"picked":"Gatherer:Liquidism+1","floor":46},{"not_picked":["Gatherer:ScherryThrow+1","Gatherer:FlowerFalling","Gatherer:TreeGrowth"],"picked":"SKIP","floor":46},{"not_picked":["Gatherer:BambuSword","Gatherer:FragileHammer","Gatherer:AcidicSpray"],"picked":"SKIP","floor":47},{"not_picked":["Gatherer:Snatch+1","Gatherer:AcidicSpray","Gatherer:AromaProtection"],"picked":"SKIP","floor":47}],"player_experience":1022046,"relics_obtained":[{"floor":9.0,"key":"MealTicket"},{"floor":13,"key":"Prayer Wheel"},{"floor":26,"key":"Omamori"},{"floor":27,"key":"Art of War"},{"floor":31,"key":"Ring of Fury"},{"floor":40,"key":"Snack Pack"},{"floor":43,"key":"ReplayTheSpireMod:Ninjato"},{"floor":45,"key":"InkBottle"}],"event_choices":[{"damage_healed":0.0,"max_hp_gain":0.0,"max_hp_loss":0.0,"gold_gain":100.0,"event_name":"Golden Shrine","player_choice":"Pray","floor":4.0,"gold_loss":0.0,"damage_taken":0.0},{"damage_healed":0.0,"max_hp_gain":0.0,"max_hp_loss":0.0,"gold_gain":0.0,"event_name":"Scrap Ooze","player_choice":"Success","floor":11.0,"gold_loss":0.0,"damage_taken":7.0,"relics_obtained":["Frozen Egg 2"]},{"damage_healed":0,"gold_gain":0,"player_choice":"Read","damage_taken":0,"max_hp_gain":0,"max_hp_loss":0,"event_name":"The Library","floor":20,"gold_loss":0,"cards_obtained":["Gatherer:GlowingPlant"]},{"damage_healed":0,"gold_gain":0,"player_choice":"Bought 0 Potions","damage_taken":0,"max_hp_gain":0,"max_hp_loss":0,"event_name":"The Woman in Blue","floor":22,"gold_loss":0},{"damage_healed":0,"gold_gain":0,"player_choice":"Memory 1","damage_taken":0,"max_hp_gain":0,"max_hp_loss":0,"event_name":"SensoryStone","floor":36,"gold_loss":0},{"damage_healed":0,"gold_gain":0,"player_choice":"Embrace Madness","damage_taken":9,"max_hp_gain":0,"max_hp_loss":0,"event_name":"Winding Halls","floor":37,"gold_loss":0,"cards_obtained":["Madness","Madness"]},{"damage_healed":0,"gold_gain":0,"player_choice":"Copied","damage_taken":0,"max_hp_gain":0,"max_hp_loss":0,"event_name":"Duplicator","floor":39,"gold_loss":0,"cards_obtained":["Gatherer:BomberForm"]}],"is_beta":false,"boss_relics":[{"not_picked":["ReplayTheSpireMod:DimensionalGlitch","Runesmith:UraniumAnvil"],"picked":"Replay:Bronze Core"},{"not_picked":["Replay:Ancient Bell","Runic Dome"],"picked":"Runic Pyramid"}],"items_purged_floors":[10,19,38],"is_endless":false,"potions_floor_spawned":[3,5,12,21,25,27,30,42,44,45,46],"ascension_level":6}}