{"host":"rvgqag7mtxu5qaaz","time":1608925370,"event":{"mods":["AchievementEnabler","BaseMod","Downfall","Hermit","Hubris","Minty Spire (QoL Compilation)","Replay The Spire","StSLib","SuperFastMode","The Animator","The Construct","The Cursed","The Disciple","The Necromancer"],"gold_per_floor":[115,126,301,301,316,316,330,330,330,361,361,361,380,380,380,505,505,526,466,466,466,479,479,479,502,527,527,527],"floor_reached":27,"playtime":2341,"items_purged":[],"score":210,"play_id":"1fcaa180-063f-49da-b988-a6f1d8d4453d","local_time":"20201225144250","is_ascension_mode":false,"campfire_choices":[{"floor":6.0,"key":"RECALL"},{"floor":8.0,"key":"REST"},{"floor":12.0,"key":"REST"},{"floor":15.0,"key":"REST"},{"floor":23,"key":"REST"}],"circlet_count":0,"master_deck":["Strike_Br","Strike_Br","Strike_Br","Defend_Br","Defend_Br","Defend_Br","Defend_Br","SecondHand","PatternShift","LockedBlood","ResonantCall","OldTimer","RageCommand","TiringSlam","Injury","Flay","VestedLegacy+1","LockedWhetstone+1","RitualDagger","hubris:DuctTapeCard","AlternateTimeline","Writhe","LockedBlood"],"relics":["Chronometer","Replay:Baseball","hubris:DuctTape","HornCleat","Golden Idol","Metronome","Spirit Poop","Replay:Mystery Machine","Omamori"],"acts_visited":["Exordium","TheCity"],"potions_floor_usage":[27,27],"damage_taken":[{"damage":1.0,"enemies":"2 Louse","floor":1.0,"turns":4.0},{"damage":12.0,"enemies":"Small Slimes","floor":2.0,"turns":6.0},{"damage":22.0,"enemies":"Cultist","floor":5.0,"turns":8.0},{"damage":46.0,"enemies":"Exordium Thugs","floor":7.0,"turns":13.0},{"damage":49.0,"enemies":"Lagavulin","floor":10.0,"turns":13.0},{"damage":12.0,"enemies":"Large Slime","floor":13.0,"turns":5.0},{"damage":32.0,"enemies":"The Guardian","floor":16.0,"turns":15.0},{"damage":0.0,"enemies":"Spheric Guardian","floor":18.0,"turns":1.0},{"damage":7.0,"enemies":"2 Thieves","floor":19.0,"turns":4.0},{"damage":22,"enemies":"3 Cultists","floor":22,"turns":4},{"damage":62,"enemies":"Cultist and Chosen","floor":25,"turns":7},{"damage":13,"enemies":"Centurion and Healer","floor":27,"turns":5}],"seed_played":"-3857032233012196683","potions_obtained":[{"floor":2.0,"key":"hexamod:EctoCoolerPotion"},{"floor":4.0,"key":"BlessingOfTheForge"},{"floor":4.0,"key":"Regen Potion"},{"floor":13.0,"key":"HastePotion"},{"floor":16.0,"key":"Dexterity Potion"},{"floor":22,"key":"Dexterity Potion"}],"is_trial":false,"path_per_floor":["M","M","?","?","M","R","M","R","T","E","T","R","M","?","R","B",null,"M","M","?","?","M","R","?","M","T","M"],"character_chosen":"CHRONO_CLASS","items_purchased":[],"campfire_rested":4,"item_purchase_floors":[],"current_hp_per_floor":[70,64,64,64,48,48,29,50,50,7,7,28,22,22,43,17,71,71,68,62,62,40,61,61,5,5,0,0],"gold":527,"neow_bonus":"TEN_PERCENT_HP_BONUS","is_daily":false,"chose_seed":false,"campfire_upgraded":0,"win_rate":0.0,"timestamp":1608925370,"path_taken":["M","M","?","?","?","R","M","R","T","E","?","R","M","?","R","BOSS","M","M","?","?","?","R","?","M","T","M"],"items_purchased_type":[],"build_version":"2020-12-22","purchased_purges":0,"victory":false,"max_hp_per_floor":[71,71,71,71,71,71,71,71,71,71,71,71,71,71,71,71,71,71,71,71,71,71,71,71,71,71,71,71],"card_choices":[{"not_picked":["Parity","LockedMercury"],"picked":"LockedBlood","floor":1.0},{"not_picked":["LockedScales","Parity"],"picked":"ResonantCall","floor":2.0},{"not_picked":["EscortCommand","BiteCommand"],"picked":"Backlash","floor":5.0},{"not_picked":["LockedScales","Engulf"],"picked":"OldTimer","floor":7.0},{"not_picked":["HandsUpB","Fragmentalize"],"picked":"RageCommand","floor":10.0},{"not_picked":["WatchCommand","HandsUpB"],"picked":"TiringSlam","floor":13.0},{"not_picked":["LockedLightning","RageCommand"],"picked":"Flay","floor":16.0},{"not_picked":["BlueShift","Engulf+1"],"picked":"VestedLegacy+1","floor":18.0},{"not_picked":["WatchCommand","ExoVibe+1"],"picked":"LockedWhetstone+1","floor":19.0},{"not_picked":["PrimeTime+1","CrunchTime+1"],"picked":"AlternateTimeline","floor":22},{"not_picked":["LockedTurtyl","TickedOff"],"picked":"LockedBlood","floor":25}],"player_experience":295748,"relics_obtained":[{"floor":9.0,"key":"Replay:Baseball"},{"floor":10.0,"key":"hubris:DuctTape"},{"floor":11.0,"key":"HornCleat"},{"floor":26,"key":"Omamori"}],"event_choices":[{"damage_healed":0.0,"max_hp_gain":0.0,"max_hp_loss":0.0,"gold_gain":175.0,"event_name":"Liars Game","player_choice":"AGREE","floor":3.0,"gold_loss":0.0,"damage_taken":0.0,"cards_obtained":["Doubt"]},{"damage_healed":0.0,"max_hp_gain":0.0,"max_hp_loss":0.0,"gold_gain":0.0,"event_name":"Lab","player_choice":"Got Potions","floor":4.0,"gold_loss":0.0,"damage_taken":0.0},{"damage_healed":0.0,"max_hp_gain":0.0,"max_hp_loss":0.0,"gold_gain":0.0,"event_name":"Golden Idol","player_choice":"Take Wound","floor":14.0,"gold_loss":0.0,"damage_taken":0.0,"relics_obtained":["Golden Idol"],"cards_obtained":["Injury"]},{"damage_healed":0.0,"max_hp_gain":0.0,"max_hp_loss":0.0,"gold_gain":0.0,"event_name":"Nest","player_choice":"Joined the Cult","floor":20.0,"gold_loss":0.0,"damage_taken":6.0,"cards_obtained":["RitualDagger"]},{"cards_removed":["Doubt"],"damage_healed":0.0,"max_hp_gain":0.0,"max_hp_loss":0.0,"gold_gain":0.0,"event_name":"Bonfire Elementals","player_choice":"Offered Curse","floor":21.0,"gold_loss":0.0,"damage_taken":0.0,"relics_obtained":["Spirit Poop"]},{"damage_healed":0,"gold_gain":0,"player_choice":"Opened","damage_taken":0,"relics_obtained":["Replay:Mystery Machine"],"max_hp_gain":0,"max_hp_loss":0,"event_name":"The Mausoleum","floor":24,"gold_loss":0,"cards_obtained":["Writhe"]}],"is_beta":false,"boss_relics":[{"not_picked":["hubris:ScarierMask","Snecko Eye"],"picked":"Metronome"}],"items_purged_floors":[],"is_endless":false,"potions_floor_spawned":[2,13,16,22],"killed_by":"Centurion and Healer","ascension_level":0}}