{"host":"867cnhxguf2bzj4x","time":1608923744,"event":{"mods":["BaseMod","Downfall","GifTheSpireLib","Minty Spire (QoL Compilation)","StSLib"],"gold_per_floor":[99,99,119,119,119,134,134,168,103,53,73,84,100,85,104,104,104,104],"floor_reached":16,"playtime":827,"items_purged":[],"score":102,"play_id":"5a6a76d5-47dd-4abd-b35c-aba00cfd6334","local_time":"20201225201544","is_ascension_mode":false,"campfire_choices":[{"data":"Slimebound:Split","floor":1,"key":"SMITH"},{"floor":10,"key":"REST"}],"circlet_count":0,"master_deck":["Slimebound:Strike_Slimebound","Slimebound:Strike_Slimebound","Slimebound:Strike_Slimebound","Slimebound:Tackle","Slimebound:Defend_Slimebound","Slimebound:Defend_Slimebound","Slimebound:Defend_Slimebound","Slimebound:Defend_Slimebound","Slimebound:Split+1","Slimebound:CorrosiveSpit","Slimebound:ComboTackle","Slimebound:SplitLeeching","Slimebound:LeechEnergy","Slimebound:Schlurp","Slimebound:AcidTongue","Slimebound:ItLooksTasty","Slimebound:Schlurp","Slimebound:Repurpose","Slimebound:SamplingLick"],"relics":["Slimebound:AbsorbEndCombat","Slimebound:GreedOozeRelic","Potion Belt","Bottled Lightning","Question Card"],"acts_visited":["Exordium"],"potions_floor_usage":[],"damage_taken":[{"damage":11,"enemies":"Small Slimes","floor":3,"turns":3},{"damage":14,"enemies":"2 Louse","floor":6,"turns":3},{"damage":54,"enemies":"3 Sentries","floor":8,"turns":7},{"damage":14,"enemies":"downfall:FleeingMerchant","floor":9,"turns":4},{"damage":14,"enemies":"Jaw Worm","floor":11,"turns":3},{"damage":29,"enemies":"Exordium Thugs","floor":12,"turns":5},{"damage":24,"enemies":"Lots of Slimes","floor":13,"turns":3},{"damage":15,"enemies":"downfall:FleeingMerchant","floor":14,"turns":4},{"damage":20,"enemies":"Large Slime","floor":15,"turns":2},{"damage":21,"enemies":"downfall:Silent","floor":16,"turns":2}],"seed_played":"-1243299483191649939","potions_obtained":[{"floor":3,"key":"SteroidPotion"},{"floor":12,"key":"GamblersBrew"},{"floor":13,"key":"SmokeBomb"},{"floor":15,"key":"Weak Potion"}],"is_trial":false,"path_per_floor":["R","?","M","?","T","M","T","E","$","R","M","M","M","$","M","B"],"character_chosen":"SLIMEBOUND","items_purchased":["Slimebound:Schlurp"],"campfire_rested":1,"item_purchase_floors":[9],"current_hp_per_floor":[66,66,65,65,65,61,61,23,25,44,44,31,17,18,12,0,0,0],"gold":104,"neow_bonus":"TEN_PERCENT_HP_BONUS","is_daily":false,"chose_seed":false,"campfire_upgraded":1,"win_rate":0.0,"timestamp":1608923744,"path_taken":["R","?","M","?","?","M","T","E","?","R","?","M","M","$","M","BOSS"],"items_purchased_type":["Card"],"build_version":"2020-12-22","purchased_purges":0,"victory":false,"max_hp_per_floor":[66,66,66,66,66,66,66,66,66,66,66,66,66,66,66,66,66,66],"card_choices":[{"not_picked":["Slimebound:Gluttony","Slimebound:Schlurp"],"picked":"Slimebound:ComboTackle","floor":3},{"not_picked":["Slimebound:LeechingTouch","Slimebound:FormOfPuddle"],"picked":"Slimebound:SplitLeeching","floor":6},{"not_picked":["Slimebound:GoopTackle","Slimebound:ComboTackle","Slimebound:FinishingTackle"],"picked":"SKIP","floor":8},{"not_picked":["Slimebound:RollThrough","Slimebound:SplitAcid","Slimebound:GrowthPunch"],"picked":"Slimebound:LeechEnergy","floor":9},{"not_picked":["Slimebound:SplitLeeching","Slimebound:RollThrough","Slimebound:SelfFormingGoo"],"picked":"Slimebound:AcidTongue","floor":11},{"not_picked":["Slimebound:BestDefense","Slimebound:LivingWall","Slimebound:FinishingTackle"],"picked":"Slimebound:ItLooksTasty","floor":12},{"not_picked":["Slimebound:PressTheAttack","Slimebound:LeechEnergy","Slimebound:LeadByExample"],"picked":"Slimebound:Schlurp","floor":13},{"not_picked":["Slimebound:SplitAcid","Slimebound:SlimeBrawl","Slimebound:SplitBruiser"],"picked":"Slimebound:Repurpose","floor":14},{"not_picked":["Slimebound:LeechEnergy","Slimebound:Grow","Slimebound:RollThrough"],"picked":"Slimebound:SamplingLick","floor":15}],"player_experience":53470,"relics_obtained":[{"floor":5,"key":"Potion Belt"},{"floor":7,"key":"Bottled Lightning"},{"floor":8,"key":"Question Card"}],"event_choices":[],"is_beta":false,"boss_relics":[],"items_purged_floors":[],"is_endless":false,"potions_floor_spawned":[3,12,13,15],"killed_by":"downfall:Silent","ascension_level":0}}