{"host":"h5golg54dem4i27y","time":1608914702,"event":{"mods":["BaseMod","Colored Map","Colored Powertips","Minty Spire (QoL Compilation)","Replay The Spire","StSLib","SuperFastMode","The Hierophant"],"gold_per_floor":[109,59,59,78,93,93,122,47,47,47,64,91,91,91,91,189,189,201,5,5,5,24,24,40,72,118,149,159,176,29,29,29,129,129,149,149,201,215,235,235,268,268,293,306,339,339,358,295,295,295],"floor_reached":51,"playtime":1517,"items_purged":["Strike_G","Strike_G","Defend_G"],"score":1320,"play_id":"d82045f4-6408-47ee-bd37-03a0fa682201","local_time":"20201226014502","is_ascension_mode":true,"campfire_choices":[{"data":"Eviscerate","floor":6.0,"key":"SMITH"},{"data":"Eviscerate","floor":13,"key":"SMITH"},{"data":"Trip","floor":15,"key":"SMITH"},{"data":"Tools of the Trade","floor":23,"key":"SMITH"},{"data":"Prepared","floor":32,"key":"SMITH"},{"data":"Deep Breath","floor":40,"key":"SMITH"},{"floor":49,"key":"REST"}],"circlet_count":0,"master_deck":["AscendersBane","Defend_G","Defend_G+1","Defend_G","Survivor","Neutralize","Reflex+1","Trip+1","Eviscerate+1","Acrobatics","Eviscerate+1","Tools of the Trade+1","Deep Breath+1","Prepared+1","Adrenaline","Backflip+1","Quick Slash+1","Eviscerate","Neutralize","Escape Plan"],"relics":["Ring of the Snake","Thread and Needle","Meat on the Bone","Bag of Preparation","Sozu","Bottled Lightning","Boot","Replay:PocketPolymizer","Membership Card","Bronze Scales","War Paint","Pet Ghost","Quantum Egg"],"acts_visited":["Exordium","TheCity","TheBeyond"],"potions_floor_usage":[16,22],"damage_taken":[{"damage":0.0,"enemies":"Small Slimes","floor":1.0,"turns":5.0},{"damage":0.0,"enemies":"Cultist","floor":4.0,"turns":3.0},{"damage":5.0,"enemies":"Jaw Worm","floor":5.0,"turns":3.0},{"damage":7.0,"enemies":"Lagavulin","floor":7.0,"turns":4.0},{"damage":0,"enemies":"Large Slime","floor":11,"turns":5},{"damage":20,"enemies":"3 Sentries","floor":12,"turns":6},{"damage":42,"enemies":"Hexaghost","floor":16,"turns":7},{"damage":0,"enemies":"Shell Parasite","floor":18,"turns":3},{"damage":0,"enemies":"2 Thieves","floor":22,"turns":2},{"damage":0,"enemies":"Shelled Parasite and Fungi","floor":24,"turns":3},{"damage":8,"enemies":"Replay:Snechameleon","floor":25,"turns":3},{"damage":9,"enemies":"Book of Stabbing","floor":27,"turns":3},{"damage":0,"enemies":"Snecko","floor":28,"turns":2},{"damage":1,"enemies":"Snake Plant","floor":29,"turns":2},{"damage":0,"enemies":"Automaton","floor":33,"turns":2},{"damage":0,"enemies":"3 Darklings","floor":35,"turns":1},{"damage":0,"enemies":"3 Shapes","floor":38,"turns":1},{"damage":0,"enemies":"Jaw Worm Horde","floor":39,"turns":2},{"damage":63,"enemies":"R_Hoarder","floor":41,"turns":6},{"damage":0,"enemies":"Sphere and 2 Shapes","floor":44,"turns":2},{"damage":0,"enemies":"Nemesis","floor":45,"turns":1},{"damage":0,"enemies":"4 Shapes","floor":47,"turns":2},{"damage":27,"enemies":"Awakened One","floor":50,"turns":5}],"seed_played":"-8591152259951564528","potions_obtained":[{"floor":1.0,"key":"Strength Potion"},{"floor":4.0,"key":"Poison Potion"},{"floor":12,"key":"Regen Potion"},{"floor":16,"key":"Adrenaline Potion"}],"is_trial":false,"path_per_floor":["M","?","?","M","M","R","E","$","T","?","M","E","R","?","R","B",null,"M","$","?","$","M","R","M","E","T","E","M","M","$","?","R","B",null,"M","?","T","M","M","R","E","?","T","M","E","?","M","$","R","B",null],"character_chosen":"THE_SILENT","items_purchased":["Deep Breath","Membership Card"],"campfire_rested":1,"item_purchase_floors":[19,30],"current_hp_per_floor":[63,63,63,63,58,58,51,51,51,51,51,43,43,66,66,46,64,64,64,64,64,64,64,64,56,56,47,47,46,46,46,46,46,64,64,64,64,64,64,64,13,13,13,25,37,37,37,37,58,43],"gold":295,"neow_bonus":"REMOVE_CARD","is_daily":false,"chose_seed":false,"campfire_upgraded":6,"win_rate":0.0,"timestamp":1608914702,"path_taken":["M","?","?","?","M","R","E","?","T","?","M","E","R","?","R","BOSS","M","$","?","?","M","R","M","E","T","E","M","M","$","?","R","BOSS","M","?","?","M","M","R","E","?","T","?","E","?","?","$","R","BOSS"],"items_purchased_type":["Card","Relic"],"build_version":"2020-12-22","purchased_purges":3,"victory":true,"max_hp_per_floor":[70,70,70,70,70,70,70,70,70,70,70,70,70,70,70,70,70,70,70,70,70,70,70,70,70,70,70,70,70,70,70,70,70,70,70,70,70,70,70,70,70,70,70,70,70,70,70,70,70,70],"card_choices":[{"not_picked":["Deadly Poison","Endless Agony"],"picked":"Reflex","floor":1.0},{"not_picked":["Riddle With Holes","Dagger Throw"],"picked":"Eviscerate","floor":4.0},{"not_picked":["Cloak And Dagger","Backstab"],"picked":"Acrobatics","floor":5.0},{"not_picked":["Quick Slash","Sucker Punch"],"picked":"Eviscerate","floor":7.0},{"not_picked":["Bane","Outmaneuver","Acrobatics"],"picked":"SKIP","floor":11},{"not_picked":["Glass Knife","Replay:Poison Smokescreen","Predator"],"picked":"SKIP","floor":12},{"not_picked":["A Thousand Cuts","Corpse Explosion"],"picked":"Tools of the Trade","floor":16},{"not_picked":["Deadly Poison","Quick Slash","Dagger Throw"],"picked":"SKIP","floor":18},{"not_picked":["PiercingWail","Blade Dance+1","Catalyst"],"picked":"SKIP","floor":22},{"not_picked":["Slice","Crippling Poison","Choke"],"picked":"SKIP","floor":24},{"not_picked":["Cloak And Dagger+1","ReplayTheSpireMod:Shiv Toss+1"],"picked":"Prepared","floor":25},{"not_picked":["Die Die Die","Dagger Spray+1","ReplayTheSpireMod:Tripwire"],"picked":"SKIP","floor":27},{"not_picked":["Blade Dance","Distraction+1","Expertise"],"picked":"SKIP","floor":28},{"not_picked":["PiercingWail+1","Hidden Blade","Distraction"],"picked":"SKIP","floor":29},{"not_picked":["Doppelganger","Wraith Form v2"],"picked":"Adrenaline","floor":33},{"not_picked":["Catalyst+1","Noxious Fumes+1"],"picked":"Backflip+1","floor":35},{"not_picked":["Flying Knee+1","Underhanded Strike","Dagger Throw"],"picked":"SKIP","floor":38},{"not_picked":["Hidden Blade+1","Setup","Dagger Throw"],"picked":"SKIP","floor":39},{"not_picked":["Deadly Poison+1","Distraction"],"picked":"Quick Slash+1","floor":41},{"not_picked":["Setup","Expertise"],"picked":"Eviscerate","floor":44},{"not_picked":["Bane+1","Deadly Poison+1","Heel Hook+1"],"picked":"SKIP","floor":45},{"not_picked":["Infinite Blades+1","Deadly Poison"],"picked":"Escape Plan","floor":47}],"player_experience":629840,"relics_obtained":[{"floor":7.0,"key":"Thread and Needle"},{"floor":9.0,"key":"Meat on the Bone"},{"floor":12,"key":"Bag of Preparation"},{"floor":25,"key":"Bottled Lightning"},{"floor":26,"key":"Boot"},{"floor":27,"key":"Replay:PocketPolymizer"},{"floor":37,"key":"Bronze Scales"},{"floor":41,"key":"War Paint"},{"floor":43,"key":"Pet Ghost"},{"floor":45,"key":"Quantum Egg"}],"event_choices":[{"cards_removed":["Defend_G"],"damage_healed":0.0,"max_hp_gain":0.0,"max_hp_loss":0.0,"gold_gain":0.0,"event_name":"The Cleric","player_choice":"Card Removal","floor":2.0,"gold_loss":50.0,"damage_taken":0.0},{"damage_healed":0.0,"max_hp_gain":0.0,"max_hp_loss":0.0,"gold_gain":0.0,"event_name":"Match and Keep!","player_choice":"1 cards matched","floor":3.0,"gold_loss":0.0,"damage_taken":0.0,"cards_obtained":["Trip"]},{"cards_removed":["Strike_G"],"damage_healed":0.0,"max_hp_gain":0.0,"max_hp_loss":0.0,"gold_gain":0.0,"event_name":"Living Wall","player_choice":"Forget","floor":10.0,"gold_loss":0.0,"damage_taken":0.0},{"damage_healed":23,"gold_gain":0,"player_choice":"Banana","damage_taken":0,"max_hp_gain":0,"max_hp_loss":0,"event_name":"Big Fish","floor":14,"gold_loss":0},{"cards_removed":["Strike_G"],"damage_healed":0,"gold_gain":0,"player_choice":"Purged","damage_taken":0,"max_hp_gain":0,"max_hp_loss":0,"event_name":"Purifier","floor":20,"gold_loss":0},{"damage_healed":0,"gold_gain":0,"player_choice":"Memory 1","damage_taken":0,"max_hp_gain":0,"max_hp_loss":0,"event_name":"SensoryStone","floor":36,"gold_loss":0},{"damage_healed":0,"gold_gain":0,"player_choice":"Ignored","damage_taken":0,"max_hp_gain":0,"max_hp_loss":0,"event_name":"SecretPortal","floor":42,"gold_loss":0},{"damage_healed":0,"gold_gain":0,"player_choice":"1 cards matched","damage_taken":0,"max_hp_gain":0,"max_hp_loss":0,"event_name":"Match and Keep!","floor":46,"gold_loss":0,"cards_obtained":["Neutralize"]}],"is_beta":false,"boss_relics":[{"not_picked":["Philosopher\u0027s Stone","Coffee Dripper"],"picked":"Sozu"},{"not_picked":["Velvet Choker","Honey Jar","ChewingGum"]}],"items_purged_floors":[8,19,48],"is_endless":false,"potions_floor_spawned":[1,4,12,16,18,22,28,35,38],"ascension_level":11}}