{"host":"z9811rt50ti81n54","time":1608902759,"event":{"mods":["BaseMod","Minty Spire (QoL Compilation)"],"gold_per_floor":[216,234,234,234,184,184,13,13,13,25,100,113,113,131,131,226,226,192,192,192,11,11,11,25,56,80,109,109,137,149,166,166,166,166],"floor_reached":33,"playtime":1546,"items_purged":["Strike_G"],"score":407,"play_id":"efe29727-18c0-43ad-a0f5-ad967caf9933","local_time":"20201225222559","is_ascension_mode":true,"campfire_choices":[{"data":"Neutralize","floor":6.0,"key":"SMITH"},{"data":"Burst","floor":8.0,"key":"SMITH"},{"data":"Dash","floor":13.0,"key":"SMITH"},{"data":"Deflect","floor":15.0,"key":"SMITH"},{"data":"Wraith Form v2","floor":23.0,"key":"SMITH"},{"data":"Blade Dance","floor":28,"key":"SMITH"},{"data":"Catalyst","floor":32,"key":"SMITH"}],"circlet_count":0,"master_deck":["Strike_G","Strike_G","Defend_G","Defend_G","Defend_G","Defend_G","Survivor","Neutralize+1","Deflect+1","Burst+1","Acrobatics","Dash+1","Blade Dance+1","Infinite Blades","Wraith Form v2+1","Leg Sweep+1","Ghostly","Ghostly","Ghostly","Ghostly","Ghostly","Catalyst+1","Caltrops","Caltrops","Burst","Crippling Poison","Well Laid Plans+1"],"relics":["Ring of the Snake","Lantern","OrangePellets","Ornamental Fan","Sozu","The Courier","Bronze Scales","Torii"],"acts_visited":["Exordium","TheCity"],"potions_floor_usage":[],"damage_taken":[{"damage":0.0,"enemies":"2 Louse","floor":1.0,"turns":2.0},{"damage":0.0,"enemies":"Small Slimes","floor":2.0,"turns":5.0},{"damage":0.0,"enemies":"Jaw Worm","floor":10.0,"turns":5.0},{"damage":0.0,"enemies":"Blue Slaver","floor":12.0,"turns":5.0},{"damage":0.0,"enemies":"2 Fungi Beasts","floor":14.0,"turns":3.0},{"damage":16.0,"enemies":"The Guardian","floor":16.0,"turns":20.0},{"damage":7.0,"enemies":"2 Thieves","floor":18.0,"turns":5.0},{"damage":8.0,"enemies":"3 Byrds","floor":24.0,"turns":4.0},{"damage":3.0,"enemies":"Slavers","floor":25.0,"turns":12.0},{"damage":0,"enemies":"Gremlin Leader","floor":27,"turns":13},{"damage":1,"enemies":"Book of Stabbing","floor":29,"turns":7},{"damage":1,"enemies":"Snake Plant","floor":30,"turns":4},{"damage":3,"enemies":"Cultist and Chosen","floor":31,"turns":8},{"damage":20,"enemies":"Champ","floor":33,"turns":11}],"seed_played":"-724272638188445772","potions_obtained":[{"floor":12.0,"key":"SneckoOil"},{"floor":16.0,"key":"Dexterity Potion"}],"is_trial":false,"path_per_floor":["M","M","?","?","?","R","$","R","T","M","?","M","R","M","R","B",null,"M","?","?","$","?","R","M","E","T","E","R","E","M","M","R","B"],"character_chosen":"THE_SILENT","items_purchased":["OrangePellets","Acrobatics","Catalyst","Caltrops"],"campfire_rested":0,"item_purchase_floors":[7,7,21,21],"current_hp_per_floor":[70,70,52,45,45,45,45,45,45,45,34,34,34,34,34,18,70,63,63,35,35,35,35,27,24,24,24,24,23,22,19,19,0,0],"gold":166,"neow_bonus":"HUNDRED_GOLD","is_daily":false,"chose_seed":false,"campfire_upgraded":7,"win_rate":0.0,"timestamp":1608902759,"path_taken":["M","M","?","?","?","R","?","R","T","?","?","M","R","M","R","BOSS","M","?","?","$","?","R","?","E","T","E","R","E","M","M","R","BOSS"],"items_purchased_type":["Relic","Card","Card","Card"],"build_version":"2020-12-22","purchased_purges":1,"victory":false,"max_hp_per_floor":[70,70,70,70,70,70,70,70,70,70,70,70,70,70,70,70,70,70,70,35,35,35,35,35,35,35,35,35,35,35,35,35,35,35],"card_choices":[{"not_picked":["Cloak And Dagger","Backflip"],"picked":"Deflect","floor":1.0},{"not_picked":["Sucker Punch","Quick Slash"],"picked":"Burst","floor":2.0},{"not_picked":["Leg Sweep","Concentrate"],"picked":"Dash","floor":10.0},{"not_picked":["Concentrate","Sucker Punch"],"picked":"Blade Dance","floor":12.0},{"not_picked":["Bane","Outmaneuver"],"picked":"Infinite Blades","floor":14.0},{"not_picked":["Glass Knife","Malaise"],"picked":"Wraith Form v2","floor":16.0},{"not_picked":["Blade Dance","Quick Slash+1"],"picked":"Leg Sweep+1","floor":18.0},{"not_picked":["Tactician","Dagger Spray","Eviscerate"],"picked":"SKIP","floor":24.0},{"not_picked":["Tactician","Dagger Spray","Eviscerate"],"picked":"SKIP","floor":24.0},{"not_picked":["Quick Slash","Slice"],"picked":"Caltrops","floor":25.0},{"not_picked":["Bane","Eviscerate","Prepared"],"picked":"SKIP","floor":27},{"not_picked":["Tactician","Slice+1","Burst"],"picked":"SKIP","floor":29},{"not_picked":["Tactician","Slice+1"],"picked":"Burst","floor":29},{"not_picked":["Blur+1","Acrobatics"],"picked":"Crippling Poison","floor":30},{"not_picked":["Outmaneuver","Deadly Poison"],"picked":"Well Laid Plans+1","floor":31}],"player_experience":213983,"relics_obtained":[{"floor":9.0,"key":"Ornamental Fan"},{"floor":25.0,"key":"The Courier"},{"floor":27,"key":"Bronze Scales"},{"floor":29,"key":"Torii"}],"event_choices":[{"damage_healed":0.0,"max_hp_gain":0.0,"max_hp_loss":0.0,"gold_gain":0.0,"event_name":"Scrap Ooze","player_choice":"Success","floor":3.0,"gold_loss":0.0,"damage_taken":18.0,"relics_obtained":["Lantern"]},{"cards_removed":["Strike_G"],"damage_healed":0.0,"max_hp_gain":0.0,"max_hp_loss":0.0,"gold_gain":0.0,"event_name":"Golden Wing","player_choice":"Card Removal","floor":4.0,"gold_loss":0.0,"damage_taken":7.0},{"cards_removed":["Defend_G"],"damage_healed":0.0,"max_hp_gain":0.0,"max_hp_loss":0.0,"gold_gain":0.0,"event_name":"The Cleric","player_choice":"Card Removal","floor":5.0,"gold_loss":50.0,"damage_taken":0.0},{"damage_healed":0.0,"max_hp_gain":0.0,"max_hp_loss":0.0,"gold_gain":75.0,"event_name":"World of Goop","player_choice":"Gather Gold","floor":11.0,"gold_loss":0.0,"damage_taken":11.0},{"damage_healed":0.0,"max_hp_gain":0.0,"max_hp_loss":0.0,"gold_gain":0.0,"event_name":"Vampires","player_choice":"Ignored","floor":19.0,"gold_loss":0.0,"damage_taken":0.0},{"damage_healed":0.0,"max_hp_gain":0.0,"max_hp_loss":35.0,"gold_gain":0.0,"event_name":"Ghosts","player_choice":"Became a Ghost","floor":20.0,"gold_loss":0.0,"damage_taken":0.0,"cards_obtained":["Ghostly","Ghostly","Ghostly","Ghostly","Ghostly"]},{"cards_removed":["Strike_G"],"damage_healed":0.0,"max_hp_gain":0.0,"max_hp_loss":0.0,"gold_gain":0.0,"event_name":"Bonfire Elementals","player_choice":"Offered Basic","floor":22.0,"gold_loss":0.0,"damage_taken":0.0}],"is_beta":false,"boss_relics":[{"not_picked":["Busted Crown","Ring of the Serpent"],"picked":"Sozu"}],"items_purged_floors":[21],"is_endless":false,"potions_floor_spawned":[12,16,18,24,29,30,31],"killed_by":"Champ","ascension_level":4}}