{"host":"foq4mrde4mssg7vt","time":1608895511,"event":{"mods":["AchievementEnabler","BaseMod","Colored Map","Colored Powertips","Highlight Path","Minty Spire (QoL Compilation)","Relic Stats","everything is the same but u backflip on backflip"],"gold_per_floor":[115,132,11,11,24,52,52,52,52,68,85,110,110,135,135,214,214,229,263,109,121,131,131,166,166,166,166,177,205,221,249,249,326,326,345,345,357,370,76,104,123,152,202,229,229,245,245,277,277,277,277,277,33,65,65],"floor_reached":56,"playtime":3130,"items_purged":["Strike_G","Strike_G"],"score":1983,"play_id":"904179a2-6e18-416b-b1db-5fc3bf74be82","local_time":"20201225192511","is_ascension_mode":true,"campfire_choices":[{"data":"Crippling Poison","floor":7.0,"key":"SMITH"},{"data":"PiercingWail","floor":15.0,"key":"SMITH"},{"data":"After Image","floor":23.0,"key":"SMITH"},{"data":"Noxious Fumes","floor":25.0,"key":"SMITH"},{"floor":27.0,"key":"DIG"},{"data":"Well Laid Plans","floor":32.0,"key":"SMITH"},{"floor":45.0,"key":"REST"},{"floor":47.0,"key":"RECALL"},{"floor":49.0,"key":"DIG"},{"floor":52.0,"key":"DIG"}],"circlet_count":0,"master_deck":["AscendersBane","Strike_G+1","Strike_G","Strike_G","Defend_G","Defend_G","Defend_G","Defend_G","Defend_G","Survivor","Neutralize+1","Blade Dance","PiercingWail+1","Deadly Poison+1","Heel Hook","Crippling Poison+1","Flying Knee","Die Die Die","After Image+1","Noxious Fumes+1","Backflip","Cloak And Dagger+1","Well Laid Plans+1","Acrobatics","Leg Sweep","Noxious Fumes","Blur+1","Burst","Injury","Backflip"],"relics":["Ring of the Snake","Whetstone","Shovel","Sundial","Oddly Smooth Stone","Bronze Scales","Cursed Key","Red Mask","Letter Opener","Bird Faced Urn","Centennial Puzzle","Regal Pillow","Fusion Hammer","Meat on the Bone","Blood Vial","StoneCalendar","Nunchaku","Happy Flower","Shuriken","Bottled Lightning","Bag of Preparation"],"acts_visited":["Exordium","TheCity","TheBeyond","TheEnding"],"potions_floor_usage":[55,55,55,55],"damage_taken":[{"damage":0.0,"enemies":"Small Slimes","floor":1.0,"turns":4.0},{"damage":0.0,"enemies":"Cultist","floor":2.0,"turns":3.0},{"damage":0.0,"enemies":"2 Louse","floor":5.0,"turns":3.0},{"damage":11.0,"enemies":"Lagavulin","floor":6.0,"turns":7.0},{"damage":4.0,"enemies":"Exordium Wildlife","floor":10.0,"turns":3.0},{"damage":0.0,"enemies":"Blue Slaver","floor":11.0,"turns":4.0},{"damage":3.0,"enemies":"Gremlin Nob","floor":12.0,"turns":3.0},{"damage":40.0,"enemies":"Slime Boss","floor":16.0,"turns":13.0},{"damage":5.0,"enemies":"Spheric Guardian","floor":18.0,"turns":4.0},{"damage":7.0,"enemies":"Masked Bandits","floor":19.0,"turns":4.0},{"damage":0.0,"enemies":"Shell Parasite","floor":21.0,"turns":5.0},{"damage":9.0,"enemies":"Centurion and Healer","floor":22.0,"turns":9.0},{"damage":11.0,"enemies":"Slavers","floor":24.0,"turns":5.0},{"damage":5.0,"enemies":"Snake Plant","floor":28.0,"turns":3.0},{"damage":15.0,"enemies":"Book of Stabbing","floor":29.0,"turns":6.0},{"damage":3.0,"enemies":"Shelled Parasite and Fungi","floor":30.0,"turns":5.0},{"damage":3.0,"enemies":"Slavers","floor":31.0,"turns":4.0},{"damage":24.0,"enemies":"Champ","floor":33.0,"turns":12.0},{"damage":3.0,"enemies":"Orb Walker","floor":35.0,"turns":3.0},{"damage":4.0,"enemies":"3 Shapes","floor":37.0,"turns":4.0},{"damage":2.0,"enemies":"Maw","floor":38.0,"turns":8.0},{"damage":42.0,"enemies":"Nemesis","floor":40.0,"turns":11.0},{"damage":1.0,"enemies":"3 Darklings","floor":41.0,"turns":4.0},{"damage":0.0,"enemies":"Reptomancer","floor":42.0,"turns":7.0},{"damage":47.0,"enemies":"Giant Head","floor":44.0,"turns":11.0},{"damage":10.0,"enemies":"Spire Growth","floor":46.0,"turns":6.0},{"damage":1.0,"enemies":"Nemesis","floor":48.0,"turns":7.0},{"damage":1.0,"enemies":"Donu and Deca","floor":50.0,"turns":9.0},{"damage":26.0,"enemies":"Shield and Spear","floor":54.0,"turns":6.0},{"damage":51,"enemies":"The Heart","floor":55,"turns":12}],"seed_played":"308444258058545326","potions_obtained":[{"floor":2.0,"key":"DistilledChaos"},{"floor":11.0,"key":"SteroidPotion"},{"floor":12.0,"key":"Explosive Potion"},{"floor":18.0,"key":"DistilledChaos"},{"floor":24.0,"key":"FearPotion"},{"floor":29.0,"key":"Block Potion"},{"floor":31.0,"key":"Explosive Potion"},{"floor":35.0,"key":"BlessingOfTheForge"},{"floor":36.0,"key":"EntropicBrew"},{"floor":54.0,"key":"SpeedPotion"}],"is_trial":false,"path_per_floor":["M","M","$","?","M","E","R","?","T","M","M","E","?","T","R","B",null,"M","?","$","M","M","R","E","R","T","R","M","E","M","E","R","B",null,"M","?","M","M","$","E","M","E","T","E","R","M","R","E","R","B",null,"R","$","E","B",null],"character_chosen":"THE_SILENT","items_purchased":["Deadly Poison","Terror","Regen Potion","Dexterity Potion","Leg Sweep","Noxious Fumes","Bottled Lightning"],"campfire_rested":1,"item_purchase_floors":[3,3,20,39,39,39,53],"current_hp_per_floor":[63,63,63,63,63,52,52,70,70,66,66,63,63,63,63,23,58,53,46,46,46,52,52,41,41,41,41,40,29,30,33,33,15,56,57,57,59,63,63,29,36,44,44,19,55,55,55,64,64,70,70,70,70,47,33],"gold":65,"neow_bonus":"RANDOM_COMMON_RELIC","is_daily":false,"chose_seed":false,"campfire_upgraded":5,"win_rate":0.0,"timestamp":1608895511,"path_taken":["M","M","$","?","M","E","R","?","T","?","M","E","?","?","R","BOSS","M","?","$","M","M","R","E","R","T","R","M","E","M","E","R","BOSS","M","?","?","M","$","E","M","E","T","E","R","M","R","E","R","BOSS","R","$","E","BOSS"],"items_purchased_type":["Card","Card","Potion","Potion","Card","Card","Relic"],"build_version":"2020-12-22","purchased_purges":2,"victory":true,"max_hp_per_floor":[70,70,70,70,70,70,70,70,70,70,70,70,70,70,70,70,70,70,70,70,70,70,70,70,70,70,70,70,70,70,70,70,70,70,70,70,70,70,70,70,70,70,70,70,70,70,70,70,70,70,70,70,70,70,70],"relic_stats":{"Regal Pillow":15,"Happy Flower":[9],"counters":[30,185],"StoneCalendar":[192],"Bag of Preparation":[2],"Whetstone":["Neutralize","Strike_G"],"Letter Opener":[428],"Cursed Key":1,"Blood Vial":10,"Centennial Puzzle":[42],"Nunchaku":[6],"Shovel":3,"Sundial":[26],"Shuriken":[10],"Bronze Scales":[594],"Bird Faced Urn":[104],"obtain_stats":[{"Regal Pillow":31,"Happy Flower":49,"Oddly Smooth Stone":12,"StoneCalendar":44,"Bag of Preparation":54,"Whetstone":0,"Letter Opener":24,"Cursed Key":17,"Blood Vial":42,"Centennial Puzzle":29,"Nunchaku":48,"Shovel":6,"Sundial":9,"Shuriken":52,"Bronze Scales":14,"Bird Faced Urn":27,"Fusion Hammer":34,"Red Mask":19,"Bottled Lightning":53,"Ring of the Snake":0,"Meat on the Bone":40},{"Regal Pillow":17,"Happy Flower":27,"Oddly Smooth Stone":7,"StoneCalendar":25,"Bag of Preparation":29,"Whetstone":0,"Letter Opener":13,"Cursed Key":8,"Blood Vial":24,"Centennial Puzzle":15,"Nunchaku":27,"Shovel":4,"Sundial":4,"Shuriken":28,"Bronze Scales":7,"Bird Faced Urn":13,"Fusion Hammer":18,"Red Mask":10,"Bottled Lightning":28,"Ring of the Snake":0,"Meat on the Bone":22},{"Regal Pillow":85,"Happy Flower":158,"Oddly Smooth Stone":27,"StoneCalendar":145,"Bag of Preparation":173,"Whetstone":0,"Letter Opener":67,"Cursed Key":40,"Blood Vial":134,"Centennial Puzzle":76,"Nunchaku":158,"Shovel":17,"Sundial":17,"Shuriken":167,"Bronze Scales":27,"Bird Faced Urn":67,"Fusion Hammer":97,"Red Mask":48,"Bottled Lightning":167,"Ring of the Snake":0,"Meat on the Bone":123}],"Ring of the Snake":[60],"Meat on the Bone":24},"card_choices":[{"not_picked":["Quick Slash","All Out Attack"],"picked":"Blade Dance","floor":1.0},{"not_picked":["Eviscerate","Acrobatics"],"picked":"PiercingWail","floor":2.0},{"not_picked":["Quick Slash","Blur"],"picked":"Heel Hook","floor":5.0},{"not_picked":["Flying Knee","Cloak And Dagger"],"picked":"Crippling Poison","floor":6.0},{"not_picked":["Deflect","Reflex","Masterful Stab"],"picked":"SKIP","floor":10.0},{"not_picked":["Tools of the Trade","Outmaneuver"],"picked":"Flying Knee","floor":11.0},{"not_picked":["Accuracy","Backstab"],"picked":"Die Die Die","floor":12.0},{"not_picked":["Glass Knife","Tools of the Trade"],"picked":"After Image","floor":16.0},{"not_picked":["Acrobatics","Slice"],"picked":"Noxious Fumes","floor":18.0},{"not_picked":["Skewer","Prepared"],"picked":"Backflip","floor":21.0},{"not_picked":["Underhanded Strike","Finisher"],"picked":"Cloak And Dagger+1","floor":22.0},{"not_picked":["Reflex","Unload","Riddle With Holes"],"picked":"SKIP","floor":24.0},{"not_picked":["Poisoned Stab","Deadly Poison","Blade Dance"],"picked":"SKIP","floor":28.0},{"not_picked":["Infinite Blades","Eviscerate","Endless Agony"],"picked":"SKIP","floor":29.0},{"not_picked":["Skewer","Terror"],"picked":"Well Laid Plans","floor":30.0},{"not_picked":["Prepared","Skewer","Sucker Punch"],"picked":"SKIP","floor":31.0},{"not_picked":["Crippling Poison","All Out Attack","Poisoned Stab"],"picked":"SKIP","floor":35.0},{"not_picked":["Dagger Spray","Deadly Poison","Cloak And Dagger"],"picked":"SKIP","floor":37.0},{"not_picked":["Flying Knee","Choke"],"picked":"Acrobatics","floor":38.0},{"not_picked":["Endless Agony","Distraction","Leg Sweep"],"picked":"SKIP","floor":40.0},{"not_picked":["Cloak And Dagger","Deflect"],"picked":"Blur+1","floor":41.0},{"not_picked":["Heel Hook","Slice+1"],"picked":"Burst","floor":42.0},{"not_picked":["Bane","Poisoned Stab","Dagger Throw"],"picked":"SKIP","floor":44.0},{"not_picked":["Finisher","Well Laid Plans+1","Dagger Spray"],"picked":"SKIP","floor":46.0},{"not_picked":["Deadly Poison","Quick Slash","Poisoned Stab"],"picked":"SKIP","floor":48.0},{"not_picked":["Dagger Spray+1","Bane"],"picked":"Backflip","floor":54.0}],"player_experience":260304,"relics_obtained":[{"floor":6.0,"key":"Shovel"},{"floor":9.0,"key":"Sundial"},{"floor":12.0,"key":"Oddly Smooth Stone"},{"floor":14.0,"key":"Bronze Scales"},{"floor":19.0,"key":"Red Mask"},{"floor":24.0,"key":"Letter Opener"},{"floor":27.0,"key":"Bird Faced Urn"},{"floor":29.0,"key":"Centennial Puzzle"},{"floor":31.0,"key":"Regal Pillow"},{"floor":40.0,"key":"Meat on the Bone"},{"floor":42.0,"key":"Blood Vial"},{"floor":44.0,"key":"StoneCalendar"},{"floor":48.0,"key":"Nunchaku"},{"floor":49.0,"key":"Happy Flower"},{"floor":52.0,"key":"Shuriken"},{"floor":54.0,"key":"Bag of Preparation"}],"event_choices":[{"damage_healed":0.0,"max_hp_gain":0.0,"max_hp_loss":0.0,"gold_gain":0.0,"event_name":"Living Wall","player_choice":"Grow","floor":4.0,"gold_loss":0.0,"damage_taken":0.0,"cards_upgraded":["Deadly Poison"]},{"cards_removed":["Terror"],"damage_healed":18.0,"max_hp_gain":0.0,"max_hp_loss":0.0,"gold_gain":0.0,"event_name":"Bonfire Elementals","player_choice":"Offered Uncommon","floor":8.0,"gold_loss":0.0,"damage_taken":0.0},{"damage_healed":0.0,"max_hp_gain":0.0,"max_hp_loss":0.0,"gold_gain":0.0,"event_name":"Liars Game","player_choice":"Ignored","floor":13.0,"gold_loss":0.0,"damage_taken":0.0},{"damage_healed":0.0,"max_hp_gain":0.0,"max_hp_loss":0.0,"gold_gain":0.0,"event_name":"Masked Bandits","player_choice":"Fought Bandits","floor":19.0,"gold_loss":0.0,"damage_taken":0.0},{"damage_healed":0.0,"max_hp_gain":0.0,"max_hp_loss":0.0,"gold_gain":0.0,"event_name":"Lab","player_choice":"Got Potions","floor":36.0,"gold_loss":0.0,"damage_taken":0.0}],"is_beta":false,"boss_relics":[{"not_picked":["Sozu","Runic Dome"],"picked":"Cursed Key"},{"not_picked":["Philosopher\u0027s Stone","Coffee Dripper"],"picked":"Fusion Hammer"}],"items_purged_floors":[20,39],"is_endless":false,"potions_floor_spawned":[2,11,12,18,24,29,31,35,37,44,46,48,54],"ascension_level":13}}