{"host":"vdpaduzlq0qlaikq","time":1608868982,"event":{"mods":["AchievementEnabler","BaseMod","Better Third Choice","BetterRewards","Colored Map","Downfall","Gold Saver","Hermit","Jorbs\u0027s Wanderer Trilogy","Minty Spire (QoL Compilation)","Relic Filter","Spicy Shops","StSLib","The Necromancer"],"gold_per_floor":[1609,1609,1674,1674,1674,1549,1549,1581,1531,1551,1551,1570,824,924,942,1038,1038,988,1005,1021,440,456,486,486,497,497,525,538,77,77,77,88,189,189,139,159,504,1503,1520,1555,1555,1566,1578,839,871,128,3,13,27,27],"floor_reached":51,"playtime":14090,"items_purged":["Slimebound:Defend_Slimebound","Normality","Normality"],"score":959,"play_id":"4d607d1b-b911-4f2a-8e57-c21735a9f138","local_time":"20201225020302","is_ascension_mode":true,"campfire_choices":[{"floor":1.0,"key":"RECALL"},{"data":"Slimebound:CorrosiveSpit","floor":6.0,"key":"SMITH"},{"data":"Slimebound:Split","floor":9.0,"key":"SMITH"},{"data":"Slimebound:DivideAndConquer","floor":18.0,"key":"SMITH"},{"data":"Slimebound:Recycling","floor":35.0,"key":"SMITH"},{"data":"Slimebound:LevelUp","floor":47,"key":"SMITH"}],"circlet_count":0,"master_deck":["Slimebound:Strike_Slimebound+1","Slimebound:Strike_Slimebound+1","Slimebound:Tackle","Slimebound:Defend_Slimebound","Slimebound:Defend_Slimebound","Slimebound:Defend_Slimebound","Slimebound:Split+1","Slimebound:CorrosiveSpit+1","Slimebound:SamplingLick","Slimebound:DivideAndConquer+1","Slimebound:LeechingTouch","Slimebound:RainOfGoop","Slimebound:RejuvenatingLick","Slimebound:SlimeSpikes+1","Slimebound:OozeBath","Slimebound:Prepare+1","Slimebound:LeechLife","Slimebound:LevelUp+1","Slimebound:Schlurp+1","Slimebound:GoopSpray+1","Slimebound:Replication","Slimebound:SlimeBarrage","Slimebound:DivideAndConquer+1","Slimebound:MassFeed","Slimebound:DisruptingSlam+1","Slimebound:SplitBruiser","Slimebound:Darklings","Slimebound:Gluttony+1","Slimebound:Recycling+1","Slimebound:LevelUp","Slimebound:ServeAndProtect","Slimebound:SlimeSpikes+1","Slimebound:FinishingTackle+1"],"relics":["Slimebound:AbsorbEndCombatUpgraded","downfall:HeartsMalice","Blood Vial","Slimebound:GreedOozeRelic","downfall:HeartBlessingRed","Kunai","Bottled Flame","Slimebound:MaxSlimesRelic","Oddly Smooth Stone","Juzu Bracelet","SacredBark","Meat on the Bone","Whetstone","Orrery","Happy Flower","Letter Opener","Dream Catcher","FossilizedHelix","Guardian:PocketSentry","Ancient Tea Set","Shuriken","Bottled Lightning","Bronze Scales","Bag of Preparation","War Paint","Calipers","Bottled Tornado","Ornamental Fan","downfall:HeartBlessingBlue"],"acts_visited":["Exordium","TheCity","TheBeyond"],"potions_floor_usage":[40,43,43,50,50],"damage_taken":[{"damage":0.0,"enemies":"2 Louse","floor":2.0,"turns":1.0},{"damage":0.0,"enemies":"3 Sentries","floor":3.0,"turns":1.0},{"damage":0.0,"enemies":"Small Slimes","floor":5.0,"turns":1.0},{"damage":33.0,"enemies":"Lagavulin","floor":8.0,"turns":5.0},{"damage":7.0,"enemies":"Jaw Worm","floor":10.0,"turns":2.0},{"damage":5.0,"enemies":"3 Louse","floor":12.0,"turns":3.0},{"damage":8.0,"enemies":"downfall:FleeingMerchant","floor":13.0,"turns":4.0},{"damage":4.0,"enemies":"2 Fungi Beasts","floor":15.0,"turns":2.0},{"damage":38.0,"enemies":"downfall:Defect","floor":16.0,"turns":6.0},{"damage":12.0,"enemies":"Chosen","floor":19.0,"turns":3.0},{"damage":12.0,"enemies":"3 Byrds","floor":20.0,"turns":2.0},{"damage":13.0,"enemies":"downfall:FleeingMerchant","floor":21.0,"turns":4.0},{"damage":51.0,"enemies":"Sentry and Sphere","floor":22.0,"turns":6.0},{"damage":9.0,"enemies":"Slavers","floor":23.0,"turns":3.0},{"damage":5.0,"enemies":"3 Cultists","floor":25.0,"turns":4.0},{"damage":33.0,"enemies":"Gremlin Leader","floor":27.0,"turns":4.0},{"damage":16.0,"enemies":"Centurion and Healer","floor":28.0,"turns":3.0},{"damage":20.0,"enemies":"downfall:FleeingMerchant","floor":29.0,"turns":4.0},{"damage":25.0,"enemies":"Snecko","floor":32.0,"turns":4.0},{"damage":72.0,"enemies":"downfall:Watcher","floor":33.0,"turns":5.0},{"damage":42.0,"enemies":"3 Darklings","floor":36.0,"turns":3.0},{"damage":0.0,"enemies":"downfall:FleeingMerchant","floor":37.0,"turns":2.0},{"damage":28.0,"enemies":"Orb Walker","floor":39.0,"turns":3.0},{"damage":60,"enemies":"Giant Head","floor":40,"turns":7},{"damage":29,"enemies":"Sphere and 2 Shapes","floor":42,"turns":6},{"damage":9,"enemies":"Jaw Worm Horde","floor":43,"turns":3},{"damage":52,"enemies":"Nemesis","floor":45,"turns":5},{"damage":49,"enemies":"Maw","floor":48,"turns":4},{"damage":70,"enemies":"Writhing Mass","floor":49,"turns":3},{"damage":54,"enemies":"downfall:Ironclad","floor":50,"turns":5}],"seed_played":"2081143889460269812","potions_obtained":[{"floor":10.0,"key":"LiquidBronze"},{"floor":12.0,"key":"AttackPotion"},{"floor":16.0,"key":"Explosive Potion"},{"floor":22.0,"key":"SpeedPotion"},{"floor":25.0,"key":"Dexterity Potion"},{"floor":27.0,"key":"FearPotion"},{"floor":32.0,"key":"PowerPotion"},{"floor":33.0,"key":"Weak Potion"},{"floor":40,"key":"Strength Potion"},{"floor":42,"key":"sneckomod:MuddlingPotion"},{"floor":48,"key":"Slimebound:SlimedPotion"},{"floor":49,"key":"Slimebound:SlimyTonguePotion"}],"is_trial":false,"path_per_floor":["R","M","?","?","M","R","T","E","R","M","?","M","$","?","M","B",null,"R","M","M","$","M","E","T","M","?","E","M","$","?","?","M","B",null,"R","M","$","?","M","E","T","M","M","$","E","$","R","M","M","B",null],"character_chosen":"SLIMEBOUND","items_purchased":["Slimebound:Prepare","Slimebound:MaxSlimesRelic","Oddly Smooth Stone","Juzu Bracelet","PowerPotion","Meat on the Bone","Whetstone","Orrery","FossilizedHelix","Guardian:PocketSentry","Shuriken","Bottled Lightning","Bronze Scales","War Paint","Calipers","Bottled Tornado","Ornamental Fan"],"campfire_rested":0,"item_purchase_floors":[13,13,13,13,13,21,21,21,29,29,44,44,44,46,46,46,46],"current_hp_per_floor":[60,60,60,60,60,60,60,35,35,32,32,37,47,47,55,36,60,60,60,60,60,33,39,39,52,41,40,60,66,66,66,59,33,68,68,57,68,68,60,54,54,55,71,71,63,63,73,76,58,81],"gold":27,"neow_bonus":"THREE_ENEMY_KILL","is_daily":false,"chose_seed":false,"campfire_upgraded":5,"win_rate":0.0,"timestamp":1608868982,"path_taken":["R","M","?","?","M","R","T","E","R","M","?","M","$","?","M","BOSS","R","M","M","$","M","E","T","M","?","E","M","$","?","?","M","BOSS","R","M","$","?","M","E","T","M","M","$","E","$","R","M","M","BOSS"],"items_purchased_type":["Card","Relic","Relic","Relic","Potion","Relic","Relic","Relic","Relic","Relic","Relic","Relic","Relic","Relic","Relic","Relic","Relic"],"build_version":"2020-12-22","purchased_purges":3,"victory":true,"max_hp_per_floor":[60,60,60,60,60,60,60,60,60,60,60,60,60,60,60,60,60,60,60,60,60,60,63,63,63,68,68,68,68,68,68,68,68,68,68,68,68,68,68,68,68,68,71,71,71,71,81,81,81,81],"card_choices":[{"not_picked":["Slimebound:GrowthPunch","Slimebound:RejuvenatingLick"],"picked":"Slimebound:SamplingLick","floor":2.0},{"not_picked":["Slimebound:RollThrough","Slimebound:LivingWall"],"picked":"Slimebound:DivideAndConquer","floor":3.0},{"not_picked":["Slimebound:SplitMire","Slimebound:LivingWall"],"picked":"Slimebound:LeechingTouch","floor":5.0},{"not_picked":["Slimebound:SplitLeeching","Slimebound:FinishingTackle"],"picked":"Slimebound:RainOfGoop","floor":8.0},{"not_picked":["Slimebound:PressTheAttack","Slimebound:ViciousTackle"],"picked":"Slimebound:RejuvenatingLick","floor":10.0},{"not_picked":["Slimebound:PressTheAttack","Slimebound:ServeAndProtect"],"picked":"Slimebound:SlimeSpikes","floor":12.0},{"not_picked":["Slimebound:SplitLeeching","Slimebound:Dissolve"],"picked":"Slimebound:OozeBath","floor":13.0},{"not_picked":["Slimebound:FirmFortitude","Slimebound:SamplingLick","Slimebound:DivideAndConquer"],"picked":"SKIP","floor":15.0},{"not_picked":["Slimebound:Overexert","Slimebound:RallyTheTroops"],"picked":"Slimebound:LeechLife","floor":16.0},{"not_picked":["Slimebound:TongueLash","Slimebound:SplitAcid"],"picked":"Slimebound:LevelUp","floor":19.0},{"not_picked":["Slimebound:SlimeTap","Slimebound:SamplingLick"],"picked":"Slimebound:Schlurp+1","floor":20.0},{"not_picked":["Slimebound:HungryTackle","Slimebound:RollThrough","Slimebound:SelfFormingGoo"],"picked":"SKIP","floor":21.0},{"not_picked":["Slimebound:SplitAcid","Slimebound:ComboTackle"],"picked":"Slimebound:GoopSpray+1","floor":21.0},{"not_picked":["Slimebound:ViciousTackle+1","Slimebound:Grow"],"picked":"Slimebound:Replication","floor":21.0},{"not_picked":["Slimebound:Schlurp","Slimebound:ComboTackle"],"picked":"Slimebound:SlimeBarrage","floor":21.0},{"not_picked":["Slimebound:ProtectTheBoss+1","Slimebound:SlimeBrawl"],"picked":"Slimebound:DivideAndConquer+1","floor":21.0},{"not_picked":["Slimebound:FormOfPuddle+1","Slimebound:ViciousTackle+1"],"picked":"Slimebound:MassFeed","floor":22.0},{"not_picked":["Slimebound:LeadByExample","Slimebound:SlimeSpikes+1"],"picked":"Slimebound:DisruptingSlam+1","floor":23.0},{"not_picked":["Slimebound:SplitLeeching","Slimebound:DivideAndConquer+1"],"picked":"Slimebound:SplitBruiser","floor":25.0},{"not_picked":["Slimebound:ItLooksTasty","Slimebound:SamplingLick","Slimebound:SplitLeeching"],"picked":"SKIP","floor":27.0},{"not_picked":["Slimebound:PressTheAttack+1","Slimebound:LeechingTouch"],"picked":"Slimebound:Darklings","floor":28.0},{"not_picked":["Slimebound:OozeBath","Slimebound:SplitAcid"],"picked":"Slimebound:Gluttony+1","floor":29.0},{"not_picked":["Slimebound:SplitAcid","Slimebound:SlimeTap","Slimebound:LivingWall"],"picked":"SKIP","floor":32.0},{"not_picked":["Slimebound:Teamwork","Slimebound:DouseInSlime"],"picked":"Slimebound:Recycling","floor":33.0},{"not_picked":["Slimebound:ViciousTackle+1","Slimebound:PressTheAttack+1"],"picked":"Slimebound:LevelUp","floor":36.0},{"not_picked":["Slimebound:SplitMire+1","Slimebound:LivingWall+1"],"picked":"Slimebound:ServeAndProtect","floor":39.0},{"not_picked":["Slimebound:SplitLeeching","Slimebound:FirmFortitude"],"picked":"Slimebound:SlimeSpikes+1","floor":40},{"not_picked":["Slimebound:Recollect+1","Slimebound:Schlurp","Slimebound:FirmFortitude"],"picked":"SKIP","floor":42},{"not_picked":["Slimebound:SplitAcid","Slimebound:ComboTackle"],"picked":"Slimebound:FinishingTackle+1","floor":43},{"not_picked":["Slimebound:RainOfGoop","Slimebound:Teamwork","Slimebound:ViciousTackle"],"picked":"SKIP","floor":45},{"not_picked":["Slimebound:ViciousTackle+1","Slimebound:LeechingTouch+1","Slimebound:SplitBruiser"],"picked":"SKIP","floor":48},{"not_picked":["Slimebound:DivideAndConquer+1","Slimebound:ServeAndProtect","Slimebound:Schlurp"],"picked":"SKIP","floor":49}],"player_experience":597096,"relics_obtained":[{"floor":3.0,"key":"Blood Vial"},{"floor":7.0,"key":"Kunai"},{"floor":8.0,"key":"Bottled Flame"},{"floor":23.0,"key":"Happy Flower"},{"floor":24.0,"key":"Letter Opener"},{"floor":27.0,"key":"Dream Catcher"},{"floor":40,"key":"Ancient Tea Set"},{"floor":45,"key":"Bag of Preparation"}],"event_choices":[{"damage_healed":0.0,"max_hp_gain":0.0,"max_hp_loss":0.0,"gold_gain":0.0,"event_name":"Ghosts","player_choice":"Ignored","floor":30.0,"gold_loss":0.0,"damage_taken":0.0},{"damage_healed":0.0,"max_hp_gain":0.0,"max_hp_loss":0.0,"gold_gain":0.0,"event_name":"Vampires","player_choice":"Ignored","floor":31.0,"gold_loss":0.0,"damage_taken":0.0}],"is_beta":false,"boss_relics":[{"not_picked":["Empty Cage","Velvet Choker"],"picked":"SacredBark"},{"not_picked":["Coffee Dripper","Tiny House"],"picked":"Slimebound:AbsorbEndCombatUpgraded"}],"items_purged_floors":[13,44,46],"is_endless":false,"potions_floor_spawned":[10,12,16,19,22,25,27,32,33,40,42,48,49],"ascension_level":4}}