{"host":"qvl114e0jmbc6yhm","time":1608862209,"event":{"mods":["Act Like it!","BaseMod","Hermit","Highlight Path","Hubris","Jedi Mod","Marisa????????","Marked Mod","Minty Spire (QoL Compilation)","Permanent Neow","Random Character Button","Relic Sorter","Relic Stats","Replay The Spire","Shop Mod","Spicy Shops","StSLib","The Jungle","The Runesmith"],"gold_per_floor":[218,230,230,246,246,280,280,280,350,68,94,51,51,62,62,138,138,56,56,87,104,14,14,14],"floor_reached":23,"playtime":760,"items_purged":["Pain","Shame"],"score":338,"play_id":"aca1596b-dcb1-4a28-8003-a1b9e89ac213","local_time":"20201224211009","is_ascension_mode":true,"campfire_choices":[{"data":"jedi:collectorstrike","floor":7,"key":"SMITH"},{"data":"Metallicize","floor":13,"key":"SMITH"},{"data":"Bash","floor":15,"key":"SMITH"}],"circlet_count":0,"master_deck":["AscendersBane","Strike_R","Strike_R","Strike_R","Strike_R","Strike_R","Defend_R","Defend_R","Defend_R","Defend_R","Bash+1","Sword Boomerang","Metallicize+1","jedi:collectorstrike+1","hubris:NaturalOne","ReplayTheSpireMod:IOU","Limit Break","Pot Of Greed","Pot Of Greed","Spot Weakness"],"relics":["Burning Blood","Replay:Wax Seal","hubris:Icosahedron","WarpedTongs","hubris:ChampionShield","Pantograph","Mercury Hourglass","Toy Ornithopter","Potion Belt","Philosopher\u0027s Stone","Grinning Jar"],"acts_visited":["Exordium","TheCity"],"potions_floor_usage":[6,11,11,14,16,21,22,23],"damage_taken":[{"damage":10,"enemies":"Jaw Worm","floor":1,"turns":6},{"damage":1,"enemies":"Cultist","floor":2,"turns":4},{"damage":12,"enemies":"2 Louse","floor":4,"turns":2},{"damage":41,"enemies":"Gremlin Nob","floor":6,"turns":5},{"damage":25,"enemies":"Lagavulin","floor":11,"turns":7},{"damage":20,"enemies":"Exordium Wildlife","floor":14,"turns":4},{"damage":21,"enemies":"Hexaghost","floor":16,"turns":9},{"damage":22,"enemies":"Chosen","floor":18,"turns":5},{"damage":31,"enemies":"3 Byrds","floor":21,"turns":4},{"damage":29,"enemies":"Centurion and Healer","floor":22,"turns":5},{"damage":15,"enemies":"Gremlin Leader","floor":23,"turns":1}],"seed_played":"7752666754872037510","potions_obtained":[{"floor":2,"key":"Swift Potion"},{"floor":11,"key":"Venom Potion"},{"floor":14,"key":"CultistPotion"},{"floor":16,"key":"Adrenaline Potion"},{"floor":21,"key":"Swift Potion"}],"is_trial":false,"path_per_floor":["M","M","?","M","?","E","R","?","T","$","E","$","R","M","R","B",null,"M","?","$","M","M","E"],"character_chosen":"IRONCLAD","items_purchased":["Toy Ornithopter","PowerPotion","SkillPotion","Potion Belt","Spot Weakness"],"campfire_rested":0,"item_purchase_floors":[10,10,10,12,20],"current_hp_per_floor":[64,69,69,63,63,28,28,25,25,25,16,16,16,7,7,22,62,46,46,46,26,8,0,0],"gold":14,"neow_bonus":"HUNDRED_GOLD","is_daily":false,"chose_seed":false,"campfire_upgraded":3,"win_rate":0.0,"timestamp":1608862209,"path_taken":["M","M","?","?","?","E","R","?","T","$","E","$","R","M","R","BOSS","M","?","?","M","M","E"],"items_purchased_type":["Relic","Potion","Potion","Relic","Card"],"build_version":"2020-12-22","purchased_purges":2,"victory":false,"max_hp_per_floor":[75,75,75,75,75,75,75,75,75,75,75,75,75,75,75,75,75,75,75,75,75,75,75,75],"relic_stats":{"counters":[11,52],"Pantograph":25,"obtain_stats":[{"Potion Belt":12,"hubris:Icosahedron":5,"Pantograph":8,"Philosopher\u0027s Stone":17,"hubris:ChampionShield":6,"Replay:Wax Seal":11,"Grinning Jar":19,"Burning Blood":0,"Toy Ornithopter":10,"WarpedTongs":3,"Mercury Hourglass":9},{"Potion Belt":5,"hubris:Icosahedron":3,"Pantograph":4,"Philosopher\u0027s Stone":7,"hubris:ChampionShield":4,"Replay:Wax Seal":5,"Grinning Jar":8,"Burning Blood":0,"Toy Ornithopter":4,"WarpedTongs":2,"Mercury Hourglass":4},{"Potion Belt":24,"hubris:Icosahedron":12,"Pantograph":17,"Philosopher\u0027s Stone":37,"hubris:ChampionShield":17,"Replay:Wax Seal":24,"Grinning Jar":42,"Burning Blood":0,"Toy Ornithopter":17,"WarpedTongs":10,"Mercury Hourglass":17}],"Burning Blood":60,"Toy Ornithopter":35,"WarpedTongs":[42],"Mercury Hourglass":[135]},"card_choices":[{"not_picked":["Shrug It Off","Heavy Blade"],"picked":"Sword Boomerang","floor":1},{"not_picked":["ReplayTheSpireMod:Strike From Hell","hubris:ReadiedAction"],"picked":"Metallicize","floor":2},{"not_picked":["jedi:fear","Havoc"],"picked":"jedi:collectorstrike","floor":4},{"not_picked":["Dual Wield","Body Slam","Perfected Strike"],"picked":"SKIP","floor":6},{"not_picked":["Headbutt","Perfected Strike"],"picked":"jedi:collectorstrike+1","floor":11},{"not_picked":["Dark Embrace","ReplayTheSpireMod:Strike From Hell"],"picked":"jedi:collectorstrike+1","floor":14},{"not_picked":["jedi:collectorstrike+1","Juggernaut"],"picked":"Limit Break","floor":16},{"not_picked":["Run Through","Burning Pact","hubris:ReadiedAction"],"picked":"SKIP","floor":18},{"not_picked":["Run Through","Wild Strike"],"picked":"jedi:collectorstrike+1","floor":21},{"not_picked":["Dual Wield","Perfected Strike"],"picked":"jedi:collectorstrike+1","floor":22}],"player_experience":2396322,"relics_obtained":[{"floor":6,"key":"hubris:ChampionShield"},{"floor":9,"key":"Mercury Hourglass"},{"floor":11,"key":"Replay:Wax Seal"}],"event_choices":[{"damage_healed":0,"gold_gain":0,"player_choice":"Rummage","damage_taken":0,"relics_obtained":["WarpedTongs"],"max_hp_gain":0,"max_hp_loss":0,"event_name":"Accursed Blacksmith","floor":3,"gold_loss":0,"cards_obtained":["Pain"]},{"damage_healed":0,"gold_gain":0,"player_choice":"Success","damage_taken":3,"relics_obtained":["Pantograph"],"max_hp_gain":0,"max_hp_loss":0,"event_name":"Scrap Ooze","floor":8,"gold_loss":0}],"is_beta":false,"boss_relics":[{"not_picked":["hubris:HollowSoul","jedi:hotpepper"],"picked":"Philosopher\u0027s Stone"}],"items_purged_floors":[10,12],"is_endless":false,"potions_floor_spawned":[2,11,14,16,21],"killed_by":"Gremlin Leader","ascension_level":14}}