{"host":"03a85bwj0a5skoit","time":1608908891,"event":{"mods":["BaseMod","Block Reminder","Minty Spire (QoL Compilation)","Relic Stats","StSLib"],"gold_per_floor":[117,131,146,163,313,313,348,423,447,447,459,476,23,37,37,114,114,150,163,173,223,223,223],"floor_reached":22,"playtime":1160,"items_purged":["Doubt"],"score":430,"play_id":"560cf32c-08b3-45b8-8037-8bdd0496068f","local_time":"20201226013811","is_ascension_mode":true,"campfire_choices":[{"floor":6,"key":"REST"},{"data":"MentalFortress","floor":15,"key":"SMITH"}],"circlet_count":0,"master_deck":["AscendersBane","Eruption+1","Vigilance+1","LessonLearned","FlyingSleeves","JustLucky+1","EmptyFist+1","WaveOfTheHand","Adaptation+1","ForeignInfluence+1","WindmillStrike+1","Devotion","MentalFortress+1","Adaptation+1","Halt","ThirdEye+1","ThirdEye+1","FlurryOfBlows","Wish","ThirdEye+1","Meditate","Devotion"],"relics":["Pandora\u0027s Box","Orichalcum","Boot","Lee\u0027s Waffle","PreservedInsect","Runic Pyramid"],"acts_visited":["Exordium","TheCity"],"potions_floor_usage":[7,7,12,20,22],"damage_taken":[{"damage":0,"enemies":"Cultist","floor":1,"turns":2},{"damage":9,"enemies":"Small Slimes","floor":2,"turns":3},{"damage":11,"enemies":"2 Louse","floor":3,"turns":4},{"damage":18,"enemies":"Exordium Wildlife","floor":4,"turns":4},{"damage":0,"enemies":"Gremlin Nob","floor":7,"turns":3},{"damage":20,"enemies":"Exordium Thugs","floor":11,"turns":4},{"damage":7,"enemies":"Blue Slaver","floor":12,"turns":5},{"damage":8,"enemies":"Red Slaver","floor":14,"turns":5},{"damage":30,"enemies":"Hexaghost","floor":16,"turns":6},{"damage":16,"enemies":"Chosen","floor":18,"turns":6},{"damage":14,"enemies":"2 Thieves","floor":19,"turns":4},{"damage":13,"enemies":"Cultist and Chosen","floor":20,"turns":5},{"damage":31,"enemies":"3 Cultists","floor":22,"turns":5}],"seed_played":"-8997240983344278926","potions_obtained":[{"floor":2,"key":"LiquidMemories"},{"floor":4,"key":"Explosive Potion"},{"floor":7,"key":"Weak Potion"},{"floor":14,"key":"LiquidBronze"},{"floor":20,"key":"Fruit Juice"}],"is_trial":false,"path_per_floor":["M","M","M","M","?","R","E","?","T","?","M","M","$","M","R","B",null,"M","M","M","?","M"],"character_chosen":"WATCHER","items_purchased":["Lee\u0027s Waffle","PreservedInsect","Fire Potion"],"campfire_rested":1,"item_purchase_floors":[13,13,13],"current_hp_per_floor":[61,52,41,23,23,43,43,32,32,32,12,5,75,67,67,37,66,50,36,23,23,0,0],"gold":223,"neow_bonus":"BOSS_RELIC","is_daily":false,"chose_seed":false,"campfire_upgraded":1,"win_rate":0.0,"timestamp":1608908891,"path_taken":["M","M","M","M","?","R","E","?","T","?","M","M","$","M","R","BOSS","M","M","M","?","M"],"items_purchased_type":["Relic","Relic","Potion"],"build_version":"2020-12-22","purchased_purges":1,"victory":false,"max_hp_per_floor":[68,68,68,68,68,68,68,68,68,68,68,68,75,75,75,75,75,75,75,75,75,80,80],"relic_stats":{"Lee\u0027s Waffle":70,"counters":[13,56],"Pandora\u0027s Box":["FlyingSleeves","LessonLearned","FlyingSleeves","JustLucky","EmptyFist","WaveOfTheHand","Adaptation","ForeignInfluence"],"PreservedInsect":0,"Orichalcum":[42],"Boot":[25],"obtain_stats":[{"Lee\u0027s Waffle":13,"Pandora\u0027s Box":0,"PreservedInsect":13,"PureWater":0,"Orichalcum":7,"Boot":9,"Runic Pyramid":17},{"Lee\u0027s Waffle":7,"Pandora\u0027s Box":0,"PreservedInsect":7,"PureWater":0,"Orichalcum":5,"Boot":5,"Runic Pyramid":9},{"Lee\u0027s Waffle":25,"Pandora\u0027s Box":0,"PreservedInsect":25,"PureWater":0,"Orichalcum":16,"Boot":16,"Runic Pyramid":36}]},"card_choices":[{"not_picked":["JustLucky","FlyingSleeves"],"picked":"WindmillStrike","floor":1},{"not_picked":["PathToVictory","Evaluate"],"picked":"Devotion","floor":2},{"not_picked":["BowlingBash","ForeignInfluence"],"picked":"MentalFortress","floor":3},{"not_picked":["Consecrate","CrushJoints","SignatureMove"],"picked":"SKIP","floor":4},{"not_picked":["BowlingBash","JustLucky"],"picked":"Adaptation","floor":7},{"not_picked":["Indignation","JustLucky"],"picked":"ThirdEye","floor":11},{"not_picked":["Halt","Indignation"],"picked":"ThirdEye","floor":12},{"not_picked":["WaveOfTheHand","JustLucky"],"picked":"FlurryOfBlows","floor":14},{"not_picked":["Vault","MasterReality"],"picked":"Wish","floor":16},{"not_picked":["SignatureMove","Crescendo"],"picked":"ThirdEye+1","floor":18},{"not_picked":["Indignation","ThirdEye"],"picked":"Meditate","floor":19},{"not_picked":["WindmillStrike","Crescendo"],"picked":"Devotion","floor":20}],"player_experience":2310962,"relics_obtained":[{"floor":7,"key":"Orichalcum"},{"floor":9,"key":"Boot"}],"event_choices":[{"damage_healed":0,"gold_gain":150,"player_choice":"AGREE","damage_taken":0,"max_hp_gain":0,"max_hp_loss":0,"event_name":"Liars Game","floor":5,"gold_loss":0,"cards_obtained":["Doubt"]},{"damage_healed":0,"gold_gain":75,"player_choice":"Gather Gold","damage_taken":11,"max_hp_gain":0,"max_hp_loss":0,"event_name":"World of Goop","floor":8,"gold_loss":0},{"damage_healed":0,"gold_gain":0,"cards_transformed":["FlyingSleeves"],"player_choice":"Change","damage_taken":0,"max_hp_gain":0,"max_hp_loss":0,"event_name":"Living Wall","floor":10,"gold_loss":0,"cards_obtained":["Halt"]},{"damage_healed":0,"gold_gain":100,"player_choice":"Bet on Murderer","damage_taken":0,"max_hp_gain":0,"max_hp_loss":0,"event_name":"The Joust","floor":21,"gold_loss":50}],"is_beta":false,"boss_relics":[{"not_picked":["Tiny House","Runic Dome"],"picked":"Runic Pyramid"}],"items_purged_floors":[13],"is_endless":false,"potions_floor_spawned":[2,4,7,14,18,20],"killed_by":"3 Cultists","ascension_level":20}}