{"host":"l66odvkqh04jpxx0","time":1608870115,"event":{"mods":["BaseMod","Colored Powertips","Conspire","Hermit","Luminous","Minty Spire (QoL Compilation)","Quick Restart","Replay The Spire","StSLib","The Animator","The Construct","The Cursed","The Mystic","The Servant 0.9.4"],"gold_per_floor":[111,124,141,141,241,273,288,258,283,300,300,319,319,319,319,319,319],"floor_reached":16,"playtime":1677,"items_purged":[],"score":102,"play_id":"33380f61-1b2b-46e9-9320-627a350d303c","local_time":"20201225122155","is_ascension_mode":false,"campfire_choices":[{"floor":11,"key":"RECALL"},{"floor":13,"key":"REST"},{"data":"Deadly Poison","floor":15,"key":"SMITH"}],"circlet_count":0,"master_deck":["Strike_G","Strike_G","Strike_G","Strike_G","Strike_G","Defend_G","Defend_G","Defend_G","Defend_G","Defend_G","Survivor","Neutralize","Deadly Poison+1"],"relics":["SlaversCollar","Centennial Puzzle"],"acts_visited":["Exordium"],"potions_floor_usage":[6,16,16],"damage_taken":[{"damage":18.0,"enemies":"infinitespire:Voidling","floor":1.0,"turns":6.0},{"damage":0,"enemies":"conspire:RoseBush","floor":2,"turns":4},{"damage":1,"enemies":"Cultist","floor":3,"turns":5},{"damage":6,"enemies":"Replay:BlueRogue","floor":6,"turns":7},{"damage":15,"enemies":"Large Slime","floor":7,"turns":7},{"damage":0,"enemies":"Looter","floor":8,"turns":4},{"damage":10,"enemies":"Lots of Slimes","floor":10,"turns":6},{"damage":2,"enemies":"Blue Slaver","floor":12,"turns":5},{"damage":71,"enemies":"Fading Forest","floor":16,"turns":9}],"seed_played":"7535540140184003382","potions_obtained":[{"floor":2,"key":"PowerPotion"},{"floor":3,"key":"Elixir"},{"floor":7,"key":"BlessingOfTheForge"},{"floor":12,"key":"SpeedPotion"}],"is_trial":false,"path_per_floor":["M","M","M","?","?","E","M","M","T","M","R","M","R","?","R","B"],"character_chosen":"THE_SILENT","items_purchased":[],"campfire_rested":1,"item_purchase_floors":[],"current_hp_per_floor":[62,62,61,61,61,55,40,40,40,30,30,28,49,49,49,0,0],"gold":319,"neow_bonus":"BOSS_RELIC","is_daily":false,"chose_seed":false,"campfire_upgraded":1,"win_rate":0.0,"timestamp":1608870115,"path_taken":["M","?","M","?","?","E","M","?","T","M","R","M","R","?","R","BOSS"],"items_purchased_type":[],"build_version":"2020-12-22","purchased_purges":0,"victory":false,"max_hp_per_floor":[70,70,70,70,70,70,70,70,70,70,70,70,70,70,70,70,70],"card_choices":[{"not_picked":["Deflect","Footwork"],"picked":"Deadly Poison","floor":1},{"not_picked":["Bane","Blade Dance","Distraction"],"picked":"SKIP","floor":2},{"not_picked":["Choke","Cloak And Dagger","Deadly Poison"],"picked":"SKIP","floor":3},{"not_picked":["Underhanded Strike","Finisher","Escape Plan"],"picked":"SKIP","floor":6},{"not_picked":["Flying Knee","Prepared","Slice"],"picked":"SKIP","floor":7},{"not_picked":["Sneak Up","Dagger Spray","Sucker Punch"],"picked":"SKIP","floor":8},{"not_picked":["Deflect","Dagger Spray","Underhanded Strike"],"picked":"SKIP","floor":10},{"not_picked":["Glass Knife","Slice","Distraction"],"picked":"SKIP","floor":12}],"player_experience":56778,"relics_obtained":[{"floor":6,"key":"Centennial Puzzle"}],"event_choices":[{"damage_healed":0,"gold_gain":0,"player_choice":"Leave","damage_taken":0,"max_hp_gain":0,"max_hp_loss":0,"event_name":"conspire:Investor","floor":4,"gold_loss":0},{"damage_healed":0,"gold_gain":100,"player_choice":"Pray","damage_taken":0,"max_hp_gain":0,"max_hp_loss":0,"event_name":"Golden Shrine","floor":5,"gold_loss":0},{"damage_healed":0,"gold_gain":0,"player_choice":"Ignored","damage_taken":0,"max_hp_gain":0,"max_hp_loss":0,"event_name":"Shining Light","floor":14,"gold_loss":0}],"is_beta":false,"boss_relics":[],"items_purged_floors":[],"is_endless":false,"potions_floor_spawned":[2,3,7,12],"killed_by":"Fading Forest","ascension_level":0}}