{"host":"ejwrda5cjllq8zfn","time":1608901794,"event":{"mods":["2.2 Compatiblity","Act Like it!","Astrologer","Bard","BaseMod","Challenge The Spire","Colored Map","Colored Powertips","Defuse TimeMaze Blight","Energized Spire","Gensokyo","Hermit","Highlight Path","Hubris","Infinite Spire","Jorbs\u0027s Wanderer Trilogy","Lobotomy","Mad Scientist","Marisa????????","Minty Spire (QoL Compilation)","Random Character Button","Replay The Spire","Somnambulant","StSLib","SuperFastMode","The Bladedancer","The Cursed","The Disciple","The Florist","The Gatherer","The Hayseed","The Hierophant","The Juggle","The Jungle","The Mystic","The Necromancer","The Poker Player","The Problem Sleuth","The Spell Scribe","The Valiant","TheFirefly","Unceasing Turn Reminder","vexMod"],"gold_per_floor":[117,117,136,26856,26866,26866,26885,26885,26885],"floor_reached":8,"playtime":299,"items_purged":["somnambulantmod: SomnambulantStrike"],"score":123,"play_id":"8cbd50c8-515b-4e0a-8bb3-f4fdb61582d9","local_time":"20201225140954","is_ascension_mode":false,"campfire_choices":[{"data":"somnambulantmod: DarkeningMind","floor":6,"key":"SMITH"}],"circlet_count":0,"master_deck":["somnambulantmod: SomnambulantStrike+1","somnambulantmod: SomnambulantStrike","somnambulantmod: SomnambulantStrike","somnambulantmod: SomnambulantStrike","somnambulantmod: Defend_Somnambulant","somnambulantmod: Defend_Somnambulant","somnambulantmod: Defend_Somnambulant","somnambulantmod: Defend_Somnambulant","somnambulantmod: Defend_Somnambulant","somnambulantmod: QuickNap+1","somnambulantmod: PrimingPunch","somnambulantmod: Hush+1","somnambulantmod: DeeperSleep+1","somnambulantmod: DarkeningMind+1","somnambulantmod: LightSleeper"],"relics":["somnambulantmod: DreamJournal","Question Card","vexMod:PaidLearning"],"acts_visited":["Exordium"],"potions_floor_usage":[],"damage_taken":[{"damage":9,"enemies":"Cultist","floor":1,"turns":5},{"damage":0,"enemies":"Small Slimes","floor":3,"turns":3},{"damage":9,"enemies":"2 Louse","floor":5,"turns":5},{"damage":37,"enemies":"Red Slaver","floor":7,"turns":5},{"damage":16,"enemies":"Gremlin Nob","floor":8,"turns":3}],"seed_played":"-92856995074389001","potions_obtained":[{"floor":7,"key":"Block Potion"}],"is_trial":false,"path_per_floor":["M","T","M","$","M","R","M","E"],"character_chosen":"THE_SOMNAMBULANT","items_purchased":["vexMod:PaidLearning","somnambulantmod: DeeperSleep+1"],"campfire_rested":0,"item_purchase_floors":[4,4],"current_hp_per_floor":[61,61,61,61,52,52,15,0,0],"gold":26885,"neow_bonus":"RANDOM_EVENT","is_daily":false,"chose_seed":false,"campfire_upgraded":1,"win_rate":0.0,"timestamp":1608901794,"path_taken":["M","?","M","$","?","R","M","E"],"items_purchased_type":["Relic","Card"],"build_version":"2020-12-22","purchased_purges":1,"victory":false,"max_hp_per_floor":[70,70,70,70,70,70,70,70,70],"card_choices":[{"not_picked":["somnambulantmod: Harden","somnambulantmod: Blink"],"picked":"somnambulantmod: Hush","floor":1},{"not_picked":["somnambulantmod: PourItOut","somnambulantmod: Reject","somnambulantmod: MindWave","somnambulantmod: Extract"],"picked":"SKIP","floor":3},{"not_picked":["somnambulantmod: Extract","somnambulantmod: LeechFears","somnambulantmod: TimeCompression"],"picked":"somnambulantmod: DarkeningMind","floor":5},{"not_picked":["somnambulantmod: LeechFears","somnambulantmod: SleepingBody","somnambulantmod: BrainFeeder"],"picked":"somnambulantmod: LightSleeper","floor":7}],"player_experience":196365,"relics_obtained":[{"floor":2,"key":"Question Card"}],"event_choices":[],"is_beta":false,"boss_relics":[],"items_purged_floors":[4],"is_endless":false,"potions_floor_spawned":[7],"killed_by":"Gremlin Nob","ascension_level":0}}