{"host":"3jjxuhjpio8e4zkv","time":1608859546,"event":{"mods":["BaseMod","Colored Map","Highlight Path","Minty Spire (QoL Compilation)","Permanent Neow","Relic Stats","StSLib"],"gold_per_floor":[113,124,143,143,154,188,188,215,215,242,262,262,187,187,187,265,265,278,296,296,307,307,338,338,349,401,434,458,76,111,129,129,207,207,217,217,1216,1256,906,906,354,354,354,380,380,380,380,414,414,414,414,414,160,191,191],"floor_reached":56,"playtime":1700,"items_purged":["Strike_P","Prostrate+1","Normality","Normality","Defend_P"],"score":3040,"play_id":"3244cfae-0428-47c7-89a7-4b7cae30a5b1","local_time":"20201224202546","is_ascension_mode":true,"campfire_choices":[{"data":"Ragnarok","floor":7,"key":"SMITH"},{"data":"Omniscience","floor":12,"key":"SMITH"},{"data":"Eruption","floor":15,"key":"SMITH"},{"floor":24,"key":"REST"},{"data":"Defend_P","floor":32,"key":"PURGE"},{"data":"Ragnarok","floor":40,"key":"SMITH"},{"data":"Wallop","floor":42,"key":"SMITH"},{"floor":45,"key":"RECALL"},{"data":"HandOfGreed","floor":47,"key":"SMITH"},{"data":"PanicButton","floor":49,"key":"SMITH"},{"data":"Indignation","floor":52,"key":"SMITH"}],"circlet_count":0,"master_deck":["AscendersBane","Defend_P","Eruption+1","Vigilance","Ragnarok+1","Crescendo+1","Indignation+1","Omniscience+1","Wallop+1","Blasphemy","WreathOfFlame+1","Tantrum+1","ClearTheMind+1","Perseverance+1","Wireheading+1","Omniscience","Ragnarok+1","HandOfGreed+1","PanicButton+1","TalkToTheHand+1","Wallop+1"],"relics":["PureWater","Tiny Chest","Ice Cream","Calipers","Darkstone Periapt","Astrolabe","CultistMask","Peace Pipe","Orichalcum","Incense Burner","Membership Card","Eternal Feather","Anchor","Snecko Eye","Bag of Marbles","Juzu Bracelet","Orrery","Mummified Hand","TungstenRod","Strange Spoon","Singing Bowl","Du-Vu Doll","GoldenEye","CeramicFish","Lantern","Strawberry","Nunchaku"],"acts_visited":["Exordium","TheCity","TheBeyond","TheEnding"],"potions_floor_usage":[6,8,10,10,33],"damage_taken":[{"damage":0,"enemies":"Jaw Worm","floor":1,"turns":3},{"damage":0,"enemies":"2 Louse","floor":2,"turns":2},{"damage":0,"enemies":"Cultist","floor":3,"turns":2},{"damage":0,"enemies":"Large Slime","floor":5,"turns":2},{"damage":0,"enemies":"Lagavulin","floor":6,"turns":4},{"damage":0,"enemies":"Gremlin Nob","floor":8,"turns":2},{"damage":20,"enemies":"3 Sentries","floor":10,"turns":5},{"damage":0,"enemies":"Lots of Slimes","floor":11,"turns":1},{"damage":0,"enemies":"The Guardian","floor":16,"turns":6},{"damage":12,"enemies":"2 Thieves","floor":18,"turns":2},{"damage":0,"enemies":"Chosen","floor":19,"turns":1},{"damage":16,"enemies":"Centurion and Healer","floor":21,"turns":4},{"damage":23,"enemies":"Book of Stabbing","floor":23,"turns":2},{"damage":0,"enemies":"3 Cultists","floor":25,"turns":2},{"damage":0,"enemies":"Slavers","floor":27,"turns":1},{"damage":0,"enemies":"Gremlin Leader","floor":30,"turns":1},{"damage":0,"enemies":"Snake Plant","floor":31,"turns":2},{"damage":0,"enemies":"Champ","floor":33,"turns":2},{"damage":0,"enemies":"Orb Walker","floor":35,"turns":1},{"damage":0,"enemies":"3 Shapes","floor":38,"turns":1},{"damage":0,"enemies":"Reptomancer","floor":44,"turns":2},{"damage":0,"enemies":"Giant Head","floor":48,"turns":1},{"damage":0,"enemies":"Donu and Deca","floor":50,"turns":4},{"damage":0,"enemies":"Shield and Spear","floor":54,"turns":1},{"damage":0,"enemies":"The Heart","floor":55,"turns":6}],"seed_played":"2335997966190076069","potions_obtained":[{"floor":2,"key":"AttackPotion"},{"floor":5,"key":"DuplicationPotion"},{"floor":8,"key":"EntropicBrew"},{"floor":11,"key":"Strength Potion"},{"floor":16,"key":"GamblersBrew"},{"floor":23,"key":"SneckoOil"},{"floor":25,"key":"FearPotion"},{"floor":38,"key":"Swift Potion"}],"is_trial":false,"path_per_floor":["M","M","M","?","M","E","R","E","T","E","M","R","$","?","R","B",null,"M","M","?","M","?","E","R","M","T","E","T","$","E","M","R","B",null,"M","?","?","M","$","R","$","R","T","E","R","T","R","E","R","B",null,"R","$","E","B",null],"character_chosen":"WATCHER","items_purchased":["Membership Card","SteroidPotion","Eternal Feather","Bag of Marbles","Juzu Bracelet","Orrery","Ancient Potion","Mummified Hand","TungstenRod","Strange Spoon","Wallop","Ancient Potion","Lantern","Strawberry"],"campfire_rested":1,"item_purchase_floors":[29,29,29,39,39,39,39,41,41,41,41,41,53,53],"current_hp_per_floor":[61,61,61,61,61,61,61,61,61,41,41,41,41,41,41,41,61,49,49,49,33,33,10,30,30,30,30,30,30,30,30,39,39,61,61,51,63,63,63,75,75,80,80,82,82,82,82,84,84,84,84,84,91,93,93],"gold":191,"neow_bonus":"TRANSFORM_CARD","is_daily":false,"chose_seed":false,"campfire_upgraded":8,"win_rate":0.0,"timestamp":1608859546,"path_taken":["M","M","M","?","M","E","R","E","T","E","M","R","$","?","R","BOSS","M","M","?","M","?","E","R","M","T","E","?","?","E","M","R","BOSS","M","?","?","M","$","R","$","R","T","E","R","?","R","E","R","BOSS","R","$","E","BOSS"],"items_purchased_type":["Relic","Potion","Relic","Relic","Relic","Relic","Potion","Relic","Relic","Relic","Card","Potion","Relic","Relic"],"build_version":"2020-12-22","purchased_purges":5,"victory":true,"max_hp_per_floor":[68,68,68,68,68,68,68,68,68,68,68,68,68,68,68,68,68,68,68,68,68,68,68,68,68,68,68,68,68,68,68,68,68,68,68,68,80,80,80,80,80,80,80,82,82,82,82,84,84,84,84,84,91,93,93],"relic_stats":{"Darkstone Periapt":12,"Singing Bowl":6,"counters":[25,60],"Astrolabe":["WreathOfFlame","Tantrum","Prostrate"],"CeramicFish":0,"Eternal Feather":26,"Juzu Bracelet":0,"Orichalcum":[0],"GoldenEye":[2],"Peace Pipe":2,"Strange Spoon":[20],"Nunchaku":[1],"Mummified Hand":[1],"Snecko Eye":[25,30,17,28],"Tiny Chest":2,"obtain_stats":[{"Ice Cream":8,"Darkstone Periapt":10,"Lantern":53,"Calipers":9,"Singing Bowl":43,"CeramicFish":48,"Incense Burner":27,"Juzu Bracelet":39,"Nunchaku":54,"Mummified Hand":41,"Strawberry":53,"Tiny Chest":6,"Astrolabe":17,"Eternal Feather":29,"Orichalcum":26,"GoldenEye":46,"Peace Pipe":23,"Du-Vu Doll":44,"Strange Spoon":41,"Anchor":30,"Snecko Eye":34,"Orrery":39,"CultistMask":22,"Bag of Marbles":39,"Membership Card":29,"PureWater":0,"TungstenRod":41},{"Ice Cream":6,"Darkstone Periapt":7,"Lantern":23,"Calipers":6,"Singing Bowl":20,"CeramicFish":22,"Incense Burner":15,"Juzu Bracelet":20,"Nunchaku":24,"Mummified Hand":20,"Strawberry":23,"Tiny Chest":5,"Astrolabe":9,"Eternal Feather":15,"Orichalcum":14,"GoldenEye":21,"Peace Pipe":13,"Du-Vu Doll":21,"Strange Spoon":20,"Anchor":16,"Snecko Eye":18,"Orrery":20,"CultistMask":12,"Bag of Marbles":20,"Membership Card":15,"PureWater":0,"TungstenRod":20},{"Ice Cream":15,"Darkstone Periapt":20,"Lantern":53,"Calipers":15,"Singing Bowl":46,"CeramicFish":49,"Incense Burner":39,"Juzu Bracelet":46,"Nunchaku":54,"Mummified Hand":46,"Strawberry":53,"Tiny Chest":13,"Astrolabe":27,"Eternal Feather":39,"Orichalcum":38,"GoldenEye":48,"Peace Pipe":36,"Du-Vu Doll":48,"Strange Spoon":46,"Anchor":40,"Snecko Eye":44,"Orrery":46,"CultistMask":34,"Bag of Marbles":46,"Membership Card":39,"PureWater":0,"TungstenRod":46}],"TungstenRod":0},"card_choices":[{"not_picked":["Evaluate","SashWhip","FlurryOfBlows"],"picked":"SKIP","floor":1},{"not_picked":["JustLucky","Swivel"],"picked":"Crescendo","floor":2},{"not_picked":["ClearTheMind","ForeignInfluence"],"picked":"Indignation","floor":3},{"not_picked":["BowlingBash","FlurryOfBlows","Consecrate"],"picked":"SKIP","floor":5},{"not_picked":["LikeWater","Vengeance","Judgement"],"picked":"SKIP","floor":6},{"not_picked":["ForeignInfluence","WindmillStrike"],"picked":"Omniscience","floor":8},{"not_picked":["WheelKick","FlyingSleeves","FlurryOfBlows"],"picked":"SKIP","floor":10},{"not_picked":["JustLucky","Perseverance"],"picked":"Wallop","floor":11},{"not_picked":["Devotion","Vault"],"picked":"Blasphemy","floor":16},{"not_picked":["CrushJoints","ThirdEye"],"picked":"ClearTheMind+1","floor":18},{"not_picked":["Indignation","JustLucky+1","FollowUp"],"picked":"SKIP","floor":19},{"not_picked":["Protect","Conclude"],"picked":"Perseverance+1","floor":21},{"not_picked":["Crescendo+1","FlurryOfBlows"],"picked":"Wireheading+1","floor":23},{"not_picked":["SashWhip","Adaptation"],"picked":"Omniscience","floor":25},{"not_picked":["FlyingSleeves","JustLucky","ThirdEye"],"picked":"SKIP","floor":27},{"not_picked":["WheelKick","EmptyFist+1","JustLucky"],"picked":"SKIP","floor":30},{"not_picked":["Protect","ReachHeaven","WreathOfFlame"],"picked":"SKIP","floor":31},{"not_picked":["DeusExMachina","DevaForm"],"picked":"Ragnarok","floor":33},{"not_picked":["BowlingBash+1","CutThroughFate","SashWhip"],"picked":"SKIP","floor":35},{"not_picked":["BowlingBash+1","CutThroughFate","SashWhip"],"picked":"SKIP","floor":35},{"not_picked":["Blind","Thinking Ahead"],"picked":"HandOfGreed","floor":36},{"not_picked":["Transmutation","Trip"],"picked":"PanicButton","floor":36},{"not_picked":["WaveOfTheHand","EmptyMind","ClearTheMind+1"],"picked":"SKIP","floor":38},{"not_picked":["WreathOfFlame","Prostrate"],"picked":"TalkToTheHand+1","floor":39},{"not_picked":["CutThroughFate","Alpha","EmptyFist+1"],"picked":"Singing Bowl","floor":44},{"not_picked":["Crescendo","Evaluate","Adaptation"],"picked":"Singing Bowl","floor":48},{"not_picked":["Crescendo","WindmillStrike+1","Pray+1"],"picked":"Singing Bowl","floor":54}],"player_experience":1113397,"relics_obtained":[{"floor":6,"key":"Tiny Chest"},{"floor":8,"key":"Ice Cream"},{"floor":9,"key":"Calipers"},{"floor":10,"key":"Darkstone Periapt"},{"floor":23,"key":"Peace Pipe"},{"floor":26,"key":"Orichalcum"},{"floor":27,"key":"Incense Burner"},{"floor":30,"key":"Anchor"},{"floor":43,"key":"Singing Bowl"},{"floor":44,"key":"Du-Vu Doll"},{"floor":46,"key":"GoldenEye"},{"floor":48,"key":"CeramicFish"},{"floor":54,"key":"Nunchaku"}],"event_choices":[{"damage_healed":0,"gold_gain":0,"player_choice":"Grow","damage_taken":0,"max_hp_gain":0,"max_hp_loss":0,"event_name":"Living Wall","floor":4,"gold_loss":0,"cards_upgraded":["Crescendo"]},{"damage_healed":0,"gold_gain":0,"player_choice":"Forge","damage_taken":0,"max_hp_gain":0,"max_hp_loss":0,"event_name":"Accursed Blacksmith","floor":14,"gold_loss":0,"cards_upgraded":["Wallop"]},{"damage_healed":0,"gold_gain":0,"player_choice":"Ignored","damage_taken":0,"max_hp_gain":0,"max_hp_loss":0,"event_name":"Vampires","floor":20,"gold_loss":0},{"damage_healed":0,"gold_gain":0,"player_choice":"Trade","damage_taken":0,"relics_obtained":["CultistMask"],"max_hp_gain":0,"max_hp_loss":0,"event_name":"FaceTrader","floor":22,"gold_loss":0},{"damage_healed":0,"gold_gain":0,"player_choice":"Memory 3","damage_taken":10,"max_hp_gain":0,"max_hp_loss":0,"event_name":"SensoryStone","floor":36,"gold_loss":0},{"damage_healed":0,"gold_gain":999,"player_choice":"Gold","damage_taken":0,"max_hp_gain":0,"max_hp_loss":0,"event_name":"MindBloom","floor":37,"gold_loss":0,"cards_obtained":["Normality","Normality"]}],"is_beta":false,"boss_relics":[{"not_picked":["Velvet Choker","Ectoplasm"],"picked":"Astrolabe"},{"not_picked":["Calling Bell","Philosopher\u0027s Stone"],"picked":"Snecko Eye"}],"items_purged_floors":[13,29,39,41,53],"is_endless":false,"potions_floor_spawned":[2,5,8,11,16,19,23,25,30,38,48,54],"ascension_level":19}}