{"host":"8t4zx4b1kle5u57h","time":1608882023,"event":{"mods":["BaseMod","Downfall","Minty Spire (QoL Compilation)","Rare Cards Sparkle","StSLib"],"gold_per_floor":[99,99,99,274,274,305,305,230,259,277,277,322,322,353,368,465,465,465,465,465,465,465,465,465,465,465,465,465,465,465,465,465,465,465],"floor_reached":33,"playtime":1881,"items_purged":[],"score":379,"play_id":"7a5e686a-df52-4a01-a53d-ed08c79298f7","local_time":"20201224234023","is_ascension_mode":true,"campfire_choices":[{"floor":1,"key":"RECALL"},{"data":"sneckomod:SoulDraw","floor":8,"key":"SMITH"},{"data":"sneckomod:CheapStock","floor":11,"key":"SMITH"},{"data":"sneckomod:WideSting","floor":13,"key":"SMITH"},{"data":"sneckomod:SnekBite","floor":18,"key":"SMITH"},{"data":"sneckomod:Unknown2Cost","floor":23,"key":"SMITH"},{"floor":26,"key":"REST"}],"circlet_count":0,"master_deck":["sneckomod:Strike","sneckomod:Strike+1","sneckomod:Strike","sneckomod:Defend","sneckomod:Defend","sneckomod:Defend","sneckomod:TailWhip","sneckomod:SnekBite+1","sneckomod:Unknown","sneckomod:Unknown","sneckomod:UnknownCommonAttack+1","sneckomod:UnknownWeak","sneckomod:SoulDraw+1","sneckomod:Unknown2Cost+1","sneckomod:CheapStock+1","sneckomod:WideSting+1","sneckomod:QuickBite","sneckomod:UnknownClassRED","sneckomod:SerpentMind","sneckomod:TrashToTreasure+1","sneckomod:ImprovisedAttack+1","sneckomod:UnknownCommonAttack","sneckomod:SnekBeam","sneckomod:SoulDraw+1","sneckomod:SerpentIdol","Writhe","sneckomod:UnknownVulnerable"],"relics":["sneckomod:SneckoSoul","downfall:HeartsMalice","Oddly Smooth Stone","Thread and Needle","downfall:HeartBlessingRed","Vajra","Whetstone","Unceasing Top","downfall:Hecktoplasm","Happy Flower","Juzu Bracelet","Toy Ornithopter","Molten Egg 2"],"acts_visited":["Exordium","TheCity"],"potions_floor_usage":[33,33],"damage_taken":[{"damage":0,"enemies":"Small Slimes","floor":2,"turns":1},{"damage":0,"enemies":"Jaw Worm","floor":3,"turns":1},{"damage":0,"enemies":"Lagavulin","floor":6,"turns":1},{"damage":20,"enemies":"3 Sentries","floor":9,"turns":5},{"damage":0,"enemies":"Cultist","floor":10,"turns":4},{"damage":14,"enemies":"Gremlin Nob","floor":12,"turns":4},{"damage":11,"enemies":"3 Sentries","floor":14,"turns":4},{"damage":6,"enemies":"Blue Slaver","floor":15,"turns":3},{"damage":27,"enemies":"downfall:Silent","floor":16,"turns":6},{"damage":1,"enemies":"3 Byrds","floor":19,"turns":5},{"damage":0,"enemies":"Spheric Guardian","floor":20,"turns":3},{"damage":19,"enemies":"Shelled Parasite and Fungi","floor":21,"turns":6},{"damage":51,"enemies":"Book of Stabbing","floor":25,"turns":6},{"damage":16,"enemies":"3 Cultists","floor":27,"turns":4},{"damage":0,"enemies":"Gremlin Leader","floor":29,"turns":5},{"damage":2,"enemies":"Snecko","floor":30,"turns":3},{"damage":31,"enemies":"Shelled Parasite and Fungi","floor":32,"turns":4},{"damage":25,"enemies":"downfall:Ironclad","floor":33,"turns":4}],"seed_played":"-6957989371670062071","potions_obtained":[{"floor":10,"key":"BlessingOfTheForge"},{"floor":12,"key":"GamblersBrew"},{"floor":14,"key":"CultistPotion"},{"floor":22,"key":"CultistPotion"}],"is_trial":false,"path_per_floor":["R","M","M","?","?","E","T","R","E","M","R","E","R","E","M","B",null,"R","M","M","M","?","R","T","E","R","M","?","E","M","?","M","B"],"character_chosen":"THE_SNECKO","items_purchased":[],"campfire_rested":1,"item_purchase_floors":[],"current_hp_per_floor":[90,91,92,92,92,92,92,92,73,73,73,59,59,48,43,16,94,94,93,93,75,75,75,75,24,52,36,36,36,34,34,4,0,0],"gold":465,"neow_bonus":"THREE_ENEMY_KILL","is_daily":false,"chose_seed":false,"campfire_upgraded":5,"win_rate":0.0,"timestamp":1608882023,"path_taken":["R","M","M","?","?","E","T","R","E","?","R","E","R","E","M","BOSS","R","M","M","M","?","R","T","E","R","M","?","E","M","?","M","BOSS"],"items_purchased_type":[],"build_version":"2020-12-22","purchased_purges":0,"victory":false,"max_hp_per_floor":[90,91,92,92,92,92,92,92,93,93,93,93,93,93,94,94,94,94,94,94,95,95,95,95,95,95,95,95,95,95,95,96,96,96],"card_choices":[{"not_picked":["sneckomod:DiceCrush","sneckomod:DefensiveFlair"],"picked":"sneckomod:UnknownCommonAttack","floor":2},{"not_picked":["sneckomod:UnknownUncommonSkill","sneckomod:DiceCrush"],"picked":"sneckomod:UnknownWeak","floor":3},{"not_picked":["sneckomod:QuickBite","sneckomod:UnknownUncommonPower"],"picked":"sneckomod:SoulDraw","floor":6},{"not_picked":["sneckomod:DiceCrush","sneckomod:UnknownClassPURPLE"],"picked":"sneckomod:Unknown2Cost","floor":9},{"not_picked":["sneckomod:UnknownClassPURPLE","sneckomod:UnknownCommonAttack"],"picked":"sneckomod:CheapStock","floor":10},{"not_picked":["sneckomod:UnknownCommonAttack","sneckomod:Nope"],"picked":"sneckomod:WideSting","floor":12},{"not_picked":["sneckomod:UnknownClassPURPLE","sneckomod:RainOfDice"],"picked":"sneckomod:QuickBite","floor":14},{"not_picked":["sneckomod:SoulDraw","sneckomod:UnknownVulnerable"],"picked":"sneckomod:UnknownClassRED","floor":15},{"not_picked":["sneckomod:Mudshield","sneckomod:Cheat"],"picked":"sneckomod:SerpentMind","floor":16},{"not_picked":["sneckomod:UnknownCommonSkill","sneckomod:DefensiveFlair"],"picked":"sneckomod:TrashToTreasure","floor":19},{"not_picked":["sneckomod:DiceBlock","sneckomod:UnknownUncommonSkill"],"picked":"sneckomod:ImprovisedAttack+1","floor":20},{"not_picked":["sneckomod:UnknownWeak","sneckomod:WideSting"],"picked":"sneckomod:UnknownCommonAttack","floor":21},{"not_picked":["sneckomod:RainOfDice","sneckomod:UnknownBlock"],"picked":"sneckomod:SnekBeam","floor":25},{"not_picked":["sneckomod:WideSting","sneckomod:UnknownColorless","sneckomod:SoulRoll"],"picked":"SKIP","floor":27},{"not_picked":["sneckomod:UnknownUncommonAttack","sneckomod:QuickBite"],"picked":"sneckomod:SoulDraw+1","floor":29},{"not_picked":["sneckomod:DiceCrush","sneckomod:MasterEye"],"picked":"sneckomod:SerpentIdol","floor":30},{"not_picked":["sneckomod:TrashToTreasure+1","sneckomod:QuickMove"],"picked":"sneckomod:UnknownVulnerable","floor":32}],"player_experience":77424,"relics_obtained":[{"floor":6,"key":"Oddly Smooth Stone"},{"floor":7,"key":"Thread and Needle"},{"floor":9,"key":"Vajra"},{"floor":12,"key":"Whetstone"},{"floor":14,"key":"Unceasing Top"},{"floor":24,"key":"Happy Flower"},{"floor":25,"key":"Juzu Bracelet"},{"floor":29,"key":"Toy Ornithopter"}],"event_choices":[{"cards_removed":["Doubt"],"damage_healed":0,"gold_gain":0,"player_choice":"Card Removal","damage_taken":0,"max_hp_gain":0,"max_hp_loss":0,"event_name":"Wheel of Change","floor":5,"gold_loss":0},{"damage_healed":0,"gold_gain":0,"player_choice":"Ignored","damage_taken":0,"max_hp_gain":0,"max_hp_loss":0,"event_name":"Vampires","floor":28,"gold_loss":0}],"is_beta":false,"boss_relics":[{"not_picked":["Philosopher\u0027s Stone","Fusion Hammer"],"picked":"downfall:Hecktoplasm"}],"items_purged_floors":[],"is_endless":false,"potions_floor_spawned":[10,12,14,15,19,20,30,32],"killed_by":"downfall:Ironclad","ascension_level":1}}