{"host":"vj8ayykh40xqfkaq","time":1608908045,"event":{"mods":["BaseMod","Bestiary","Colored Map","Downfall","Minty Spire (QoL Compilation)","StSLib"],"gold_per_floor":[99,116,135,7,24,58,104,29,45,195,45,55,55,55,73,174,174,174,184,213,213,213,226,300,600,30,45,45,58,58,71,89,193,193,193,204,221,221,231,265,342,353,353,353,366,384,400,425,437,437],"floor_reached":51,"playtime":2981,"items_purged":[],"score":740,"play_id":"ffeee4db-0ae2-4950-bf86-d5ae530d19f7","local_time":"20201225165405","is_ascension_mode":false,"campfire_choices":[{"floor":1,"key":"RECALL"},{"data":"Apotheosis","floor":8,"key":"SMITH"},{"data":"Guardian:ChargeUp","floor":11,"key":"SMITH"},{"data":"Guardian:TwinSlam","floor":13,"key":"SMITH"},{"data":"Guardian:FuturePlans","floor":18,"key":"SMITH"},{"data":"Guardian:CompilePackage","floor":28,"key":"SMITH"},{"data":"Guardian:CurlUp","floor":30,"key":"SMITH"},{"data":"Guardian:DecasProtection","floor":35,"key":"SMITH"},{"floor":44,"key":"REST"}],"circlet_count":0,"master_deck":["Guardian:Strike_Guardian","Guardian:Strike_Guardian","Guardian:Strike_Guardian","Guardian:Strike_Guardian","Guardian:Defend_Guardian","Guardian:Defend_Guardian","Guardian:Defend_Guardian","Guardian:Defend_Guardian","Guardian:CurlUp+1","Guardian:TwinSlam+1","Apotheosis+1","Guardian:Recover","Guardian:Emergency","Guardian:ArmoredProtocol","Guardian:ChargeUp+1","Guardian:DecasProtection+1","Slimebound:Icky","Guardian:FuturePlans+1","Shame","Guardian:Emergency+1","Guardian:CompilePackage+1","Guardian:VentSteam","Guardian:TimeCapacitor","Guardian:Reroute+1","Guardian:ShieldSpikes+1","Guardian:Orbwalk","Guardian:EvasiveProtocol","Doubt","Guardian:FloatingOrbs+1","Guardian:FloatingOrbs+1","Guardian:ShieldCharger+1"],"relics":["Guardian:ModeShifterPlus","Bag of Marbles","downfall:HeartBlessingBlue","downfall:HeartBlessingRed","downfall:HeartBlessingGreen","Red Mask","Du-Vu Doll","Mercury Hourglass","Old Coin","MealTicket","Question Card","Cursed Key","Calipers","Eternal Feather","Toxic Egg 2"],"acts_visited":["Exordium","TheCity","TheBeyond"],"potions_floor_usage":[6,20,33,50,50],"damage_taken":[{"damage":10,"enemies":"2 Louse","floor":2,"turns":3},{"damage":1,"enemies":"Jaw Worm","floor":3,"turns":4},{"damage":2,"enemies":"downfall:FleeingMerchant","floor":4,"turns":4},{"damage":0,"enemies":"Cultist","floor":5,"turns":4},{"damage":34,"enemies":"Gremlin Nob","floor":6,"turns":7},{"damage":0,"enemies":"Red Slaver","floor":9,"turns":4},{"damage":2,"enemies":"Blue Slaver","floor":12,"turns":3},{"damage":0,"enemies":"2 Fungi Beasts","floor":15,"turns":6},{"damage":14,"enemies":"downfall:Silent","floor":16,"turns":10},{"damage":0,"enemies":"Chosen","floor":19,"turns":4},{"damage":20,"enemies":"Masked Bandits","floor":20,"turns":5},{"damage":0,"enemies":"Shell Parasite","floor":23,"turns":4},{"damage":1,"enemies":"downfall:FleeingMerchant","floor":26,"turns":4},{"damage":1,"enemies":"Cultist and Chosen","floor":27,"turns":5},{"damage":2,"enemies":"Sentry and Sphere","floor":29,"turns":3},{"damage":9,"enemies":"Snake Plant","floor":31,"turns":3},{"damage":1,"enemies":"Centurion and Healer","floor":32,"turns":4},{"damage":1,"enemies":"downfall:Defect","floor":33,"turns":8},{"damage":9,"enemies":"Orb Walker","floor":36,"turns":4},{"damage":0,"enemies":"3 Darklings","floor":37,"turns":4},{"damage":0,"enemies":"Maw","floor":39,"turns":8},{"damage":44,"enemies":"Reptomancer","floor":40,"turns":5},{"damage":7,"enemies":"Writhing Mass","floor":42,"turns":6},{"damage":27,"enemies":"Jaw Worm Horde","floor":45,"turns":4},{"damage":9,"enemies":"Sphere and 2 Shapes","floor":46,"turns":4},{"damage":0,"enemies":"4 Shapes","floor":47,"turns":4},{"damage":0,"enemies":"Giant Head","floor":48,"turns":7},{"damage":0,"enemies":"Transient","floor":49,"turns":5},{"damage":1,"enemies":"downfall:Watcher","floor":50,"turns":7}],"seed_played":"-7619252221022704984","potions_obtained":[{"floor":2,"key":"Block Potion"},{"floor":9,"key":"BlessingOfTheForge"},{"floor":15,"key":"SteroidPotion"},{"floor":16,"key":"Energy Potion"},{"floor":27,"key":"EssenceOfSteel"},{"floor":29,"key":"champ:CounterPotion"},{"floor":33,"key":"PowerPotion"},{"floor":42,"key":"champ:CounterPotion"},{"floor":47,"key":"Block Potion"}],"is_trial":false,"path_per_floor":["R","M","M","$","M","E","T","R","M","?","R","M","R","?","M","B",null,"R","M","?","?","?","M","T","T","$","M","R","M","R","M","M","B",null,"R","M","M","?","M","E","T","M","?","R","M","M","M","E","M","B",null],"character_chosen":"GUARDIAN","items_purchased":["Guardian:ArmoredProtocol","Guardian:ChargeUp","MealTicket","Guardian:CompilePackage","Question Card"],"campfire_rested":1,"item_purchase_floors":[4,4,26,26,26],"current_hp_per_floor":[72,62,61,59,59,25,25,35,35,35,35,33,33,60,60,46,82,82,82,62,46,46,46,46,46,45,44,44,42,42,33,32,31,87,87,78,78,78,78,34,34,27,27,68,41,32,32,32,32,31],"gold":437,"neow_bonus":"RANDOM_COLORLESS_2","is_daily":false,"chose_seed":false,"campfire_upgraded":7,"win_rate":0.0,"timestamp":1608908045,"path_taken":["R","M","M","$","M","E","T","R","M","?","R","M","R","?","M","BOSS","R","M","?","?","?","M","T","?","$","M","R","M","R","?","M","BOSS","R","M","M","?","M","E","T","M","?","R","M","M","?","E","M","BOSS"],"items_purchased_type":["Card","Card","Relic","Card","Relic"],"build_version":"2020-12-22","purchased_purges":0,"victory":true,"max_hp_per_floor":[72,72,72,72,72,72,72,82,82,82,82,82,82,82,82,82,82,82,82,82,87,87,87,87,87,87,87,87,87,87,87,87,87,87,87,87,87,87,87,87,87,87,87,87,87,87,87,87,87,87],"card_choices":[{"not_picked":["The Bomb","Transmutation"],"picked":"Apotheosis","floor":0},{"not_picked":["Guardian:Recover","Guardian:PrismaticBarrier","Guardian:WalkerClaw"],"picked":"SKIP","floor":2},{"not_picked":["Guardian:TemporalStrike","Guardian:ShieldCharger"],"picked":"Guardian:Recover","floor":3},{"not_picked":["Guardian:Gem_Blue","Guardian:Planning"],"picked":"Guardian:Emergency","floor":4},{"not_picked":["Guardian:TemporalStrike","Guardian:PrimingBeam"],"picked":"Guardian:DecasProtection","floor":5},{"not_picked":["Guardian:FloatingOrbs","Guardian:VentSteam"],"picked":"Guardian:Gem_Lightblue","floor":6},{"not_picked":["Guardian:Gem_Red","Guardian:SentryBeam"],"picked":"Guardian:Gem_Lightblue","floor":9},{"not_picked":["Guardian:Clone","Guardian:Suspension"],"picked":"Guardian:Gem_Lightblue","floor":12},{"not_picked":["Guardian:Gem_Red","Guardian:Recover"],"picked":"Guardian:FuturePlans","floor":15},{"not_picked":["Guardian:RevengeProtocol","Guardian:HyperBeam_Guardian"],"picked":"Guardian:StasisStrike","floor":16},{"not_picked":["Guardian:DonusPower","Guardian:Gem_White"],"picked":"Guardian:Gem_Cyan","floor":19},{"not_picked":["Guardian:Repulse+1","Guardian:Recover+1"],"picked":"Guardian:Gem_Yellow","floor":20},{"not_picked":["Guardian:Gem_Purple","Guardian:Gem_Green"],"picked":"Guardian:Emergency+1","floor":23},{"not_picked":["Guardian:ChargeCore","Guardian:Reroute","Guardian:Suspension"],"picked":"SKIP","floor":26},{"not_picked":["Guardian:AncientConstruct","Guardian:Gem_Crimson","Guardian:Planning"],"picked":"Guardian:VentSteam","floor":27},{"not_picked":["Guardian:PrimingBeam","Guardian:Gem_Lightblue","Guardian:FloatingOrbs"],"picked":"Guardian:Gem_Synthetic","floor":29},{"not_picked":["Guardian:PrimingBeam","Guardian:RefractedBeam","Guardian:Repulse","Guardian:Preprogram"],"picked":"SKIP","floor":31},{"not_picked":["Guardian:BronzeArmor","Guardian:TemporalStrike","Guardian:PrimingBeam"],"picked":"Guardian:TimeCapacitor","floor":32},{"not_picked":["Guardian:WalkerClaw","Guardian:Gem_White","Guardian:VentSteam+1"],"picked":"Guardian:Reroute+1","floor":36},{"not_picked":["Guardian:PrimingBeam+1","Guardian:WalkerClaw+1","Guardian:Suspension+1"],"picked":"Guardian:ShieldSpikes+1","floor":37},{"not_picked":["Guardian:VentSteam","Guardian:CrystalBeam","Guardian:PrimingBeam+1"],"picked":"Guardian:Orbwalk","floor":39},{"not_picked":["Guardian:TimeBomb+1","Guardian:AncientConstruct","Guardian:FuturePlans+1"],"picked":"Guardian:EvasiveProtocol","floor":40},{"not_picked":["Guardian:Suspension+1","Guardian:PrismaticBarrier+1","Guardian:ShieldCharger"],"picked":"Guardian:FloatingOrbs+1","floor":42},{"not_picked":["Guardian:RollAttack+1","Guardian:PrismaticBeam","Guardian:Planning+1"],"picked":"Guardian:FloatingOrbs+1","floor":45},{"not_picked":["Guardian:SpikerProtocol","Guardian:CrystalBeam","Guardian:Gem_Green","Guardian:Gem_Lightblue"],"picked":"SKIP","floor":46},{"not_picked":["Guardian:GuardianWhirl+1","Guardian:Gem_Fragmented","Guardian:RollAttack+1","Guardian:TemporalStrike"],"picked":"SKIP","floor":47},{"not_picked":["Guardian:Gem_Synthetic","Guardian:Suspension+1","Guardian:Preprogram+1","Guardian:GuardianWhirl+1"],"picked":"SKIP","floor":48},{"not_picked":["Guardian:PrimingBeam+1","Guardian:TemporalStrike","Guardian:SpikerProtocol"],"picked":"Guardian:ShieldCharger+1","floor":49}],"player_experience":437554,"relics_obtained":[{"floor":6,"key":"Bag of Marbles"},{"floor":20,"key":"Red Mask"},{"floor":24,"key":"Mercury Hourglass"},{"floor":25,"key":"Old Coin"},{"floor":40,"key":"Calipers"},{"floor":41,"key":"Eternal Feather"},{"floor":48,"key":"Toxic Egg 2"}],"event_choices":[{"damage_healed":27,"gold_gain":0,"player_choice":"Banana","damage_taken":0,"max_hp_gain":0,"max_hp_loss":0,"event_name":"Big Fish","floor":14,"gold_loss":0},{"damage_healed":0,"gold_gain":0,"player_choice":"Fought Bandits","damage_taken":0,"max_hp_gain":0,"max_hp_loss":0,"event_name":"Masked Bandits","floor":20,"gold_loss":0},{"damage_healed":0,"gold_gain":0,"player_choice":"Stole Relic","damage_taken":0,"relics_obtained":["Du-Vu Doll"],"max_hp_gain":0,"max_hp_loss":0,"event_name":"Addict","floor":22,"gold_loss":0,"cards_obtained":["Shame"]},{"cards_removed":["Guardian:StasisStrike"],"damage_healed":0,"gold_gain":0,"player_choice":"Removed Attack","damage_taken":0,"max_hp_gain":0,"max_hp_loss":0,"event_name":"Falling","floor":38,"gold_loss":0}],"is_beta":false,"boss_relics":[{"not_picked":["Velvet Choker","Fusion Hammer"],"picked":"Guardian:ModeShifterPlus"},{"not_picked":["Black Star","Coffee Dripper"],"picked":"Cursed Key"}],"items_purged_floors":[],"is_endless":false,"potions_floor_spawned":[2,9,15,16,27,29,32,33,40,42,47,48,49],"ascension_level":0}}