{"host":"4w8ocelhatf0iefc","time":1608861032,"event":{"mods":["AchievementEnabler","Act Like it!","Aspiration","BaseMod","Colored Map","Colored Powertips","Hubris","Minty Spire (QoL Compilation)","Replay The Spire","StSLib"],"gold_per_floor":[112,112,124,140,65,65,94,94,94,94,113,140,172,172,172,273,273,293,158,175,175,175,209,70,70,70],"floor_reached":25,"playtime":1318,"items_purged":["Strike_P","Defend_P","Defend_P","Strike_P"],"score":250,"play_id":"6327e212-9986-4a74-82f2-4bd7698b467d","local_time":"20201225095032","is_ascension_mode":true,"campfire_choices":[{"data":"Eruption","floor":6.0,"key":"SMITH"},{"data":"Omniscience","floor":8.0,"key":"SMITH"},{"floor":10.0,"key":"RECALL"},{"floor":15.0,"key":"REST"}],"circlet_count":0,"master_deck":["Strike_P","Strike_P","Defend_P","Defend_P","Eruption+1","Vigilance","ForeignInfluence+1","Prostrate","ThirdEye","Omniscience+1","FlyingSleeves","ConjureBlade","DeusExMachina","Replay:AtTheReady","MentalFortress","Metamorphosis","Dramatic Entrance","ReplayTheSpireMod:Private Reserves","BowlingBash+1","Evaluate+1"],"relics":["PureWater","Eternal Feather","Vajra","StoneCalendar","Membership Card","hubris:Backtick","TeardropLocket","ReplayTheSpireMod:ShopPack","aspiration:FetidBarrel","OrangePellets"],"acts_visited":["Exordium","TheCity"],"potions_floor_usage":[],"damage_taken":[{"damage":6.0,"enemies":"Jaw Worm","floor":1.0,"turns":4.0},{"damage":10.0,"enemies":"Cultist","floor":3.0,"turns":4.0},{"damage":1.0,"enemies":"Small Slimes","floor":4.0,"turns":4.0},{"damage":19.0,"enemies":"3 Sentries","floor":7.0,"turns":8.0},{"damage":0.0,"enemies":"Exordium Wildlife","floor":11.0,"turns":3.0},{"damage":25.0,"enemies":"Replay:BlueRogue","floor":13.0,"turns":6.0},{"damage":25.0,"enemies":"Hexaghost","floor":16.0,"turns":5.0},{"damage":0.0,"enemies":"Chosen","floor":18.0,"turns":2.0},{"damage":29.0,"enemies":"Shell Parasite","floor":20.0,"turns":4.0},{"damage":18.0,"enemies":"Book of Stabbing","floor":23.0,"turns":3.0},{"damage":23,"enemies":"Slavers","floor":25,"turns":2}],"seed_played":"-4610328842098344123","potions_obtained":[{"floor":3.0,"key":"BlessingOfTheForge"},{"floor":4.0,"key":"FearPotion"},{"floor":7.0,"key":"SkillPotion"},{"floor":16.0,"key":"LiquidBronze"},{"floor":18.0,"key":"Weak Potion"}],"is_trial":false,"path_per_floor":["M","?","M","M","$","R","E","R","T","R","M","T","E","$","R","B",null,"M","$","M","?","?","E","$","E"],"character_chosen":"WATCHER","items_purchased":["Membership Card","MentalFortress","ReplayTheSpireMod:ShopPack","OrangePellets"],"campfire_rested":1,"item_purchase_floors":[14,19,19,24],"current_hp_per_floor":[73,73,63,62,62,62,43,49,49,55,55,55,30,15,44,19,79,79,79,50,58,43,25,25,2,2],"gold":70,"neow_bonus":"TEN_PERCENT_HP_BONUS","is_daily":false,"chose_seed":false,"campfire_upgraded":2,"win_rate":0.0,"timestamp":1608861032,"path_taken":["M","?","M","M","?","R","E","R","T","R","M","?","E","?","R","BOSS","M","$","M","?","?","E","?","E"],"items_purchased_type":["Relic","Card","Relic","Relic"],"build_version":"2020-12-22","purchased_purges":4,"victory":false,"max_hp_per_floor":[79,79,79,79,79,79,79,79,79,79,79,79,79,79,79,79,79,79,79,79,79,84,84,84,84,84],"card_choices":[{"not_picked":["Halt","ClearTheMind"],"picked":"ForeignInfluence","floor":1.0},{"not_picked":["Indignation","Fasting2"],"picked":"Prostrate","floor":3.0},{"not_picked":["Pray","ClearTheMind"],"picked":"ThirdEye","floor":4.0},{"not_picked":["Crescendo","LikeWater"],"picked":"Omniscience","floor":7.0},{"not_picked":["Weave","Consecrate"],"picked":"FlyingSleeves","floor":11.0},{"not_picked":["CutThroughFate","Swivel"],"picked":"ConjureBlade","floor":13.0},{"not_picked":["Brilliance","Omniscience"],"picked":"DeusExMachina","floor":16.0},{"not_picked":["ThirdEye","Consecrate"],"picked":"Replay:AtTheReady","floor":18.0},{"not_picked":["Poisoned Strike","ReplayTheSpireMod:Necrogeddon"],"picked":"Metamorphosis","floor":19.0},{"not_picked":["Jack Of All Trades","hubris:Insight"],"picked":"Dramatic Entrance","floor":19.0},{"not_picked":["Good Instincts","Swift Strike"],"picked":"ReplayTheSpireMod:Private Reserves","floor":19.0},{"not_picked":["Replay:AtTheReady","Indignation"],"picked":"BowlingBash+1","floor":20.0},{"not_picked":["Protect+1","EmptyBody"],"picked":"Evaluate+1","floor":23.0}],"player_experience":267440,"relics_obtained":[{"floor":7.0,"key":"Eternal Feather"},{"floor":9.0,"key":"Vajra"},{"floor":13.0,"key":"StoneCalendar"},{"floor":23.0,"key":"aspiration:FetidBarrel"}],"event_choices":[{"damage_healed":0.0,"max_hp_gain":0.0,"max_hp_loss":0.0,"gold_gain":0.0,"event_name":"Upgrade Shrine","player_choice":"Upgraded","floor":2.0,"gold_loss":0.0,"damage_taken":0.0,"cards_upgraded":["ForeignInfluence"]},{"damage_healed":0.0,"max_hp_gain":5.0,"max_hp_loss":0.0,"gold_gain":0.0,"event_name":"Forgotten Altar","player_choice":"Shed Blood","floor":22.0,"gold_loss":0.0,"damage_taken":20.0}],"is_beta":false,"boss_relics":[{"not_picked":["aspiration:RitualDagger","Astrolabe"],"picked":"hubris:Backtick"}],"items_purged_floors":[5,14,19,24],"is_endless":false,"potions_floor_spawned":[3,4,7,16,18],"killed_by":"Slavers","ascension_level":2}}