{"host":"x039aayur7qovk2d","time":1608887921,"event":{"mods":["AchievementEnabler","BaseMod","Block Reminder","Colored Map","Colored Powertips","DeckTracker","Googly Eyes","Highlight Path","Minty Spire (QoL Compilation)","Permanent Neow","Quick Restart","Rare Cards Sparkle","Relic Sorter","Relic Stats"],"gold_per_floor":[160,174,184,184,198,224,241,271,318,318,335,351,351,379,379,379,379],"floor_reached":16,"playtime":933,"items_purged":[],"score":149,"play_id":"a07c6d4d-ef84-4335-ae91-cb39a2861cd7","local_time":"20201225011841","is_ascension_mode":false,"campfire_choices":[{"floor":10,"key":"RECALL"},{"floor":13,"key":"REST"},{"data":"Perfected Strike","floor":15,"key":"SMITH"}],"circlet_count":0,"master_deck":["Strike_R","Strike_R","Strike_R","Strike_R","Strike_R+1","Defend_R","Defend_R","Defend_R","Defend_R","Bash","Perfected Strike+1","Flex","Cleave","Heavy Blade","Shrug It Off","Headbutt","Reckless Charge","Anger","Inflame","Disarm"],"relics":["Tiny House","CultistMask","Happy Flower","Mango","Darkstone Periapt"],"acts_visited":["Exordium"],"potions_floor_usage":[5,6,6,8,14],"damage_taken":[{"damage":6,"enemies":"Cultist","floor":1,"turns":3},{"damage":0,"enemies":"2 Louse","floor":2,"turns":2},{"damage":6,"enemies":"Jaw Worm","floor":3,"turns":2},{"damage":5,"enemies":"Exordium Thugs","floor":5,"turns":2},{"damage":46,"enemies":"Gremlin Nob","floor":6,"turns":5},{"damage":12,"enemies":"Looter","floor":7,"turns":3},{"damage":18,"enemies":"Lagavulin","floor":8,"turns":5},{"damage":7,"enemies":"Exordium Wildlife","floor":11,"turns":4},{"damage":11,"enemies":"3 Louse","floor":12,"turns":3},{"damage":1,"enemies":"3 Sentries","floor":14,"turns":5},{"damage":34,"enemies":"The Guardian","floor":16,"turns":5}],"seed_played":"-2259807108663975761","potions_obtained":[{"floor":0,"key":"BloodPotion"},{"floor":1,"key":"LiquidMemories"},{"floor":3,"key":"SneckoOil"},{"floor":6,"key":"DuplicationPotion"},{"floor":12,"key":"DistilledChaos"}],"is_trial":false,"path_per_floor":["M","M","M","?","M","E","M","E","T","R","M","M","R","E","R","B"],"character_chosen":"IRONCLAD","items_purchased":[],"campfire_rested":1,"item_purchase_floors":[],"current_hp_per_floor":[79,79,73,73,68,39,27,23,23,23,16,5,34,33,33,0,0],"gold":379,"neow_bonus":"BOSS_RELIC","is_daily":false,"chose_seed":false,"campfire_upgraded":1,"win_rate":0.0,"timestamp":1608887921,"path_taken":["M","M","M","?","M","E","M","E","T","R","M","?","R","E","R","BOSS"],"items_purchased_type":[],"build_version":"2020-12-22","purchased_purges":0,"victory":false,"max_hp_per_floor":[85,85,85,85,85,85,85,99,99,99,99,99,99,99,99,99,99],"relic_stats":{"Darkstone Periapt":0,"Happy Flower":[8],"counters":[11,39],"obtain_stats":[{"Darkstone Periapt":14,"Tiny House":0,"Happy Flower":6,"Mango":8,"CultistMask":4,"Burning Blood":0},{"Darkstone Periapt":10,"Tiny House":0,"Happy Flower":5,"Mango":7,"CultistMask":3,"Burning Blood":0},{"Darkstone Periapt":34,"Tiny House":0,"Happy Flower":14,"Mango":22,"CultistMask":7,"Burning Blood":0}]},"card_choices":[{"not_picked":["Flex","Entrench"],"picked":"Perfected Strike","floor":0},{"not_picked":["Evolve","Warcry"],"picked":"Flex","floor":1},{"not_picked":["Heavy Blade","Rupture"],"picked":"Cleave","floor":2},{"not_picked":["Exhume","Cleave"],"picked":"Heavy Blade","floor":3},{"not_picked":["Warcry","Dark Embrace"],"picked":"Shrug It Off","floor":5},{"not_picked":["Feel No Pain","Thunderclap"],"picked":"Headbutt","floor":6},{"not_picked":["Reaper","Bloodletting","Burning Pact"],"picked":"SKIP","floor":7},{"not_picked":["Flex","Fiend Fire"],"picked":"Reckless Charge","floor":8},{"not_picked":["Body Slam","Perfected Strike"],"picked":"Anger","floor":11},{"not_picked":["Headbutt","Armaments"],"picked":"Inflame","floor":12},{"not_picked":["Anger","Sentinel"],"picked":"Disarm","floor":14}],"player_experience":84459,"relics_obtained":[{"floor":6,"key":"Happy Flower"},{"floor":8,"key":"Mango"},{"floor":14,"key":"Darkstone Periapt"}],"event_choices":[{"damage_healed":0,"gold_gain":0,"player_choice":"Trade","damage_taken":0,"relics_obtained":["CultistMask"],"max_hp_gain":0,"max_hp_loss":0,"event_name":"FaceTrader","floor":4,"gold_loss":0}],"is_beta":false,"boss_relics":[],"items_purged_floors":[],"is_endless":false,"potions_floor_spawned":[1,3,6,12],"killed_by":"The Guardian","ascension_level":0}}