{"host":"9gczkbtdkbhjojey","time":1608915997,"event":{"mods":["BaseMod","Colored Map","Minty Spire (QoL Compilation)","Quick Restart","StSLib","[功能]功能增强和修复MOD"],"gold_per_floor":[119,99,114,189,184,212,212,223,223,223,208,208,208,220,220,324,324,337,337,337,327,327,337,337,337,385,300,300,311,311,296,296,396,396,410,410,395,0,0,0,32,32,32,27,27,27,106,126,126,126,126,126,121,153,153],"floor_reached":56,"playtime":2818,"items_purged":["Strike_G","Defend_G","Strike_G","Defend_G","Defend_G","Defend_G","Defend_G","Strike_G","Strike_G","Strike_G+1","Injury","Outmaneuver+1","Survivor","Decay","Apotheosis+1","Neutralize","Writhe","Injury"],"score":1338,"play_id":"fc7fbe05-de44-4a89-b990-8234850e6735","local_time":"20201226010637","is_ascension_mode":false,"campfire_choices":[{"floor":10.0,"key":"RECALL"},{"data":"Backflip","floor":12.0,"key":"SMITH"},{"data":"Noxious Fumes","floor":15.0,"key":"SMITH"},{"data":"Well Laid Plans","floor":25.0,"key":"SMITH"},{"data":"Grand Finale","floor":28.0,"key":"SMITH"},{"data":"Footwork","floor":30.0,"key":"SMITH"},{"data":"Footwork","floor":32.0,"key":"SMITH"},{"floor":40,"key":"REST"},{"floor":42,"key":"REST"},{"floor":46,"key":"REST"},{"floor":49,"key":"REST"},{"floor":52,"key":"REST"}],"circlet_count":0,"master_deck":["Footwork+1","Grand Finale+1","Well Laid Plans+1","Backflip+1","Escape Plan+1","Backflip+1","Grand Finale+1","Noxious Fumes+1","Catalyst+1","Deadly Poison+1","Night Terror+1","Concentrate+1","Phantasmal Killer+1","Acrobatics+1","Adrenaline+1","Noxious Fumes"],"relics":["Ring of the Snake","NeowsBlessing","Pen Nib","Sling","Bottled Tornado","OrangePellets","Nunchaku","Paper Crane","Toxic Egg 2","Potion Belt","Art of War","DollysMirror","Whetstone","Turnip","Medical Kit","Cursed Key","Bird Faced Urn","Vajra","Orrery","PreservedInsect","Chemical X","Strawberry","Anchor","Juzu Bracelet","Singing Bowl","Bronze Scales","Philosopher\u0027s Stone","Bag of Marbles","Toy Ornithopter","Lee\u0027s Waffle","Red Mask","MealTicket","Bottled Lightning","TwistedFunnel","White Beast Statue","Oddly Smooth Stone","Sundial","Toolbox","Orichalcum","Eternal Feather"],"acts_visited":["Exordium","TheCity","TheBeyond","TheEnding"],"potions_floor_usage":[50,50,55,55],"damage_taken":[{"damage":0.0,"enemies":"Jaw Worm","floor":1.0,"turns":1.0},{"damage":0.0,"enemies":"Small Slimes","floor":3.0,"turns":1.0},{"damage":0.0,"enemies":"3 Sentries","floor":6.0,"turns":1.0},{"damage":0.0,"enemies":"Cultist","floor":8.0,"turns":2.0},{"damage":0.0,"enemies":"Blue Slaver","floor":14.0,"turns":2.0},{"damage":0.0,"enemies":"The Guardian","floor":16.0,"turns":3.0},{"damage":0.0,"enemies":"Spheric Guardian","floor":18.0,"turns":3.0},{"damage":6.0,"enemies":"Chosen","floor":23.0,"turns":3.0},{"damage":0.0,"enemies":"Snake Plant","floor":29.0,"turns":2.0},{"damage":10,"enemies":"Collector","floor":33,"turns":3},{"damage":0,"enemies":"3 Darklings","floor":35,"turns":2},{"damage":0,"enemies":"Reptomancer","floor":41,"turns":1},{"damage":0,"enemies":"Orb Walker","floor":48,"turns":1},{"damage":1,"enemies":"Awakened One","floor":50,"turns":4},{"damage":0,"enemies":"Shield and Spear","floor":54,"turns":1},{"damage":49,"enemies":"The Heart","floor":55,"turns":4}],"seed_played":"-4879100660280202031","potions_obtained":[{"floor":1.0,"key":"SkillPotion"},{"floor":3.0,"key":"Weak Potion"},{"floor":8.0,"key":"Energy Potion"},{"floor":16.0,"key":"BlessingOfTheForge"},{"floor":54,"key":"GamblersBrew"}],"is_trial":false,"path_per_floor":["M","$","M","?","$","E","?","M","T","R","$","R","$","M","R","B",null,"M","$","?","$","?","M","?","R","T","?","R","M","R","$","R","B",null,"M","?","$","?","?","R","E","R","T","$","?","R","T","M","R","B",null,"R","$","E","B",null],"character_chosen":"THE_SILENT","items_purchased":["Grand Finale","Well Laid Plans","Pen Nib","Sling","ColorlessPotion","SteroidPotion","Bottled Tornado","OrangePellets","Nunchaku","Paper Crane","Footwork","Potion Belt","Art of War","DollysMirror","Fire Potion","SmokeBomb","Whetstone","Noxious Fumes","Catalyst+1","Turnip","Medical Kit","Bird Faced Urn","Vajra","Orrery","PreservedInsect","Chemical X","Strawberry","Apotheosis+1","Singing Bowl","Bronze Scales","ColorlessPotion","Bag of Marbles","Toy Ornithopter","Lee\u0027s Waffle","TwistedFunnel","White Beast Statue","Oddly Smooth Stone","GamblersBrew","Toolbox","Orichalcum","Regen Potion","Noxious Fumes"],"campfire_rested":5,"item_purchase_floors":[2,2,2,2,2,2,2,5,5,5,5,11,11,11,11,11,13,13,13,13,13,19,19,19,21,21,21,31,31,31,31,37,37,37,44,44,44,53,53,53,53,53],"current_hp_per_floor":[70,70,70,59,59,59,64,64,64,64,64,64,64,64,64,64,75,75,75,75,82,82,78,78,78,78,78,78,82,82,82,82,72,82,84,84,91,91,91,91,93,93,93,93,93,93,93,95,95,94,95,95,95,97,63],"gold":153,"neow_bonus":"THREE_ENEMY_KILL","is_daily":false,"chose_seed":false,"campfire_upgraded":6,"win_rate":0.0,"timestamp":1608915997,"path_taken":["M","$","M","?","$","E","?","M","T","R","?","R","$","M","R","BOSS","M","$","?","$","?","M","?","R","T","?","R","M","R","$","R","BOSS","M","?","$","?","?","R","E","R","T","$","?","R","?","M","R","BOSS","R","$","E","BOSS"],"items_purchased_type":["Card","Card","Relic","Relic","Potion","Potion","Relic","Relic","Relic","Relic","Card","Relic","Relic","Relic","Potion","Potion","Relic","Card","Card","Relic","Relic","Relic","Relic","Relic","Relic","Relic","Relic","Card","Relic","Relic","Potion","Relic","Relic","Relic","Relic","Relic","Relic","Potion","Relic","Relic","Potion","Card"],"build_version":"2020-12-22","purchased_purges":18,"victory":true,"max_hp_per_floor":[70,70,70,70,70,70,75,75,75,75,75,75,75,75,75,75,75,75,75,75,82,82,82,82,82,82,82,82,82,82,82,82,82,82,84,84,91,91,91,91,93,93,93,93,93,93,93,95,95,95,95,95,95,97,97],"card_choices":[{"not_picked":["Deadly Poison","Backstab"],"picked":"Footwork","floor":1.0},{"not_picked":["Outmaneuver","Bane"],"picked":"Backflip","floor":3.0},{"not_picked":["Reflex+1","Slice"],"picked":"Escape Plan+1","floor":6.0},{"not_picked":["Blur+1","Cloak And Dagger+1"],"picked":"Backflip+1","floor":8.0},{"not_picked":["Footwork","Underhanded Strike"],"picked":"Deadly Poison+1","floor":14.0},{"not_picked":["A Thousand Cuts","Storm of Steel+1"],"picked":"Night Terror+1","floor":16.0},{"not_picked":["Accuracy","Prepared+1"],"picked":"Outmaneuver+1","floor":18.0},{"not_picked":["Flying Knee+1","Masterful Stab"],"picked":"Concentrate+1","floor":19.0},{"not_picked":["PiercingWail+1","Terror+1"],"picked":"Phantasmal Killer+1","floor":19.0},{"not_picked":["Distraction+1","Flying Knee","Acrobatics+1"],"picked":"SKIP","floor":23.0},{"not_picked":["Distraction+1","Blur+1","Outmaneuver+1"],"picked":"SKIP","floor":29.0},{"not_picked":["Die Die Die","Wraith Form v2"],"picked":"Adrenaline+1","floor":33},{"not_picked":["Deflect+1","Dagger Spray","PiercingWail+1"],"picked":"Singing Bowl","floor":35},{"not_picked":["Acrobatics+1","Footwork+1","Heel Hook+1"],"picked":"Singing Bowl","floor":41},{"not_picked":["Prepared+1","Cloak And Dagger+1","Dagger Throw+1"],"picked":"Singing Bowl","floor":48},{"not_picked":["Die Die Die","Dodge and Roll+1","Quick Slash+1"],"picked":"Singing Bowl","floor":54}],"player_experience":92804,"relics_obtained":[{"floor":6.0,"key":"Toxic Egg 2"},{"floor":26.0,"key":"Anchor"},{"floor":41,"key":"MealTicket"},{"floor":43,"key":"Bottled Lightning"},{"floor":47,"key":"Sundial"},{"floor":54,"key":"Eternal Feather"}],"event_choices":[{"damage_healed":0.0,"max_hp_gain":0.0,"max_hp_loss":0.0,"gold_gain":75.0,"event_name":"World of Goop","player_choice":"Gather Gold","floor":4.0,"gold_loss":0.0,"damage_taken":11.0},{"damage_healed":0.0,"max_hp_gain":5.0,"max_hp_loss":0.0,"gold_gain":0.0,"event_name":"Big Fish","player_choice":"Donut","floor":7.0,"gold_loss":0.0,"damage_taken":0.0},{"damage_healed":0.0,"max_hp_gain":0.0,"max_hp_loss":0.0,"gold_gain":0.0,"event_name":"Vampires","player_choice":"Ignored","floor":20.0,"gold_loss":0.0,"damage_taken":0.0},{"damage_healed":0.0,"max_hp_gain":0.0,"max_hp_loss":0.0,"gold_gain":0.0,"event_name":"Beggar","player_choice":"Ignored","floor":22.0,"gold_loss":0.0,"damage_taken":0.0},{"damage_healed":0.0,"max_hp_gain":0.0,"max_hp_loss":0.0,"gold_gain":0.0,"event_name":"The Library","player_choice":"Read","floor":24.0,"gold_loss":0.0,"damage_taken":0.0,"cards_obtained":["Acrobatics"]},{"damage_healed":0.0,"max_hp_gain":0.0,"max_hp_loss":0.0,"gold_gain":0.0,"event_name":"Addict","player_choice":"Obtained Relic","floor":27.0,"gold_loss":85.0,"damage_taken":0.0,"relics_obtained":["Juzu Bracelet"]},{"damage_healed":0,"gold_gain":0,"player_choice":"Cursed","damage_taken":0,"max_hp_gain":0,"max_hp_loss":0,"event_name":"Wheel of Change","floor":36,"gold_loss":0,"cards_obtained":["Decay"]},{"damage_healed":0,"gold_gain":0,"player_choice":"Paid","damage_taken":0,"relics_obtained":["Red Mask"],"max_hp_gain":0,"max_hp_loss":0,"event_name":"Tomb of Lord Red Mask","floor":38,"gold_loss":395},{"damage_healed":0,"gold_gain":0,"player_choice":"Ignored","damage_taken":0,"max_hp_gain":0,"max_hp_loss":0,"event_name":"Upgrade Shrine","floor":39,"gold_loss":0},{"cards_removed":["Footwork"],"damage_healed":0,"gold_gain":0,"player_choice":"Removed Power","damage_taken":0,"max_hp_gain":0,"max_hp_loss":0,"event_name":"Falling","floor":45,"gold_loss":0}],"is_beta":false,"boss_relics":[{"not_picked":["Velvet Choker","WristBlade"],"picked":"Cursed Key"},{"not_picked":["Sozu","Pandora\u0027s Box"],"picked":"Philosopher\u0027s Stone"}],"items_purged_floors":[2,2,2,2,5,11,11,11,21,21,31,31,31,37,37,37,44,53],"is_endless":false,"potions_floor_spawned":[1,3,8,14,16,16,16,18,18,29,29,33,35,41,48,48,48,54,54],"ascension_level":0}}