{"host":"kiauivt48syq9iz6","time":1608880247,"event":{"mods":["BaseMod","Conspire","Downfall","Hermit","Minty Spire (QoL Compilation)","Replay The Spire","SIMod","StSLib","The Animator","The Construct","The Cursed","The Runesmith","The Servant 0.9.4"],"gold_per_floor":[119,44,44,55,1,21,21,21,47,47,79,79,95,105,105,203,203,217,3,17,17,32,64,64,75,75,75,89,102,12,12,12,12,12],"floor_reached":33,"playtime":1441,"items_purged":[],"score":344,"play_id":"0f4f29aa-d7bd-4695-8ff4-76f0241fda9c","local_time":"20201225001047","is_ascension_mode":false,"campfire_choices":[{"data":"Runesmith:ChargedHammer","floor":8,"key":"SMITH"},{"data":"Runesmith:EarthShield","floor":10,"key":"SMITH"},{"data":"Runesmith:HeatExchange","floor":12,"key":"SMITH"},{"data":"Runesmith:CraftMagma","floor":15,"key":"SMITH"},{"floor":24,"key":"REST"},{"floor":27,"key":"REST"},{"floor":32,"key":"REST"}],"circlet_count":0,"master_deck":["Runesmith:Defend_RS","Runesmith:Defend_RS","Runesmith:Defend_RS","Runesmith:CraftFirestone","Runesmith:Fortify","Runesmith:ChargedHammer+1","Runesmith:EarthShield+1","Runesmith:HeatExchange+1","Runesmith:OneForEveryone+1","Runesmith:ElementalConversion","Runesmith:HammerThrow","Runesmith:CraftProtectio","Runesmith:CraftObretio","Runesmith:ChiselStab","Runesmith:CraftIndustria","Runesmith:CraftMagma+1","Runesmith:CreatorForm","Runesmith:CraftProtectio","ReplayTheSpireMod:IOU","ReplayTheSpireMod:IOU","Runesmith:LithiumIon","Runesmith:Firewall","Runesmith:Electrocute","Runesmith:EnergizedChisel","Runesmith:EnergizedChisel+1","Runesmith:HeatedChisel+1","Runesmith:FrozenChisel+1","Runesmith:MakeshiftArmor+1","Runesmith:Duplicate+1","Runesmith:CraftSpiculum+1","Bite","Bite","Bite","Bite","Bite"],"relics":["Runesmith:BrokenRuby","Vajra","construct:FoamFinger","ReplayTheSpireMod:DimensionalGlitch","Replay:Wax Seal","Ice Cream","Blue Doll","Toxic Egg 2"],"acts_visited":["Exordium","TheCity"],"potions_floor_usage":[11,11,11,16,22,23,23],"damage_taken":[{"damage":2,"enemies":"2 Louse","floor":1,"turns":4},{"damage":0,"enemies":"Cultist","floor":4,"turns":4},{"damage":2,"enemies":"conspire:RoseBush","floor":6,"turns":2},{"damage":0,"enemies":"3 Sentries","floor":11,"turns":6},{"damage":0,"enemies":"Large Slime","floor":13,"turns":5},{"damage":5,"enemies":"Looter","floor":14,"turns":3},{"damage":8,"enemies":"The Guardian","floor":16,"turns":7},{"damage":0,"enemies":"Chosen","floor":18,"turns":4},{"damage":11,"enemies":"Shell Parasite","floor":20,"turns":5},{"damage":7,"enemies":"Snecko","floor":22,"turns":7},{"damage":9,"enemies":"Replay:Snechameleon","floor":23,"turns":6},{"damage":39,"enemies":"Snake Plant","floor":25,"turns":5},{"damage":3,"enemies":"Sentry and Sphere","floor":28,"turns":6},{"damage":39,"enemies":"Shelled Parasite and Fungi","floor":29,"turns":6},{"damage":17,"enemies":"Centurion and Healer","floor":30,"turns":5},{"damage":21,"enemies":"conspire:MysteriousRune","floor":33,"turns":5}],"seed_played":"-8545657794933375192","potions_obtained":[{"floor":4,"key":"EntropicBrew"},{"floor":6,"key":"PowerPotion"},{"floor":14,"key":"SkillPotion"},{"floor":18,"key":"Strength Potion"}],"is_trial":false,"path_per_floor":["M","$","?","M","$","M","?","R","T","R","E","R","M","M","R","B",null,"M","$","M","?","M","E","R","M","T","R","M","M","M","?","R","B"],"character_chosen":"RUNESMITH_CLASS","items_purchased":["Runesmith:EarthShield","Runesmith:HeatExchange","Runesmith:HammerThrow","Replay:Wax Seal","Ice Cream","Runesmith:LithiumIon","Runesmith:Firewall","Runesmith:Electrocute"],"campfire_rested":3,"item_purchase_floors":[2,2,5,19,19,19,19,19],"current_hp_per_floor":[75,75,75,75,75,73,73,73,73,73,73,73,73,68,68,60,77,77,77,66,66,59,55,77,38,38,61,58,19,2,2,17,0,0],"gold":12,"neow_bonus":"TEN_PERCENT_HP_BONUS","is_daily":false,"chose_seed":false,"campfire_upgraded":4,"win_rate":0.0,"timestamp":1608880247,"path_taken":["M","$","?","M","$","M","?","R","T","R","E","R","?","M","R","BOSS","M","$","M","?","M","E","R","M","T","R","M","M","?","?","R","BOSS"],"items_purchased_type":["Card","Card","Card","Relic","Relic","Card","Card","Card"],"build_version":"2020-12-22","purchased_purges":0,"victory":false,"max_hp_per_floor":[77,77,77,77,77,77,77,77,77,77,77,77,77,77,77,77,77,77,77,77,77,77,77,77,77,77,77,77,77,77,53,53,53,53],"card_choices":[{"not_picked":["Runesmith:RuneHurl","Runesmith:BackupBattery"],"picked":"Runesmith:ChargedHammer","floor":1},{"not_picked":["Runesmith:RuneHurl","Runesmith:UnstableHammer"],"picked":"Runesmith:ElementalConversion","floor":4},{"not_picked":["Runesmith:HammerTime","Runesmith:EnergizedChisel"],"picked":"Runesmith:CraftProtectio","floor":6},{"not_picked":["Runesmith:ShiftingStrike","Runesmith:CraftProtectio"],"picked":"Runesmith:ChiselStab","floor":11},{"not_picked":["Runesmith:RuneHurl","Runesmith:ChiselStab"],"picked":"Runesmith:CraftIndustria","floor":13},{"not_picked":["Runesmith:BackupBattery","Runesmith:CraftProtectio"],"picked":"Runesmith:CraftMagma","floor":14},{"not_picked":["Runesmith:GenerateForcefield","Runesmith:ReplicatingBarrier"],"picked":"Runesmith:CreatorForm","floor":16},{"not_picked":["Runesmith:EarthShield","Runesmith:Prism"],"picked":"Runesmith:CraftProtectio","floor":18},{"not_picked":["Runesmith:Grindstone","Runesmith:Accelerate"],"picked":"Runesmith:EnergizedChisel","floor":20},{"not_picked":["Runesmith:CraftObretio","Runesmith:CraftProtectio+1"],"picked":"Runesmith:EnergizedChisel+1","floor":22},{"not_picked":["Runesmith:Grindstone","Runesmith:ShiftingStrike"],"picked":"Runesmith:HeatedChisel+1","floor":23},{"not_picked":["Runesmith:Repurpose","Runesmith:CraftProtectio"],"picked":"Runesmith:FrozenChisel+1","floor":25},{"not_picked":["Runesmith:HammerAndChisel+1","Runesmith:Retool+1"],"picked":"Runesmith:MakeshiftArmor+1","floor":28},{"not_picked":["Runesmith:HeatExchange","Runesmith:ChiselStab"],"picked":"Runesmith:Duplicate+1","floor":29},{"not_picked":["Runesmith:HeatExchange","Runesmith:CraftProtectio+1"],"picked":"Runesmith:CraftSpiculum+1","floor":30}],"player_experience":69469,"relics_obtained":[{"floor":9,"key":"Vajra"},{"floor":11,"key":"construct:FoamFinger"},{"floor":23,"key":"Blue Doll"},{"floor":26,"key":"Toxic Egg 2"}],"event_choices":[{"damage_healed":0,"gold_gain":0,"cards_transformed":["Runesmith:Strike_RS"],"player_choice":"Transformed","damage_taken":0,"max_hp_gain":0,"max_hp_loss":0,"event_name":"Transmorgrifier","floor":7,"gold_loss":0,"cards_obtained":["Runesmith:CraftObretio"]},{"cards_removed":["Runesmith:Strike_RS"],"damage_healed":0,"gold_gain":0,"player_choice":"Offered Basic","damage_taken":0,"max_hp_gain":0,"max_hp_loss":0,"event_name":"Bonfire Elementals","floor":21,"gold_loss":0},{"damage_healed":0,"gold_gain":0,"player_choice":"Became a vampire","damage_taken":0,"max_hp_gain":0,"max_hp_loss":24,"event_name":"Vampires","floor":31,"gold_loss":0,"cards_obtained":["Bite","Bite","Bite","Bite","Bite"]}],"is_beta":false,"boss_relics":[{"not_picked":["conspire:SeveredTorchhead","Ectoplasm"],"picked":"ReplayTheSpireMod:DimensionalGlitch"}],"items_purged_floors":[],"is_endless":false,"potions_floor_spawned":[4,6,14,18,20],"killed_by":"conspire:MysteriousRune","ascension_level":0}}