{"host":"u94b8se4p65mmtuf","time":1608863562,"event":{"mods":["BaseMod","Downfall","Hubris","Infinite Spire","Jorbs\u0027s Wanderer Trilogy","Minty Spire (QoL Compilation)","Replay The Spire","StSLib","SuperFastMode","The Animator","The Jungle"],"gold_per_floor":[128,53,53,81,81,122,143,143,214,250,250,27,27,27],"floor_reached":13,"playtime":515,"items_purged":["animator:Strike"],"score":108,"play_id":"e63f4e19-ef59-47ed-aaa7-fb7a5748bb46","local_time":"20201224213242","is_ascension_mode":false,"campfire_choices":[{"data":"animator:Caster","floor":11,"key":"SMITH"}],"circlet_count":0,"master_deck":["animator:Strike_Konosuba","animator:Defend_Konosuba","animator:Strike+1","animator:Defend","animator:Defend+1","animator:Defend","animator:Kazuma","animator:Aqua","animator:Archer","animator:Darkness","animator:Rider","animator:Archer","animator:Caster+1","animator:Archer"],"relics":["animator:LivingPicture","animator:TheMissingPiece","animator:PurgingStone","NeowsBlessing","Golden Idol","infinitespire:EmpoweringShard","hubris:MysteriousPyramids","PrismaticShard"],"acts_visited":["Exordium"],"potions_floor_usage":[13,13,13],"damage_taken":[{"damage":0,"enemies":"2 Louse","floor":1,"turns":1},{"damage":0,"enemies":"Small Slimes","floor":4,"turns":1},{"damage":0,"enemies":"Lagavulin","floor":6,"turns":1},{"damage":6,"enemies":"Cultist","floor":7,"turns":7},{"damage":16,"enemies":"Exordium Thugs","floor":10,"turns":8},{"damage":25,"enemies":"Gremlin Nob","floor":13,"turns":3}],"seed_played":"-654070976658088785","potions_obtained":[{"floor":6,"key":"sneckomod:MuddlingPotion"},{"floor":7,"key":"champ:CounterPotion"},{"floor":10,"key":"LiquidMemories"}],"is_trial":false,"path_per_floor":["M","$","?","M","?","E","M","?","T","M","R","$","E"],"character_chosen":"THE_ANIMATOR","items_purchased":["PrismaticShard","animator:Archer"],"campfire_rested":0,"item_purchase_floors":[12,12],"current_hp_per_floor":[66,66,50,50,37,38,34,34,34,20,20,20,0,0],"gold":27,"neow_bonus":"THREE_ENEMY_KILL","is_daily":false,"chose_seed":false,"campfire_upgraded":1,"win_rate":0.0,"timestamp":1608863562,"path_taken":["M","$","?","M","?","E","M","?","T","?","R","$","E"],"items_purchased_type":["Relic","Card"],"build_version":"2020-12-22","purchased_purges":1,"victory":false,"max_hp_per_floor":[66,66,66,66,66,67,67,67,67,67,67,67,67,67],"card_choices":[{"not_picked":["animator:Mitsurugi","animator:Tatsumaki"],"picked":"animator:Archer","floor":1},{"not_picked":["animator:Vanir","animator:Priestess"],"picked":"animator:Darkness","floor":4},{"not_picked":["animator:Shuna","animator:Elesis"],"picked":"animator:Rider","floor":6},{"not_picked":["animator:ShinjiMatou","animator:Alexander"],"picked":"animator:Archer","floor":7},{"not_picked":["animator:Lu","animator:Shion"],"picked":"animator:Caster","floor":10}],"player_experience":100901,"relics_obtained":[{"floor":6,"key":"infinitespire:EmpoweringShard"},{"floor":9,"key":"hubris:MysteriousPyramids"}],"event_choices":[{"damage_healed":0,"gold_gain":0,"player_choice":"Take Damage","damage_taken":16,"relics_obtained":["Golden Idol"],"max_hp_gain":0,"max_hp_loss":0,"event_name":"Golden Idol","floor":3,"gold_loss":0},{"damage_healed":0,"gold_gain":0,"player_choice":"Entered Light","damage_taken":13,"max_hp_gain":0,"max_hp_loss":0,"event_name":"Shining Light","floor":5,"gold_loss":0,"cards_upgraded":["animator:Strike","animator:Defend"]},{"cards_removed":["animator:Strike"],"damage_healed":0,"gold_gain":0,"player_choice":"Card Removal","damage_taken":0,"max_hp_gain":0,"max_hp_loss":0,"event_name":"Wheel of Change","floor":8,"gold_loss":0}],"is_beta":false,"boss_relics":[],"items_purged_floors":[2],"is_endless":false,"potions_floor_spawned":[6,7,10],"killed_by":"Gremlin Nob","ascension_level":0}}