{"host":"6vv0uythevi5qk1w","time":1608894675,"event":{"mods":["Act Like it!","BaseMod","Downfall","Gensokyo","Minty Spire (QoL Compilation)","Remilia£®¿Ÿ√◊¿Ú—«£©","Replay The Spire","StSLib"],"gold_per_floor":[114,39,58,68,88,121,121,153,153,179,42,42,55,75,75,578,578,595,607,487,64,89,122,122,407,407,422,422,456,466,492,492,592,592,604,604,615,628,645,645,673,189,189,222,13,26,286,302,302,302,302,302,49,77,77],"floor_reached":56,"playtime":4942,"items_purged":["Strike_B","Injury"],"score":1729,"play_id":"5cf3644f-dd43-4ba0-b1f3-435a7d8343a6","local_time":"20201225191115","is_ascension_mode":true,"campfire_choices":[{"data":"Apotheosis","floor":7.0,"key":"SMITH"},{"floor":15.0,"key":"RECALL"},{"floor":24.0,"key":"REST"},{"floor":28.0,"key":"REST"},{"data":"ReplaySolidLightProjector","floor":32.0,"key":"SMITH"},{"floor":40,"key":"REST"},{"floor":49,"key":"REST"},{"floor":52,"key":"REST"}],"circlet_count":0,"master_deck":["Strike_B","Defend_B","Defend_B","Defend_B","Defend_B","Zap","Dualcast","Apotheosis+1","Coolheaded","Capacitor","Fusion","Coolheaded","ReplayTheSpireMod:Calculation Training","Barrage+1","Hologram","Creative AI","Rainbow","Recycle","Self Repair","ReplaySolidLightProjector+1","Biased Cognition","Steam Power+1","Defragment+1","Glacier","Coolheaded","Consume","BasicCrystalCard+1"],"relics":["Cracked Core","Cables","Tiny Chest","Replay:Bottled Steam","Gambling Chip","Snecko Eye","Gensokyo:LionMask","Toolbox","Runic Capacitor","Bag of Preparation","sneckomod:BlankCard","PreservedInsect","StrikeDummy","Mercury Hourglass","Anchor","DataDisk","Replay:Grab Bag","Sozu","Fusion Hammer","Snecko Heart","Empty Cage","Nunchaku","TheAbacus","Art of War","Toy Ornithopter","White Beast Statue","Replay:Frozen Program","MealTicket","ReplayTheSpireMod:Ninjato","Du-Vu Doll"],"acts_visited":["Exordium","Gensokyo:Gensokyo","Gensokyo:Gensokyoer","TheEnding"],"potions_floor_usage":[55,55],"damage_taken":[{"damage":2.0,"enemies":"Gensokyo:2_Kodama","floor":1.0,"turns":4.0},{"damage":4.0,"enemies":"Gensokyo:Gryphon","floor":3.0,"turns":4.0},{"damage":0.0,"enemies":"Gensokyo:Python","floor":4.0,"turns":3.0},{"damage":10.0,"enemies":"Gensokyo:Gryphon_and_Rabbit","floor":5.0,"turns":5.0},{"damage":3.0,"enemies":"Gensokyo:Mamizou","floor":6.0,"turns":11.0},{"damage":5.0,"enemies":"Gensokyo:Cirno","floor":8.0,"turns":7.0},{"damage":0.0,"enemies":"Gensokyo:Aya","floor":10.0,"turns":5.0},{"damage":2.0,"enemies":"Gensokyo:VengefulSpirit","floor":13.0,"turns":5.0},{"damage":8.0,"enemies":"Gensokyo:Kitsune","floor":14.0,"turns":4.0},{"damage":8.0,"enemies":"Gensokyo:Reimu","floor":16.0,"turns":12.0},{"damage":0.0,"enemies":"Gensokyo:Chomper","floor":18.0,"turns":3.0},{"damage":0.0,"enemies":"Gensokyo:AngelMirror","floor":19.0,"turns":5.0},{"damage":22.0,"enemies":"Gensokyo:Tenshi","floor":23.0,"turns":4.0},{"damage":8.0,"enemies":"Gensokyo:Koishi","floor":25.0,"turns":6.0},{"damage":28.0,"enemies":"Gensokyo:Slime_Group","floor":27.0,"turns":4.0},{"damage":19.0,"enemies":"Gensokyo:Tenshi","floor":29.0,"turns":3.0},{"damage":4.0,"enemies":"Gensokyo:Wraith","floor":30.0,"turns":3.0},{"damage":13.0,"enemies":"Gensokyo:Koishi","floor":31.0,"turns":4.0},{"damage":4.0,"enemies":"Gensokyo:Eternal_Rivals","floor":33.0,"turns":6.0},{"damage":0,"enemies":"Gensokyo:AncientGuardian","floor":35,"turns":2},{"damage":0,"enemies":"Gensokyo:3_Bats","floor":37,"turns":3},{"damage":3,"enemies":"Gensokyo:Sharpion","floor":38,"turns":3},{"damage":0,"enemies":"Gensokyo:AtlasGolem","floor":39,"turns":4},{"damage":29,"enemies":"Gensokyo:Marisa","floor":41,"turns":4},{"damage":0,"enemies":"Gensokyo:Doremy","floor":44,"turns":3},{"damage":0,"enemies":"Gensokyo:SeedOfUnknown","floor":46,"turns":4},{"damage":0,"enemies":"Gensokyo:3_Boulders","floor":47,"turns":3},{"damage":0,"enemies":"Gensokyo:4_Bats","floor":48,"turns":3},{"damage":5,"enemies":"Gensokyo:Scarlet_Devils","floor":50,"turns":7},{"damage":0,"enemies":"Shield and Spear","floor":54,"turns":4},{"damage":35,"enemies":"The Heart","floor":55,"turns":7}],"seed_played":"-4024346884344188881","potions_obtained":[{"floor":1.0,"key":"Fire Potion"},{"floor":6.0,"key":"Block Potion"},{"floor":8.0,"key":"DistilledChaos"},{"floor":10.0,"key":"FocusPotion"},{"floor":23.0,"key":"champ:CounterPotion"},{"floor":31.0,"key":"Strength Potion"}],"is_trial":false,"path_per_floor":["M","$","M","M","M","E","R","E","T","E","COS","?","M","M","R","B",null,"M","M","?","COS","T","E","R","E","T","M","R","E","M","E","R","B",null,"M","?","M","M","M","R","E","$","T","E","COS","M","M","M","R","B",null,"R","$","E","B",null],"character_chosen":"DEFECT","items_purchased":["TheAbacus","Art of War","Glacier","ReplayTheSpireMod:Ninjato"],"campfire_rested":5,"item_purchase_floors":[42,42,42,53],"current_hp_per_floor":[66,66,62,62,52,49,49,44,44,44,44,44,44,36,36,28,58,58,58,58,58,58,36,56,48,48,20,40,21,27,14,14,10,54,61,61,61,68,68,68,49,49,49,59,59,59,59,68,68,68,68,68,68,68,43],"gold":77,"neow_bonus":"RANDOM_COLORLESS_2","is_daily":false,"chose_seed":false,"campfire_upgraded":2,"win_rate":0.0,"timestamp":1608894675,"path_taken":["M","?","M","M","M","E","R","E","T","E","COS","?","M","?","R","BOSS","M","M","?","COS","?","E","R","E","T","?","R","E","M","E","R","BOSS","M","?","M","M","?","R","E","$","T","E","COS","M","M","M","R","BOSS","R","$","E","BOSS"],"items_purchased_type":["Relic","Relic","Card","Relic"],"build_version":"2020-12-22","purchased_purges":2,"victory":true,"max_hp_per_floor":[68,68,68,68,68,68,68,68,68,68,68,68,68,68,68,68,68,68,68,68,68,68,68,68,68,68,68,68,68,68,68,68,68,68,68,68,68,68,68,68,68,68,68,68,68,68,68,68,68,68,68,68,68,68,68],"card_choices":[{"not_picked":["Sadistic Nature","Violence"],"picked":"Apotheosis","floor":0.0},{"not_picked":["Sweeping Beam","Compile Driver"],"picked":"Coolheaded","floor":1.0},{"not_picked":["Stack","Streamline","ReplayTheSpireMod:GoodbyeWorld"],"picked":"SKIP","floor":3.0},{"not_picked":["Compile Driver","Sweeping Beam"],"picked":"Capacitor","floor":4.0},{"not_picked":["Go for the Eyes","Compile Driver"],"picked":"Fusion","floor":5.0},{"not_picked":["ReplayTheSpireMod:System Scan","Meteor Strike"],"picked":"Coolheaded","floor":6.0},{"not_picked":["Go for the Eyes","Sunder"],"picked":"ReplayTheSpireMod:Calculation Training","floor":8.0},{"not_picked":["Steam","ReplayGash","ReplayRNGCard"],"picked":"SKIP","floor":10.0},{"not_picked":["Redo+1","Rebound+1"],"picked":"Barrage+1","floor":13.0},{"not_picked":["Cold Snap","Conserve Battery","Gash"],"picked":"SKIP","floor":13.0},{"not_picked":["Turbo","Sweeping Beam"],"picked":"Hologram","floor":14.0},{"not_picked":["Multi-Cast","Biased Cognition"],"picked":"Creative AI","floor":16.0},{"not_picked":["Genetic Algorithm","Rebound","Sweeping Beam+1"],"picked":"SKIP","floor":18.0},{"not_picked":["ReplaySolidLightProjector","Undo","Gash+1"],"picked":"SKIP","floor":19.0},{"not_picked":["Hologram","Compile Driver","Go for the Eyes"],"picked":"SKIP","floor":23.0},{"not_picked":["Mirror Shield","Amplify"],"picked":"Rainbow","floor":25.0},{"not_picked":["Leap","Crystallizer","Doom and Gloom"],"picked":"SKIP","floor":25.0},{"not_picked":["Leap","Crystallizer"],"picked":"Recycle","floor":27.0},{"not_picked":["Blizzard","Turbo"],"picked":"Self Repair","floor":29.0},{"not_picked":["Hologram","Redo","Sweeping Beam"],"picked":"SKIP","floor":30.0},{"not_picked":["Panic Button","Steam"],"picked":"ReplaySolidLightProjector","floor":31.0},{"not_picked":["Reboot","Thunder Strike"],"picked":"Biased Cognition","floor":33.0},{"not_picked":["Redo+1","Ball Lightning+1","Genetic Algorithm+1"],"picked":"SKIP","floor":35},{"not_picked":["ReplayGash","Redo+1","Panic Button+1"],"picked":"SKIP","floor":37},{"not_picked":["ReplayGash","Redo+1","Panic Button+1"],"picked":"SKIP","floor":37},{"not_picked":["Sweeping Beam","Self Repair"],"picked":"Steam Power+1","floor":38},{"not_picked":["Undo","Compile Driver","Rebound+1"],"picked":"SKIP","floor":39},{"not_picked":["FTL+1","Lockon"],"picked":"Defragment+1","floor":41},{"not_picked":["Steam","Self Repair+1","ReplayTheSpireMod:Omega Cannon"],"picked":"SKIP","floor":44},{"not_picked":["Ball Lightning","Gash"],"picked":"Coolheaded","floor":46},{"not_picked":["Beam Cell","Conserve Battery","ReplayTheSpireMod:GoodbyeWorld+1"],"picked":"SKIP","floor":47},{"not_picked":["Defragment","Lockon"],"picked":"Consume","floor":48},{"not_picked":["Turbo+1","Reboot"],"picked":"BasicCrystalCard+1","floor":54}],"player_experience":400002,"relics_obtained":[{"floor":6.0,"key":"Cables"},{"floor":8.0,"key":"Tiny Chest"},{"floor":10.0,"key":"Replay:Bottled Steam"},{"floor":22.0,"key":"Bag of Preparation"},{"floor":23.0,"key":"sneckomod:BlankCard"},{"floor":25.0,"key":"StrikeDummy"},{"floor":26.0,"key":"Mercury Hourglass"},{"floor":29.0,"key":"Anchor"},{"floor":31.0,"key":"DataDisk"},{"floor":41,"key":"Nunchaku"},{"floor":43,"key":"Toy Ornithopter"},{"floor":44,"key":"White Beast Statue"},{"floor":54,"key":"Du-Vu Doll"}],"event_choices":[],"is_beta":false,"boss_relics":[{"not_picked":["Replay:Bronze Core","SacredBark"],"picked":"Snecko Eye"},{"not_picked":["Black Star","Coffee Dripper"],"picked":"Replay:Grab Bag"},{"not_picked":["Busted Crown","Runic Dome"],"picked":"Sozu"},{"not_picked":["Cursed Key","Velvet Choker"],"picked":"Fusion Hammer"},{"not_picked":["Astrolabe","Tiny House"],"picked":"Snecko Heart"},{"not_picked":["Pandora\u0027s Box","Runic Pyramid"],"picked":"Empty Cage"}],"items_purged_floors":[2,42],"is_endless":false,"potions_floor_spawned":[1,6,8,10,14,19,23,25,31,37,38,39,44,46,47,48,54],"ascension_level":7}}