{"host":"l8lkgdumzpe3823a","time":1608908149,"event":{"mods":["Always Whale","Aspiration","BaseMod","Better Note","Clockwork Mod","Colored Powertips","Curses Come First","Custom Start","DeckTracker","Defuse TimeMaze Blight","Highlight Path","Hubris","Infinite Spire","Minty Spire (QoL Compilation)","Quick Restart","Replay The Spire","Shop Mod","StSLib","SuperFastMode","The Construct","The Dragon Tamer","vexMod"],"gold_per_floor":[114,114,130,6,23,49,49,149,176,176,195,24,44,57,57,158,158,170,183,8,24,24],"floor_reached":21,"playtime":553,"items_purged":["Defend_R","Defend_R","Offering+1"],"score":272,"play_id":"c26b6d61-e1a4-4829-83cd-724cfac88e5f","local_time":"20201225085549","is_ascension_mode":true,"campfire_choices":[{"data":"Madness","floor":7,"key":"SMITH"},{"floor":10,"key":"REST"},{"data":"Offering","floor":15,"key":"SMITH"}],"circlet_count":0,"master_deck":["Strike_R","Strike_R","Strike_R","Strike_R","Strike_R","Defend_R","Defend_R","Bash","Madness+1","Clash+1","Clash+1","Flex+1","Metallicize+1","Sword Boomerang+1","Clash","Clash","Sword Boomerang","Wild Strike"],"relics":["Burning Blood","Boot","infinitespire:EmpoweringShard","Akabeko","vexMod:ImprovementManual"],"acts_visited":["Exordium","TheCity"],"potions_floor_usage":[16,16],"damage_taken":[{"damage":1,"enemies":"Cultist","floor":1,"turns":3},{"damage":0,"enemies":"2 Louse","floor":3,"turns":2},{"damage":7,"enemies":"Jaw Worm","floor":5,"turns":3},{"damage":55,"enemies":"3 Sentries","floor":6,"turns":13},{"damage":9,"enemies":"Red Slaver","floor":11,"turns":2},{"damage":8,"enemies":"Large Slime","floor":13,"turns":3},{"damage":6,"enemies":"2 Fungi Beasts","floor":14,"turns":2},{"damage":35,"enemies":"The Guardian","floor":16,"turns":6},{"damage":9,"enemies":"Shell Parasite","floor":18,"turns":2},{"damage":18,"enemies":"Chosen","floor":19,"turns":2},{"damage":11,"enemies":"Sentry and Sphere","floor":21,"turns":3}],"seed_played":"4517668697403740954","potions_obtained":[{"floor":3,"key":"Languid Potion"},{"floor":5,"key":"LifebloodPotion"},{"floor":11,"key":"Strength Potion"},{"floor":13,"key":"SkillPotion"},{"floor":18,"key":"construct:ShiftPotion"},{"floor":19,"key":"DistilledChaos"}],"is_trial":false,"path_per_floor":["M","?","M","$","M","E","R","?","T","R","M","$","M","M","R","B",null,"M","M","$","M"],"character_chosen":"IRONCLAD","items_purchased":["Clash","Metallicize","Sword Boomerang"],"campfire_rested":1,"item_purchase_floors":[4,12,20],"current_hp_per_floor":[77,70,76,76,75,26,26,26,26,50,47,47,45,45,45,16,64,61,49,49,44,44],"gold":24,"neow_bonus":"RANDOM_COLORLESS","is_daily":false,"chose_seed":false,"campfire_upgraded":2,"win_rate":0.0,"timestamp":1608908149,"path_taken":["M","?","M","$","M","E","R","?","T","R","?","$","M","M","R","BOSS","M","M","$","M"],"items_purchased_type":["Card","Card","Card"],"build_version":"2020-12-22","purchased_purges":3,"victory":false,"max_hp_per_floor":[80,80,80,80,80,80,80,80,80,80,80,80,80,80,80,80,80,80,80,80,80,80],"card_choices":[{"not_picked":["Purity","Replay:Sssssssssstrike"],"picked":"Madness","floor":0},{"not_picked":["Armaments","Havoc"],"picked":"Clash","floor":1},{"not_picked":["Pommel Strike","Blood for Blood","Clothesline"],"picked":"SKIP","floor":3},{"not_picked":["Thunderclap","Clothesline"],"picked":"Flex","floor":5},{"not_picked":["Perfected Strike","Heavy Blade","Armaments"],"picked":"SKIP","floor":6},{"not_picked":["Pommel Strike","ReplayTheSpireMod:LeadingStrike"],"picked":"Offering","floor":11},{"not_picked":["Sever Soul","Headbutt","True Grit"],"picked":"SKIP","floor":13},{"not_picked":["Massacre","Searing Blow"],"picked":"Sword Boomerang","floor":14},{"not_picked":["Pommel Strike","hubris:ReadiedAction"],"picked":"Clash","floor":18},{"not_picked":["True Grit","Clothesline"],"picked":"Clash","floor":19},{"not_picked":["Headbutt+1","Shrug It Off"],"picked":"Wild Strike","floor":21}],"player_experience":624631,"relics_obtained":[{"floor":6,"key":"infinitespire:EmpoweringShard"},{"floor":9,"key":"Akabeko"}],"event_choices":[{"damage_healed":0,"gold_gain":0,"player_choice":"Success","damage_taken":7,"relics_obtained":["Boot"],"max_hp_gain":0,"max_hp_loss":0,"event_name":"Scrap Ooze","floor":2,"gold_loss":0},{"damage_healed":0,"gold_gain":100,"player_choice":"Pray","damage_taken":0,"max_hp_gain":0,"max_hp_loss":0,"event_name":"Golden Shrine","floor":8,"gold_loss":0}],"is_beta":false,"boss_relics":[{"not_picked":["Runic Dome","hubris:RunicObelisk"],"picked":"vexMod:ImprovementManual"}],"items_purged_floors":[4,12,20],"is_endless":false,"potions_floor_spawned":[3,5,11,13,18,19],"killed_by":"Sentry and Sphere","ascension_level":7}}