{"host":"922zt4fjsmmy4kg9","time":1608860248,"event":{"mods":["A Magickal Journey","Act Like it!","BaseMod","Better Third Choice","Downfall","Friendly Minions","Hermit","HololiveMod","Hubris","Jorbs\u0027s Wanderer Trilogy","Kiyohime????","Koishi","Marisa????????","Minty Spire (QoL Compilation)","Quick Restart","Reimu??????","Shop Mod","Spicy Shops","StSLib","SuperFastMode","The Animator","The Disciple","The Runesmith"],"gold_per_floor":[99,111,386,386,386,433,457,475,475,475],"floor_reached":9,"playtime":771,"items_purged":[],"score":127,"play_id":"f1d95a1c-2e73-4782-a738-ffb576c2ddbd","local_time":"20201225123728","is_ascension_mode":true,"campfire_choices":[{"data":"animator:YuiTsuruno","floor":1,"key":"SMITH"}],"circlet_count":0,"master_deck":["AscendersBane","animator:Strike_MadokaMagica","animator:Defend_MadokaMagica","animator:Strike","animator:Strike","animator:Strike+1","animator:Defend","animator:Defend","animator:Defend","animator:IrohaTamaki+1","animator:YuiTsuruno+1","animator:Layla","Regret","animator:Tyuule","animator:OrikoMikuni","animator:Walpurgisnacht"],"relics":["animator:LivingPicture","animator:TheMissingPiece","downfall:HeartsMalice","hubris:EvacipatedBox","PreservedInsect","Guardian:PocketSentry","animator:OldCoffin","CloakClasp","Whetstone","animator:CursedGlyph"],"acts_visited":["Exordium"],"potions_floor_usage":[],"damage_taken":[{"damage":0,"enemies":"2 Louse","floor":2,"turns":1},{"damage":0,"enemies":"Cultist","floor":4,"turns":1},{"damage":0,"enemies":"Lagavulin","floor":6,"turns":1},{"damage":0,"enemies":"Jaw Worm","floor":8,"turns":3},{"damage":10,"enemies":"3 Sentries","floor":9,"turns":3}],"seed_played":"601748468291815585","potions_obtained":[],"is_trial":false,"path_per_floor":["R","M","?","M","$","E","T","M","E"],"character_chosen":"THE_ANIMATOR","items_purchased":["hubris:EvacipatedBox","PreservedInsect","Guardian:PocketSentry","animator:OldCoffin"],"campfire_rested":0,"item_purchase_floors":[5,5,5,5],"current_hp_per_floor":[59,59,59,59,4,4,4,4,0,0],"gold":475,"neow_bonus":"THREE_ENEMY_KILL","is_daily":false,"chose_seed":false,"campfire_upgraded":1,"win_rate":0.0,"timestamp":1608860248,"path_taken":["R","M","?","M","?","E","T","?","E"],"items_purchased_type":["Relic","Relic","Relic","Relic"],"build_version":"2020-12-22","purchased_purges":0,"victory":false,"max_hp_per_floor":[66,66,66,66,66,66,66,62,62,62],"card_choices":[{"not_picked":["animator:Gillette","animator:TukaLunaMarceau"],"picked":"animator:Layla","floor":2},{"not_picked":["animator:MaesHughes","animator:Shigure"],"picked":"animator:Tyuule","floor":4},{"not_picked":["animator:Shigure","animator:Assassin"],"picked":"animator:OrikoMikuni","floor":6},{"not_picked":["animator:Kyubey","animator:YuiTsuruno"],"picked":"animator:Walpurgisnacht","floor":8}],"player_experience":1305634,"relics_obtained":[{"floor":6,"key":"CloakClasp"},{"floor":7,"key":"Whetstone"},{"floor":8,"key":"animator:CursedGlyph"}],"event_choices":[],"is_beta":false,"boss_relics":[],"items_purged_floors":[],"is_endless":false,"potions_floor_spawned":[],"killed_by":"3 Sentries","ascension_level":11}}