{"host":"cjhtzh7tp54jdfyv","time":1608936012,"event":{"mods":["AchievementEnabler","BaseMod","Colored Map","Colored Powertips","Curses Come First","DeckTracker","Filter the Spire","Minty Spire (QoL Compilation)","RNG Fix","Relic Sorter","Relic Stats","StSLib","The Cursed","The Marked","UnlockEverythingMod","Waifu the Spire","ojb\u0027s Better Paths Mod","ojb\u0027s Info Mod"],"gold_per_floor":[110,120,139,157,168,168,193,193,216,58,71,71,71,88,88,192,192,203,221,239,239,253,283,283,283,337,362,21,39,39,51,51,154,154,172,192,211,211,15,48,48,48,100,135,135,185,196,210,210,210,210,210,60,92,92],"floor_reached":56,"playtime":3916,"items_purged":["Pain","Bite"],"score":1276,"play_id":"2c319a1c-3d59-4c61-a06c-b18d779bf9f1","local_time":"20201225174012","is_ascension_mode":false,"campfire_choices":[{"data":"theMarked:SoldierOfQuellstein","floor":6,"key":"SMITH"},{"data":"theMarked:Improvise","floor":12,"key":"SMITH"},{"data":"theMarked:ComboAttacks","floor":15,"key":"SMITH"},{"data":"1","floor":25,"key":"LIFT"},{"data":"2","floor":32,"key":"LIFT"},{"data":"3","floor":45,"key":"LIFT"},{"floor":49,"key":"RECALL"},{"data":"theMarked:StartUp","floor":52,"key":"SMITH"}],"circlet_count":0,"master_deck":["theMarked:Defend+1","theMarked:Defend+1","theMarked:Defend+1","theMarked:Defend+1","theMarked:SoldierOfQuellstein+1","theMarked:StartUp+1","theMarked:HeightenedSenses","theMarked:WastefulAttack","theMarked:Improvise+1","theMarked:ParalyzingBlade","theMarked:EmpowerWeapon","theMarked:SwordAndMagic","theMarked:ComboAttacks+1","theMarked:EmpowerWeapon","theMarked:EternalStudent","Writhe","theMarked:DispelDoubt","Decay","theMarked:EnhancedHearing","Bite","Bite","Bite","theMarked:EternalStudent","CurseOfTheBell","theMarked:HeightenedSenses+1","Dark Shackles","Doubt","theMarked:ReduceFriction+1","theMarked:HeightenedSenses+1"],"relics":["theMarked:SpiritSword","Orichalcum","WarpedTongs","Lantern","Cursed Key","Toy Ornithopter","Girya","Bottled Flame","TungstenRod","Calling Bell","Boot","theMarked:Gun","Torii","ClockworkSouvenir","Juzu Bracelet","Anchor","Smiling Mask","Prayer Wheel","StrikeDummy"],"acts_visited":["Exordium","TheCity","TheBeyond","TheEnding"],"potions_floor_usage":[16,22,27,29,33,36,44,50,55,55,55,55,55,55],"damage_taken":[{"damage":1,"enemies":"Cultist","floor":1,"turns":3},{"damage":1,"enemies":"Jaw Worm","floor":2,"turns":4},{"damage":1,"enemies":"2 Louse","floor":3,"turns":3},{"damage":4,"enemies":"Looter","floor":4,"turns":3},{"damage":7,"enemies":"Lots of Slimes","floor":5,"turns":4},{"damage":26,"enemies":"Gremlin Nob","floor":7,"turns":4},{"damage":7,"enemies":"Blue Slaver","floor":11,"turns":3},{"damage":1,"enemies":"Exordium Wildlife","floor":14,"turns":2},{"damage":0,"enemies":"Hexaghost","floor":16,"turns":5},{"damage":0,"enemies":"Shell Parasite","floor":18,"turns":2},{"damage":5,"enemies":"Chosen","floor":19,"turns":3},{"damage":26,"enemies":"Shelled Parasite and Fungi","floor":20,"turns":4},{"damage":15,"enemies":"Snake Plant","floor":22,"turns":3},{"damage":19,"enemies":"Gremlin Leader","floor":23,"turns":3},{"damage":11,"enemies":"Slavers","floor":27,"turns":3},{"damage":7,"enemies":"Centurion and Healer","floor":29,"turns":3},{"damage":0,"enemies":"Snecko","floor":31,"turns":3},{"damage":12,"enemies":"Collector","floor":33,"turns":4},{"damage":0,"enemies":"Orb Walker","floor":35,"turns":3},{"damage":7,"enemies":"3 Darklings","floor":36,"turns":8},{"damage":0,"enemies":"Jaw Worm Horde","floor":37,"turns":4},{"damage":43,"enemies":"Nemesis","floor":40,"turns":6},{"damage":0,"enemies":"Giant Head","floor":44,"turns":5},{"damage":2,"enemies":"Mind Bloom Boss Battle","floor":46,"turns":5},{"damage":0,"enemies":"Sphere and 2 Shapes","floor":47,"turns":4},{"damage":0,"enemies":"4 Shapes","floor":48,"turns":12},{"damage":34,"enemies":"Time Eater","floor":50,"turns":10},{"damage":18,"enemies":"Shield and Spear","floor":54,"turns":8},{"damage":16,"enemies":"The Heart","floor":55,"turns":9}],"seed_played":"6602607783016927774","potions_obtained":[{"floor":2,"key":"FairyPotion"},{"floor":7,"key":"FearPotion"},{"floor":11,"key":"CultistPotion"},{"floor":20,"key":"FearPotion"},{"floor":23,"key":"Regen Potion"},{"floor":33,"key":"SkillPotion"},{"floor":40,"key":"Energy Potion"},{"floor":46,"key":"SpeedPotion"},{"floor":47,"key":"SpeedPotion"}],"is_trial":false,"path_per_floor":["M","M","M","M","M","R","E","?","T","$","M","R","?","M","R","B",null,"M","M","M","?","M","E","?","R","T","E","$","M","?","M","R","B",null,"M","M","M","?","$","E","$","?","T","E","R","?","M","M","R","B",null,"R","$","E","B",null],"character_chosen":"THE_DEFAULT","items_purchased":["theMarked:SwordAndMagic","theMarked:ComboAttacks","TungstenRod","AttackPotion","ClockworkSouvenir","Energy Potion","EntropicBrew"],"campfire_rested":0,"item_purchase_floors":[10,10,28,28,39,39,53],"current_hp_per_floor":[69,68,67,63,56,56,30,30,30,30,23,23,9,8,8,8,70,70,65,39,39,29,10,10,10,10,13,13,11,11,14,14,13,49,49,49,49,40,40,8,8,8,8,25,25,30,35,49,49,21,49,49,49,44,48],"gold":92,"neow_bonus":"BOSS_RELIC","is_daily":false,"chose_seed":false,"campfire_upgraded":4,"win_rate":0.0,"timestamp":1608936012,"path_taken":["M","?","M","M","M","R","E","?","T","$","M","R","?","?","R","BOSS","M","M","M","?","M","E","?","R","T","E","$","M","?","M","R","BOSS","M","M","M","?","$","E","?","?","T","E","R","?","M","M","R","BOSS","R","$","E","BOSS"],"items_purchased_type":["Card","Card","Relic","Potion","Relic","Potion","Potion"],"build_version":"2020-12-22","purchased_purges":2,"victory":true,"max_hp_per_floor":[70,70,70,70,70,70,70,70,70,70,70,70,70,70,70,70,70,70,70,70,70,70,70,70,70,70,70,70,70,49,49,49,49,49,49,49,49,49,49,49,49,49,49,49,49,49,49,49,49,49,49,49,49,49,49],"relic_stats":{"Torii":92,"counters":[29,133],"Prayer Wheel":2,"Juzu Bracelet":0,"Orichalcum":[222],"Cursed Key":2,"Boot":[33],"Smiling Mask":50,"obtain_stats":[{"Girya":23,"Lantern":9,"theMarked:Gun":34,"Torii":34,"theMarked:SpiritSword":0,"Juzu Bracelet":40,"Orichalcum":7,"Cursed Key":17,"Boot":34,"Smiling Mask":44,"WarpedTongs":8,"ClockworkSouvenir":39,"Calling Bell":34,"theMarked:ArtifactOfAir":0,"Bottled Flame":27,"Anchor":43,"Prayer Wheel":46,"StrikeDummy":54,"Toy Ornithopter":21,"TungstenRod":28},{"Girya":14,"Lantern":6,"theMarked:Gun":18,"Torii":18,"theMarked:SpiritSword":0,"Juzu Bracelet":22,"Orichalcum":6,"Cursed Key":9,"Boot":18,"Smiling Mask":23,"WarpedTongs":6,"ClockworkSouvenir":21,"Calling Bell":18,"theMarked:ArtifactOfAir":0,"Bottled Flame":15,"Anchor":22,"Prayer Wheel":24,"StrikeDummy":28,"Toy Ornithopter":12,"TungstenRod":15},{"Girya":46,"Lantern":21,"theMarked:Gun":59,"Torii":59,"theMarked:SpiritSword":0,"Juzu Bracelet":80,"Orichalcum":21,"Cursed Key":31,"Boot":59,"Smiling Mask":85,"WarpedTongs":21,"ClockworkSouvenir":74,"Calling Bell":59,"theMarked:ArtifactOfAir":0,"Bottled Flame":49,"Anchor":80,"Prayer Wheel":90,"StrikeDummy":124,"Toy Ornithopter":40,"TungstenRod":49}],"Toy Ornithopter":35,"TungstenRod":75,"WarpedTongs":[108]},"card_choices":[{"not_picked":["theMarked:ChainLightning","theMarked:HeightenedSenses"],"picked":"theMarked:StartUp","floor":1},{"not_picked":["theMarked:TwofoldDefense","theMarked:Polarize"],"picked":"theMarked:HeightenedSenses","floor":2},{"not_picked":["theMarked:Indomitable","theMarked:Overthink"],"picked":"theMarked:WastefulAttack","floor":3},{"not_picked":["theMarked:Polarize","theMarked:WastefulAttack"],"picked":"theMarked:Improvise","floor":4},{"not_picked":["theMarked:BanishingStrike","theMarked:HeritageOfTheMarked"],"picked":"theMarked:ParalyzingBlade","floor":5},{"not_picked":["theMarked:ComboAttacks","theMarked:Improvise"],"picked":"theMarked:EmpowerWeapon","floor":7},{"not_picked":["theMarked:ElectricStrings","theMarked:Static"],"picked":"theMarked:EmpowerWeapon","floor":11},{"not_picked":["theMarked:Polarize","theMarked:BanishingStrike","theMarked:TwofoldDefense"],"picked":"SKIP","floor":14},{"not_picked":["theMarked:ThrowWeapon","theMarked:SummonStrength"],"picked":"theMarked:EternalStudent","floor":16},{"not_picked":["theMarked:SwordAndMagic","theMarked:RepellingDischarge","theMarked:RogueSparks+1"],"picked":"SKIP","floor":18},{"not_picked":["theMarked:Static","theMarked:ElectricStrings","theMarked:ResourceFulStrike+1"],"picked":"SKIP","floor":19},{"not_picked":["theMarked:Aftermath","theMarked:Frustration+1","theMarked:SwordAndMagic"],"picked":"SKIP","floor":20},{"not_picked":["theMarked:TunnelVision+1","theMarked:ChainLightning","theMarked:Overthink"],"picked":"SKIP","floor":22},{"not_picked":["theMarked:Static","theMarked:WardOff"],"picked":"theMarked:DispelDoubt","floor":23},{"not_picked":["theMarked:BanishingWave+1","theMarked:GodGivenPower"],"picked":"theMarked:EnhancedHearing","floor":27},{"not_picked":["theMarked:MagicAdept","theMarked:Static","theMarked:DeterminationOfTheMarked+1"],"picked":"SKIP","floor":29},{"not_picked":["theMarked:BanishingStrike+1","theMarked:WastefulAttack","theMarked:Generate"],"picked":"SKIP","floor":31},{"not_picked":["theMarked:BindingBlade","theMarked:UnarmedFury"],"picked":"theMarked:EternalStudent","floor":33},{"not_picked":["theMarked:CreepingChasm","theMarked:ResourceFulStrike+1","theMarked:Generate"],"picked":"SKIP","floor":35},{"not_picked":["theMarked:EnhanceMovement","theMarked:BanishingStrike+1","theMarked:MagicAdept"],"picked":"SKIP","floor":36},{"not_picked":["theMarked:ElectricStrings","theMarked:LightningStrikesTwice"],"picked":"theMarked:HeightenedSenses+1","floor":37},{"not_picked":["Magnetism","Enlightenment"],"picked":"Dark Shackles","floor":38},{"not_picked":["theMarked:LightningStrikesTwice","theMarked:Static+1","theMarked:TakeCover+1"],"picked":"SKIP","floor":40},{"not_picked":["theMarked:SuspiciousRaven","theMarked:BanishingStrike"],"picked":"theMarked:ReduceFriction+1","floor":44},{"not_picked":["theMarked:Aftermath+1","theMarked:BanishingStrike+1"],"picked":"theMarked:HeightenedSenses+1","floor":47},{"not_picked":["theMarked:Aftermath+1","theMarked:Convert","theMarked:ElectricStrings+1"],"picked":"SKIP","floor":47},{"not_picked":["theMarked:ElectricStrings+1","theMarked:Convert","theMarked:RepellingDischarge"],"picked":"SKIP","floor":48},{"not_picked":["theMarked:Defy","theMarked:Electrocute+1","theMarked:WastefulDefense+1"],"picked":"SKIP","floor":48},{"not_picked":["theMarked:LightningStrikesTwice+1","theMarked:Static","theMarked:Indomitable"],"picked":"SKIP","floor":54}],"player_experience":4417358,"relics_obtained":[{"floor":7,"key":"Orichalcum"},{"floor":9,"key":"Lantern"},{"floor":23,"key":"Girya"},{"floor":27,"key":"Bottled Flame"},{"floor":34,"key":"Boot"},{"floor":34,"key":"theMarked:Gun"},{"floor":34,"key":"Torii"},{"floor":40,"key":"Juzu Bracelet"},{"floor":43,"key":"Anchor"},{"floor":44,"key":"Smiling Mask"},{"floor":46,"key":"Prayer Wheel"},{"floor":54,"key":"StrikeDummy"}],"event_choices":[{"damage_healed":0,"gold_gain":0,"player_choice":"Rummage","damage_taken":0,"relics_obtained":["WarpedTongs"],"max_hp_gain":0,"max_hp_loss":0,"event_name":"Accursed Blacksmith","floor":8,"gold_loss":0,"cards_obtained":["Pain"]},{"damage_healed":0,"gold_gain":0,"player_choice":"Entered Light","damage_taken":14,"max_hp_gain":0,"max_hp_loss":0,"event_name":"Shining Light","floor":13,"gold_loss":0,"cards_upgraded":["theMarked:Strike","theMarked:Defend"]},{"damage_healed":0,"gold_gain":0,"player_choice":"Opened","damage_taken":0,"relics_obtained":["Toy Ornithopter"],"max_hp_gain":0,"max_hp_loss":0,"event_name":"The Mausoleum","floor":21,"gold_loss":0,"cards_obtained":["Writhe"]},{"damage_healed":0,"gold_gain":0,"player_choice":"Simplicity","damage_taken":0,"max_hp_gain":0,"max_hp_loss":0,"event_name":"Back to Basics","floor":24,"gold_loss":0,"cards_upgraded":["theMarked:Strike","theMarked:Strike","theMarked:Strike","theMarked:Strike","theMarked:Defend","theMarked:Defend","theMarked:Defend"]},{"damage_healed":0,"gold_gain":0,"player_choice":"Became a vampire","damage_taken":0,"max_hp_gain":0,"max_hp_loss":21,"event_name":"Vampires","floor":30,"gold_loss":0,"cards_obtained":["Bite","Bite","Bite","Bite","Bite"]},{"damage_healed":0,"gold_gain":0,"player_choice":"Memory 3","damage_taken":10,"max_hp_gain":0,"max_hp_loss":0,"event_name":"SensoryStone","floor":38,"gold_loss":0},{"cards_removed":["Bite"],"damage_healed":0,"gold_gain":0,"player_choice":"Removed Attack","damage_taken":0,"max_hp_gain":0,"max_hp_loss":0,"event_name":"Falling","floor":42,"gold_loss":0},{"damage_healed":0,"gold_gain":0,"player_choice":"Fight","damage_taken":0,"max_hp_gain":0,"max_hp_loss":0,"event_name":"MindBloom","floor":46,"gold_loss":0}],"is_beta":false,"boss_relics":[{"not_picked":["Philosopher\u0027s Stone","Fusion Hammer"],"picked":"Cursed Key"},{"not_picked":["Astrolabe","Black Star"],"picked":"Calling Bell"}],"items_purged_floors":[10,53],"is_endless":false,"potions_floor_spawned":[2,7,11,20,23,33,40,46,47],"ascension_level":0}}