{"host":"xwa8eo9nbml0h97x","time":1608917618,"event":{"mods":["Aspiration","BaseMod","Colored Map","Colored Powertips","DeckTracker","Highlight Path","Hubris","Infinite Spire","Minty Spire (QoL Compilation)","Quick Restart","Random Character Button","Relic Sorter","Replay The Spire","StSLib","SuperFastMode","Synergy Search","The Cursed","The Disciple","The Jungle","The Runesmith"],"gold_per_floor":[116,136,151,151,171,171,189,154,177,187,187,219,219,239,239,239,239],"floor_reached":16,"playtime":904,"items_purged":[],"score":104,"play_id":"df4a5c79-5325-4564-824e-d5e20d05c743","local_time":"20201225143338","is_ascension_mode":false,"campfire_choices":[{"floor":6,"key":"REST"},{"floor":11,"key":"REST"},{"floor":15,"key":"REST"}],"circlet_count":0,"master_deck":["Strike_Br","Strike_Br","Strike_Br","Strike_Br","Defend_Br","Defend_Br","Defend_Br","Defend_Br","SecondHand","PatternShift","LockedScales","PrimeTime","LockedScales+1","LockedBlood","Backlash","BlueShift","WindUp","ExoVibe"],"relics":["Chronometer","NeowsBlessing","Replay:Mystery Machine","hubris:ToyBattleship"],"acts_visited":["Exordium"],"potions_floor_usage":[],"damage_taken":[{"damage":0.0,"enemies":"2 Louse","floor":1.0,"turns":1.0},{"damage":0.0,"enemies":"Small Slimes","floor":2.0,"turns":2.0},{"damage":0.0,"enemies":"Jaw Worm","floor":3.0,"turns":1.0},{"damage":27.0,"enemies":"Exordium Wildlife","floor":5.0,"turns":5.0},{"damage":21,"enemies":"Blue Slaver","floor":7,"turns":4},{"damage":35,"enemies":"Exordium Thugs","floor":10,"turns":5},{"damage":44,"enemies":"3 Sentries","floor":12,"turns":15},{"damage":22,"enemies":"Gremlin Gang","floor":14,"turns":5},{"damage":46,"enemies":"Fading Forest","floor":16,"turns":9}],"seed_played":"-8722230117771204849","potions_obtained":[{"floor":3.0,"key":"SpeedPotion"},{"floor":5.0,"key":"BlessingOfTheForge"},{"floor":10,"key":"Weak Potion"}],"is_trial":false,"path_per_floor":["M","M","M","?","M","R","M","?","T","M","R","E","?","M","R","B"],"character_chosen":"CHRONO_CLASS","items_purchased":[],"campfire_rested":3,"item_purchase_floors":[],"current_hp_per_floor":[65,65,65,65,38,57,40,56,56,27,46,8,29,9,28,0,0],"gold":239,"neow_bonus":"THREE_ENEMY_KILL","is_daily":false,"chose_seed":false,"campfire_upgraded":0,"win_rate":0.0,"timestamp":1608917618,"path_taken":["M","M","M","?","M","R","M","?","T","M","R","E","?","M","R","BOSS"],"items_purchased_type":[],"build_version":"2020-12-22","purchased_purges":0,"victory":false,"max_hp_per_floor":[65,65,65,65,65,65,65,65,65,65,65,65,65,65,65,65,65],"card_choices":[{"not_picked":["WatchCommand","LockedWarPaint"],"picked":"LockedScales","floor":1.0},{"not_picked":["LockedUrn","BlueShift"],"picked":"PrimeTime","floor":2.0},{"not_picked":["Accruing","LockedAnchor","LockedScales"],"picked":"SKIP","floor":3.0},{"not_picked":["Accruing","LockedAnchor"],"picked":"LockedScales","floor":3.0},{"not_picked":["LockedThread","HandsUpB"],"picked":"LockedBlood","floor":5.0},{"not_picked":["ShortSighted","LockedBlood"],"picked":"Backlash","floor":7},{"not_picked":["LockedMedicine","LockedAnchor"],"picked":"BlueShift","floor":10},{"not_picked":["HandsUpB","Echoward"],"picked":"WindUp","floor":12},{"not_picked":["PrimeTime","Goo"],"picked":"ExoVibe","floor":14}],"player_experience":4113,"relics_obtained":[{"floor":9,"key":"Replay:Mystery Machine"},{"floor":12,"key":"hubris:ToyBattleship"}],"event_choices":[{"damage_healed":16,"gold_gain":0,"player_choice":"Healed","damage_taken":0,"max_hp_gain":0,"max_hp_loss":0,"event_name":"The Cleric","floor":8,"gold_loss":35},{"damage_healed":21,"gold_gain":0,"player_choice":"Banana","damage_taken":0,"max_hp_gain":0,"max_hp_loss":0,"event_name":"Big Fish","floor":13,"gold_loss":0}],"is_beta":false,"boss_relics":[],"items_purged_floors":[],"is_endless":false,"potions_floor_spawned":[3,5,10],"killed_by":"Fading Forest","ascension_level":0}}