{"host":"chv1qanoipyt46jc","time":1608873443,"event":{"mods":["2.2 Compatiblity","AchievementEnabler","BaseMod","BetterRewards","CapriCore","Card Filter","Conspire","Downfall","Gold Saver","Grow up Mod","Minty Spire (QoL Compilation)","Rare Cards Sparkle","Relic Filter","Remove Card Discount Mod","Reorder Act Four","StSLib"],"gold_per_floor":[1098,999999,999984,999984,999994,1000011,1000011,1000029,1000029,1000042,1000042,1000042,999717,999733,999744,999840,999890,999890,999910,999546,999546,999566,999580,999580,999606,999456,999467,999478,999518,999537,999571,999589,999687,999687,999612,999662,999675,999693,999109,999142,999177,999189,998698,998698,998727,998727,998744,998769,998779,998779,998779,998811,998811,998797,998797],"floor_reached":56,"playtime":3993,"items_purged":["Slimebound:Strike_Slimebound+1","Slimebound:Strike_Slimebound","Slimebound:Defend_Slimebound","Slimebound:Defend_Slimebound","Slimebound:Strike_Slimebound+1","Slimebound:Defend_Slimebound","Slimebound:Defend_Slimebound","Slimebound:Tackle","Bandage Up","Slimebound:FirmFortitude","Slimebound:HungryTackle","Slimebound:HungryTackle","Slimebound:RainOfGoop","Slimebound:ItLooksTasty","Slimebound:ItLooksTasty","Slimebound:LeechEnergy","Slimebound:TongueLash+1","Slimebound:RejuvenatingLick","Slimebound:RejuvenatingLick","Slimebound:MegaLick+1"],"score":1346,"play_id":"7e6087b1-bce6-498b-80a7-16b6a3f45991","local_time":"20201224231723","is_ascension_mode":false,"campfire_choices":[{"data":"Slimebound:CorrosiveSpit","floor":1.0,"key":"SMITH"},{"data":"Slimebound:AcidTongue","floor":9.0,"key":"SMITH"},{"data":"Slimebound:RainOfGoop","floor":18.0,"key":"SMITH"},{"floor":26,"key":"RECALL"},{"data":"Slimebound:Recycling","floor":35,"key":"SMITH"},{"data":"Slimebound:RainOfGoop","floor":42,"key":"SMITH"},{"data":"Slimebound:GrowthPunch","floor":53,"key":"SMITH"}],"circlet_count":0,"master_deck":["Slimebound:Split","Slimebound:CorrosiveSpit+1","Slimebound:Repurpose","Slimebound:RainOfGoop+1","Slimebound:AcidTongue+1","Slimebound:AcidTongue","Slimebound:RainOfGoop+1","Slimebound:RainOfGoop+1","Slimebound:GrowthPunch+1","Slimebound:LeechingTouch","Slimebound:Recycling+1"],"relics":["Slimebound:AbsorbEndCombat","Whetstone","Strawberry","Ancient Tea Set","Chemical X","Tiny House","Art of War","Lee\u0027s Waffle","Anchor","Oddly Smooth Stone","downfall:HeartBlessingGreen","downfall:HeartBlessingBlue","Slimebound:AggressiveSlimeRelic","Boot","Ice Cream","SacredBark","downfall:HeartBlessingRed","conspire:GlowingRock","TheAbacus","Ginger","Vajra","MawBank","PreservedInsect","Bottled Flame","Sundial","conspire:Flyswatter","Pen Nib","Centennial Puzzle"],"acts_visited":["Exordium","TheCity","TheBeyond","TheEnding"],"potions_floor_usage":[55],"damage_taken":[{"damage":19.0,"enemies":"Small Slimes","floor":2.0,"turns":3.0},{"damage":17.0,"enemies":"downfall:FleeingMerchant","floor":3.0,"turns":4.0},{"damage":6.0,"enemies":"Cultist","floor":5.0,"turns":2.0},{"damage":16.0,"enemies":"2 Louse","floor":6.0,"turns":3.0},{"damage":48.0,"enemies":"Gremlin Gang","floor":8.0,"turns":4.0},{"damage":21.0,"enemies":"Large Slime","floor":10.0,"turns":3.0},{"damage":27.0,"enemies":"downfall:FleeingMerchant","floor":13.0,"turns":4.0},{"damage":22.0,"enemies":"conspire:2 RoseBushes","floor":14.0,"turns":3.0},{"damage":30.0,"enemies":"Gremlin Gang","floor":15.0,"turns":3.0},{"damage":69.0,"enemies":"downfall:Defect","floor":16.0,"turns":5.0},{"damage":45.0,"enemies":"conspire:FuzzyDice","floor":19.0,"turns":3.0},{"damage":35.0,"enemies":"downfall:FleeingMerchant","floor":20.0,"turns":4.0},{"damage":43.0,"enemies":"3 Byrds","floor":22.0,"turns":5.0},{"damage":43,"enemies":"Centurion and Healer","floor":23,"turns":4},{"damage":45,"enemies":"conspire:SneckoGhost","floor":25,"turns":8},{"damage":3,"enemies":"Snake Plant","floor":27,"turns":2},{"damage":14,"enemies":"conspire:HollyBat","floor":28,"turns":4},{"damage":0,"enemies":"downfall:FleeingMerchant","floor":29,"turns":1},{"damage":17,"enemies":"3 Cultists","floor":30,"turns":4},{"damage":107,"enemies":"Slavers","floor":31,"turns":6},{"damage":4,"enemies":"Snake Plant","floor":32,"turns":2},{"damage":57,"enemies":"downfall:Silent","floor":33,"turns":7},{"damage":45,"enemies":"Mind Bloom Boss Battle","floor":36,"turns":7},{"damage":18,"enemies":"3 Shapes","floor":37,"turns":4},{"damage":12,"enemies":"Orb Walker","floor":38,"turns":2},{"damage":61,"enemies":"Nemesis","floor":40,"turns":5},{"damage":19,"enemies":"Giant Head","floor":45,"turns":5},{"damage":12,"enemies":"Transient","floor":47,"turns":5},{"damage":38,"enemies":"Reptomancer","floor":48,"turns":4},{"damage":18,"enemies":"Sphere and 2 Shapes","floor":49,"turns":3},{"damage":31,"enemies":"downfall:Ironclad","floor":50,"turns":10},{"damage":75,"enemies":"downfall:CharBossMerchant","floor":52,"turns":6},{"damage":81,"enemies":"downfall:NeowBoss","floor":55,"turns":22}],"seed_played":"-1987004023910599878","potions_obtained":[{"floor":2.0,"key":"Block Potion"},{"floor":5.0,"key":"AttackPotion"},{"floor":6.0,"key":"Block Potion"},{"floor":23,"key":"Slimebound:SpawnSlimePotion"}],"is_trial":false,"path_per_floor":["R","M","$","?","M","M","T","M","R","M","?","?","$","M","M","B",null,"R","M","$","?","M","M","T","E","R","M","M","$","M","E","M","B",null,"R","?","M","M","?","E","T","R","$","?","E","?","M","E","M","B",null,"E","R","$","B",null],"character_chosen":"SLIMEBOUND","items_purchased":["Slimebound:HungryTackle","Slimebound:AcidTongue","Bandage Up","Slimebound:TongueLash","Whetstone","Strawberry","Ancient Tea Set","Chemical X","Art of War","Lee\u0027s Waffle","Slimebound:GrowthPunch","Slimebound:AggressiveSlimeRelic","Boot","TheAbacus","Ginger","Vajra","Bottled Flame","Sundial"],"campfire_rested":0,"item_purchase_floors":[3,3,3,3,3,3,13,13,20,20,20,29,29,39,39,39,43,43],"current_hp_per_floor":[80,81,91,101,119,137,147,138,148,163,173,183,206,214,216,189,252,262,247,289,299,288,277,287,280,300,313,317,327,344,273,291,282,439,449,442,454,472,482,449,459,469,479,489,514,524,560,559,575,598,609,562,572,582,583],"gold":998797,"neow_bonus":"THREE_CARDS","is_daily":false,"chose_seed":false,"campfire_upgraded":6,"win_rate":0.0,"timestamp":1608873443,"path_taken":["R","M","$","?","M","M","T","?","R","M","?","?","$","M","M","BOSS","R","M","$","?","M","M","T","E","R","M","M","$","?","E","M","BOSS","R","?","M","M","?","E","T","R","$","?","E","?","M","E","M","BOSS","E","R","$","BOSS"],"items_purchased_type":["Card","Card","Card","Card","Relic","Relic","Relic","Relic","Relic","Relic","Card","Relic","Relic","Relic","Relic","Relic","Relic","Relic"],"build_version":"2020-12-22","purchased_purges":20,"victory":true,"max_hp_per_floor":[80,90,107,117,127,137,147,157,167,177,187,197,207,217,227,237,252,262,272,289,299,309,319,329,339,359,369,379,389,399,409,419,429,439,449,459,469,479,489,499,509,519,529,539,549,559,569,579,589,599,609,619,629,639,649],"card_choices":[{"not_picked":["Slimebound:PressTheAttack","Slimebound:SplitMire"],"picked":"Slimebound:HungryTackle","floor":0.0},{"not_picked":["Slimebound:FormOfPuddle","Slimebound:SplitBruiser"],"picked":"Slimebound:Repurpose","floor":2.0},{"not_picked":["Slimebound:Equalize","Slimebound:FormOfPuddle"],"picked":"Slimebound:RainOfGoop","floor":3.0},{"not_picked":["Slimebound:AcidTongue","Slimebound:LeechEnergy"],"picked":"Slimebound:RejuvenatingLick","floor":5.0},{"not_picked":["Slimebound:Repurpose","Slimebound:SplitMire","Slimebound:GoopSpray"],"picked":"SKIP","floor":6.0},{"not_picked":["Slimebound:ComboTackle","Slimebound:Dissolve","Slimebound:ProtectTheBoss"],"picked":"SKIP","floor":8.0},{"not_picked":["Slimebound:SlimeBarrage","Slimebound:SplitLeeching","Slimebound:ViciousTackle"],"picked":"SKIP","floor":10.0},{"not_picked":["Slimebound:SlimeBarrage","Slimebound:ViciousTackle"],"picked":"Slimebound:SplitLeeching","floor":10.0},{"not_picked":["Slimebound:LeechLife","Slimebound:Schlurp"],"picked":"Slimebound:RejuvenatingLick","floor":13.0},{"not_picked":["Slimebound:LeechEnergy","Slimebound:DisruptingSlam"],"picked":"Slimebound:AcidTongue","floor":14.0},{"not_picked":["Slimebound:Grow","Slimebound:Replication"],"picked":"Slimebound:FirmFortitude","floor":15.0},{"not_picked":["Slimebound:SplitAcid","Slimebound:SplitMire"],"picked":"Slimebound:RainOfGoop","floor":17.0},{"not_picked":["Slimebound:FinishingTackle","Slimebound:SlimeSpikes"],"picked":"Slimebound:RainOfGoop","floor":19.0},{"not_picked":["Slimebound:MassFeed","Slimebound:SplitBruiser","Slimebound:GoopSpray+1"],"picked":"SKIP","floor":20.0},{"not_picked":["Slimebound:GoopSpray","Slimebound:SplitMire+1"],"picked":"Slimebound:RainOfGoop","floor":22},{"not_picked":["Slimebound:PressTheAttack","Slimebound:FlameTackle+1","Slimebound:WasteNot"],"picked":"SKIP","floor":23},{"not_picked":["Slimebound:SlimeTap","Slimebound:RollThrough"],"picked":"Slimebound:LeechingTouch","floor":25},{"not_picked":["Slimebound:SplitBruiser","Slimebound:SplitLeeching"],"picked":"Slimebound:ItLooksTasty","floor":27},{"not_picked":["Slimebound:GoopSpray","Slimebound:Repurpose+1","Slimebound:FinishingTackle+1"],"picked":"SKIP","floor":28},{"not_picked":["Slimebound:MegaLick+1","Slimebound:ForwardTackle+1"],"picked":"Slimebound:ItLooksTasty","floor":29},{"not_picked":["Slimebound:Schlurp","Slimebound:GoopSpray","Slimebound:SpikyOuterGoop"],"picked":"SKIP","floor":30},{"not_picked":["Slimebound:DisruptingSlam","Slimebound:SplitMire"],"picked":"Slimebound:Recycling","floor":31},{"not_picked":["Slimebound:FinishingTackle","Slimebound:RainOfGoop","Slimebound:RollThrough"],"picked":"SKIP","floor":32},{"not_picked":["Slimebound:TongueLash","Slimebound:FinishingTackle+1"],"picked":"Slimebound:MegaLick+1","floor":36},{"not_picked":["Slimebound:ViciousTackle","Slimebound:SplitBruiser+1","Slimebound:Grow"],"picked":"SKIP","floor":37},{"not_picked":["Slimebound:FinishingTackle+1","Slimebound:SplitLeeching+1","Slimebound:Schlurp+1"],"picked":"SKIP","floor":38},{"not_picked":["Slimebound:SlimeBarrage","Slimebound:SplitLeeching","Slimebound:SplitMire+1"],"picked":"SKIP","floor":40},{"not_picked":["Slimebound:GrowthPunch","Slimebound:SlimeBarrage"],"picked":"Slimebound:LeechEnergy","floor":45},{"not_picked":["Slimebound:SlimeSpikes","Slimebound:SplitLeeching","Slimebound:ComboTackle"],"picked":"SKIP","floor":47},{"not_picked":["Slimebound:FormOfPuddle","Slimebound:ComboTackle+1","Slimebound:CheckThePlaybook"],"picked":"SKIP","floor":48},{"not_picked":["Slimebound:ComboTackle+1","Slimebound:LeechingTouch+1","Slimebound:SlimeBrawl"],"picked":"SKIP","floor":49},{"not_picked":["Slimebound:BestDefense+1","Slimebound:HauntingLick+1","Slimebound:Schlurp+1"],"picked":"SKIP","floor":52}],"player_experience":351877,"relics_obtained":[{"floor":24,"key":"Anchor"},{"floor":25,"key":"Oddly Smooth Stone"},{"floor":31,"key":"Ice Cream"},{"floor":36,"key":"conspire:GlowingRock"},{"floor":40,"key":"MawBank"},{"floor":41,"key":"PreservedInsect"},{"floor":45,"key":"conspire:Flyswatter"},{"floor":48,"key":"Pen Nib"},{"floor":52,"key":"Centennial Puzzle"}],"event_choices":[{"damage_healed":0.0,"max_hp_gain":0.0,"max_hp_loss":0.0,"gold_gain":0.0,"event_name":"Upgrade Shrine","player_choice":"Upgraded","floor":4.0,"gold_loss":0.0,"damage_taken":0.0,"cards_upgraded":["Slimebound:RainOfGoop"]},{"damage_healed":0.0,"max_hp_gain":0.0,"max_hp_loss":0.0,"gold_gain":0.0,"event_name":"conspire:Investor","player_choice":"Leave","floor":11.0,"gold_loss":0.0,"damage_taken":0.0},{"cards_removed":["Slimebound:SplitLeeching"],"damage_healed":5.0,"max_hp_gain":0.0,"max_hp_loss":0.0,"gold_gain":0.0,"event_name":"Bonfire Elementals","player_choice":"Offered Common","floor":21.0,"gold_loss":0.0,"damage_taken":0.0},{"cards_removed":["Slimebound:SplitLeeching"],"damage_healed":5.0,"max_hp_gain":0.0,"max_hp_loss":0.0,"gold_gain":0.0,"event_name":"Bonfire Elementals","player_choice":"Offered Special","floor":21.0,"gold_loss":0.0,"damage_taken":0.0}],"is_beta":false,"boss_relics":[{"not_picked":["conspire:RunicOctahedron","Calling Bell"],"picked":"Tiny House"},{"not_picked":["conspire:SeveredTorchhead","conspire:SlowCooker"],"picked":"SacredBark"}],"items_purged_floors":[3,3,3,3,3,3,3,3,13,20,29,29,39,54,54,54,54,54,54,54],"is_endless":false,"potions_floor_spawned":[2,5,6,8,14,23,28,30,31,32,33,36,38,47,49],"ascension_level":0}}