{"host":"sv2o2io561l6x04h","time":1608928959,"event":{"mods":["BaseMod","Bestiary","Better Altar","Better Match","Better Note","Better Sensory Stone","Colored Map","Conspire","Custom Start","DeckTracker","Downfall","Highlight Path","Hubris","Infinite Spire","Minty Spire (QoL Compilation)","Replay The Spire","Shop Mod","StSLib","The Runesmith"],"gold_per_floor":[199,217,231,243,262,262,313,223,239,89,89,108,122,7,25,124,124,124,135,135,155,255,273,321,112,140,23,23,36,36,36,52,52,52,52],"floor_reached":33,"playtime":3271,"items_purged":["Slimebound:Tackle","Slimebound:Strike_Slimebound","Slimebound:Strike_Slimebound","Slimebound:Defend_Slimebound"],"score":261,"play_id":"1df88774-c658-4a2a-9e4d-e487f80cc507","local_time":"20201225154239","is_ascension_mode":false,"campfire_choices":[{"floor":1,"key":"RECALL"},{"data":"Slimebound:LevelUp","floor":10,"key":"SMITH"},{"data":"Slimebound:Gluttony","floor":18,"key":"SMITH"},{"floor":28,"key":"REST"},{"data":"Slimebound:Gluttony","floor":30,"key":"SMITH"}],"circlet_count":0,"master_deck":["Slimebound:Defend_Slimebound","Slimebound:Defend_Slimebound","Slimebound:Defend_Slimebound","Slimebound:Split+1","Slimebound:CorrosiveSpit","Slimebound:GrowthPunch","Slimebound:SlimeBarrage","Slimebound:SplitAcid","Slimebound:LeechingTouch","Slimebound:LevelUp+1","Slimebound:FirmFortitude","Slimebound:LeechEnergy","Slimebound:Schlurp","Slimebound:Gluttony+1","Slimebound:SamplingLick","Slimebound:LeechLife","Slimebound:SplitLeeching","Slimebound:GrowthPunch+1","Slimebound:GrowthPunch","Slimebound:Gluttony+1","Slimebound:AcidTongue","Slimebound:SplitLeeching+1","Slimebound:SamplingLick","Slimebound:Equalize","Slimebound:LivingWall+1"],"relics":["Slimebound:AbsorbEndCombat","downfall:HeartBlessingRed","downfall:HeartBlessingBlue","conspire:SpecialSausage","hubris:CuriousFeather","Bag of Preparation","conspire:TopHat","downfall:KnowingSkull"],"acts_visited":["Exordium","TheCity"],"potions_floor_usage":[5,13,13,15,16,19,21,26,32,33,33],"damage_taken":[{"damage":6,"enemies":"conspire:RoseBush","floor":2,"turns":4},{"damage":5,"enemies":"Jaw Worm","floor":3,"turns":5},{"damage":7,"enemies":"Small Slimes","floor":4,"turns":3},{"damage":20,"enemies":"Exordium Wildlife","floor":5,"turns":5},{"damage":18,"enemies":"downfall:FleeingMerchant","floor":8,"turns":4},{"damage":29,"enemies":"Lots of Slimes","floor":9,"turns":3},{"damage":19,"enemies":"Blue Slaver","floor":12,"turns":4},{"damage":18,"enemies":"Large Slime","floor":13,"turns":4},{"damage":23,"enemies":"downfall:FleeingMerchant","floor":14,"turns":4},{"damage":22,"enemies":"3 Louse","floor":15,"turns":2},{"damage":48,"enemies":"downfall:Defect","floor":16,"turns":6},{"damage":34,"enemies":"conspire:FuzzyDice","floor":19,"turns":5},{"damage":28,"enemies":"Spheric Guardian","floor":21,"turns":4},{"damage":25,"enemies":"Cultist and Chosen","floor":23,"turns":6},{"damage":26,"enemies":"downfall:FleeingMerchant","floor":25,"turns":4},{"damage":81,"enemies":"Slavers","floor":26,"turns":4},{"damage":32,"enemies":"downfall:FleeingMerchant","floor":27,"turns":4},{"damage":27,"enemies":"Snake Plant","floor":29,"turns":4},{"damage":47,"enemies":"Chosen and Byrds","floor":32,"turns":5},{"damage":73,"enemies":"downfall:Silent","floor":33,"turns":7}],"seed_played":"-61369071790313859","potions_obtained":[{"floor":4,"key":"Weak Potion"},{"floor":5,"key":"AttackPotion"},{"floor":9,"key":"sneckomod:MuddlingPotion"},{"floor":12,"key":"PowerPotion"},{"floor":13,"key":"Energy Potion"},{"floor":15,"key":"Slimebound:ThreeZeroPotion"},{"floor":19,"key":"BlessingOfTheForge"},{"floor":21,"key":"Dexterity Potion"},{"floor":29,"key":"GamblersBrew"},{"floor":32,"key":"Weak Potion"}],"is_trial":false,"path_per_floor":["R","M","M","M","M","?","T","$","M","R","?","M","M","$","M","B",null,"R","M","AVR","M","?","M","T","$","E","$","R","M","R","?","M","B"],"character_chosen":"SLIMEBOUND","items_purchased":["Slimebound:AcidTongue","CultistPotion"],"campfire_rested":1,"item_purchase_floors":[25,27],"current_hp_per_floor":[60,60,60,60,60,60,60,60,43,53,53,50,52,61,47,47,70,70,68,68,60,60,61,61,70,21,17,38,31,31,25,20,0,0,0],"gold":52,"neow_bonus":"HUNDRED_GOLD","is_daily":false,"chose_seed":false,"campfire_upgraded":3,"win_rate":0.0,"timestamp":1608928959,"path_taken":["R","M","M","M","M","?","T","?","M","R","?","?","M","?","M","BOSS","R","M","AVR","M","?","M","T","$","E","$","R","M","R","?","M","BOSS"],"items_purchased_type":["Card","Potion"],"build_version":"2020-12-22","purchased_purges":4,"victory":false,"max_hp_per_floor":[60,60,60,60,60,60,60,60,60,70,70,70,70,70,70,70,70,70,70,70,70,70,70,70,70,70,70,70,70,70,70,70,70,70,70],"card_choices":[{"not_picked":["Slimebound:TongueLash","Slimebound:SlimeTap"],"picked":"Slimebound:GrowthPunch","floor":2},{"not_picked":["Slimebound:SlimeSpikes","Slimebound:SlimeTap"],"picked":"Slimebound:SlimeBarrage","floor":3},{"not_picked":["Slimebound:GoopTackle","Slimebound:Chomp"],"picked":"Slimebound:SplitAcid","floor":4},{"not_picked":["Slimebound:ProtectTheBoss","Slimebound:TongueLash"],"picked":"Slimebound:LeechingTouch","floor":5},{"not_picked":["Slimebound:SplitLeeching","Slimebound:ComboTackle"],"picked":"Slimebound:LevelUp","floor":8},{"not_picked":["Slimebound:ViciousTackle","Slimebound:LeechingTouch"],"picked":"Slimebound:FirmFortitude","floor":9},{"not_picked":["Slimebound:HauntingLick","Slimebound:SplitAcid"],"picked":"Slimebound:LeechEnergy","floor":12},{"not_picked":["Slimebound:FinishingTackle","Slimebound:GoopTackle"],"picked":"Slimebound:Schlurp","floor":13},{"not_picked":["Slimebound:FinishingTackle","Slimebound:SplitBruiser"],"picked":"Slimebound:Gluttony","floor":14},{"not_picked":["Slimebound:FormOfPuddle","Slimebound:ComboTackle"],"picked":"Slimebound:SamplingLick","floor":15},{"not_picked":["Slimebound:RallyTheTroops","Slimebound:WasteNot"],"picked":"Slimebound:LeechLife","floor":16},{"not_picked":["Slimebound:Grow+1","Slimebound:RollThrough+1"],"picked":"Slimebound:SplitLeeching","floor":19},{"not_picked":["Slimebound:SpikyOuterGoop","Slimebound:SplitLeeching+1"],"picked":"Slimebound:GrowthPunch+1","floor":21},{"not_picked":["Slimebound:GoopSpray","Slimebound:DisruptingSlam"],"picked":"Slimebound:GrowthPunch","floor":23},{"not_picked":["Slimebound:ForwardTackle","Slimebound:LeechEnergy+1"],"picked":"Slimebound:Gluttony","floor":25},{"not_picked":["Slimebound:ItLooksTasty","Slimebound:GoopTackle"],"picked":"Slimebound:SplitLeeching+1","floor":26},{"not_picked":["Slimebound:FormOfPuddle","Slimebound:Dissolve"],"picked":"Slimebound:SamplingLick","floor":27},{"not_picked":["Slimebound:SplitAcid","Slimebound:RollThrough"],"picked":"Slimebound:Equalize","floor":29},{"not_picked":["Slimebound:Schlurp","Slimebound:Repurpose"],"picked":"Slimebound:LivingWall+1","floor":32}],"player_experience":262734,"relics_obtained":[{"floor":24,"key":"Bag of Preparation"},{"floor":26,"key":"conspire:TopHat"}],"event_choices":[{"damage_healed":0,"gold_gain":0,"player_choice":"Upgraded","damage_taken":0,"max_hp_gain":0,"max_hp_loss":0,"event_name":"Upgrade Shrine","floor":6,"gold_loss":0,"cards_upgraded":["Slimebound:Split"]}],"is_beta":false,"boss_relics":[{"not_picked":["hubris:VirtuousBlindfold","Runic Pyramid"],"picked":"conspire:SpecialSausage"}],"items_purged_floors":[8,14,20,25],"is_endless":false,"potions_floor_spawned":[4,5,9,12,13,15,19,21,29,32],"killed_by":"downfall:Silent","ascension_level":0}}