{"host":"1eo5f82aifdzd7pr","time":1608922375,"event":{"mods":["AchievementEnabler","BaseMod","Colored Map","Colored Powertips","DeckTracker","Minty Spire (QoL Compilation)","SuperFastMode"],"gold_per_floor":[109,184,256,267,286,286,319,319,319,319,334,347,347,347],"floor_reached":13,"playtime":504,"items_purged":[],"score":140,"play_id":"3b77de00-e766-4678-aea4-8957b238d3f2","local_time":"20201225205255","is_ascension_mode":true,"campfire_choices":[{"data":"Spot Weakness","floor":6,"key":"SMITH"},{"floor":8,"key":"REST"},{"floor":10,"key":"REST"}],"circlet_count":0,"master_deck":["AscendersBane","Strike_R","Strike_R","Strike_R","Strike_R","Strike_R","Defend_R","Defend_R","Defend_R","Defend_R","Bash","Shrug It Off","Ghostly Armor","Spot Weakness+1","Iron Wave"],"relics":["Burning Blood","Mango","Paper Frog","Pantograph","Frozen Egg 2"],"acts_visited":["Exordium"],"potions_floor_usage":[13],"damage_taken":[{"damage":2,"enemies":"2 Louse","floor":1,"turns":3},{"damage":6,"enemies":"Jaw Worm","floor":4,"turns":5},{"damage":3,"enemies":"Cultist","floor":5,"turns":4},{"damage":46,"enemies":"Lagavulin","floor":7,"turns":7},{"damage":33,"enemies":"Exordium Wildlife","floor":11,"turns":6},{"damage":44,"enemies":"Exordium Thugs","floor":12,"turns":9},{"damage":23,"enemies":"Gremlin Nob","floor":13,"turns":3}],"seed_played":"8208122961214191416","potions_obtained":[{"floor":1,"key":"ElixirPotion"},{"floor":7,"key":"CultistPotion"},{"floor":12,"key":"DuplicationPotion"}],"is_trial":false,"path_per_floor":["M","?","T","M","M","R","E","R","T","R","M","M","E"],"character_chosen":"IRONCLAD","items_purchased":[],"campfire_rested":2,"item_purchase_floors":[],"current_hp_per_floor":[69,58,58,58,61,61,21,49,49,77,50,12,0,0],"gold":347,"neow_bonus":"ONE_RARE_RELIC","is_daily":false,"chose_seed":false,"campfire_upgraded":1,"win_rate":0.0,"timestamp":1608922375,"path_taken":["M","?","?","M","M","R","E","R","T","R","M","?","E"],"items_purchased_type":[],"build_version":"2020-12-22","purchased_purges":0,"victory":false,"max_hp_per_floor":[94,94,94,94,94,94,94,94,94,94,94,94,94,94],"card_choices":[{"not_picked":["Carnage","Thunderclap"],"picked":"Shrug It Off","floor":1},{"not_picked":["Evolve","Inflame"],"picked":"Ghostly Armor","floor":4},{"not_picked":["Entrench","Clash"],"picked":"Spot Weakness","floor":5},{"not_picked":["Bludgeon","Cleave","Clash"],"picked":"SKIP","floor":7},{"not_picked":["Dual Wield","Armaments","Wild Strike"],"picked":"SKIP","floor":11},{"not_picked":["Searing Blow","Headbutt"],"picked":"Iron Wave","floor":12}],"player_experience":688030,"relics_obtained":[{"floor":3,"key":"Paper Frog"},{"floor":7,"key":"Pantograph"},{"floor":9,"key":"Frozen Egg 2"}],"event_choices":[{"damage_healed":0,"gold_gain":75,"player_choice":"Gather Gold","damage_taken":11,"max_hp_gain":0,"max_hp_loss":0,"event_name":"World of Goop","floor":2,"gold_loss":0}],"is_beta":false,"boss_relics":[],"items_purged_floors":[],"is_endless":false,"potions_floor_spawned":[1,7,11,12],"killed_by":"Gremlin Nob","ascension_level":13}}