{"host":"cnluwb240fdd52tp","time":1608938423,"event":{"mods":["BaseMod","Colored Map","Minty Spire (QoL Compilation)","Rare Cards Sparkle","StSLib","The Forsaken"],"gold_per_floor":[111,286,299,63,63,94,94,112,112,124,138,155,190,201,201,296,296,308,42,58,58,58,86,97,97,97],"floor_reached":25,"playtime":4917,"items_purged":[],"score":260,"play_id":"b2015dee-07e2-4c59-8664-b8788a96713e","local_time":"20201226002023","is_ascension_mode":false,"campfire_choices":[{"data":"theForsaken:DefensiveStance","floor":7,"key":"SMITH"},{"data":"theForsaken:DivineGuidance","floor":15,"key":"SMITH"}],"circlet_count":0,"master_deck":["theForsaken:TheForsaken_Strike","theForsaken:TheForsaken_Strike","theForsaken:TheForsaken_Strike","theForsaken:TheForsaken_Defend","theForsaken:TheForsaken_Defend","theForsaken:TheForsaken_Defend","theForsaken:TheForsaken_Defend","theForsaken:Smite","theForsaken:Penitence","theForsaken:FuryStrikes","Doubt","theForsaken:StoreUp","theForsaken:DefensiveStance+1","theForsaken:FuryStrikes","theForsaken:ChargeAttack","theForsaken:Backlash","theForsaken:Backlash","theForsaken:ShieldBash","theForsaken:DivineGuidance+1","theForsaken:QuickAttack","theForsaken:Temperance","theForsaken:FuryStrikes","theForsaken:DefensiveStance","theForsaken:NobleSacrifice","Secret Technique","theForsaken:StoreUp","theForsaken:DefensiveStance","theForsaken:SacredOath","theForsaken:HymnOfRest+1"],"relics":["theForsaken:ScalesOfTruth","NeowsBlessing","Bronze Scales","White Beast Statue","Eternal Feather","Bag of Preparation","Ornamental Fan"],"acts_visited":["Exordium","TheCity"],"potions_floor_usage":[11,13,16,16,16,24],"damage_taken":[{"damage":0,"enemies":"Jaw Worm","floor":1,"turns":1},{"damage":0,"enemies":"Small Slimes","floor":3,"turns":1},{"damage":0,"enemies":"Lagavulin","floor":6,"turns":1},{"damage":2,"enemies":"Cultist","floor":8,"turns":3},{"damage":9,"enemies":"Lots of Slimes","floor":10,"turns":4},{"damage":0,"enemies":"3 Louse","floor":11,"turns":3},{"damage":5,"enemies":"Blue Slaver","floor":12,"turns":3},{"damage":24,"enemies":"3 Sentries","floor":13,"turns":7},{"damage":0,"enemies":"Exordium Wildlife","floor":14,"turns":3},{"damage":23,"enemies":"The Guardian","floor":16,"turns":11},{"damage":4,"enemies":"Chosen","floor":18,"turns":6},{"damage":5,"enemies":"Shell Parasite","floor":20,"turns":5},{"damage":47,"enemies":"Slavers","floor":23,"turns":7},{"damage":11,"enemies":"Snake Plant","floor":24,"turns":6},{"damage":10,"enemies":"Gremlin Leader","floor":25,"turns":1}],"seed_played":"2326658665894392403","potions_obtained":[{"floor":6,"key":"Strength Potion"},{"floor":8,"key":"Strength Potion"},{"floor":10,"key":"FearPotion"},{"floor":11,"key":"Fruit Juice"},{"floor":12,"key":"Swift Potion"},{"floor":13,"key":"Energy Potion"},{"floor":16,"key":"SpeedPotion"},{"floor":18,"key":"Swift Potion"},{"floor":20,"key":"Energy Potion"},{"floor":24,"key":"AttackPotion"}],"is_trial":false,"path_per_floor":["M","?","M","$","?","E","R","M","T","M","M","M","E","M","R","B",null,"M","$","M","$","?","E","M","E"],"character_chosen":"THE_FORSAKEN","items_purchased":["theForsaken:DefensiveStance","Bronze Scales","theForsaken:DefensiveStance","theForsaken:NobleSacrifice","Secret Technique"],"campfire_rested":0,"item_purchase_floors":[4,4,19,19,19],"current_hp_per_floor":[65,65,65,65,65,65,65,63,63,56,63,58,37,37,49,29,70,66,66,61,61,61,14,3,0,0],"gold":97,"neow_bonus":"THREE_ENEMY_KILL","is_daily":false,"chose_seed":false,"campfire_upgraded":2,"win_rate":0.0,"timestamp":1608938423,"path_taken":["M","?","M","$","?","E","R","M","T","?","M","M","E","M","R","BOSS","M","$","?","$","?","E","M","E"],"items_purchased_type":["Card","Relic","Card","Card","Card"],"build_version":"2020-12-22","purchased_purges":0,"victory":false,"max_hp_per_floor":[65,65,65,65,65,65,65,65,65,65,70,70,70,70,70,70,70,70,70,70,70,70,70,70,70,70],"card_choices":[{"not_picked":["theForsaken:HymnOfPatience","theForsaken:HorrifyingStrike"],"picked":"theForsaken:FuryStrikes","floor":1},{"not_picked":["theForsaken:Riposte","theForsaken:HymnOfPatience"],"picked":"theForsaken:StoreUp","floor":3},{"not_picked":["theForsaken:HealingLight","theForsaken:BlightOfFamine"],"picked":"theForsaken:ChargeAttack","floor":6},{"not_picked":["theForsaken:BountifulSunlight","theForsaken:RainingSunlight","theForsaken:CreepingInfection"],"picked":"SKIP","floor":8},{"not_picked":["theForsaken:ChargeAttack","theForsaken:Eulogy"],"picked":"theForsaken:Backlash","floor":10},{"not_picked":["theForsaken:BountifulSunlight","theForsaken:ChargeAttack"],"picked":"theForsaken:Backlash","floor":11},{"not_picked":["theForsaken:Backlash","theForsaken:ShieldCharge"],"picked":"theForsaken:ShieldBash","floor":12},{"not_picked":["theForsaken:CorruptedWord","theForsaken:DefensiveStance"],"picked":"theForsaken:DivineGuidance","floor":13},{"not_picked":["theForsaken:Tranquility","theForsaken:FatRoll"],"picked":"theForsaken:QuickAttack","floor":14},{"not_picked":["theForsaken:SacredOath","theForsaken:CorruptedForm"],"picked":"theForsaken:Temperance","floor":16},{"not_picked":["theForsaken:Thunderbolt","theForsaken:BattleHymn+1"],"picked":"theForsaken:FuryStrikes","floor":18},{"not_picked":["theForsaken:SpinAttack","theForsaken:Thunderbolt+1"],"picked":"theForsaken:StoreUp","floor":20},{"not_picked":["theForsaken:FatRoll","theForsaken:PanicDive"],"picked":"theForsaken:SacredOath","floor":23},{"not_picked":["theForsaken:PanicDive+1","theForsaken:AncientWords"],"picked":"theForsaken:HymnOfRest+1","floor":24}],"player_experience":115892,"relics_obtained":[{"floor":6,"key":"White Beast Statue"},{"floor":9,"key":"Eternal Feather"},{"floor":13,"key":"Bag of Preparation"},{"floor":23,"key":"Ornamental Fan"}],"event_choices":[{"damage_healed":0,"gold_gain":175,"player_choice":"AGREE","damage_taken":0,"max_hp_gain":0,"max_hp_loss":0,"event_name":"Liars Game","floor":2,"gold_loss":0,"cards_obtained":["Doubt"]},{"damage_healed":0,"gold_gain":0,"cards_transformed":["theForsaken:TheForsaken_Strike"],"player_choice":"Transformed","damage_taken":0,"max_hp_gain":0,"max_hp_loss":0,"event_name":"Transmorgrifier","floor":5,"gold_loss":0,"cards_obtained":["theForsaken:FuryStrikes"]},{"damage_healed":0,"gold_gain":0,"player_choice":"Read","damage_taken":0,"max_hp_gain":0,"max_hp_loss":0,"event_name":"The Library","floor":22,"gold_loss":0,"cards_obtained":["theForsaken:DefensiveStance"]}],"is_beta":false,"boss_relics":[{"not_picked":["Black Star","Sozu"],"picked":"theForsaken:ScalesOfTruth"}],"items_purged_floors":[],"is_endless":false,"potions_floor_spawned":[6,8,10,11,12,13,14,16,18,20,23,24],"killed_by":"Gremlin Leader","ascension_level":0}}