{"host":"cfluht5kr2kfk9p9","time":1608918796,"event":{"mods":["ATMod(阿瑾Mod)","Act Like it!","BaseMod","Gensokyo","GungeonMod","Hallownest","Highlight Path","Minty Spire (QoL Compilation)","Quick Restart","Rare Cards Sparkle","Relic Stats","RumiaBox-露米娅的神秘盒子","Spicy Shops","StSLib","TestMod","The Alterego","【功能Mod】混沌之环修复补丁"],"gold_per_floor":[114,114,114,39,55,83,83,83,83],"floor_reached":8,"playtime":194,"items_purged":["Strike_R"],"score":148,"play_id":"d2f806ad-db14-4532-be13-3c853a5cf07d","local_time":"20201226015316","is_ascension_mode":true,"campfire_choices":[{"data":"Barricade","floor":7,"key":"SMITH"}],"circlet_count":0,"master_deck":["AscendersBane","Strike_R","Strike_R","Strike_R","Strike_R","Defend_R","Defend_R","Defend_R","Defend_R","Bash","AT_BodySlamDance+1","Shrug It Off","Barricade+1"],"relics":["Burning Blood","testmod-TestBox","AT_ATBox","testmod-Motorcycle","NeowsBlessing","Baka","testmod-IndustrialRevolution"],"acts_visited":["Exordium"],"potions_floor_usage":[8],"damage_taken":[{"damage":0.0,"enemies":"Gensokyo:2_Kodama","floor":1.0,"turns":1.0},{"damage":0,"enemies":"Gensokyo:Gryphon","floor":5,"turns":1},{"damage":3,"enemies":"Gensokyo:Cirno","floor":6,"turns":2},{"damage":58,"enemies":"Gensokyo:Mamizou","floor":8,"turns":6}],"seed_played":"-5849072264236543548","potions_obtained":[{"floor":5,"key":"Swift Potion"}],"is_trial":false,"path_per_floor":["M","?","?","$","M","E","R","E"],"character_chosen":"IRONCLAD","items_purchased":[],"campfire_rested":0,"item_purchase_floors":[],"current_hp_per_floor":[74,74,74,74,75,75,75,17,17],"gold":83,"neow_bonus":"THREE_ENEMY_KILL","is_daily":false,"chose_seed":false,"campfire_upgraded":1,"win_rate":0.0,"timestamp":1608918796,"path_taken":["M","?","?","$","M","E","R","E"],"items_purchased_type":[],"build_version":"2020-12-22","purchased_purges":1,"victory":false,"max_hp_per_floor":[75,75,75,75,75,75,75,75,75],"relic_stats":{"counters":[4,10],"obtain_stats":[{"testmod-TestBox":0,"AT_ATBox":0,"NeowsBlessing":0,"testmod-Motorcycle":0,"DemoMod:GlassGuonStoneRelic":6,"Baka":1,"testmod-IndustrialRevolution":6,"Burning Blood":0},{"testmod-TestBox":0,"AT_ATBox":0,"NeowsBlessing":0,"testmod-Motorcycle":0,"DemoMod:GlassGuonStoneRelic":3,"Baka":1,"testmod-IndustrialRevolution":3,"Burning Blood":0},{"testmod-TestBox":0,"AT_ATBox":0,"NeowsBlessing":0,"testmod-Motorcycle":0,"DemoMod:GlassGuonStoneRelic":4,"Baka":1,"testmod-IndustrialRevolution":4,"Burning Blood":0}],"Burning Blood":10},"card_choices":[{"not_picked":["Sword Boomerang","AT_BodySlamDance","Sever Soul"],"picked":"SKIP","floor":1.0},{"not_picked":["Flex","Sentinel"],"picked":"Shrug It Off","floor":3.0},{"not_picked":["Dark Embrace","Double Tap","AT_DrawKnifeCut"],"picked":"SKIP","floor":5},{"not_picked":["Flex","Headbutt"],"picked":"Barricade","floor":6}],"player_experience":31886,"relics_obtained":[{"floor":1.0,"key":"Baka"},{"floor":6,"key":"testmod-IndustrialRevolution"}],"event_choices":[],"is_beta":false,"boss_relics":[],"items_purged_floors":[4],"is_endless":false,"potions_floor_spawned":[5],"killed_by":"Gensokyo:Mamizou","ascension_level":20}}