{"host":"f5gffvlv6a66yqkd","time":1608913498,"event":{"mods":["2.2 Compatiblity","BaseMod","Colored Map","DeckTracker","Keyboard Shortcuts","Minty Spire (QoL Compilation)","Permanent Neow","Quick Restart","Relic Stats","StSLib","SuperFastMode"],"gold_per_floor":[110,110,110,125,50,50,62,88,112,262,262,277,177,188,188,265,265,283,9,0,18,67,67,84,84,137,137,267,309,399,440,440,549,549,566,566,611,128,210,210,210,210,235,266,284,284,304,321,321,321,321,321,321,26,58,58],"floor_reached":57,"playtime":2465,"items_purged":["Strike_P","Doubt","Defend_P","Weave+1"],"score":2885,"play_id":"91cc09a0-d618-4275-9b7f-4a7827658d33","local_time":"20201226012458","is_ascension_mode":true,"campfire_choices":[{"data":"Eruption","floor":6.0,"key":"SMITH"},{"data":"Adaptation","floor":11.0,"key":"SMITH"},{"data":"SandsOfTime","floor":15.0,"key":"SMITH"},{"data":"MentalFortress","floor":23.0,"key":"SMITH"},{"data":"Ragnarok","floor":25.0,"key":"SMITH"},{"data":"InnerPeace","floor":27.0,"key":"SMITH"},{"floor":32.0,"key":"REST"},{"floor":41.0,"key":"RECALL"},{"floor":46.0,"key":"REST"},{"data":"Vigilance","floor":49.0,"key":"SMITH"},{"data":"Thinking Ahead","floor":53.0,"key":"SMITH"}],"circlet_count":0,"master_deck":["AscendersBane","Eruption+1","Vigilance+1","SandsOfTime+1","EmptyFist","Adaptation+1","Ragnarok+1","JustLucky+1","Wish+1","InnerPeace+1","MentalFortress+1","Tantrum+1","Thinking Ahead+1","Finesse","Adaptation+1"],"relics":["HolyWater","Nunchaku","TeardropLocket","Anchor","Astrolabe","Akabeko","FossilizedHelix","Matryoshka","Omamori","Potion Belt","Torii","CeramicFish","Frozen Egg 2","Boot","Happy Flower","DollysMirror","Centennial Puzzle"],"acts_visited":["Exordium","TheCity","TheBeyond","TheEnding"],"potions_floor_usage":[56,56,56],"damage_taken":[{"damage":0.0,"enemies":"Small Slimes","floor":1.0,"turns":2.0},{"damage":0.0,"enemies":"Jaw Worm","floor":4.0,"turns":3.0},{"damage":0.0,"enemies":"Cultist","floor":7.0,"turns":3.0},{"damage":2.0,"enemies":"Lagavulin","floor":8.0,"turns":5.0},{"damage":1.0,"enemies":"Looter","floor":12.0,"turns":3.0},{"damage":0.0,"enemies":"3 Louse","floor":14.0,"turns":4.0},{"damage":29.0,"enemies":"The Guardian","floor":16.0,"turns":12.0},{"damage":0.0,"enemies":"Spheric Guardian","floor":18.0,"turns":3.0},{"damage":0.0,"enemies":"Chosen","floor":21.0,"turns":3.0},{"damage":1.0,"enemies":"Centurion and Healer","floor":22.0,"turns":6.0},{"damage":6.0,"enemies":"Snake Plant","floor":24.0,"turns":1.0},{"damage":10.0,"enemies":"Colosseum Slavers","floor":28.0,"turns":2.0},{"damage":0.0,"enemies":"Colosseum Nobs","floor":28.0,"turns":2.0},{"damage":0.0,"enemies":"Snecko","floor":29.0,"turns":5.0},{"damage":0.0,"enemies":"Shelled Parasite and Fungi","floor":31.0,"turns":3.0},{"damage":42.0,"enemies":"Collector","floor":33.0,"turns":7.0},{"damage":6.0,"enemies":"3 Shapes","floor":35.0,"turns":4.0},{"damage":0.0,"enemies":"Orb Walker","floor":37.0,"turns":2.0},{"damage":0.0,"enemies":"2 Orb Walkers","floor":39.0,"turns":2.0},{"damage":0.0,"enemies":"Reptomancer","floor":44.0,"turns":3.0},{"damage":0.0,"enemies":"Writhing Mass","floor":47.0,"turns":3.0},{"damage":0.0,"enemies":"3 Darklings","floor":48.0,"turns":2.0},{"damage":0.0,"enemies":"Donu and Deca","floor":50.0,"turns":5.0},{"damage":0.0,"enemies":"Awakened One","floor":51.0,"turns":5.0},{"damage":0.0,"enemies":"Shield and Spear","floor":55.0,"turns":1.0},{"damage":44,"enemies":"The Heart","floor":56,"turns":7}],"seed_played":"1254750754424480566","potions_obtained":[{"floor":1.0,"key":"CultistPotion"},{"floor":8.0,"key":"LiquidBronze"},{"floor":12.0,"key":"BlessingOfTheForge"},{"floor":16.0,"key":"PowerPotion"},{"floor":28.0,"key":"Strength Potion"},{"floor":29.0,"key":"CultistPotion"},{"floor":31.0,"key":"LiquidMemories"},{"floor":37.0,"key":"Ambrosia"},{"floor":44.0,"key":"Regen Potion"},{"floor":48.0,"key":"Weak Potion"}],"is_trial":false,"path_per_floor":["M","?","?","M","$","R","M","E","T","?","R","M","$","M","R","B",null,"M","$","?","M","M","R","M","R","T","R","?","M","?","M","R","B",null,"M","?","M","$","?","T","R","?","T","E","?","R","M","M","R","B","B",null,"R","$","E","B",null],"character_chosen":"WATCHER","items_purchased":["InnerPeace","MentalFortress","Omamori","Potion Belt","DollysMirror","Ancient Potion","Strength Potion"],"campfire_rested":2,"item_purchase_floors":[19,19,38,38,54,54,54],"current_hp_per_floor":[61,43,36,36,36,36,36,34,34,34,34,33,33,33,33,4,52,52,52,52,52,51,51,45,45,45,45,35,35,23,23,43,1,51,45,45,45,45,45,45,45,45,45,45,35,54,54,54,54,54,54,62,62,62,62,33],"gold":58,"neow_bonus":"REMOVE_CARD","is_daily":false,"chose_seed":false,"campfire_upgraded":8,"win_rate":0.0,"timestamp":1608913498,"path_taken":["M","?","?","M","$","R","M","E","T","?","R","M","$","M","R","BOSS","M","$","?","M","M","R","M","R","T","R","?","M","?","?","R","BOSS","M","?","M","$","?","?","R","?","T","E","?","R","M","M","R","BOSS","BOSS","R","$","E","BOSS"],"items_purchased_type":["Card","Card","Relic","Relic","Relic","Potion","Potion"],"build_version":"2020-12-22","purchased_purges":4,"victory":true,"max_hp_per_floor":[68,68,68,68,68,68,68,68,68,68,68,68,68,68,68,68,68,68,68,68,68,68,68,68,68,68,68,68,68,68,68,68,68,68,68,68,68,68,68,68,68,65,65,65,65,65,65,65,65,65,65,65,65,65,65,65],"relic_stats":{"Nunchaku":[27],"Centennial Puzzle":[3],"Torii":19,"Happy Flower":[7],"counters":[26,98],"Astrolabe":["Weave","JustLucky","Wish"],"CeramicFish":27,"Boot":[59],"obtain_stats":[{"Potion Belt":38,"Torii":39,"Happy Flower":44,"Astrolabe":17,"CeramicFish":40,"Omamori":38,"TeardropLocket":8,"Frozen Egg 2":43,"Boot":43,"Akabeko":26,"Nunchaku":2,"Anchor":9,"Centennial Puzzle":55,"Matryoshka":28,"DollysMirror":54,"HolyWater":34,"PureWater":0,"FossilizedHelix":28},{"Potion Belt":18,"Torii":19,"Happy Flower":20,"Astrolabe":7,"CeramicFish":19,"Omamori":18,"TeardropLocket":4,"Frozen Egg 2":19,"Boot":19,"Akabeko":11,"Nunchaku":1,"Anchor":4,"Centennial Puzzle":25,"Matryoshka":13,"DollysMirror":24,"HolyWater":16,"PureWater":0,"FossilizedHelix":13},{"Potion Belt":70,"Torii":72,"Happy Flower":75,"Astrolabe":32,"CeramicFish":72,"Omamori":70,"TeardropLocket":13,"Frozen Egg 2":72,"Boot":72,"Akabeko":45,"Nunchaku":2,"Anchor":13,"Centennial Puzzle":91,"Matryoshka":49,"DollysMirror":90,"HolyWater":64,"PureWater":0,"FossilizedHelix":49}]},"card_choices":[{"not_picked":["BattleHymn","CarveReality"],"picked":"SandsOfTime","floor":1.0},{"not_picked":["Halt","Protect"],"picked":"EmptyFist","floor":4.0},{"not_picked":["FollowUp","Collect"],"picked":"Adaptation","floor":7.0},{"not_picked":["EmptyBody","Pray","Protect"],"picked":"SKIP","floor":8.0},{"not_picked":["Meditate","Consecrate","WindmillStrike"],"picked":"SKIP","floor":12.0},{"not_picked":["PathToVictory","EmptyBody","Prostrate"],"picked":"SKIP","floor":14.0},{"not_picked":["Judgement","LessonLearned"],"picked":"Ragnarok","floor":16.0},{"not_picked":["ReachHeaven","Fasting2","PathToVictory"],"picked":"SKIP","floor":18.0},{"not_picked":["EmptyBody","JustLucky+1","FlurryOfBlows"],"picked":"SKIP","floor":21.0},{"not_picked":["EmptyFist","ThirdEye+1","EmptyBody"],"picked":"SKIP","floor":22.0},{"not_picked":["Conclude","CrushJoints","FollowUp"],"picked":"SKIP","floor":24.0},{"not_picked":["FlurryOfBlows","ThirdEye","CutThroughFate"],"picked":"SKIP","floor":29.0},{"not_picked":["Nirvana+1","JustLucky","FlyingSleeves"],"picked":"SKIP","floor":31.0},{"not_picked":["Perseverance","Evaluate","ClearTheMind"],"picked":"SKIP","floor":35.0},{"not_picked":["Study","JustLucky"],"picked":"Tantrum+1","floor":37.0},{"not_picked":["Protect","FlyingSleeves","WaveOfTheHand+1"],"picked":"SKIP","floor":44.0},{"not_picked":["Panache+1","Trip"],"picked":"Thinking Ahead","floor":45.0},{"not_picked":["Metamorphosis","Enlightenment"],"picked":"Finesse","floor":45.0},{"not_picked":["Prostrate","EmptyFist","Meditate"],"picked":"SKIP","floor":47.0},{"not_picked":["JustLucky","Halt","EmptyFist"],"picked":"SKIP","floor":48.0},{"not_picked":["CrushJoints","Halt","JustLucky+1"],"picked":"SKIP","floor":55.0}],"player_experience":1487737,"relics_obtained":[{"floor":8.0,"key":"TeardropLocket"},{"floor":9.0,"key":"Anchor"},{"floor":26.0,"key":"Akabeko"},{"floor":28.0,"key":"FossilizedHelix"},{"floor":28.0,"key":"Matryoshka"},{"floor":39.0,"key":"Torii"},{"floor":40.0,"key":"CeramicFish"},{"floor":43.0,"key":"Frozen Egg 2"},{"floor":43.0,"key":"Boot"},{"floor":44.0,"key":"Happy Flower"},{"floor":55.0,"key":"Centennial Puzzle"}],"event_choices":[{"damage_healed":0.0,"max_hp_gain":0.0,"max_hp_loss":0.0,"gold_gain":0.0,"event_name":"Scrap Ooze","player_choice":"Success","floor":2.0,"gold_loss":0.0,"damage_taken":18.0,"relics_obtained":["Nunchaku"]},{"cards_removed":["Strike_P"],"damage_healed":0.0,"max_hp_gain":0.0,"max_hp_loss":0.0,"gold_gain":0.0,"event_name":"Golden Wing","player_choice":"Card Removal","floor":3.0,"gold_loss":0.0,"damage_taken":7.0},{"damage_healed":0.0,"max_hp_gain":0.0,"max_hp_loss":0.0,"gold_gain":150.0,"event_name":"Liars Game","player_choice":"AGREE","floor":10.0,"gold_loss":0.0,"damage_taken":0.0,"cards_obtained":["Doubt"]},{"damage_healed":0.0,"max_hp_gain":0.0,"max_hp_loss":0.0,"gold_gain":0.0,"event_name":"Masked Bandits","player_choice":"Paid Fearfully","floor":20.0,"gold_loss":9.0,"damage_taken":0.0},{"damage_healed":0.0,"max_hp_gain":0.0,"max_hp_loss":0.0,"gold_gain":0.0,"event_name":"Colosseum","player_choice":"Fight","floor":28.0,"gold_loss":0.0,"damage_taken":0.0},{"damage_healed":0.0,"max_hp_gain":0.0,"max_hp_loss":0.0,"gold_gain":0.0,"event_name":"Colosseum","player_choice":"Fought Nobs","floor":28.0,"gold_loss":0.0,"damage_taken":0.0},{"damage_healed":0.0,"max_hp_gain":0.0,"max_hp_loss":0.0,"gold_gain":90.0,"event_name":"Knowing Skull","player_choice":"GOLD ","floor":30.0,"potions_obtained":[],"gold_loss":0.0,"damage_taken":12.0,"cards_obtained":[]},{"cards_removed":["Defend_P"],"damage_healed":0.0,"max_hp_gain":0.0,"max_hp_loss":0.0,"gold_gain":0.0,"event_name":"Falling","player_choice":"Removed Skill","floor":36.0,"gold_loss":0.0,"damage_taken":0.0},{"damage_healed":0.0,"max_hp_gain":0.0,"max_hp_loss":0.0,"gold_gain":0.0,"event_name":"Mysterious Sphere","player_choice":"Fight","floor":39.0,"gold_loss":0.0,"damage_taken":0.0},{"damage_healed":0.0,"max_hp_gain":0.0,"max_hp_loss":3.0,"gold_gain":0.0,"event_name":"Winding Halls","player_choice":"Max HP","floor":42.0,"gold_loss":0.0,"damage_taken":0.0},{"damage_healed":0.0,"max_hp_gain":0.0,"max_hp_loss":0.0,"gold_gain":0.0,"event_name":"SensoryStone","player_choice":"Memory 3","floor":45.0,"gold_loss":0.0,"damage_taken":10.0}],"is_beta":false,"boss_relics":[{"not_picked":["Pandora\u0027s Box","Runic Dome"],"picked":"Astrolabe"},{"not_picked":["Velvet Choker","Calling Bell"],"picked":"HolyWater"}],"items_purged_floors":[5,13,19,38],"is_endless":false,"potions_floor_spawned":[1,8,12,16,28,29,31,33,37,44,48],"ascension_level":20}}