{"host":"627up2rvtmm0cf0r","time":1608901291,"event":{"mods":["ATMod(°¢èªMod)","Act Like it!","BaseMod","Better Vampires","CapriCore","Card Filter","Card Forge","Colored Powertips","DeckTracker","Dota2Spire","Friendly Minions","Highlight Path","Infinite Spire","Marked Mod","Minty Spire (QoL Compilation)","MostiFishMod","Permanent Neow","Practice Mode","Quick Restart","Relic Stats","Shop Mod","Spicy Shops","StSLib","SuperFastMode","TestMod","¡¾ÒÅÎï¿¨ÅÆ¡¿REMEMod","²ÐÁôÖ®Îï","óô»ðÖ¸ÄÏ"],"gold_per_floor":[113,124,142,67,77,77,94,94,94,127,52,78,92,120,120,225,225,239,276,292,304,349,375,375,734,787,539,133,133,166,207,207,332,332,351,351,351,366,414,441,441,500,500,520,520,565,104,116,116,116,116,116,39,97,97],"floor_reached":56,"playtime":5867,"items_purged":["PlaceholderMod:BaseStrike","PlaceholderMod:BaseDefend","PlaceholderMod:BaseDefend","PlaceholderMod:BaseStrike","PlaceholderMod:BaseDefend"],"score":1800,"play_id":"cb9e5847-2ad0-42f4-bb55-e11e29fc3c58","local_time":"20201225210131","is_ascension_mode":true,"campfire_choices":[{"data":"AT_EmpoweredMortalDraw","floor":6.0,"key":"SMITH"},{"data":"REME_MawOfCthun","floor":8.0,"key":"SMITH"},{"data":"PlaceholderMod:Inner","floor":15.0,"key":"SMITH"},{"data":"Purity","floor":29,"key":"SMITH"},{"data":"PlaceholderMod:NearChange","floor":32,"key":"SMITH"},{"data":"PlaceholderMod:PericyclicReaction","floor":41,"key":"SMITH"},{"floor":49,"key":"RECALL"},{"data":"Flash of Steel","floor":52,"key":"SMITH"}],"circlet_count":0,"master_deck":["PlaceholderMod:BaseStrike","PlaceholderMod:BaseStrike","PlaceholderMod:BaseStrike","PlaceholderMod:BaseDefend","PlaceholderMod:BaseDefend","PlaceholderMod:Crystal","PlaceholderMod:PoisonWhip","Purity+1","REME_MawOfCthun+1","AT_EmpoweredMortalDraw+1","PlaceholderMod:NearChange","PlaceholderMod:ParasiteChange","PlaceholderMod:Inner+1","PlaceholderMod:NearChange+1","PlaceholderMod:PericyclicReaction+1","Flash of Steel+1"],"relics":["PlaceholderMod:Tancle","Hammer of Thor","Seething Fire","Anvil of the Gods","DaveBox","testmod-TestBox","REME_ComplimentaryCards","AT_ATBox","testmod-Nyarlathotep","ArrowTower","SynthV:TestCard","Toolbox","Dota2Spire:MaskOfMadness","infinitespire:Lucky Rock","AT_GuinsooRageblade","Dota2Spire:BlackKingBar","Dota2Spire:RefresherOrb","Dota2Spire:HandOfMidas","Old Coin","ClockworkSouvenir","Dota2Spire:Desolator","AT_EbonyIvory","testmod-FatalChain","HaiYi:Twilight","Lantern","Dota2Spire:ShadowBlade","AT_Manta","Nunchaku","REME_PuzzleBoxRelic","TungstenRod","REME_OnlineShoppingPlatform","AT_RedTearstoneRing"],"acts_visited":["Exordium","TheCity","TheBeyond","TheEnding"],"potions_floor_usage":[],"damage_taken":[{"damage":0.0,"enemies":"Cultist","floor":1.0,"turns":2.0},{"damage":0.0,"enemies":"Jaw Worm","floor":2.0,"turns":3.0},{"damage":0.0,"enemies":"2 Louse","floor":3.0,"turns":1.0},{"damage":6.0,"enemies":"Exordium Thugs","floor":5.0,"turns":3.0},{"damage":0.0,"enemies":"Gremlin Gang","floor":7.0,"turns":3.0},{"damage":2.0,"enemies":"3 Sentries","floor":10.0,"turns":3.0},{"damage":13.0,"enemies":"Lagavulin","floor":12.0,"turns":4.0},{"damage":0.0,"enemies":"Exordium Wildlife","floor":13.0,"turns":1.0},{"damage":0.0,"enemies":"3 Sentries","floor":14.0,"turns":1.0},{"damage":0.0,"enemies":"Slime Boss","floor":16.0,"turns":5.0},{"damage":0.0,"enemies":"3 Byrds","floor":18.0,"turns":1.0},{"damage":8.0,"enemies":"Shell Parasite","floor":19.0,"turns":4.0},{"damage":0.0,"enemies":"Centurion and Healer","floor":20.0,"turns":2.0},{"damage":0.0,"enemies":"Snake Plant","floor":21.0,"turns":2.0},{"damage":3.0,"enemies":"Snecko","floor":22.0,"turns":4.0},{"damage":0.0,"enemies":"Book of Stabbing","floor":23.0,"turns":4.0},{"damage":20.0,"enemies":"Slavers","floor":25.0,"turns":3.0},{"damage":0,"enemies":"Book of Stabbing","floor":30,"turns":3},{"damage":0,"enemies":"Shelled Parasite and Fungi","floor":31,"turns":3},{"damage":0,"enemies":"Automaton","floor":33,"turns":3},{"damage":0,"enemies":"3 Shapes","floor":35,"turns":3},{"damage":0,"enemies":"Orb Walker","floor":38,"turns":1},{"damage":0,"enemies":"Transient","floor":39,"turns":5},{"damage":0,"enemies":"Nemesis","floor":40,"turns":3},{"damage":9,"enemies":"Reptomancer","floor":42,"turns":3},{"damage":22,"enemies":"Writhing Mass","floor":44,"turns":3},{"damage":0,"enemies":"Maw","floor":46,"turns":2},{"damage":0,"enemies":"Sphere and 2 Shapes","floor":48,"turns":1},{"damage":0,"enemies":"Awakened One","floor":50,"turns":3},{"damage":0,"enemies":"Shield and Spear","floor":54,"turns":2},{"damage":0,"enemies":"The Heart","floor":55,"turns":3}],"seed_played":"-5079662860237556386","potions_obtained":[{"floor":3.0,"key":"Fire Potion"},{"floor":5.0,"key":"Fire Potion"},{"floor":13.0,"key":"AttackPotion"},{"floor":14.0,"key":"AttackPotion"},{"floor":19.0,"key":"Fire Potion"},{"floor":21.0,"key":"REME_GoldPotion"},{"floor":23.0,"key":"Explosive Potion"},{"floor":25.0,"key":"Block Potion"}],"is_trial":false,"path_per_floor":["M","M","M","$","M","R","M","R","T","E","$","E","M","E","R","B",null,"M","M","M","M","M","E","?","E","T","$","$","R","E","M","R","B",null,"M","?","?","M","M","E","R","E","T","M","AVR","M","$","M","R","B",null,"R","$","E","B",null],"character_chosen":"THE_PLACEHOLDER","items_purchased":["Toolbox","ClockworkSouvenir","Dota2Spire:Desolator","AT_EbonyIvory","TungstenRod","REME_OnlineShoppingPlatform"],"campfire_rested":0,"item_purchase_floors":[4,27,28,28,47,53],"current_hp_per_floor":[78,78,78,78,72,72,72,72,72,70,70,57,57,57,57,57,78,78,70,70,70,67,67,52,32,32,32,32,32,32,32,32,32,83,83,73,73,73,73,73,73,64,64,42,42,42,42,42,42,42,83,83,83,83,83],"gold":97,"neow_bonus":"RANDOM_COLORLESS","is_daily":false,"chose_seed":false,"campfire_upgraded":7,"win_rate":0.0,"timestamp":1608901291,"path_taken":["M","M","M","?","M","R","M","R","T","E","$","E","M","E","R","BOSS","M","M","M","M","M","E","?","E","T","?","$","R","E","M","R","BOSS","M","?","?","?","M","E","R","E","T","?","AVR","M","$","M","R","BOSS","R","$","E","BOSS"],"items_purchased_type":["Relic","Relic","Relic","Relic","Relic","Relic"],"build_version":"2020-12-22","purchased_purges":5,"victory":true,"max_hp_per_floor":[78,78,78,78,78,78,78,78,78,78,78,78,78,78,78,78,78,78,78,78,78,78,78,83,83,83,83,83,83,83,83,83,83,83,83,83,83,83,83,83,83,83,83,83,83,83,83,83,83,83,83,83,83,83,83],"relic_stats":{"Nunchaku":[3],"counters":[31,84],"obtain_stats":[{"PlaceholderMod:Tancle":0,"Dota2Spire:MaskOfMadness":9,"Lantern":37,"AT_ATBox":0,"DaveBox":0,"Hammer of Thor":0,"Dota2Spire:RefresherOrb":17,"Dota2Spire:ShadowBlade":40,"testmod-Nyarlathotep":0,"Old Coin":25,"ClockworkSouvenir":27,"Nunchaku":43,"Toolbox":4,"AT_GuinsooRageblade":12,"REME_OnlineShoppingPlatform":53,"Dota2Spire:HandOfMidas":23,"AT_RedTearstoneRing":54,"testmod-TestBox":0,"Dota2Spire:BlackKingBar":14,"AT_Manta":42,"testmod-FatalChain":30,"AT_EbonyIvory":28,"Seething Fire":0,"infinitespire:Lucky Rock":10,"SynthV:TestCard":1,"HaiYi:Twilight":34,"Anvil of the Gods":0,"REME_PuzzleBoxRelic":45,"ArrowTower":0,"TungstenRod":47,"REME_ComplimentaryCards":0,"Dota2Spire:Desolator":28},{"PlaceholderMod:Tancle":0,"Dota2Spire:MaskOfMadness":5,"Lantern":21,"AT_ATBox":0,"DaveBox":0,"Hammer of Thor":0,"Dota2Spire:RefresherOrb":10,"Dota2Spire:ShadowBlade":24,"testmod-Nyarlathotep":0,"Old Coin":17,"ClockworkSouvenir":17,"Nunchaku":25,"Toolbox":3,"AT_GuinsooRageblade":7,"REME_OnlineShoppingPlatform":29,"Dota2Spire:HandOfMidas":16,"AT_RedTearstoneRing":30,"testmod-TestBox":0,"Dota2Spire:BlackKingBar":9,"AT_Manta":25,"testmod-FatalChain":18,"AT_EbonyIvory":17,"Seething Fire":0,"infinitespire:Lucky Rock":6,"SynthV:TestCard":1,"HaiYi:Twilight":20,"Anvil of the Gods":0,"REME_PuzzleBoxRelic":26,"ArrowTower":0,"TungstenRod":27,"REME_ComplimentaryCards":0,"Dota2Spire:Desolator":17},{"PlaceholderMod:Tancle":0,"Dota2Spire:MaskOfMadness":12,"Lantern":58,"AT_ATBox":0,"DaveBox":0,"Hammer of Thor":0,"Dota2Spire:RefresherOrb":26,"Dota2Spire:ShadowBlade":67,"testmod-Nyarlathotep":0,"Old Coin":46,"ClockworkSouvenir":46,"Nunchaku":70,"Toolbox":6,"AT_GuinsooRageblade":19,"REME_OnlineShoppingPlatform":79,"Dota2Spire:HandOfMidas":43,"AT_RedTearstoneRing":81,"testmod-TestBox":0,"Dota2Spire:BlackKingBar":21,"AT_Manta":70,"testmod-FatalChain":49,"AT_EbonyIvory":46,"Seething Fire":0,"infinitespire:Lucky Rock":15,"SynthV:TestCard":2,"HaiYi:Twilight":55,"Anvil of the Gods":0,"REME_PuzzleBoxRelic":73,"ArrowTower":0,"TungstenRod":75,"REME_ComplimentaryCards":0,"Dota2Spire:Desolator":46}],"TungstenRod":15},"card_choices":[{"not_picked":["testmod-LimitFlipper","REME_TwoStrings"],"picked":"Purity","floor":0.0},{"not_picked":["PlaceholderMod:Package","PlaceholderMod:Internalization"],"picked":"PlaceholderMod:NearChange","floor":1.0},{"not_picked":["PlaceholderMod:ProliferateStrike","PlaceholderMod:ComplexForm","PlaceholderMod:Colorful","PlaceholderMod:DirectingGroup","PlaceholderMod:CycleAttack"],"picked":"SKIP","floor":2.0},{"not_picked":["PlaceholderMod:NutritionAbsorb","PlaceholderMod:PoisonAbsorb","PlaceholderMod:RadicalHit","PlaceholderMod:TriggerStrike","PlaceholderMod:HornyBlast"],"picked":"SKIP","floor":3.0},{"not_picked":["PlaceholderMod:ThreeBenzyolStart","PlaceholderMod:Polyp","PlaceholderMod:DirectingGroup","PlaceholderMod:UnpureUse"],"picked":"PlaceholderMod:ParasiteChange","floor":5.0},{"not_picked":["PlaceholderMod:SevereHeat","PlaceholderMod:ProliferateStrike","PlaceholderMod:SubstitutionNucleophilic1","PlaceholderMod:Package","PlaceholderMod:Hard"],"picked":"SKIP","floor":7.0},{"not_picked":["PlaceholderMod:SevereHeat","PlaceholderMod:Hard","PlaceholderMod:Crystallization","PlaceholderMod:AttackAsDefend","PlaceholderMod:Package"],"picked":"SKIP","floor":10.0},{"not_picked":["PlaceholderMod:CycleAttack","PlaceholderMod:InnerStable","PlaceholderMod:RadicalHit","PlaceholderMod:TriggerStrike","PlaceholderMod:Polyp"],"picked":"SKIP","floor":12.0},{"not_picked":["PlaceholderMod:DiffusionChemical","PlaceholderMod:Polyp","PlaceholderMod:UnpureUse","PlaceholderMod:CycleAttack"],"picked":"PlaceholderMod:Inner","floor":13.0},{"not_picked":["PlaceholderMod:AttackAsDefend","PlaceholderMod:DirectingGroup","PlaceholderMod:PoisonAbsorb","PlaceholderMod:FinalSpray","PlaceholderMod:EnergyAbsorb"],"picked":"SKIP","floor":14.0},{"not_picked":["PlaceholderMod:Stable","PlaceholderMod:Sweep","PlaceholderMod:TriggerStrike+1","PlaceholderMod:Corrosion","PlaceholderMod:MultipleOxi"],"picked":"SKIP","floor":18.0},{"not_picked":["PlaceholderMod:AttackAsDefend+1","PlaceholderMod:HornyBlast+1","PlaceholderMod:Hard","PlaceholderMod:SeverePoisonStrike","PlaceholderMod:OHStrongAttack"],"picked":"SKIP","floor":19.0},{"not_picked":["PlaceholderMod:PoisonExcitation+1","PlaceholderMod:Corrosion","PlaceholderMod:SubstitutionNucleophilic1+1","PlaceholderMod:Internalization","PlaceholderMod:PoisonBlast"],"picked":"SKIP","floor":20.0},{"not_picked":["PlaceholderMod:PoisonBlast","PlaceholderMod:ProliferateStrike","PlaceholderMod:Assimilation","PlaceholderMod:Polyp","PlaceholderMod:SpinBlade"],"picked":"SKIP","floor":21.0},{"not_picked":["PlaceholderMod:SeverePoisonStrike+1","PlaceholderMod:HealingAttack+1","PlaceholderMod:Polyp","PlaceholderMod:RadicalHit","PlaceholderMod:HardStinger"],"picked":"SKIP","floor":22.0},{"not_picked":["PlaceholderMod:Package","PlaceholderMod:PoisonAbsorb","PlaceholderMod:Sweep","PlaceholderMod:HornyBlast","PlaceholderMod:ParasiteChange"],"picked":"SKIP","floor":23.0},{"not_picked":["PlaceholderMod:PoisonAbsorb","PlaceholderMod:Internalization","PlaceholderMod:ConsolidateHit+1","PlaceholderMod:FinalSpray","PlaceholderMod:SpinBlade"],"picked":"SKIP","floor":25.0},{"not_picked":["PlaceholderMod:PoisonExcitation+1","PlaceholderMod:DirectingGroup","PlaceholderMod:InnerSoften","PlaceholderMod:HardStrike","PlaceholderMod:OHStrongAttack"],"picked":"SKIP","floor":30},{"not_picked":["PlaceholderMod:StressReaction","PlaceholderMod:Turn","PlaceholderMod:SpinBlade","PlaceholderMod:HardStrike"],"picked":"PlaceholderMod:NearChange","floor":31},{"not_picked":["PlaceholderMod:CorePoison","PlaceholderMod:Inner","PlaceholderMod:QualitativeChange","PlaceholderMod:Eat"],"picked":"PlaceholderMod:PericyclicReaction","floor":33},{"not_picked":["PlaceholderMod:PoisonAbsorb+1","PlaceholderMod:ProliferateStrike","PlaceholderMod:EvolutionSpray","PlaceholderMod:HardStrike+1","PlaceholderMod:Crystallization"],"picked":"SKIP","floor":35},{"not_picked":["Impatience","Panacea","REME_TwoStrings","testmod-TemporaryDeletion"],"picked":"Flash of Steel","floor":36},{"not_picked":["PlaceholderMod:SubstitutionNucleophilic1+1","PlaceholderMod:Hyperplasia+1","PlaceholderMod:Corrosion+1","PlaceholderMod:EnergyAbsorb","PlaceholderMod:Internalization+1"],"picked":"SKIP","floor":38},{"not_picked":["PlaceholderMod:ConsolidateHit+1","PlaceholderMod:ChainPoly","PlaceholderMod:SpinBlade","PlaceholderMod:Crystallization","PlaceholderMod:Internalization"],"picked":"SKIP","floor":39},{"not_picked":["PlaceholderMod:StrongAcid+1","PlaceholderMod:SevereHeat+1","PlaceholderMod:HornyCollision","PlaceholderMod:HardStinger+1","PlaceholderMod:SubstitutionNucleophilic1"],"picked":"SKIP","floor":40},{"not_picked":["PlaceholderMod:PoisonExcitation+1","PlaceholderMod:SpinBlade","PlaceholderMod:Internalization+1","PlaceholderMod:InnerStable+1","PlaceholderMod:HardStrike+1"],"picked":"SKIP","floor":42},{"not_picked":["PlaceholderMod:StressReaction","PlaceholderMod:ParasiteChange+1","PlaceholderMod:NutritionAbsorb","PlaceholderMod:Stable+1","PlaceholderMod:InnerSoften"],"picked":"SKIP","floor":44},{"not_picked":["PlaceholderMod:DissolvingSpikes+1","PlaceholderMod:DirectingGroup+1","PlaceholderMod:CrystallizationStrike","PlaceholderMod:StressReaction+1","PlaceholderMod:SprayAttack"],"picked":"SKIP","floor":46},{"not_picked":["PlaceholderMod:HardStrike+1","PlaceholderMod:MultipleOxi+1","PlaceholderMod:NutritionAbsorb","PlaceholderMod:Turn","PlaceholderMod:ParasiteChange"],"picked":"SKIP","floor":48},{"not_picked":["PlaceholderMod:ThreeBenzyolStart+1","PlaceholderMod:Stratification+1","PlaceholderMod:CycleAttack","PlaceholderMod:PoisonExcitation","PlaceholderMod:NearChange"],"picked":"SKIP","floor":54}],"player_experience":40170,"relics_obtained":[{"floor":1.0,"key":"SynthV:TestCard"},{"floor":9.0,"key":"Dota2Spire:MaskOfMadness"},{"floor":10.0,"key":"infinitespire:Lucky Rock"},{"floor":12.0,"key":"AT_GuinsooRageblade"},{"floor":14.0,"key":"Dota2Spire:BlackKingBar"},{"floor":23.0,"key":"Dota2Spire:HandOfMidas"},{"floor":25.0,"key":"Old Coin"},{"floor":30,"key":"testmod-FatalChain"},{"floor":37,"key":"Lantern"},{"floor":40,"key":"Dota2Spire:ShadowBlade"},{"floor":42,"key":"AT_Manta"},{"floor":43,"key":"Nunchaku"},{"floor":54,"key":"AT_RedTearstoneRing"}],"event_choices":[{"damage_healed":0.0,"max_hp_gain":5.0,"max_hp_loss":0.0,"gold_gain":0.0,"event_name":"Forgotten Altar","player_choice":"Shed Blood","floor":24.0,"gold_loss":0.0,"damage_taken":20.0},{"damage_healed":0,"gold_gain":0,"player_choice":"Memory 3","damage_taken":10,"max_hp_gain":0,"max_hp_loss":0,"event_name":"SensoryStone","floor":36,"gold_loss":0},{"damage_healed":0,"gold_gain":0,"player_choice":"Relic","damage_taken":0,"max_hp_gain":0,"max_hp_loss":0,"event_name":"Wheel of Change","floor":37,"gold_loss":0}],"is_beta":false,"boss_relics":[{"not_picked":["testmod-EnergyCheck","REME_ChargedStone"],"picked":"Dota2Spire:RefresherOrb"},{"not_picked":["testmod-StringDisintegrator","REME_DuelDisc"],"picked":"HaiYi:Twilight"}],"items_purged_floors":[11,27,28,45,47],"is_endless":false,"potions_floor_spawned":[3,5,13,14,19,21,23,25,33,40,42,44,46],"ascension_level":2}}