{"host":"0fm1w3v00gid44jl","time":1608937186,"event":{"mods":["AchievementEnabler","BaseMod","Colored Map","Colored Powertips","Displayed Cursed Tome","Downfall","Googly Eyes","Highlight Path","Minty Spire (QoL Compilation)","Permanent Neow","Relic Stats","StSLib","SuperFastMode","slay the spire mod where everything is the same but ironclad has a cowboy hat"],"gold_per_floor":[99,111,123,143,159,159,159,84,184,184,13,13,28,28,46,46,46,46],"floor_reached":16,"playtime":425,"items_purged":[],"score":126,"play_id":"b4557393-3a4b-48ac-943f-0e1735ae5184","local_time":"20201225165946","is_ascension_mode":true,"campfire_choices":[{"data":"champ:Taunt","floor":1,"key":"SMITH"},{"data":"champ:RecklessLeap","floor":8,"key":"SMITH"},{"data":"champ:RecklessLeap","floor":10,"key":"SMITH"},{"data":"champ:StanceDance","floor":12,"key":"SMITH"}],"circlet_count":0,"master_deck":["champ:Strike","champ:Strike","champ:Strike","champ:Strike","champ:Defend","champ:Defend","champ:Defend","champ:Defend","champ:Execute","champ:Taunt+1","champ:Encircle","champ:FanOfKnives","champ:GutPunch","champ:RecklessLeap+1","champ:RecklessLeap+1","champ:StanceDance+1","champ:Backstep","champ:BringItOn"],"relics":["champ:ChampionCrown","downfall:HeartBlessingBlue","PreservedInsect","Pear"],"acts_visited":["Exordium"],"potions_floor_usage":[13],"damage_taken":[{"damage":15,"enemies":"2 Louse","floor":2,"turns":3},{"damage":13,"enemies":"Small Slimes","floor":3,"turns":3},{"damage":9,"enemies":"Jaw Worm","floor":4,"turns":3},{"damage":31,"enemies":"Blue Slaver","floor":5,"turns":2},{"damage":64,"enemies":"downfall:FleeingMerchant","floor":11,"turns":4},{"damage":48,"enemies":"Lots of Slimes","floor":13,"turns":3},{"damage":56,"enemies":"Gremlin Gang","floor":15,"turns":3},{"damage":41,"enemies":"downfall:Defect","floor":16,"turns":3}],"seed_played":"-3771655411211176784","potions_obtained":[{"floor":3,"key":"PowerPotion"},{"floor":13,"key":"Block Potion"},{"floor":15,"key":"champ:OpenerPotion"}],"is_trial":false,"path_per_floor":["R","M","M","M","M","?","T","R","?","R","$","R","M","T","M","B"],"character_chosen":"THE_CHAMP","items_purchased":["PreservedInsect"],"campfire_rested":0,"item_purchase_floors":[11],"current_hp_per_floor":[90,82,73,71,62,62,62,72,72,72,67,67,52,62,31,0,0,0],"gold":46,"neow_bonus":"THREE_CARDS","is_daily":false,"chose_seed":false,"campfire_upgraded":4,"win_rate":0.0,"timestamp":1608937186,"path_taken":["R","M","M","M","M","?","T","R","?","R","?","R","M","?","M","BOSS"],"items_purchased_type":["Relic"],"build_version":"2020-12-22","purchased_purges":0,"victory":false,"max_hp_per_floor":[90,90,90,90,90,90,90,100,100,100,100,100,100,110,110,110,110,110],"relic_stats":{"counters":[8,24],"PreservedInsect":0,"obtain_stats":[{"Pear":14,"downfall:HeartBlessingBlue":8,"champ:ChampionCrown":0,"PreservedInsect":11},{"Pear":6,"downfall:HeartBlessingBlue":4,"champ:ChampionCrown":0,"PreservedInsect":5},{"Pear":18,"downfall:HeartBlessingBlue":11,"champ:ChampionCrown":0,"PreservedInsect":15}]},"card_choices":[{"not_picked":["champ:FocusedBerserking","champ:GladiatorsShout"],"picked":"champ:Encircle","floor":0},{"not_picked":["champ:Riposte","champ:PerfectedStrike"],"picked":"champ:FanOfKnives","floor":2},{"not_picked":["champ:SwordSigil","champ:BerserkersShout"],"picked":"champ:GutPunch","floor":3},{"not_picked":["champ:IronFortress","champ:FalseCounter"],"picked":"champ:RecklessLeap","floor":4},{"not_picked":["champ:ShieldSigil","champ:PerfectedStrike"],"picked":"champ:RecklessLeap","floor":5},{"not_picked":["champ:FightOn","champ:FlashCut"],"picked":"champ:StanceDance","floor":11},{"not_picked":["champ:FlashCut","champ:FaceSlap"],"picked":"champ:Backstep","floor":13},{"not_picked":["champ:Lariat","champ:Control"],"picked":"champ:BringItOn","floor":15}],"player_experience":1453346,"relics_obtained":[{"floor":14,"key":"Pear"}],"event_choices":[],"is_beta":false,"boss_relics":[],"items_purged_floors":[],"is_endless":false,"potions_floor_spawned":[3,13,15],"killed_by":"downfall:Defect","ascension_level":2}}