{"host":"5yg5r29c2awvcp2u","time":1608854797,"event":{"mods":["BaseMod","Colored Map","Hubris","Minty Spire (QoL Compilation)","Quick Restart","StSLib","The Jungle"],"gold_per_floor":[116,135,152,170,186,186,219,219,272,272,291,25,79,117,117,117,117],"floor_reached":16,"playtime":339,"items_purged":["Strike_R"],"score":271,"play_id":"3dba3ba4-9d87-4045-81a0-b5fa68dbcf1c","local_time":"20201224170637","is_ascension_mode":true,"campfire_choices":[{"data":"Immolate","floor":6,"key":"SMITH"},{"data":"Bash","floor":8,"key":"SMITH"},{"data":"Flame Barrier","floor":10,"key":"SMITH"},{"data":"HandOfGreed","floor":15,"key":"SMITH"}],"circlet_count":0,"master_deck":["AscendersBane","Strike_R","Strike_R","Strike_R","Strike_R","Defend_R","Defend_R","Defend_R","Defend_R","Bash+1","Immolate+1","Carnage","Sword Boomerang","Flame Barrier+1","hubris:ReadiedAction","HandOfGreed+1","Pommel Strike"],"relics":["Burning Blood","InkBottle","Omamori","Ginger"],"acts_visited":["Exordium"],"potions_floor_usage":[7,7,13,16],"damage_taken":[{"damage":0,"enemies":"Cultist","floor":1,"turns":2},{"damage":7,"enemies":"Small Slimes","floor":2,"turns":3},{"damage":0,"enemies":"2 Louse","floor":3,"turns":1},{"damage":8,"enemies":"Red Slaver","floor":4,"turns":5},{"damage":17,"enemies":"Looter","floor":5,"turns":3},{"damage":20,"enemies":"Lagavulin","floor":7,"turns":4},{"damage":0,"enemies":"Exordium Wildlife","floor":11,"turns":1},{"damage":0,"enemies":"Gremlin Nob","floor":13,"turns":2},{"damage":17,"enemies":"Gremlin Gang","floor":14,"turns":3},{"damage":35,"enemies":"The Guardian","floor":16,"turns":7}],"seed_played":"-8110947149261185687","potions_obtained":[{"floor":4,"key":"Fire Potion"},{"floor":5,"key":"Fire Potion"},{"floor":7,"key":"SneckoOil"},{"floor":14,"key":"Block Potion"}],"is_trial":false,"path_per_floor":["M","M","M","M","M","R","E","R","T","R","M","$","E","M","R","B"],"character_chosen":"IRONCLAD","items_purchased":["HandOfGreed"],"campfire_rested":0,"item_purchase_floors":[12],"current_hp_per_floor":[56,55,61,59,48,48,34,34,34,34,40,40,46,35,35,0,0],"gold":117,"neow_bonus":"THREE_RARE_CARDS","is_daily":false,"chose_seed":false,"campfire_upgraded":4,"win_rate":0.0,"timestamp":1608854797,"path_taken":["M","M","M","?","M","R","E","R","T","R","M","$","E","M","R","BOSS"],"items_purchased_type":["Card"],"build_version":"2020-12-22","purchased_purges":1,"victory":false,"max_hp_per_floor":[75,75,75,75,75,75,75,75,75,75,75,75,75,75,75,75,75],"card_choices":[{"not_picked":["Corruption","Brutality"],"picked":"Immolate","floor":0},{"not_picked":["Cleave","Flex"],"picked":"Carnage","floor":1},{"not_picked":["Sentinel","Flex"],"picked":"Sword Boomerang","floor":2},{"not_picked":["Infernal Blade","Sword Boomerang","Power Through"],"picked":"SKIP","floor":3},{"not_picked":["Searing Blow","Cleave"],"picked":"Flame Barrier","floor":4},{"not_picked":["Combust","Second Wind","Thunderclap"],"picked":"SKIP","floor":5},{"not_picked":["Clash","Carnage","Warcry"],"picked":"SKIP","floor":7},{"not_picked":["Flex","Perfected Strike"],"picked":"hubris:ReadiedAction","floor":11},{"not_picked":["hubris:SharpeningStone","Body Slam","Burning Pact"],"picked":"SKIP","floor":13},{"not_picked":["Armaments","Rage"],"picked":"Pommel Strike","floor":14}],"player_experience":451561,"relics_obtained":[{"floor":7,"key":"InkBottle"},{"floor":9,"key":"Omamori"},{"floor":13,"key":"Ginger"}],"event_choices":[],"is_beta":false,"boss_relics":[],"items_purged_floors":[12],"is_endless":false,"potions_floor_spawned":[4,5,7,14],"killed_by":"The Guardian","ascension_level":19}}