{"host":"b56lo9oh28pgpcwb","time":1608869672,"event":{"mods":["2.2 Compatiblity","AchievementEnabler","Act Like it!","Aspiration","Astrologer","BaseMod","Beaked The Cultist","Better Third Choice","BetterRewards","Colored Map","Conspire","Energized Spire","Hallownest","Hermit","Hubris","Minty Spire (QoL Compilation)","Quick Restart","READ ME - Guardian Mod","Shade Mod","StSLib","Strawberry Spire","The Bug Knight","The Cursed","The Disciple","The Hierophant","The IronCluck","The Jungle","The Runesmith","Wandering Minibosses"],"gold_per_floor":[117,131,306,276,291,291,416,416,467,467,95,106,132,164,164,268,268,433,433,187,187,187,187,187,187,187,198,231,248,495,509,509,610,610,621,636,485,485,505,534,534,548,548,301,320,354,354,364,364,364],"floor_reached":51,"playtime":3567,"items_purged":["Doubt","hubris:Sloth"],"score":1027,"play_id":"0b096a3d-00f9-4447-9143-ba0828775ae1","local_time":"20201225151432","daily_mods":["SealedDeck"],"is_ascension_mode":false,"campfire_choices":[{"data":"Consecrate","floor":6.0,"key":"SMITH"},{"data":"Pray","floor":8.0,"key":"SMITH"},{"data":"BattleHymn","floor":10.0,"key":"SMITH"},{"data":"Nirvana","floor":15.0,"key":"SMITH"},{"data":"Ragnarok","floor":23.0,"key":"SMITH"},{"data":"Conclude","floor":32,"key":"SMITH"},{"data":"CutThroughFate","floor":41,"key":"SMITH"},{"data":"CutThroughFate","floor":49,"key":"SMITH"}],"circlet_count":0,"master_deck":["BattleHymn+1","Conclude+1","Consecrate+1","Pray+1","Pray","CutThroughFate+1","Nirvana+1","ThirdEye","ThirdEye","ThirdEye","CutThroughFate+1","Ragnarok+1","Prostrate+1"],"relics":["PureWater","strawberrySpire:Treaders","Anchor","Lantern","Dream Catcher","aspiration:SeaSaltIceCream","strawberrySpire:DirtyLipstick","energizedSpire:DeadBattery","HornCleat","Hallownest:WatcherSealRelic","hubris:Icosahedron","conspire:Flyswatter","aspiration:AnachronicSnailShell","wanderingMiniBosses:LockLocket","Cursed Key","HollowMod:JonisBlessing","hubris:Towel","hubris:MedicalManual","Ginger","Melange","Torii"],"acts_visited":["Exordium","Exordium","Hallownest:CityofTears"],"potions_floor_usage":[33],"damage_taken":[{"damage":0.0,"enemies":"conspire:RoseBush","floor":1.0,"turns":3.0},{"damage":0.0,"enemies":"Jaw Worm","floor":2.0,"turns":4.0},{"damage":0.0,"enemies":"Small Slimes","floor":5.0,"turns":3.0},{"damage":3.0,"enemies":"Looter","floor":7.0,"turns":5.0},{"damage":0.0,"enemies":"2 Fungi Beasts","floor":12.0,"turns":2.0},{"damage":0.0,"enemies":"Lagavulin","floor":14.0,"turns":3.0},{"damage":0.0,"enemies":"The Guardian","floor":16.0,"turns":5.0},{"damage":0.0,"enemies":"Hallownest:2_Mistakes","floor":18.0,"turns":6.0},{"damage":0.0,"enemies":"Hallownest:Flukemon_and_Top","floor":27.0,"turns":3.0},{"damage":0.0,"enemies":"Hallownest:Nosk","floor":28.0,"turns":4.0},{"damage":0.0,"enemies":"Hallownest:Warrior_and_Youth","floor":29.0,"turns":3.0},{"damage":0,"enemies":"Hallownest:Glutton_and_Coward","floor":30,"turns":5},{"damage":2,"enemies":"Hallownest:3_Mistakes","floor":31,"turns":3},{"damage":0,"enemies":"Hallownest:BossSoulMaster","floor":33,"turns":5},{"damage":0,"enemies":"Hallownest:Shield_Heavy","floor":35,"turns":2},{"damage":0,"enemies":"Hallownest:3_Siblings","floor":36,"turns":2},{"damage":0,"enemies":"Hallownest:monsterPrimalAspid","floor":39,"turns":3},{"damage":0,"enemies":"Hallownest:eliteCollector","floor":40,"turns":3},{"damage":0,"enemies":"Hallownest:2_Great","floor":42,"turns":2},{"damage":0,"enemies":"Hallownest:2_Wing_and_1_Kings","floor":45,"turns":3},{"damage":0,"enemies":"Hallownest:eliteHiveKnight","floor":46,"turns":3},{"damage":0,"enemies":"Hallownest:monsterPrimalAspid","floor":48,"turns":2},{"damage":0,"enemies":"Hallownest:BossGreyPrinceZote","floor":50,"turns":5}],"seed_played":"6267482804345726098","potions_obtained":[{"floor":1.0,"key":"DuplicationPotion"},{"floor":4.0,"key":"PowerPotion"},{"floor":4.0,"key":"FearPotion"},{"floor":12.0,"key":"Regen Potion"},{"floor":28.0,"key":"BottledMiracle"},{"floor":31,"key":"Block Potion"},{"floor":35,"key":"Explosive Potion"},{"floor":46,"key":"Block Potion"}],"is_trial":true,"path_per_floor":["M","M","?","?","M","R","M","R","T","R","$","M","T","E","R","B",null,"M","?","$","?","?","R","?","$","T","M","E","M","M","M","R","B",null,"M","M","$","?","M","E","R","M","T","$","M","E","?","M","R","B",null],"character_chosen":"WATCHER","items_purchased":["Anchor","Lantern","HornCleat","HollowMod:JonisBlessing","Melange"],"campfire_rested":0,"item_purchase_floors":[11,11,20,37,44],"current_hp_per_floor":[72,72,72,72,72,72,69,69,69,69,69,69,69,69,69,69,72,72,72,72,72,72,72,72,72,72,72,72,72,72,70,70,70,72,72,72,72,72,72,72,72,72,72,72,72,72,72,72,72,72],"gold":364,"neow_bonus":"","is_daily":false,"chose_seed":false,"campfire_upgraded":8,"win_rate":0.0,"timestamp":1608869672,"path_taken":["M","M","?","?","M","R","?","R","T","R","$","M","?","E","R","BOSS","M","?","$","?","?","R","?","$","T","M","E","?","M","M","R","BOSS","M","M","$","?","M","E","R","M","T","$","M","E","?","M","R","BOSS"],"items_purchased_type":["Relic","Relic","Relic","Relic","Relic"],"build_version":"2020-12-22","purchased_purges":2,"victory":true,"max_hp_per_floor":[72,72,72,72,72,72,72,72,72,72,72,72,72,72,72,72,72,72,72,72,72,72,72,72,72,72,72,72,72,72,72,72,72,72,72,72,72,72,72,72,72,72,72,72,72,72,72,72,72,72],"card_choices":[{"not_picked":["Wallop","Perseverance","FlurryOfBlows"],"picked":"SKIP","floor":1.0},{"not_picked":["FearNoEvil","ForeignInfluence","BattleHymn"],"picked":"SKIP","floor":2.0},{"not_picked":["SashWhip","Crescendo","Protect"],"picked":"SKIP","floor":5.0},{"not_picked":["Swivel","ClearTheMind","ThirdEye"],"picked":"SKIP","floor":7.0},{"not_picked":["Prostrate","FollowUp"],"picked":"CutThroughFate","floor":12.0},{"not_picked":["LikeWater","Worship","WaveOfTheHand"],"picked":"SKIP","floor":14.0},{"not_picked":["LessonLearned","Blasphemy"],"picked":"Ragnarok","floor":16.0},{"not_picked":["CrushJoints","Evaluate","Wallop"],"picked":"SKIP","floor":18.0},{"not_picked":["CarveReality+1","JustLucky","SignatureMove+1"],"picked":"SKIP","floor":27.0},{"not_picked":["FlurryOfBlows","Indignation+1","SignatureMove"],"picked":"SKIP","floor":28.0},{"not_picked":["FlurryOfBlows+1","Worship","Sanctity"],"picked":"SKIP","floor":29},{"not_picked":["FearNoEvil","Tantrum","EmptyBody"],"picked":"SKIP","floor":30},{"not_picked":["Protect","CrushJoints","Indignation"],"picked":"SKIP","floor":31},{"not_picked":["SashWhip+1","CutThroughFate","Halt+1"],"picked":"SKIP","floor":35},{"not_picked":["WheelKick","EmptyFist+1","ForeignInfluence"],"picked":"SKIP","floor":36},{"not_picked":["Devotion","Nirvana+1"],"picked":"Prostrate+1","floor":39},{"not_picked":["CarveReality","EmptyBody+1","Crescendo+1"],"picked":"SKIP","floor":40},{"not_picked":["EmptyFist+1","BowlingBash+1","ClearTheMind+1"],"picked":"SKIP","floor":42},{"not_picked":["Evaluate+1","BowlingBash+1","FlyingSleeves+1"],"picked":"SKIP","floor":45},{"not_picked":["Protect+1","Study+1","TalkToTheHand+1"],"picked":"SKIP","floor":46},{"not_picked":["CutThroughFate+1","Protect","EmptyFist"],"picked":"SKIP","floor":48}],"player_experience":1435668,"relics_obtained":[{"floor":9.0,"key":"strawberrySpire:Treaders"},{"floor":13.0,"key":"Dream Catcher"},{"floor":14.0,"key":"aspiration:SeaSaltIceCream"},{"floor":26.0,"key":"conspire:Flyswatter"},{"floor":28.0,"key":"aspiration:AnachronicSnailShell"},{"floor":30,"key":"wanderingMiniBosses:LockLocket"},{"floor":40,"key":"hubris:MedicalManual"},{"floor":43,"key":"Ginger"},{"floor":46,"key":"Torii"}],"event_choices":[{"damage_healed":0.0,"max_hp_gain":0.0,"max_hp_loss":0.0,"gold_gain":175.0,"event_name":"betterThird:BetterSerpent","player_choice":"AGREE","floor":3.0,"gold_loss":0.0,"damage_taken":131.0},{"damage_healed":0.0,"max_hp_gain":0.0,"max_hp_loss":0.0,"gold_gain":0.0,"event_name":"The Woman in Blue","player_choice":"Bought 2 Potions","floor":4.0,"gold_loss":0.0,"damage_taken":0.0},{"damage_healed":0,"gold_gain":0,"player_choice":"Leave","damage_taken":0,"max_hp_gain":0,"max_hp_loss":0,"event_name":"conspire:Investor","floor":47,"gold_loss":0}],"is_beta":false,"boss_relics":[{"not_picked":["conspire:SeveredTorchhead","Philosopher\u0027s Stone"],"picked":"energizedSpire:DeadBattery"},{"not_picked":["energizedSpire:StickyHand","hubris:BlackHole"],"picked":"Cursed Key"}],"items_purged_floors":[11,44],"is_endless":false,"potions_floor_spawned":[1,12,28,30,31,35,36,39,46],"ascension_level":0}}