{"host":"ied4ms9juizrl48v","time":1608938129,"event":{"mods":["Ascension Unlocker","BaseMod","Block Reminder","Colored Map","Colored Powertips","DeckTracker","Highlight Path","Minty Spire (QoL Compilation)","Practice Mode","Quick Restart","Random Character Button","StSLib","SuperFastMode","UnlockEverythingMod"],"gold_per_floor":[115,215,235,215,227,259,259,223,223,113,113,113,133,166,166,239,239,256,291,216,266,266,300,300,328,328,328,342,358,377,411,411,482,482,495,495,506,506,523,550,550,578,578,578,588,620,620,640,640,640,640,640,47,76,76,76],"floor_reached":55,"playtime":3198,"items_purged":["Strike_R"],"score":1667,"play_id":"1d18a50b-1bb8-49c5-905c-a158ddf5e04a","local_time":"20201226081529","is_ascension_mode":true,"campfire_choices":[{"data":"Uppercut","floor":7.0,"key":"SMITH"},{"data":"Whirlwind","floor":11.0,"key":"SMITH"},{"data":"Hemokinesis","floor":15.0,"key":"SMITH"},{"data":"Uppercut","floor":24.0,"key":"SMITH"},{"floor":27,"key":"REST"},{"data":"Flame Barrier","floor":32,"key":"SMITH"},{"floor":41,"key":"REST"},{"floor":49,"key":"RECALL"},{"data":"Disarm","floor":52,"key":"SMITH"}],"circlet_count":0,"master_deck":["AscendersBane","Strike_R","Strike_R","Defend_R","Defend_R","Defend_R","Defend_R","Bash","Flame Barrier+1","Disarm+1","Wild Strike","Uppercut+1","Hemokinesis+1","Whirlwind+1","True Grit","Evolve","Disarm","Demon Form","Uppercut+1","Clothesline+1","Armaments+1","Disarm","Intimidate+1","Iron Wave+1","Corruption","Sentinel","True Grit","Disarm","Fire Breathing","Disarm","Doubt","Heavy Blade","Offering","Dark Shackles"],"relics":["Burning Blood","NeowsBlessing","Pear","Lantern","Bag of Marbles","Velvet Choker","Red Mask","Bronze Scales","Vajra","Red Skull","Snecko Eye","TungstenRod","Toy Ornithopter","Bag of Preparation","Singing Bowl","Pocketwatch","Anchor"],"acts_visited":["Exordium","TheCity","TheBeyond","TheEnding"],"potions_floor_usage":[25,28,30,40,42,54,55],"damage_taken":[{"damage":0.0,"enemies":"Small Slimes","floor":1.0,"turns":1.0},{"damage":0.0,"enemies":"Cultist","floor":3.0,"turns":1.0},{"damage":0.0,"enemies":"2 Louse","floor":5.0,"turns":1.0},{"damage":41.0,"enemies":"3 Sentries","floor":6.0,"turns":12.0},{"damage":13.0,"enemies":"Exordium Thugs","floor":13.0,"turns":5.0},{"damage":18.0,"enemies":"Lagavulin","floor":14.0,"turns":6.0},{"damage":7.0,"enemies":"Slime Boss","floor":16.0,"turns":6.0},{"damage":39.0,"enemies":"Spheric Guardian","floor":18.0,"turns":6.0},{"damage":0.0,"enemies":"Masked Bandits","floor":19.0,"turns":1.0},{"damage":26.0,"enemies":"Gremlin Leader","floor":23.0,"turns":6.0},{"damage":25,"enemies":"Book of Stabbing","floor":25,"turns":4},{"damage":5,"enemies":"3 Byrds","floor":28,"turns":4},{"damage":13,"enemies":"Snecko","floor":29,"turns":4},{"damage":26,"enemies":"Snake Plant","floor":30,"turns":5},{"damage":0,"enemies":"Gremlin Leader","floor":31,"turns":5},{"damage":28,"enemies":"Champ","floor":33,"turns":13},{"damage":15,"enemies":"Orb Walker","floor":35,"turns":3},{"damage":0,"enemies":"3 Shapes","floor":37,"turns":11},{"damage":0,"enemies":"3 Darklings","floor":39,"turns":1},{"damage":48,"enemies":"Nemesis","floor":40,"turns":9},{"damage":16,"enemies":"Reptomancer","floor":42,"turns":5},{"damage":3,"enemies":"Maw","floor":45,"turns":7},{"damage":32,"enemies":"Nemesis","floor":46,"turns":9},{"damage":8,"enemies":"Sphere and 2 Shapes","floor":48,"turns":12},{"damage":37,"enemies":"Awakened One","floor":50,"turns":32},{"damage":48,"enemies":"Shield and Spear","floor":54,"turns":6},{"damage":45,"enemies":"The Heart","floor":55,"turns":5}],"seed_played":"-4138109036048373815","potions_obtained":[{"floor":1.0,"key":"BlessingOfTheForge"},{"floor":3.0,"key":"Regen Potion"},{"floor":12.0,"key":"Dexterity Potion"},{"floor":12.0,"key":"LiquidMemories"},{"floor":13.0,"key":"AttackPotion"},{"floor":19.0,"key":"PowerPotion"},{"floor":23.0,"key":"GamblersBrew"},{"floor":25,"key":"Weak Potion"},{"floor":28,"key":"Regen Potion"},{"floor":33,"key":"SpeedPotion"},{"floor":42,"key":"Energy Potion"},{"floor":46,"key":"GamblersBrew"}],"is_trial":false,"path_per_floor":["M","?","M","?","M","E","R","$","T","$","R","?","M","E","R","B",null,"M","?","$","?","?","E","R","E","T","R","M","M","M","E","R","B",null,"M","?","M","?","M","E","R","E","T","?","M","E","?","M","R","B",null,"R","$","E","B"],"character_chosen":"IRONCLAD","items_purchased":["Hemokinesis","Whirlwind","True Grit","Pocketwatch","Offering","Dark Shackles"],"campfire_rested":2,"item_purchase_floors":[8,10,10,53,53,53],"current_hp_per_floor":[74,74,75,75,75,65,65,65,65,65,65,65,58,46,46,45,75,42,48,48,48,48,28,28,9,9,34,35,28,23,29,29,7,66,57,57,63,63,69,27,52,42,42,42,45,21,83,81,81,50,75,75,75,40,0,0],"gold":76,"neow_bonus":"THREE_ENEMY_KILL","is_daily":false,"chose_seed":false,"campfire_upgraded":6,"win_rate":0.0,"timestamp":1608938129,"path_taken":["M","?","?","?","M","E","R","$","T","?","R","?","M","E","R","BOSS","M","?","$","?","?","E","R","E","T","R","M","M","?","E","R","BOSS","M","?","M","?","M","E","R","E","T","?","M","E","?","M","R","BOSS","R","$","E","BOSS"],"items_purchased_type":["Card","Card","Card","Relic","Card","Card"],"build_version":"2020-12-22","purchased_purges":1,"victory":false,"max_hp_per_floor":[75,75,75,75,75,85,85,85,85,85,85,85,85,85,85,85,85,85,85,85,85,85,85,85,85,85,85,85,85,85,85,85,85,85,85,85,85,85,85,85,85,85,85,81,81,83,83,83,83,83,83,83,83,85,85,85],"card_choices":[{"not_picked":["Dual Wield","Infernal Blade"],"picked":"Flame Barrier","floor":1.0},{"not_picked":["Metallicize","Bloodletting"],"picked":"Disarm","floor":3.0},{"not_picked":["Body Slam","Sever Soul"],"picked":"Wild Strike","floor":5.0},{"not_picked":["Searing Blow","Flex"],"picked":"Uppercut","floor":6.0},{"not_picked":["Wild Strike","Burning Pact"],"picked":"Evolve","floor":13.0},{"not_picked":["Rupture","Wild Strike"],"picked":"Disarm","floor":14.0},{"not_picked":["Exhume","Brutality"],"picked":"Demon Form","floor":16.0},{"not_picked":["Hemokinesis","Twin Strike+1"],"picked":"Uppercut","floor":18.0},{"not_picked":["Wild Strike","Anger"],"picked":"Clothesline+1","floor":19.0},{"not_picked":["Bloodletting","Carnage","Pommel Strike"],"picked":"SKIP","floor":23.0},{"not_picked":["Infernal Blade","True Grit"],"picked":"Armaments+1","floor":25},{"not_picked":["Iron Wave","Sword Boomerang"],"picked":"Disarm","floor":28},{"not_picked":["Rupture","Clash","Wild Strike"],"picked":"SKIP","floor":29},{"not_picked":["Seeing Red","Entrench"],"picked":"Intimidate+1","floor":30},{"not_picked":["Entrench","True Grit"],"picked":"Iron Wave+1","floor":31},{"not_picked":["Demon Form","Double Tap"],"picked":"Corruption","floor":33},{"not_picked":["Pommel Strike","Perfected Strike"],"picked":"Sentinel","floor":35},{"not_picked":["Clash","Twin Strike"],"picked":"True Grit","floor":37},{"not_picked":["Second Wind","Headbutt"],"picked":"Disarm","floor":39},{"not_picked":["Twin Strike+1","Immolate","Body Slam"],"picked":"SKIP","floor":40},{"not_picked":["Evolve","Intimidate"],"picked":"Fire Breathing","floor":42},{"not_picked":["Dark Embrace","Sword Boomerang+1"],"picked":"Disarm","floor":45},{"not_picked":["Dark Embrace+1","Armaments","Seeing Red+1"],"picked":"Singing Bowl","floor":46},{"not_picked":["Evolve","Wild Strike+1"],"picked":"Heavy Blade","floor":48},{"not_picked":["Brutality","Reckless Charge","Rage"],"picked":"Singing Bowl","floor":54}],"player_experience":2664,"relics_obtained":[{"floor":6.0,"key":"Pear"},{"floor":9.0,"key":"Lantern"},{"floor":14.0,"key":"Bag of Marbles"},{"floor":19.0,"key":"Red Mask"},{"floor":23.0,"key":"Bronze Scales"},{"floor":25,"key":"Vajra"},{"floor":31,"key":"Red Skull"},{"floor":40,"key":"TungstenRod"},{"floor":42,"key":"Toy Ornithopter"},{"floor":43,"key":"Bag of Preparation"},{"floor":46,"key":"Singing Bowl"},{"floor":54,"key":"Anchor"}],"event_choices":[{"damage_healed":0.0,"max_hp_gain":0.0,"max_hp_loss":0.0,"gold_gain":100.0,"event_name":"Wheel of Change","player_choice":"Gold","floor":2.0,"gold_loss":0.0,"damage_taken":0.0},{"damage_healed":0.0,"max_hp_gain":0.0,"max_hp_loss":0.0,"gold_gain":0.0,"event_name":"The Woman in Blue","player_choice":"Bought 1 Potion","floor":4.0,"gold_loss":0.0,"damage_taken":0.0},{"damage_healed":0.0,"max_hp_gain":0.0,"max_hp_loss":0.0,"gold_gain":0.0,"event_name":"Lab","player_choice":"Got Potions","floor":12.0,"gold_loss":0.0,"damage_taken":0.0},{"damage_healed":0.0,"max_hp_gain":0.0,"max_hp_loss":0.0,"gold_gain":0.0,"event_name":"Masked Bandits","player_choice":"Fought Bandits","floor":19.0,"gold_loss":0.0,"damage_taken":0.0},{"damage_healed":0.0,"max_hp_gain":0.0,"max_hp_loss":0.0,"gold_gain":50.0,"event_name":"Nest","player_choice":"Stole From Cult","floor":21.0,"gold_loss":0.0,"damage_taken":0.0},{"cards_removed":["Strike_R"],"damage_healed":0.0,"max_hp_gain":0.0,"max_hp_loss":0.0,"gold_gain":0.0,"event_name":"Purifier","player_choice":"Purged","floor":22.0,"gold_loss":0.0,"damage_taken":0.0},{"damage_healed":0,"gold_gain":0,"player_choice":"Ignored","damage_taken":0,"max_hp_gain":0,"max_hp_loss":0,"event_name":"Mysterious Sphere","floor":36,"gold_loss":0},{"cards_removed":["Strike_R"],"damage_healed":0,"gold_gain":0,"player_choice":"Removed Attack","damage_taken":0,"max_hp_gain":0,"max_hp_loss":0,"event_name":"Falling","floor":38,"gold_loss":0},{"damage_healed":0,"gold_gain":0,"player_choice":"Max HP","damage_taken":0,"max_hp_gain":0,"max_hp_loss":4,"event_name":"Winding Halls","floor":44,"gold_loss":0},{"damage_healed":62,"gold_gain":0,"player_choice":"Heal","damage_taken":0,"max_hp_gain":0,"max_hp_loss":0,"event_name":"MindBloom","floor":47,"gold_loss":0,"cards_obtained":["Doubt"]}],"is_beta":false,"boss_relics":[{"not_picked":["Calling Bell","Fusion Hammer"],"picked":"Velvet Choker"},{"not_picked":["Coffee Dripper","Runic Dome"],"picked":"Snecko Eye"}],"items_purged_floors":[20],"is_endless":false,"potions_floor_spawned":[1,3,13,19,23,25,28,33,39,42,46],"killed_by":"The Heart","ascension_level":20}}