{"host":"mxpmrihs65xqmug3","time":1608900213,"event":{"mods":["AchievementEnabler","BaseMod","BetterRewards","Colored Map","Colored Powertips","GifTheSpireLib","Minty Spire (QoL Compilation)","Permanent Neow","Quick Restart","Useless Jewels Mod"],"gold_per_floor":[117,130,205,205,219,258,258,111,186,225,225,239,239,239],"floor_reached":13,"playtime":11292,"items_purged":[],"score":98,"play_id":"55420494-b704-4250-a908-71894cece4e9","local_time":"20201225231333","is_ascension_mode":true,"campfire_choices":[{"floor":7,"key":"REST"}],"circlet_count":0,"master_deck":["Strike_P","Strike_P","Strike_P","Strike_P","Defend_P","Defend_P","Defend_P","Defend_P","Eruption","Vigilance","ReachHeaven","Protect","FollowUp","Halt","Prostrate","MasterReality","Collect","ClearTheMind","ForeignInfluence","EmptyFist","ForeignInfluence","Crescendo"],"relics":["Black Star","Golden Idol","Blood Vial","WingedGreaves","Orrery","Blue Candle","Singing Bowl","Toy Ornithopter"],"acts_visited":["Exordium"],"potions_floor_usage":[6,6,12],"damage_taken":[{"damage":1,"enemies":"Jaw Worm","floor":1,"turns":6},{"damage":9,"enemies":"2 Louse","floor":2,"turns":3},{"damage":0,"enemies":"Cultist","floor":5,"turns":2},{"damage":29,"enemies":"Gremlin Nob","floor":6,"turns":5},{"damage":14,"enemies":"3 Sentries","floor":10,"turns":8},{"damage":2,"enemies":"Gremlin Gang","floor":12,"turns":4},{"damage":102,"enemies":"Gremlin Nob","floor":13,"turns":5}],"seed_played":"3680134597222475297","potions_obtained":[{"floor":5,"key":"PowerPotion"},{"floor":6,"key":"Fruit Juice"},{"floor":10,"key":"Explosive Potion"}],"is_trial":false,"path_per_floor":["M","M","?","?","M","E","R","$","T","E","?","M","E"],"character_chosen":"WATCHER","items_purchased":["Orrery"],"campfire_rested":1,"item_purchase_floors":[8],"current_hp_per_floor":[71,62,51,51,51,27,48,48,48,36,36,41,0,0],"gold":239,"neow_bonus":"BOSS_RELIC","is_daily":false,"chose_seed":false,"campfire_upgraded":0,"win_rate":0.0,"timestamp":1608900213,"path_taken":["M","M","?","?","?","E","R","$","T","E","?","M","E"],"items_purchased_type":["Relic"],"build_version":"2020-12-22","purchased_purges":0,"victory":false,"max_hp_per_floor":[72,72,72,67,67,72,72,72,72,72,72,72,72,72],"card_choices":[{"not_picked":["JustLucky","CrushJoints"],"picked":"ReachHeaven","floor":1},{"not_picked":["LikeWater","EmptyBody"],"picked":"Protect","floor":2},{"not_picked":["Protect","ThirdEye"],"picked":"FollowUp","floor":5},{"not_picked":["ThirdEye","FlurryOfBlows"],"picked":"Halt","floor":6},{"not_picked":["Halt","LikeWater"],"picked":"Prostrate","floor":8},{"not_picked":["WaveOfTheHand","Protect"],"picked":"MasterReality","floor":8},{"not_picked":["SashWhip","CutThroughFate"],"picked":"Collect","floor":8},{"not_picked":["Scrawl","SashWhip"],"picked":"ClearTheMind","floor":8},{"not_picked":["TalkToTheHand","EmptyFist"],"picked":"ForeignInfluence","floor":8},{"not_picked":["TalkToTheHand","ClearTheMind"],"picked":"EmptyFist","floor":10},{"not_picked":["Conclude","Consecrate"],"picked":"Crescendo","floor":12}],"player_experience":107766,"relics_obtained":[{"floor":6,"key":"Blood Vial"},{"floor":6,"key":"WingedGreaves"},{"floor":9,"key":"Blue Candle"},{"floor":10,"key":"Singing Bowl"},{"floor":10,"key":"Toy Ornithopter"}],"event_choices":[{"damage_healed":0,"gold_gain":75,"player_choice":"Gather Gold","damage_taken":11,"max_hp_gain":0,"max_hp_loss":0,"event_name":"World of Goop","floor":3,"gold_loss":0},{"damage_healed":0,"gold_gain":0,"player_choice":"Lose Max HP","damage_taken":0,"relics_obtained":["Golden Idol"],"max_hp_gain":0,"max_hp_loss":5,"event_name":"Golden Idol","floor":4,"gold_loss":0},{"damage_healed":0,"gold_gain":0,"player_choice":"1 cards matched","damage_taken":0,"max_hp_gain":0,"max_hp_loss":0,"event_name":"Match and Keep!","floor":11,"gold_loss":0,"cards_obtained":["ForeignInfluence"]}],"is_beta":false,"boss_relics":[],"items_purged_floors":[],"is_endless":false,"potions_floor_spawned":[5,6,10],"killed_by":"Gremlin Nob","ascension_level":1}}