{"host":"uae2ry9d6rl7cq98","time":1608866268,"event":{"mods":["AchievementEnabler","BaseMod","BetterRewards","Colored Map","Custom Start","Hermit","Hubris","Infinite Spire","Minty Spire (QoL Compilation)","Replay The Spire","Shop Mod","StSLib","SuperFastMode","The Animator","The Hierophant","The Servant 0.9.4"],"gold_per_floor":[112,112,39,97,110,110,123,123,147,162,196,196,216,216,216,337,337,350,374,374,374,388,388,388,388,429,429,429,462,487,507,507,53,53,179,179,199,324,324,324,340,340,365,385,385,385,409,424,424,448,448,574,574,587,596,313,313,131,148,182,182,182,182,182,182,206,219,219,339,339,348,348,223,217,20,20,36,36,82,100,112,127,149,161,173,314,326,322,358,410,286,286,319,319,344,369,369,355,360,364,353,353],"floor_reached":101,"playtime":4684,"items_purged":["Injury","Strike_B+1","Writhe","Barrage","Injury","Delirium"],"score":1684,"play_id":"255f784f-1c0f-4e75-8704-1793d60686df","local_time":"20201224191748","is_ascension_mode":false,"campfire_choices":[{"data":"Fusion","floor":6.0,"key":"SMITH"},{"floor":8.0,"key":"RECALL"},{"data":"Streamline","floor":12.0,"key":"SMITH"},{"floor":15.0,"key":"REST"},{"floor":25.0,"key":"REST"},{"data":"Strike_B+1","floor":34.0,"key":"PURGE"},{"floor":42.0,"key":"REST"},{"floor":46.0,"key":"REST"},{"floor":49.0,"key":"REST"},{"floor":51.0,"key":"REST"},{"data":"hubris:InfiniteBlow+39","floor":61,"key":"SMITH"},{"data":"hubris:InfiniteBlow+40","floor":63,"key":"SMITH"},{"floor":68,"key":"REST"},{"floor":76,"key":"REST"},{"data":"Echo Form","floor":78,"key":"SMITH"},{"data":"Chaos","floor":81,"key":"SMITH"},{"floor":85,"key":"REST"},{"floor":94,"key":"REST"},{"data":"infinitespire:Starlight","floor":97,"key":"SMITH"}],"circlet_count":0,"master_deck":["Strike_B+1","Defend_B+1","Defend_B+1","Zap+1","Dualcast+1","Streamline+1","Fusion+1","Chaos+1","Turbo","Genetic Algorithm","Core Surge+1","Electrodynamics+1","CurseOfTheBell","Static Discharge","infinitespire:Starlight+1","hubris:InfiniteBlow+42","Barrage+1","Reboot","hubris:Ukulele","Machine Learning","Conserve Battery+1","hubris:InfiniteBlow+26","hubris:Ukulele+1","Loop+1","Leap+1","ReplayRNGCard","Consume","FIFO Queue","FIFO Queue","Amplify+1","Multi-Cast","Echo Form+1","Leap+1","ReplayRNGCard","Chill+1"],"relics":["FrozenCore","NeowsBlessing","Replay:Bottled Steam","Golden Idol","hubris:ToyBattleship","Cables","Counterbalance","Bottled Lightning","Tiny Chest","Inserter","Replay:Kaleidoscope","Nuclear Battery","MerchantsRug","Bottled Flame","hubris:TinFlute","Anchor","Chameleon Ring","Pet Ghost","Kintsugi","Boot","Incense Burner","Smiling Mask","infinitespire:Lucky Rock","infinitespire:Freezer"],"acts_visited":["Exordium","TheCity","TheBeyond","TheCity","TheBeyond"],"potions_floor_usage":[83,88,88,90,92,98,99],"damage_taken":[{"damage":0.0,"enemies":"Small Slimes","floor":1.0,"turns":1.0},{"damage":0.0,"enemies":"2 Louse","floor":5.0,"turns":1.0},{"damage":0.0,"enemies":"Cultist","floor":7.0,"turns":1.0},{"damage":0.0,"enemies":"Large Slime","floor":10.0,"turns":4.0},{"damage":28.0,"enemies":"Gremlin Nob","floor":11.0,"turns":4.0},{"damage":8.0,"enemies":"Blue Slaver","floor":13.0,"turns":3.0},{"damage":25.0,"enemies":"The Guardian","floor":16.0,"turns":10.0},{"damage":15.0,"enemies":"3 Byrds","floor":18.0,"turns":3.0},{"damage":36.0,"enemies":"2 Thieves","floor":19.0,"turns":4.0},{"damage":22.0,"enemies":"Chosen and Byrds","floor":22.0,"turns":6.0},{"damage":7.0,"enemies":"Book of Stabbing","floor":26.0,"turns":2.0},{"damage":0.0,"enemies":"Replay:Snechameleon","floor":29.0,"turns":1.0},{"damage":0.0,"enemies":"Sentry and Sphere","floor":30.0,"turns":3.0},{"damage":12.0,"enemies":"3 Cultists","floor":31.0,"turns":5.0},{"damage":34.0,"enemies":"hubris:MusketHawk","floor":35.0,"turns":5.0},{"damage":7.0,"enemies":"3 Shapes","floor":37.0,"turns":3.0},{"damage":36.0,"enemies":"infinitespire:Three Voidlings","floor":38.0,"turns":4.0},{"damage":45.0,"enemies":"Nightmare_Alpha","floor":38.0,"turns":9.0},{"damage":11.0,"enemies":"3 Darklings","floor":41.0,"turns":5.0},{"damage":16.0,"enemies":"Transient","floor":43.0,"turns":5.0},{"damage":22.0,"enemies":"Jaw Worm Horde","floor":44.0,"turns":4.0},{"damage":4.0,"enemies":"3 Darklings","floor":47.0,"turns":5.0},{"damage":18.0,"enemies":"Sphere and 2 Shapes","floor":48.0,"turns":4.0},{"damage":28.0,"enemies":"Transient","floor":50.0,"turns":5.0},{"damage":0.0,"enemies":"Time Eater","floor":52.0,"turns":1.0},{"damage":11,"enemies":"Jaw Worm","floor":54,"turns":2},{"damage":0,"enemies":"Cultist","floor":55,"turns":2},{"damage":12,"enemies":"Small Slimes","floor":59,"turns":2},{"damage":10,"enemies":"3 Sentries","floor":60,"turns":2},{"damage":6,"enemies":"Exordium Wildlife","floor":67,"turns":2},{"damage":8,"enemies":"The Guardian","floor":69,"turns":3},{"damage":10,"enemies":"Chosen","floor":71,"turns":2},{"damage":35,"enemies":"Shell Parasite","floor":74,"turns":5},{"damage":0,"enemies":"Snake Plant","floor":77,"turns":2},{"damage":4,"enemies":"3 Cultists","floor":80,"turns":3},{"damage":0,"enemies":"Cultist and Chosen","floor":82,"turns":3},{"damage":30,"enemies":"Snecko","floor":83,"turns":3},{"damage":0,"enemies":"Champ","floor":86,"turns":1},{"damage":24,"enemies":"Orb Walker","floor":88,"turns":4},{"damage":48,"enemies":"2 Orb Walkers","floor":90,"turns":5},{"damage":0,"enemies":"3 Shapes","floor":92,"turns":4},{"damage":0,"enemies":"Giant Head","floor":93,"turns":2},{"damage":19,"enemies":"3 Darklings","floor":98,"turns":5},{"damage":4,"enemies":"Jaw Worm Horde","floor":99,"turns":4},{"damage":39,"enemies":"4 Shapes","floor":100,"turns":5},{"damage":27,"enemies":"Sphere and 2 Shapes","floor":101,"turns":2}],"seed_played":"603718703655287580","potions_obtained":[{"floor":5.0,"key":"Dexterity Potion"},{"floor":10.0,"key":"Fire Potion"},{"floor":16.0,"key":"PotionOfCapacity"},{"floor":19.0,"key":"Block Potion"},{"floor":30.0,"key":"Strength Potion"},{"floor":31.0,"key":"Explosive Potion"},{"floor":38.0,"key":"Elixir"},{"floor":43.0,"key":"Block Potion"},{"floor":47.0,"key":"Flashbang"},{"floor":50.0,"key":"Energy Potion"},{"floor":54,"key":"AttackPotion"},{"floor":59,"key":"Ancient Potion"},{"floor":77,"key":"LiquidMemories"},{"floor":83,"key":"Swift Potion"},{"floor":88,"key":"Block Potion"},{"floor":92,"key":"Fire Potion"}],"is_trial":false,"path_per_floor":["M","?","$","?","M","R","M","R","T","M","E","R","M","?","R","B",null,"M","M","AVR","?","M","PTL","PTL","R","E","?","T","E","M","M","?","$","R_BF","B",null,"M","?","?","T","M","R","M","M","T","R","M","M","R","M","R","B",null,"M","M","$","?","$","M","E","R","T","R","?","?","T","M","R","B",null,"M","?","$","M","$","R","M","R","T","M","R","M","M","AVR","R","B",null,"M","T","?","$","M","E","R","T","T","R","M","M","M","M"],"character_chosen":"DEFECT","items_purchased":["Fusion","Guide Book","Tiny Chest","hubris:Ukulele","MerchantsRug","FIFO Queue","Bottled Flame","hubris:TinFlute","Echo Form","Fire Potion"],"campfire_rested":10,"item_purchase_floors":[3,33,33,33,56,56,58,58,75,75],"current_hp_per_floor":[75,75,75,57,57,57,57,57,57,57,29,29,21,21,43,18,75,60,24,24,24,12,12,12,34,27,27,27,27,37,25,25,25,25,1,75,68,5,24,24,13,35,29,7,7,29,25,7,29,1,23,23,75,74,74,74,74,74,62,52,52,52,52,37,37,37,41,63,55,75,65,65,65,40,40,62,62,62,62,58,58,68,58,58,75,75,75,59,59,21,21,41,41,63,63,63,63,44,55,16,0,0],"gold":353,"neow_bonus":"THREE_ENEMY_KILL","is_daily":false,"chose_seed":false,"campfire_upgraded":7,"win_rate":0.0,"timestamp":1608866268,"path_taken":["M","?","$","?","M","R","M","R","T","M","E","R","?","?","R","BOSS","M","M","AVR","?","M","PTL","PTL","R","E","?","T","E","M","M","?","?","R_BF","BOSS","M","?","?","?","M","R","M","M","T","R","M","M","R","M","R","BOSS","M","M","$","?","$","M","E","R","T","R","?","?","?","M","R","BOSS","M","?","$","M","?","R","M","R","T","M","R","M","?","AVR","R","BOSS","M","?","?","?","?","E","R","?","T","R","M","M","M","?"],"items_purchased_type":["Card","Relic","Relic","Card","Relic","Card","Relic","Relic","Card","Potion"],"build_version":"2020-12-22","purchased_purges":6,"victory":false,"max_hp_per_floor":[75,75,75,75,75,75,75,75,75,75,75,75,75,75,75,75,75,75,75,75,75,75,75,75,75,75,75,75,75,75,75,75,75,75,75,75,75,75,75,75,75,75,75,75,75,75,75,75,75,75,75,75,75,75,75,75,75,75,75,75,75,75,75,75,75,75,75,75,75,75,75,75,75,75,75,75,75,75,75,75,75,75,75,75,75,75,75,75,75,75,75,75,75,75,75,75,75,75,75,75,75,75],"card_choices":[{"not_picked":["Steam Power","ReplaySort"],"picked":"Streamline","floor":1.0},{"not_picked":["Stack","Scrape"],"picked":"Barrage","floor":4.0},{"not_picked":["Barrage","Melter"],"picked":"Chaos","floor":4.0},{"not_picked":["Reinforced Body","Hologram"],"picked":"Turbo","floor":5.0},{"not_picked":["Streamline","Compile Driver","Rebound"],"picked":"SKIP","floor":7.0},{"not_picked":["Turbo","Double Energy","ReplayTheSpireMod:Reroute Power"],"picked":"SKIP","floor":10.0},{"not_picked":["Redo","Compile Driver"],"picked":"Genetic Algorithm","floor":11.0},{"not_picked":["White Noise","Rip and Tear"],"picked":"Core Surge","floor":13.0},{"not_picked":["Buffer","ReplayRNGCard"],"picked":"Electrodynamics","floor":16.0},{"not_picked":["Gash","Go for the Eyes","Stack"],"picked":"SKIP","floor":18.0},{"not_picked":["BasicCrystalCard","Crystallizer"],"picked":"Static Discharge","floor":19.0},{"not_picked":["White Noise","Aggregate"],"picked":"Barrage+1","floor":22.0},{"not_picked":["Coolheaded","BasicCrystalCard"],"picked":"Storm","floor":26.0},{"not_picked":["Go for the Eyes","hubris:PowerSurge"],"picked":"ReplayTheSpireMod:System Scan","floor":29.0},{"not_picked":["ReplaySort","Rebound+1"],"picked":"Reboot","floor":30.0},{"not_picked":["Rebound","Gash","Go for the Eyes"],"picked":"SKIP","floor":31.0},{"not_picked":["ReplayTheSpireMod:Omega Cannon","Biased Cognition"],"picked":"Machine Learning","floor":35.0},{"not_picked":["Hologram+1","Sunder+1"],"picked":"Conserve Battery+1","floor":37.0},{"not_picked":["infinitespire:Menacing","ReplayTheSpireMod:Haul"],"picked":"hubris:InfiniteBlow+13","floor":38.0},{"not_picked":["ReplayTheSpireMod:Repulse","Ball Lightning"],"picked":"hubris:Ukulele","floor":38.0},{"not_picked":["Leap","Streamline+1","Rebound"],"picked":"SKIP","floor":41.0},{"not_picked":["Rainbow","ReplaySolidLightProjector"],"picked":"hubris:Ukulele+1","floor":43.0},{"not_picked":["Beam Cell","Fusion","Genetic Algorithm+1"],"picked":"SKIP","floor":44.0},{"not_picked":["Go for the Eyes+1","Melter+1","ReplaySort+1"],"picked":"SKIP","floor":47.0},{"not_picked":["Conserve Battery+1","hubris:SpecializedCircuitry"],"picked":"Loop+1","floor":48.0},{"not_picked":["Redo","Cold Snap"],"picked":"Leap+1","floor":50.0},{"not_picked":["Hyperbeam","hubris:SpecializedCircuitry"],"picked":"ReplayRNGCard","floor":52.0},{"not_picked":["Aggregate","White Noise","Sweeping Beam"],"picked":"SKIP","floor":54},{"not_picked":["ReplayTheSpireMod:GoodbyeWorld","Rebound"],"picked":"Consume","floor":55},{"not_picked":["Rebound","Coolheaded","Stack"],"picked":"SKIP","floor":59},{"not_picked":["Ball Lightning","Genetic Algorithm"],"picked":"Compile Driver","floor":60},{"not_picked":["BootSequence","Hello World","Rebound"],"picked":"SKIP","floor":67},{"not_picked":["Seek","ReplayTheSpireMod:Omega Cannon"],"picked":"Multi-Cast","floor":69},{"not_picked":["Compile Driver","Steam","Coolheaded"],"picked":"SKIP","floor":71},{"not_picked":["Compile Driver","Steam","Coolheaded"],"picked":"SKIP","floor":71},{"not_picked":["Coolheaded","Steam","Blizzard"],"picked":"SKIP","floor":74},{"not_picked":["Reprogram","Leap","Rebound"],"picked":"SKIP","floor":77},{"not_picked":["Ball Lightning","Defragment"],"picked":"Leap+1","floor":80},{"not_picked":["Ball Lightning","Gash","Genetic Algorithm+1"],"picked":"SKIP","floor":82},{"not_picked":["Streamline","Panic Button","hubris:PowerSurge"],"picked":"SKIP","floor":83},{"not_picked":["Thunder Strike","Biased Cognition"],"picked":"ReplayRNGCard","floor":86},{"not_picked":["Coolheaded","Stack+1","Fusion"],"picked":"SKIP","floor":88},{"not_picked":["Storm","Barrage"],"picked":"Chill+1","floor":92},{"not_picked":["Compile Driver","Skim+1","Redo"],"picked":"SKIP","floor":93},{"not_picked":["Cold Snap","Hologram+1","Redo"],"picked":"SKIP","floor":98},{"not_picked":["ReplayGash","Hologram","ReplayTheSpireMod:Reroute Power"],"picked":"SKIP","floor":99},{"not_picked":["Defragment","Beam Cell","Barrage+1"],"picked":"SKIP","floor":100}],"player_experience":245593,"relics_obtained":[{"floor":4.0,"key":"Replay:Bottled Steam"},{"floor":11.0,"key":"hubris:SlimyHat"},{"floor":17.0,"key":"hubris:ToyBattleship"},{"floor":17.0,"key":"Cables"},{"floor":17.0,"key":"Du-Vu Doll"},{"floor":26.0,"key":"Counterbalance"},{"floor":28.0,"key":"hubris:Reverence"},{"floor":29.0,"key":"Bottled Lightning"},{"floor":38.0,"key":"Replay:Kaleidoscope"},{"floor":40.0,"key":"ReplayTheSpireMod:Ninjato"},{"floor":45.0,"key":"Garlic"},{"floor":60,"key":"Anchor"},{"floor":62,"key":"Chameleon Ring"},{"floor":66,"key":"Pet Ghost"},{"floor":79,"key":"MawBank"},{"floor":89,"key":"Boot"},{"floor":90,"key":"Incense Burner"},{"floor":93,"key":"Smiling Mask"},{"floor":95,"key":"infinitespire:Lucky Rock"},{"floor":96,"key":"infinitespire:Freezer"}],"event_choices":[{"damage_healed":0.0,"max_hp_gain":0.0,"max_hp_loss":0.0,"gold_gain":0.0,"event_name":"Golden Idol","player_choice":"Take Wound","floor":14.0,"gold_loss":0.0,"damage_taken":0.0,"relics_obtained":["Golden Idol"],"cards_obtained":["Injury"]},{"damage_healed":0.0,"max_hp_gain":0.0,"max_hp_loss":0.0,"gold_gain":0.0,"event_name":"Ghosts","player_choice":"Ignored","floor":21.0,"gold_loss":0.0,"damage_taken":0.0},{"damage_healed":0.0,"max_hp_gain":0.0,"max_hp_loss":0.0,"gold_gain":0.0,"event_name":"Back to Basics","player_choice":"Simplicity","floor":27.0,"gold_loss":0.0,"damage_taken":0.0,"cards_upgraded":["Strike_B","Strike_B","Strike_B","Strike_B","Defend_B","Defend_B","Defend_B","Defend_B"]},{"cards_removed":["Strike_B"],"damage_healed":0.0,"max_hp_gain":0.0,"max_hp_loss":0.0,"gold_gain":0.0,"event_name":"Back to Basics","player_choice":"Elegance","floor":38.0,"gold_loss":0.0,"damage_taken":0.0},{"damage_healed":19.0,"max_hp_gain":0.0,"max_hp_loss":0.0,"gold_gain":0.0,"event_name":"Winding Halls","player_choice":"Writhe","floor":39.0,"gold_loss":0.0,"damage_taken":0.0,"cards_obtained":["Writhe"]},{"damage_healed":0,"gold_gain":0,"player_choice":"Entered Light","damage_taken":15,"max_hp_gain":0,"max_hp_loss":0,"event_name":"Shining Light","floor":64,"gold_loss":0,"cards_upgraded":["hubris:InfiniteBlow","Dualcast"]},{"damage_healed":0,"gold_gain":0,"player_choice":"Ignored","damage_taken":0,"max_hp_gain":0,"max_hp_loss":0,"event_name":"Vampires","floor":72,"gold_loss":0},{"damage_healed":0,"gold_gain":0,"player_choice":"Fight","damage_taken":0,"max_hp_gain":0,"max_hp_loss":0,"event_name":"Mysterious Sphere","floor":90,"gold_loss":0}],"is_beta":false,"boss_relics":[{"not_picked":["infinitespire:Cupcake","Abe\u0027s Treasure"],"picked":"Calling Bell"},{"not_picked":["hubris:VirtuousBlindfold","Pandora\u0027s Box"],"picked":"Inserter"},{"not_picked":["hubris:BlackHole","Replay:Drink Me"],"picked":"Nuclear Battery"},{"not_picked":["ReplayTheSpireMod:SealedPack","hubris:ScarierMask"],"picked":"Kintsugi"},{"not_picked":["hubris:Stopwatch","hubris:BlackHole"],"picked":"FrozenCore"}],"items_purged_floors":[20,33,56,58,73,91],"is_endless":true,"potions_floor_spawned":[5,10,16,19,29,30,31,38,43,47,50,54,59,77,82,83,88,92],"killed_by":"Sphere and 2 Shapes","ascension_level":0}}