{"host":"89frlrzg3lfsymiq","time":1608929140,"event":{"mods":["2.2 Compatiblity","AchievementEnabler","Aspiration","BaseMod","Better Altar","Better Match","Better Note","Better Sensory Stone","Better Skull","Better Third Choice","Conspire","Downfall","GifTheSpireLib","Halation","Highlight Path","Hubris","Minty Spire (QoL Compilation)","Permanent Neow","Quick Restart","StSLib","The Blue Laboratory","The Cursed","The Jungle","The Necromancer","The Runesmith"],"gold_per_floor":[99,114,24,36,36,36,36,54,84,113,125,160,160,195,212,315,315,315,331,349,349,349,349],"floor_reached":21,"playtime":1413,"items_purged":[],"score":281,"play_id":"e006c027-b07b-4c56-8450-12b551d81e90","local_time":"20201225154540","daily_mods":["SealedDeck","Allstar","Diverse","Heirloom","downfall:Jewelcrafting","DeadlyEvents","Elite Swarm","Lethality"],"is_ascension_mode":true,"campfire_choices":[{"floor":13,"key":"REST"}],"circlet_count":0,"master_deck":["Guardian:ExploitGems","Guardian:ExploitGems","Runesmith:ChiselStab","Deaths_Shadow","hubris:CleavingFinish","Backflip","Slimebound:SlimeSpikes","Backflip","hexamod:PhantomCloak","Entrench","TheCursedMod:FuryStrike","Pray","ThirdEye","Inflame","Runesmith:Grindstone","Guardian:Gem_Yellow","hexamod:SpectersWail","champ:CheapShot+1","TheCursedMod:Stigma+1","aspiration:Lunge+1","Alpha","Guardian:Gem_Blue","Guardian:Gem_Fragmented"],"relics":["Guardian:ModeShifter","Guardian:PickAxe","TungstenRod","Vajra","Molten Egg 2","halation:Pancakes","Ancient Tea Set","conspire:DecoderRing","halation:Prosthetics"],"acts_visited":["Exordium","TheCity"],"potions_floor_usage":[10,21,21,21],"damage_taken":[{"damage":6,"enemies":"Jaw Worm","floor":2,"turns":3},{"damage":20,"enemies":"downfall:FleeingMerchant","floor":3,"turns":4},{"damage":0,"enemies":"Cultist","floor":4,"turns":4},{"damage":14,"enemies":"Small Slimes","floor":8,"turns":2},{"damage":21,"enemies":"3 Sentries","floor":9,"turns":5},{"damage":0,"enemies":"Gremlin Nob","floor":10,"turns":3},{"damage":10,"enemies":"Lots of Slimes","floor":11,"turns":3},{"damage":25,"enemies":"Lagavulin","floor":12,"turns":6},{"damage":12,"enemies":"3 Sentries","floor":14,"turns":2},{"damage":0,"enemies":"Exordium Wildlife","floor":15,"turns":2},{"damage":34,"enemies":"downfall:Ironclad","floor":16,"turns":6},{"damage":13,"enemies":"Spheric Guardian","floor":19,"turns":3},{"damage":30,"enemies":"Shell Parasite","floor":20,"turns":5},{"damage":3,"enemies":"Chosen and Byrds","floor":21,"turns":1}],"seed_played":"2112803762756671134","potions_obtained":[{"floor":8,"key":"blueLaboratory:StoneskinPotion"},{"floor":9,"key":"blueLaboratory:RecallPotion"},{"floor":11,"key":"Guardian:AcceleratePotion"},{"floor":14,"key":"blueLaboratory:AbyssPotion"},{"floor":19,"key":"DistilledChaos"}],"is_trial":true,"path_per_floor":["R","M","$","M","?","R","T","M","E","E","M","E","R","E","M","B",null,"R","M","M","M"],"character_chosen":"GUARDIAN","items_purchased":["Inflame"],"campfire_rested":1,"item_purchase_floors":[3],"current_hp_per_floor":[80,74,54,54,54,54,54,40,19,64,54,29,53,41,41,7,45,45,32,2,0,0,0],"gold":349,"neow_bonus":"","is_daily":false,"chose_seed":false,"campfire_upgraded":0,"win_rate":0.0,"timestamp":1608929140,"path_taken":["R","M","$","M","?","R","T","?","?","E","M","E","R","E","M","BOSS","R","M","M","M"],"items_purchased_type":["Card"],"build_version":"2020-12-22","purchased_purges":0,"victory":false,"max_hp_per_floor":[80,80,80,80,80,80,80,80,80,80,80,80,80,80,80,80,45,45,45,45,45,45,45],"card_choices":[{"not_picked":["Vampiric_Strike","Guardian:Gem_Blue"],"picked":"Pray","floor":2},{"not_picked":["Runesmith:CraftIndustria","Body Slam"],"picked":"ThirdEye","floor":3},{"not_picked":["Bone_Spikes","champ:GutPunch"],"picked":"Runesmith:Grindstone","floor":4},{"not_picked":["sneckomod:ImprovisedGuard","Deflect"],"picked":"hexamod:SpectersWail","floor":8},{"not_picked":["Omniscience","sneckomod:DangerNoodle+1","Guardian:GemFire+1"],"picked":"SKIP","floor":9},{"not_picked":["Runesmith:LightningRod","Establishment"],"picked":"champ:CheapShot+1","floor":10},{"not_picked":["Blood_Whip+1","Aggregate"],"picked":"TheCursedMod:Stigma+1","floor":11},{"not_picked":["Slimebound:RallyTheTroops+1","Wraith Form v2"],"picked":"aspiration:Lunge+1","floor":12},{"not_picked":["champ:IgnorePain","Runesmith:FissionHammer+1","sneckomod:SoulExchange"],"picked":"SKIP","floor":14},{"not_picked":["FollowUp+1","Guardian:ShieldCharger","Runesmith:Augment"],"picked":"SKIP","floor":15},{"not_picked":["TheCursedMod:Neurasthenia","Reaper+1"],"picked":"Alpha","floor":16},{"not_picked":["conspire:Charge+1","hexamod:NightmareStrike+1","Twin Strike+1"],"picked":"SKIP","floor":19},{"not_picked":["hexamod:SwordOfDarkness+1","hexamod:NightmareGuise","Runesmith:Repurpose"],"picked":"SKIP","floor":20}],"player_experience":212058,"relics_obtained":[{"floor":7,"key":"Vajra"},{"floor":9,"key":"Molten Egg 2"},{"floor":10,"key":"halation:Pancakes"},{"floor":12,"key":"Ancient Tea Set"},{"floor":14,"key":"conspire:DecoderRing"}],"event_choices":[{"damage_healed":0,"gold_gain":0,"player_choice":"Leave","damage_taken":0,"max_hp_gain":0,"max_hp_loss":0,"event_name":"conspire:Investor","floor":5,"gold_loss":0}],"is_beta":false,"boss_relics":[{"not_picked":["Tiny House","hubris:Stopwatch"],"picked":"halation:Prosthetics"}],"items_purged_floors":[],"is_endless":false,"potions_floor_spawned":[8,9,11,14,19],"killed_by":"Chosen and Byrds","ascension_level":4}}