{"host":"fhq3k2nq5elnbks3","time":1608922147,"event":{"mods":["2.2 Compatiblity","AchievementEnabler","Act Like it!","AlwaysNeverKeys","Aspiration","Astrologer","Bard","BaseMod","Better Altar","Better Vampires","Better-Laid Plans","Block Reminder","CCEM","CapriCore","Card Filter","Colored Powertips","Conspire","Displayed Cursed Tome","Ekko","Energized Spire","Fireblade Mod","Friendly Minions","FutureSeer","GifTheSpireLib","Gremlin Mod","Gremlin Skip","HololiveMod","Hunter ??","Infinite Spire","Jorbs\u0027s Wanderer Trilogy","Koishi","Magitek Elite","Marisa????????","Mathemortician","Minty Spire (QoL Compilation)","Onozuka Komachi Mod","Pale of the Ancients","Permanent Neow","Prisma Mod","Quick Restart","Reimu??????","Relic Filter","Replay The Spire","Robot Space Explorer","Shop Mod","Somnambulant","Spikes Relics","StSLib","Stuff the Spire","SuperFastMode","The Blackbeard","The Cursed","The Death Knight","The Druid","The Exordian Avenger","The Gatherer","The Hierophant","The Marked","The Necromancer","The Runesmith","The Servant 0.9.4","The Trickster","The Valiant","The Wild Card","TheBandit","Trackpad","Transform Curses","Uncapped","Unknown Chances","Wandering Minibosses","thorton","vexMod"],"gold_per_floor":[114,114,114,127,127,127,153,153,180,198,198,198,232,58,58,58,58],"floor_reached":16,"playtime":497,"items_purged":["Regret"],"score":106,"play_id":"b03f3496-7fff-44fa-98c8-b1918d09ccb9","local_time":"20201225124907","is_ascension_mode":false,"campfire_choices":[{"data":"Bash","floor":6.0,"key":"SMITH"},{"data":"Twin Strike","floor":8.0,"key":"SMITH"},{"data":"Dropkick","floor":12.0,"key":"SMITH"},{"data":"Defend_R","floor":15.0,"key":"SMITH"}],"circlet_count":0,"master_deck":["Strike_R+1","Strike_R","Strike_R","Strike_R","Strike_R","Defend_R","Defend_R+1","Defend_R","Defend_R","Bash+1","Twin Strike+1","Dropkick+1"],"relics":["Burning Blood","aspiration:TomeofQuesting","Bag of Preparation","Happy Flower","StuffTheSpire:RedRose","CCEMRelics:FryingPan","MerchantsRug"],"acts_visited":["Exordium"],"potions_floor_usage":[],"damage_taken":[{"damage":3.0,"enemies":"Small Slimes","floor":1.0,"turns":4.0},{"damage":0.0,"enemies":"conspire:RoseBush","floor":4.0,"turns":4.0},{"damage":23.0,"enemies":"Replay:BlueRogue","floor":7.0,"turns":6.0},{"damage":11.0,"enemies":"Jaw Worm","floor":10.0,"turns":2.0},{"damage":32.0,"enemies":"3 Sentries","floor":13.0,"turns":7.0},{"damage":34,"enemies":"The Guardian","floor":16,"turns":4}],"seed_played":"-6133107223257493264","potions_obtained":[{"floor":1.0,"key":"SteroidPotion"},{"floor":4.0,"key":"Dexterity Potion"},{"floor":10.0,"key":"SteroidPotion"}],"is_trial":false,"path_per_floor":["M","?","?","M","$","R","E","R","T","M","?","R","E","$","R","B"],"character_chosen":"IRONCLAD","items_purchased":["MerchantsRug"],"campfire_rested":0,"item_purchase_floors":[14],"current_hp_per_floor":[80,80,80,80,80,80,63,63,63,58,58,58,32,32,32,0,0],"gold":58,"neow_bonus":"RANDOM_COMMON_RELIC","is_daily":false,"chose_seed":false,"campfire_upgraded":4,"win_rate":0.0,"timestamp":1608922147,"path_taken":["M","?","?","M","?","R","E","R","T","M","?","R","E","$","R","BOSS"],"items_purchased_type":["Relic"],"build_version":"2020-12-22","purchased_purges":1,"victory":false,"max_hp_per_floor":[80,80,80,80,80,80,80,80,80,80,80,80,80,80,80,80,80],"card_choices":[{"not_picked":["Run Through","Blood for Blood","Clash"],"picked":"SKIP","floor":1.0},{"not_picked":["Replay:Undeath\u0027s Touch","Dual Wield"],"picked":"Twin Strike","floor":4.0},{"not_picked":["Anger","Reckless Charge"],"picked":"Dropkick","floor":7.0},{"not_picked":["Seeing Red","Run Through","Rampage"],"picked":"SKIP","floor":10.0},{"not_picked":["Anger","Hemogenesis","Thunderclap"],"picked":"SKIP","floor":13.0}],"player_experience":409340,"relics_obtained":[{"floor":7.0,"key":"Bag of Preparation"},{"floor":9.0,"key":"Happy Flower"},{"floor":13.0,"key":"CCEMRelics:FryingPan"}],"event_choices":[],"is_beta":false,"boss_relics":[],"items_purged_floors":[14],"is_endless":false,"potions_floor_spawned":[1,4,10],"killed_by":"The Guardian","ascension_level":0}}