{"host":"me5zrznhexxkd3qy","time":1608914677,"event":{"mods":["2.2 Compatiblity","AchievementEnabler","BaseMod","Colored Map","Colored Powertips","Highlight Path","Minty Spire (QoL Compilation)","Replay The Spire","StSLib","The Animator","Waifu the Spire"],"gold_per_floor":[114,114,126,145,2,2,2,2],"floor_reached":7,"playtime":625,"items_purged":[],"score":41,"play_id":"e289e928-ed4e-4d19-adf4-cc87c5ef2487","local_time":"20201225084437","is_ascension_mode":false,"campfire_choices":[{"floor":6,"key":"RECALL"}],"circlet_count":0,"master_deck":["animator:Strike_Konosuba","animator:Defend_Konosuba","animator:Strike","animator:Strike","animator:Strike","animator:Defend","animator:Defend","animator:Defend","animator:Kazuma","animator:Aqua","animator:Millim","animator:Shalltear","animator:HighElfArcher","animator:Witch","animator:Witch"],"relics":["animator:LivingPicture","animator:TheMissingPiece","animator:PurgingStone","NeowsBlessing","Replay:Wax Seal"],"acts_visited":["Exordium"],"potions_floor_usage":[7,7],"damage_taken":[{"damage":0,"enemies":"Jaw Worm","floor":1,"turns":1},{"damage":0,"enemies":"Small Slimes","floor":3,"turns":1},{"damage":0,"enemies":"Cultist","floor":4,"turns":1},{"damage":66,"enemies":"Replay:BlueRogue","floor":7,"turns":20}],"seed_played":"1897508768849053771","potions_obtained":[{"floor":1,"key":"Elixir"},{"floor":3,"key":"SkillPotion"}],"is_trial":false,"path_per_floor":["M","?","M","M","$","R","E"],"character_chosen":"THE_ANIMATOR","items_purchased":["animator:Witch","Replay:Wax Seal"],"campfire_rested":0,"item_purchase_floors":[5,5],"current_hp_per_floor":[66,66,66,66,66,66,2,2],"gold":2,"neow_bonus":"THREE_ENEMY_KILL","is_daily":false,"chose_seed":false,"campfire_upgraded":0,"win_rate":0.0,"timestamp":1608914677,"path_taken":["M","?","M","M","$","R","E"],"items_purchased_type":["Card","Relic"],"build_version":"2020-12-22","purchased_purges":0,"victory":false,"max_hp_per_floor":[66,66,66,66,66,66,66,66],"card_choices":[{"not_picked":["animator:NarberalGamma","animator:MaesHughes"],"picked":"animator:Millim","floor":1},{"not_picked":["animator:GazelDwargon","animator:MetalKnight"],"picked":"animator:Shalltear","floor":3},{"not_picked":["animator:Archer","animator:DwarfShaman"],"picked":"animator:HighElfArcher","floor":4}],"player_experience":6586,"relics_obtained":[],"event_choices":[{"damage_healed":0,"gold_gain":0,"player_choice":"Ignored","damage_taken":0,"max_hp_gain":0,"max_hp_loss":0,"event_name":"Golden Wing","floor":2,"gold_loss":0}],"is_beta":false,"boss_relics":[],"items_purged_floors":[],"is_endless":false,"potions_floor_spawned":[1,3],"killed_by":"Replay:BlueRogue","ascension_level":0}}