{"host":"344lv32hnei0mdhu","time":1608923704,"event":{"mods":["Act Like it!","BaseMod","Better Match","Better Sensory Stone","Better Skull","Better Third Choice","Better Vampires","Colored Powertips","Highlight Path","Minty Spire (QoL Compilation)","Quick Restart","Random Character Button","Rare Cards Sparkle","StSLib"],"gold_per_floor":[114,114,6,19,34,34,66,66,66,93,93,106,118,152,152,248,248,259,174,193,193,212,212,212,212],"floor_reached":24,"playtime":3299,"items_purged":[],"score":313,"play_id":"767a9ed0-bcbf-4b71-b20b-19d901f75d93","local_time":"20201225131504","is_ascension_mode":true,"campfire_choices":[{"data":"Inflame","floor":6,"key":"SMITH"},{"floor":11,"key":"REST"},{"floor":15,"key":"REST"},{"floor":23,"key":"REST"}],"circlet_count":0,"master_deck":["Strike_R","Strike_R","Strike_R","Strike_R","Defend_R","Defend_R","Defend_R","Defend_R","Bash","Thunderclap","Burning Pact","Inflame+1","Flex","Battle Trance","Rage","Immolate","Rage","Fire Breathing","Disarm","Barricade","CurseOfTheBell","Blood for Blood"],"relics":["Burning Blood","NeowsBlessing","Ornamental Fan","Letter Opener","Pantograph","Oddly Smooth Stone","Calling Bell","Bronze Scales","Sundial","Ginger","StrikeDummy","Bag of Preparation"],"acts_visited":["Exordium","TheCity"],"potions_floor_usage":[7],"damage_taken":[{"damage":0,"enemies":"2 Louse","floor":1,"turns":1},{"damage":0,"enemies":"Cultist","floor":4,"turns":1},{"damage":0,"enemies":"Jaw Worm","floor":5,"turns":1},{"damage":30,"enemies":"Lagavulin","floor":7,"turns":6},{"damage":44,"enemies":"3 Sentries","floor":10,"turns":7},{"damage":9,"enemies":"Exordium Wildlife","floor":12,"turns":2},{"damage":2,"enemies":"Exordium Thugs","floor":13,"turns":3},{"damage":23,"enemies":"Gremlin Nob","floor":14,"turns":4},{"damage":56,"enemies":"The Guardian","floor":16,"turns":12},{"damage":38,"enemies":"Spheric Guardian","floor":18,"turns":7},{"damage":18,"enemies":"3 Byrds","floor":20,"turns":2},{"damage":21,"enemies":"Centurion and Healer","floor":22,"turns":7},{"damage":38,"enemies":"Gremlin Leader","floor":24,"turns":5}],"seed_played":"194179426932028688","potions_obtained":[{"floor":5,"key":"AttackPotion"},{"floor":10,"key":"SmokeBomb"},{"floor":12,"key":"GamblersBrew"},{"floor":20,"key":"Strength Potion"}],"is_trial":false,"path_per_floor":["M","?","$","M","M","R","E","$","T","E","R","M","M","E","R","B",null,"M","?","M","?","M","R","E"],"character_chosen":"IRONCLAD","items_purchased":["Burning Pact","Inflame"],"campfire_rested":3,"item_purchase_floors":[3,3],"current_hp_per_floor":[78,78,78,80,80,80,56,56,56,18,42,39,43,26,50,25,66,34,34,22,22,7,31,0,0],"gold":212,"neow_bonus":"THREE_ENEMY_KILL","is_daily":false,"chose_seed":false,"campfire_upgraded":1,"win_rate":0.0,"timestamp":1608923704,"path_taken":["M","?","?","M","M","R","E","$","T","E","R","?","M","E","R","BOSS","M","?","M","?","?","R","E"],"items_purchased_type":["Card","Card"],"build_version":"2020-12-22","purchased_purges":0,"victory":false,"max_hp_per_floor":[80,80,80,80,80,80,80,80,80,80,80,80,80,80,80,80,80,80,80,80,80,80,80,80,80],"card_choices":[{"not_picked":["Iron Wave","True Grit"],"picked":"Thunderclap","floor":1},{"not_picked":["Armaments","Perfected Strike"],"picked":"Flex","floor":4},{"not_picked":["Iron Wave","Clothesline"],"picked":"Battle Trance","floor":5},{"not_picked":["Second Wind","True Grit"],"picked":"Rage","floor":7},{"not_picked":["Rampage","Body Slam"],"picked":"Immolate","floor":10},{"not_picked":["Shrug It Off","Warcry"],"picked":"Rage","floor":12},{"not_picked":["Disarm","Dual Wield"],"picked":"Fire Breathing","floor":13},{"not_picked":["Flex","Headbutt"],"picked":"Disarm","floor":14},{"not_picked":["Brutality","Offering"],"picked":"Barricade","floor":16},{"not_picked":["Iron Wave","Flex","Havoc"],"picked":"SKIP","floor":18},{"not_picked":["Body Slam","Iron Wave"],"picked":"Blood for Blood","floor":20},{"not_picked":["Heavy Blade","True Grit","Perfected Strike+1"],"picked":"SKIP","floor":22}],"player_experience":274758,"relics_obtained":[{"floor":7,"key":"Ornamental Fan"},{"floor":9,"key":"Letter Opener"},{"floor":10,"key":"Pantograph"},{"floor":14,"key":"Oddly Smooth Stone"},{"floor":17,"key":"Bronze Scales"},{"floor":17,"key":"Sundial"},{"floor":17,"key":"Ginger"}],"event_choices":[{"cards_removed":["Strike_R"],"damage_healed":0,"gold_gain":0,"player_choice":"Offered Basic","damage_taken":0,"max_hp_gain":0,"max_hp_loss":0,"event_name":"Bonfire Elementals","floor":2,"gold_loss":0},{"damage_healed":0,"gold_gain":0,"player_choice":"Obtained Relic","damage_taken":0,"relics_obtained":["StrikeDummy"],"max_hp_gain":0,"max_hp_loss":0,"event_name":"Addict","floor":19,"gold_loss":85},{"damage_healed":0,"gold_gain":0,"player_choice":"Opened","damage_taken":0,"relics_obtained":["Bag of Preparation"],"max_hp_gain":0,"max_hp_loss":0,"event_name":"The Mausoleum","floor":21,"gold_loss":0}],"is_beta":false,"boss_relics":[{"not_picked":["Runic Cube","Sozu"],"picked":"Calling Bell"}],"items_purged_floors":[],"is_endless":false,"potions_floor_spawned":[5,10,12,20],"killed_by":"Gremlin Leader","ascension_level":9}}