{"host":"ssbj2e5691x5ub3h","time":1608921959,"event":{"mods":["BaseMod","Duelist Mod","Minty Spire (QoL Compilation)","StSLib"],"gold_per_floor":[243,81,92,92,112,140,140,169,169,185,185,199,199,211,211,312,312,324,336,351,363,374,374,374],"floor_reached":23,"playtime":1079,"items_purged":[],"score":279,"play_id":"091e8f32-6ef8-4774-9667-1c8d6154bbcb","local_time":"20201225164559","is_ascension_mode":true,"campfire_choices":[{"data":"theDuelist:GracefulCharity","floor":7,"key":"SMITH"},{"floor":13,"key":"REST"},{"floor":15,"key":"REST"}],"circlet_count":0,"master_deck":["theDuelist:ArchfiendSoldier","theDuelist:ArchfiendSoldier","theDuelist:ArchfiendSoldier","theDuelist:CastleWalls","theDuelist:CastleWalls","theDuelist:CastleWalls","theDuelist:FairyGift","theDuelist:FiendMegacyber","theDuelist:Sparks","theDuelist:SummonedSkull","theDuelist:AcidTrapHole","theDuelist:PutridPudding","theDuelist:GracefulCharity+1","theDuelist:GiantOrc","theDuelist:AcidTrapHole","theDuelist:DarkHunter","theDuelist:UmbralHorrorGhost","theDuelist:BerserkerCrush","theDuelist:PutridPudding"],"relics":["theDuelist:MillenniumPuzzle","theDuelist:CardPoolRelic","theDuelist:CardPoolBasicRelic","theDuelist:BoosterPackPoolRelic","theDuelist:CardPoolAddRelic","theDuelist:CardPoolMinusRelic","theDuelist:CardPoolSaveRelic","theDuelist:CardPoolOptionsRelic","theDuelist:DuelistOrichalcum","Mercury Hourglass","Regal Pillow","theDuelist:GamblerChip"],"acts_visited":["Exordium","TheCity"],"potions_floor_usage":[6,6,6,6,16],"damage_taken":[{"damage":0,"enemies":"Cultist","floor":1,"turns":3},{"damage":7,"enemies":"Small Slimes","floor":3,"turns":3},{"damage":2,"enemies":"2 Louse","floor":5,"turns":2},{"damage":13,"enemies":"Gremlin Nob","floor":6,"turns":3},{"damage":30,"enemies":"3 Sentries","floor":8,"turns":7},{"damage":13,"enemies":"2 Fungi Beasts","floor":10,"turns":3},{"damage":0,"enemies":"Blue Slaver","floor":12,"turns":2},{"damage":16,"enemies":"Lots of Slimes","floor":14,"turns":3},{"damage":22,"enemies":"The Guardian","floor":16,"turns":8},{"damage":4,"enemies":"3 Byrds","floor":18,"turns":4},{"damage":14,"enemies":"Shell Parasite","floor":19,"turns":2},{"damage":16,"enemies":"3 Cultists","floor":20,"turns":4},{"damage":0,"enemies":"Sentry and Sphere","floor":21,"turns":3},{"damage":3,"enemies":"Centurion and Healer","floor":22,"turns":4},{"damage":40,"enemies":"Slavers","floor":23,"turns":3}],"seed_played":"-6075580597263726656","potions_obtained":[{"floor":1,"key":"theDuelist:WaterBottle"},{"floor":5,"key":"EntropicBrew"},{"floor":8,"key":"theDuelist:SummonArmorPotion"},{"floor":10,"key":"theDuelist:VampireVial"},{"floor":19,"key":"theDuelist:SealedPack"},{"floor":20,"key":"SkillPotion"}],"is_trial":false,"path_per_floor":["M","$","M","$","M","E","R","E","T","M","?","M","R","M","R","B",null,"M","M","M","M","M","E"],"character_chosen":"THE_DUELIST","items_purchased":["theDuelist:PutridPudding"],"campfire_rested":2,"item_purchase_floors":[2],"current_hp_per_floor":[72,72,65,65,63,50,50,20,20,7,7,7,46,30,69,47,72,68,54,38,38,35,0,0],"gold":374,"neow_bonus":"HUNDRED_GOLD","is_daily":false,"chose_seed":false,"campfire_upgraded":1,"win_rate":0.0,"timestamp":1608921959,"path_taken":["M","?","M","$","M","E","R","E","T","M","?","M","R","?","R","BOSS","M","M","M","M","M","E"],"items_purchased_type":["Card"],"build_version":"2020-12-22","purchased_purges":0,"victory":false,"max_hp_per_floor":[80,80,80,80,80,80,80,80,80,80,80,80,80,80,80,80,80,80,80,80,80,80,80,80],"card_choices":[{"not_picked":["theDuelist:BottomlessTrapHole","theDuelist:FiendishChain"],"picked":"theDuelist:AcidTrapHole","floor":1},{"not_picked":["theDuelist:BerserkerCrush","theDuelist:DarkEnergy"],"picked":"theDuelist:GracefulCharity","floor":3},{"not_picked":["theDuelist:DoomDonuts","theDuelist:DarknessNeosphere","theDuelist:RedMirror","theDuelist:Doomdog"],"picked":"SKIP","floor":5},{"not_picked":["theDuelist:KingYami","theDuelist:AmbitiousGofer"],"picked":"theDuelist:GiantOrc","floor":6},{"not_picked":["theDuelist:GracefulCharity"],"picked":"theDuelist:AcidTrapHole","floor":8},{"not_picked":["theDuelist:Pumpking","theDuelist:KingYami","theDuelist:GrossGhost"],"picked":"SKIP","floor":10},{"not_picked":["theDuelist:PortraitSecret","theDuelist:BeastTalwar"],"picked":"theDuelist:UmbralHorrorGhost","floor":12},{"not_picked":["theDuelist:DarkFusion","theDuelist:CheerfulCoffin"],"picked":"theDuelist:BerserkerCrush","floor":14},{"not_picked":["theDuelist:FeatherShot","theDuelist:FabledGallabas"],"picked":"theDuelist:PutridPudding","floor":16},{"not_picked":["theDuelist:BerserkerCrush+1","theDuelist:Wildfire+1","theDuelist:FeatherShot+1"],"picked":"SKIP","floor":18},{"not_picked":["theDuelist:AmbitiousGofer","theDuelist:FlyingSaucer+1"],"picked":"theDuelist:FiendMegacyber","floor":19},{"not_picked":["theDuelist:PutridPudding","theDuelist:DarkMasterZorc+1"],"picked":"theDuelist:ArchfiendCommander","floor":20},{"not_picked":["theDuelist:TerraTerrible","theDuelist:CheerfulCoffin","theDuelist:Zombyra+1"],"picked":"SKIP","floor":21},{"not_picked":["theDuelist:DarkTinker","theDuelist:DarklordMarie"],"picked":"theDuelist:PortraitSecret","floor":22}],"player_experience":224026,"relics_obtained":[{"floor":6,"key":"theDuelist:DuelistOrichalcum"},{"floor":8,"key":"Mercury Hourglass"},{"floor":9,"key":"Regal Pillow"}],"event_choices":[{"damage_healed":0,"gold_gain":0,"cards_transformed":["theDuelist:Sparks"],"player_choice":"Transformed","damage_taken":0,"max_hp_gain":0,"max_hp_loss":0,"event_name":"Transmorgrifier","floor":11,"gold_loss":0,"cards_obtained":["theDuelist:DarkHunter"]}],"is_beta":false,"boss_relics":[{"not_picked":["Runic Cube","Velvet Choker"],"picked":"theDuelist:GamblerChip"}],"items_purged_floors":[],"is_endless":false,"potions_floor_spawned":[1,5,8,10,19,20],"killed_by":"Slavers","ascension_level":7}}