{"host":"vfjw5z5u57sxa51v","time":1608916770,"event":{"mods":["AchievementEnabler","Act Like it!","Aspiration","BaseMod","Better Altar","Better Match","Better Note","Better Sensory Stone","Better Skull","Better Synergies","Better Third Choice","BetterRewards","CCEM","Colored Map","Conspire","Downfall","Duelist Mod","Ekko","GifTheSpireLib","GungeonMod","Halation","Hallownest","Highlight Path","Hubris","Hunter ??","Infinite Spire","Jedi Mod","Minty Spire (QoL Compilation)","Permanent Neow","Replay The Spire","Shade Mod","Shop Mod","Spicy Shops","StSLib","Stuff the Spire","The Bug Knight","The Death Knight","The Mystic","The Necromancer","The Runesmith","The Servant 0.9.4","Unceasing Turn Reminder","everything is the same but u backflip on backflip"],"gold_per_floor":[99,155,155,170,170,199,199,209,224,238,268,268,282,282,293,392,392,392,406,406,418,438,438,438,438,438,438,438],"floor_reached":26,"playtime":2444,"items_purged":[],"score":233,"play_id":"0cf26403-88c4-4099-9038-1fc31c1518e5","local_time":"20201225181930","is_ascension_mode":false,"campfire_choices":[{"data":"Slimebound:Split","floor":1,"key":"SMITH"},{"floor":18,"key":"DIG"},{"data":"Slimebound:DuplicatedForm","floor":23,"key":"SMITH"}],"circlet_count":0,"master_deck":["Slimebound:Strike_Slimebound","Slimebound:Strike_Slimebound","Slimebound:Strike_Slimebound","Slimebound:Tackle","Slimebound:Defend_Slimebound","Slimebound:Defend_Slimebound","Slimebound:Defend_Slimebound","Slimebound:Defend_Slimebound","Slimebound:Split+1","Slimebound:CorrosiveSpit","Slimebound:SplitLeeching","Slimebound:PressTheAttack","Slimebound:RainOfGoop","Slimebound:GrowthPunch","Slimebound:SplitMire","Slimebound:Repurpose","Slimebound:ItLooksTasty","Slimebound:LeadByExample+1","Slimebound:LeechEnergy","Slimebound:SlimeSpikes","Slimebound:LeechEnergy","Slimebound:ComboTackle+1","hubris:DuctTapeCard","infinitespire:Collect"],"relics":["Slimebound:AbsorbEndCombat","jedi:archwizardhat","Replay:Bottled Steam","StuffTheSpire:Expresso","Quantum Egg","hubris:Icosahedron","halation:EternalFortune","aspiration:FutureDiary","TungstenRod","hubris:DuctTape","Velvet Choker","Ice Cream"],"acts_visited":["Exordium","TheCity"],"potions_floor_usage":[11,13],"damage_taken":[{"damage":51,"enemies":"Lagavulin Event","floor":2,"turns":6},{"damage":12,"enemies":"Small Slimes","floor":4,"turns":2},{"damage":18,"enemies":"conspire:MimicChest","floor":6,"turns":4},{"damage":4,"enemies":"2 Louse","floor":8,"turns":2},{"damage":16,"enemies":"Cultist","floor":9,"turns":2},{"damage":16,"enemies":"Red Slaver","floor":10,"turns":2},{"damage":16,"enemies":"3 Sentries","floor":11,"turns":5},{"damage":23,"enemies":"Gremlin Gang","floor":13,"turns":3},{"damage":8,"enemies":"Blue Slaver","floor":15,"turns":2},{"damage":59,"enemies":"downfall:Defect","floor":16,"turns":7},{"damage":8,"enemies":"Chosen","floor":19,"turns":4},{"damage":12,"enemies":"conspire:FuzzyDice","floor":21,"turns":4},{"damage":24,"enemies":"Snake Plant","floor":22,"turns":3},{"damage":30,"enemies":"3 Cultists","floor":26,"turns":3}],"seed_played":"-7673916960492443537","potions_obtained":[{"floor":2,"key":"SpeedPotion"},{"floor":3,"key":"infinitespire:BlackPotion"},{"floor":3,"key":"Slimebound:ThreeZeroPotion"},{"floor":10,"key":"Guardian:BlockOnCardUsePotion"},{"floor":13,"key":"Venom Potion"},{"floor":15,"key":"DeathKnight:BottledBloodEchoes"},{"floor":22,"key":"hexamod:EctoCoolerPotion"}],"is_trial":false,"path_per_floor":["R","?","?","M","?","?","T","M","M","M","E","?","M","?","M","B",null,"R_BF","M","?","M","M","R","T","AVR","M"],"character_chosen":"SLIMEBOUND","items_purchased":[],"campfire_rested":0,"item_purchase_floors":[],"current_hp_per_floor":[60,36,36,44,44,50,50,58,60,60,60,60,60,63,63,36,63,63,63,56,63,51,51,51,51,36,36,36],"gold":438,"neow_bonus":"THREE_CARDS","is_daily":false,"chose_seed":false,"campfire_upgraded":2,"win_rate":0.0,"timestamp":1608916770,"path_taken":["R","?","?","?","?","?","T","?","?","M","E","?","M","?","M","BOSS","R_BF","M","?","M","M","R","T","AVR","M"],"items_purchased_type":[],"build_version":"2020-12-22","purchased_purges":0,"victory":false,"max_hp_per_floor":[60,60,60,60,60,60,60,60,60,60,60,60,60,63,63,63,63,63,63,63,63,63,63,63,63,63,63,63],"card_choices":[{"not_picked":["Slimebound:RollThrough","Slimebound:ItLooksTasty"],"picked":"Slimebound:SplitLeeching","floor":0},{"not_picked":["Slimebound:ComboTackle","Slimebound:SplitLeeching"],"picked":"Slimebound:PressTheAttack","floor":2},{"not_picked":["Slimebound:DisruptingSlam","Slimebound:LeechingTouch"],"picked":"Slimebound:RainOfGoop","floor":4},{"not_picked":["Slimebound:ComboTackle","Slimebound:SplitMire"],"picked":"Slimebound:GrowthPunch","floor":6},{"not_picked":["Slimebound:ViciousTackle","Slimebound:SplitBruiser"],"picked":"Slimebound:SplitMire","floor":8},{"not_picked":["Slimebound:ComboTackle","Slimebound:FinishingTackle"],"picked":"Slimebound:Repurpose","floor":9},{"not_picked":["Slimebound:GoopSpray","Slimebound:TongueLash"],"picked":"Slimebound:ItLooksTasty","floor":10},{"not_picked":["Slimebound:PressTheAttack","Slimebound:ComboTackle"],"picked":"Slimebound:LeadByExample","floor":11},{"not_picked":["Slimebound:SamplingLick","Slimebound:SlimeSpikes"],"picked":"Slimebound:LeechEnergy","floor":13},{"not_picked":["Slimebound:SplitAcid","Slimebound:SplitMire"],"picked":"Slimebound:SlimeSpikes","floor":15},{"not_picked":["Slimebound:MassRepurpose","Slimebound:WasteNot"],"picked":"Slimebound:OneTwoCombo","floor":16},{"not_picked":["Slimebound:GoopSpray","Slimebound:SplitBruiser"],"picked":"Slimebound:LeechEnergy","floor":19},{"not_picked":["Slimebound:ViciousTackle","Slimebound:GoopSpray"],"picked":"Slimebound:ComboTackle+1","floor":21},{"not_picked":["Slimebound:GoopSpray+1","Slimebound:MegaLick"],"picked":"Slimebound:DuplicatedForm","floor":22}],"player_experience":38523,"relics_obtained":[{"floor":6,"key":"Replay:Bottled Steam"},{"floor":7,"key":"StuffTheSpire:Expresso"},{"floor":11,"key":"Quantum Egg"},{"floor":18,"key":"TungstenRod"},{"floor":24,"key":"hubris:DuctTape"}],"event_choices":[{"damage_healed":0,"gold_gain":0,"player_choice":"Got Potions","damage_taken":0,"max_hp_gain":0,"max_hp_loss":0,"event_name":"Lab","floor":3,"gold_loss":0},{"damage_healed":0,"gold_gain":0,"player_choice":"Disagree","damage_taken":0,"max_hp_gain":0,"max_hp_loss":0,"event_name":"conspire:LoneGhost","floor":5,"gold_loss":0}],"is_beta":false,"boss_relics":[{"not_picked":["Honey Jar","Sozu"],"picked":"aspiration:FutureDiary"}],"items_purged_floors":[],"is_endless":false,"potions_floor_spawned":[2,10,13,15,22],"killed_by":"3 Cultists","ascension_level":0}}