{"host":"7z347kdhnquy3q4q","time":1608856554,"event":{"mods":["Act Like it!","Aspiration","BaseMod","Downfall","Hubris","Infinite Spire","Minty Spire (QoL Compilation)","MostiFishMod","Permanent Neow","Potionbrewer","Replay The Spire","Robot Space Explorer","Spicy Shops","StSLib","Wandering Minibosses","vexMod"],"gold_per_floor":[99,97,97,82,31,57,81,68,87,98,98,23,25,48,63,143,143,143,154,161,251,226,151,174,99,110,110,124,877,877,887,906,1004,1004,1004,1024,1035,1055,483,515,515,525,538,538,571,2,19,19,37,37,37,65,14,14,14],"floor_reached":56,"playtime":5108,"items_purged":["Pain"],"score":2312,"play_id":"bf06498b-3fb0-46b4-a8aa-f9ee7eea7543","local_time":"20201224183554","is_ascension_mode":true,"campfire_choices":[{"data":"RobotSpaceExplorer:Autoloader","floor":12,"key":"SMITH"},{"floor":18,"key":"RECALL"},{"data":"RobotSpaceExplorer:PlasmaMissile","floor":23,"key":"SMITH"},{"data":"RobotSpaceExplorer:StarLightning","floor":25,"key":"SMITH"},{"data":"RobotSpaceExplorer:Asteroid","floor":30,"key":"SMITH"},{"data":"RobotSpaceExplorer:Multitool","floor":35,"key":"SMITH"}],"circlet_count":0,"master_deck":["AscendersBane","RobotSpaceExplorer:Strike","RobotSpaceExplorer:Strike","RobotSpaceExplorer:Defend","RobotSpaceExplorer:Defend","RobotSpaceExplorer:Defend","RobotSpaceExplorer:Scan","RobotSpaceExplorer:MiniLasers","RobotSpaceExplorer:ScrapShield","RobotSpaceExplorer:StarLightning+1","RobotSpaceExplorer:ScrapMissile","RobotSpaceExplorer:Pulsar","RobotSpaceExplorer:Pulsar","RobotSpaceExplorer:SelfCleaning","RobotSpaceExplorer:Autoloader+1","RobotSpaceExplorer:FrostMissile","RobotSpaceExplorer:PlasmaMissile+1","RobotSpaceExplorer:DualCore","RobotSpaceExplorer:Asteroid+1","RobotSpaceExplorer:MiniBoosters","J.A.X.","RobotSpaceExplorer:GearShield","RobotSpaceExplorer:Pulsar","RobotSpaceExplorer:JunkDive","RobotSpaceExplorer:ExhaustFan","RobotSpaceExplorer:LuckyStrike+1","RobotSpaceExplorer:FrostMissile+1","RobotSpaceExplorer:ChargingLaser","RobotSpaceExplorer:Multitool+1","RobotSpaceExplorer:Calculate+1","RobotSpaceExplorer:MiniDrones+1","RobotSpaceExplorer:ShovelStrike","RobotSpaceExplorer:StunGrenade","expansioncontent:TimeRipple","RobotSpaceExplorer:BlastShield","RobotSpaceExplorer:ScrapMissile","Thinking Ahead","RobotSpaceExplorer:Pulsar+1","RobotSpaceExplorer:Fix+1","hubris:EnhanceAbility","RobotSpaceExplorer:SwiftStep"],"relics":["RobotSpaceExplorer:RoboCore","DaveBox","BionicSphere","hubris:SlimyHat","MealTicket","hubris:CrystalStatue","downfall:HeartBlessingGreen","StrikeDummy","hubris:ScarierMask","MutagenicStrength","downfall:HeartBlessingRed","downfall:HeartBlessingBlue","wanderingMiniBosses:MasterThiefsPresence","vexMod:BigBerry","vexMod:GhostlyGear","Regal Pillow","BargainBundle","Replay:Bottled Snecko","Guardian:PocketSentry","hubris:MobiusCoin","ReplayTheSpireMod:Lightbulb","ClockworkSouvenir","Chameleon Ring","downfall:TeleportStone","aspiration:HiddenCompartment"],"acts_visited":["Exordium","TheCity","TheBeyond","TheEnding"],"potions_floor_usage":[5,8,9,14,21,29,33,37,39,40,43,47,50,55,55],"damage_taken":[{"damage":0,"enemies":"Cultist","floor":2,"turns":6},{"damage":0,"enemies":"downfall:FleeingMerchant","floor":4,"turns":4},{"damage":0,"enemies":"downfall:FleeingMerchant","floor":5,"turns":4},{"damage":0,"enemies":"Gremlin Nob","floor":6,"turns":6},{"damage":0,"enemies":"2 Louse","floor":8,"turns":5},{"damage":0,"enemies":"Lagavulin","floor":9,"turns":6},{"damage":0,"enemies":"Jaw Worm","floor":10,"turns":3},{"damage":0,"enemies":"Blue Slaver","floor":13,"turns":4},{"damage":0,"enemies":"3 Sentries","floor":14,"turns":7},{"damage":0,"enemies":"2 Fungi Beasts","floor":15,"turns":3},{"damage":0,"enemies":"downfall:Ironclad","floor":16,"turns":9},{"damage":0,"enemies":"3 Byrds","floor":19,"turns":4},{"damage":0,"enemies":"Chosen","floor":20,"turns":4},{"damage":2,"enemies":"downfall:Augmenter","floor":21,"turns":5},{"damage":0,"enemies":"Snake Plant","floor":26,"turns":4},{"damage":0,"enemies":"Sentry and Sphere","floor":28,"turns":2},{"damage":0,"enemies":"Shelled Parasite and Fungi","floor":29,"turns":4},{"damage":0,"enemies":"Centurion and Healer","floor":31,"turns":2},{"damage":0,"enemies":"Snake Plant","floor":32,"turns":2},{"damage":0,"enemies":"downfall:Watcher","floor":33,"turns":7},{"damage":0,"enemies":"3 Darklings","floor":36,"turns":2},{"damage":0,"enemies":"3 Shapes","floor":37,"turns":1},{"damage":0,"enemies":"Sphere and 2 Shapes","floor":38,"turns":2},{"damage":0,"enemies":"downfall:FleeingMerchant","floor":39,"turns":4},{"damage":0,"enemies":"Giant Head","floor":40,"turns":6},{"damage":0,"enemies":"Jaw Worm Horde","floor":42,"turns":2},{"damage":0,"enemies":"Spire Growth","floor":43,"turns":4},{"damage":0,"enemies":"Nemesis","floor":45,"turns":5},{"damage":0,"enemies":"Transient","floor":47,"turns":5},{"damage":0,"enemies":"3 Darklings","floor":49,"turns":1},{"damage":0,"enemies":"downfall:Defect","floor":50,"turns":7},{"damage":0,"enemies":"downfall:CharBossMerchant","floor":52,"turns":7},{"damage":0,"enemies":"downfall:NeowBoss","floor":55,"turns":18}],"seed_played":"-5427235872761744918","potions_obtained":[{"floor":3,"key":"PowerPotion"},{"floor":3,"key":"Energy Potion"},{"floor":3,"key":"FearPotion"},{"floor":6,"key":"Fire Potion"},{"floor":9,"key":"SkillPotion"},{"floor":10,"key":"Explosive Potion"},{"floor":13,"key":"potionbrewer:AcidPotion"},{"floor":15,"key":"potionbrewer:ToxicPotion"},{"floor":26,"key":"hexamod:EctoCoolerPotion"},{"floor":31,"key":"potionbrewer:ToxicPotion"},{"floor":32,"key":"Block Potion"},{"floor":33,"key":"potionbrewer:NoxiousPotion"},{"floor":37,"key":"ColorlessPotion"},{"floor":42,"key":"potionbrewer:CleansingPotion"},{"floor":43,"key":"Explosive Potion"},{"floor":45,"key":"potionbrewer:StunPotion"},{"floor":54,"key":"CultistPotion"}],"is_trial":false,"path_per_floor":["R","M","?","$","$","E","T","M","E","M","?","R","M","E","M","B",null,"R","M","M","?","?","R","T","R","M","?","M","M","R","M","M","B",null,"R","M","M","M","$","E","T","M","M","?","E","$","M","?","M","B",null,"E","$","R","B",null],"character_chosen":"RobotSpaceExplorer","items_purchased":["RobotSpaceExplorer:Pulsar","RobotSpaceExplorer:StunGrenade","vexMod:GhostlyGear","Regal Pillow","expansioncontent:TimeRipple","BargainBundle","Replay:Bottled Snecko","Milkshake","RobotSpaceExplorer:BlastShield","RobotSpaceExplorer:ScrapMissile","Thinking Ahead","ClockworkSouvenir","hubris:EnhanceAbility","Chameleon Ring","PowerPotion"],"campfire_rested":0,"item_purchase_floors":[5,39,39,39,39,39,39,39,39,39,39,46,46,46,53],"current_hp_per_floor":[75,75,75,75,75,75,75,75,75,75,82,82,82,82,82,82,82,82,82,82,80,80,80,80,90,90,90,90,90,90,90,90,90,122,122,122,122,122,122,122,122,122,122,122,122,122,122,122,122,122,122,122,122,122,122],"gold":14,"neow_bonus":"TEN_PERCENT_HP_BONUS","is_daily":false,"chose_seed":false,"campfire_upgraded":5,"win_rate":0.0,"timestamp":1608856554,"path_taken":["R","M","?","?","$","E","T","M","E","M","?","R","M","E","M","BOSS","R","M","M","?","?","R","T","R","M","?","?","M","R","M","M","BOSS","R","M","M","M","$","E","T","M","M","?","E","$","M","?","M","BOSS","E","$","R","BOSS"],"items_purchased_type":["Card","Card","Relic","Relic","Card","Relic","Relic","Potion","Card","Card","Card","Relic","Card","Relic","Potion"],"build_version":"2020-12-22","purchased_purges":1,"victory":true,"max_hp_per_floor":[82,82,82,82,82,82,82,82,82,82,82,82,82,82,82,82,82,82,82,82,82,82,82,82,92,92,92,92,92,92,92,92,92,122,122,122,122,122,122,122,122,122,122,122,122,122,122,122,122,122,122,122,122,122,122],"card_choices":[{"not_picked":["RobotSpaceExplorer:Pulsar","RobotSpaceExplorer:Electroshield"],"picked":"RobotSpaceExplorer:StarLightning","floor":2},{"not_picked":["RobotSpaceExplorer:ShovelStrike","RobotSpaceExplorer:FrostMissile"],"picked":"RobotSpaceExplorer:ScrapMissile","floor":4},{"not_picked":["RobotSpaceExplorer:MiniDrones","RobotSpaceExplorer:SurgingShield"],"picked":"RobotSpaceExplorer:Pulsar","floor":5},{"not_picked":["RobotSpaceExplorer:DoubleBlock","RobotSpaceExplorer:Probe","RobotSpaceExplorer:ImprovisedAttack"],"picked":"SKIP","floor":6},{"not_picked":["RobotSpaceExplorer:DoubleFind","RobotSpaceExplorer:FranticSearch","RobotSpaceExplorer:ShockKick"],"picked":"SKIP","floor":8},{"not_picked":["RobotSpaceExplorer:Jetpack","RobotSpaceExplorer:SlimeMissile"],"picked":"RobotSpaceExplorer:SelfCleaning","floor":9},{"not_picked":["RobotSpaceExplorer:SlimeMissile","RobotSpaceExplorer:GlueShot"],"picked":"RobotSpaceExplorer:Autoloader","floor":10},{"not_picked":["RobotSpaceExplorer:Smokescreen","RobotSpaceExplorer:Reload"],"picked":"RobotSpaceExplorer:FrostMissile","floor":13},{"not_picked":["RobotSpaceExplorer:Wormhole","RobotSpaceExplorer:Electropulse"],"picked":"RobotSpaceExplorer:PlasmaMissile","floor":14},{"not_picked":["RobotSpaceExplorer:StarDust","RobotSpaceExplorer:SurgingShield"],"picked":"RobotSpaceExplorer:DualCore","floor":15},{"not_picked":["RobotSpaceExplorer:BlastShield","RobotSpaceExplorer:Explosion"],"picked":"RobotSpaceExplorer:Asteroid","floor":16},{"not_picked":["RobotSpaceExplorer:SurgingShield","RobotSpaceExplorer:SlimeMissile","RobotSpaceExplorer:ImprovisedAttack"],"picked":"SKIP","floor":19},{"not_picked":["RobotSpaceExplorer:LuckyStrike","RobotSpaceExplorer:GlueShot"],"picked":"RobotSpaceExplorer:MiniBoosters","floor":20},{"not_picked":[],"picked":"J.A.X.","floor":21},{"not_picked":["RobotSpaceExplorer:MiniBoosters","RobotSpaceExplorer:ShovelStrike"],"picked":"RobotSpaceExplorer:GearShield","floor":21},{"not_picked":["RobotSpaceExplorer:Probe","RobotSpaceExplorer:LaserBurst"],"picked":"RobotSpaceExplorer:ExhaustFan","floor":26},{"not_picked":["RobotSpaceExplorer:MiniDrones+1","RobotSpaceExplorer:Ammunition+1"],"picked":"RobotSpaceExplorer:LuckyStrike+1","floor":28},{"not_picked":["RobotSpaceExplorer:FranticSearch","RobotSpaceExplorer:SurgingShield"],"picked":"RobotSpaceExplorer:FrostMissile+1","floor":29},{"not_picked":["RobotSpaceExplorer:SwiftStep","RobotSpaceExplorer:Pulsar"],"picked":"RobotSpaceExplorer:ChargingLaser","floor":31},{"not_picked":["RobotSpaceExplorer:Counterblock+1","RobotSpaceExplorer:ScrapShield","RobotSpaceExplorer:LuckyStrike"],"picked":"SKIP","floor":32},{"not_picked":["RobotSpaceExplorer:Asteroid","RobotSpaceExplorer:Accelerator"],"picked":"RobotSpaceExplorer:Multitool","floor":33},{"not_picked":["RobotSpaceExplorer:ToxicBomb","RobotSpaceExplorer:JunkDive+1"],"picked":"RobotSpaceExplorer:Calculate+1","floor":36},{"not_picked":["RobotSpaceExplorer:Blitz+1","RobotSpaceExplorer:Counterblock+1","RobotSpaceExplorer:Pulsar"],"picked":"SKIP","floor":37},{"not_picked":["RobotSpaceExplorer:Electropulse","RobotSpaceExplorer:StunGrenade"],"picked":"RobotSpaceExplorer:MiniDrones+1","floor":38},{"not_picked":["RobotSpaceExplorer:SurgingShield","RobotSpaceExplorer:Ammunition+1"],"picked":"RobotSpaceExplorer:ShovelStrike","floor":39},{"not_picked":["RobotSpaceExplorer:Jetpack+1","RobotSpaceExplorer:ScrapMissile","RobotSpaceExplorer:DoubleFind"],"picked":"SKIP","floor":40},{"not_picked":["RobotSpaceExplorer:MetalStrike+1","RobotSpaceExplorer:ScrapMissile"],"picked":"RobotSpaceExplorer:Pulsar+1","floor":42},{"not_picked":["RobotSpaceExplorer:ScrapToss","RobotSpaceExplorer:SelfCleaning","RobotSpaceExplorer:FrostMissile"],"picked":"SKIP","floor":43},{"not_picked":["RobotSpaceExplorer:ScrapToss","RobotSpaceExplorer:MiniDrones+1"],"picked":"RobotSpaceExplorer:Fix+1","floor":45},{"not_picked":["RobotSpaceExplorer:Blitz","RobotSpaceExplorer:GlueShot","RobotSpaceExplorer:SurgingStrike+1"],"picked":"SKIP","floor":47},{"not_picked":["RobotSpaceExplorer:ScrapMissile","RobotSpaceExplorer:SurgingStrike+1","RobotSpaceExplorer:MetalStrike+1"],"picked":"SKIP","floor":49},{"not_picked":["RobotSpaceExplorer:ShovelStrike","RobotSpaceExplorer:Smokescreen+1"],"picked":"RobotSpaceExplorer:SwiftStep","floor":52}],"player_experience":1909834,"relics_obtained":[{"floor":6,"key":"hubris:SlimyHat"},{"floor":7,"key":"MealTicket"},{"floor":9,"key":"hubris:CrystalStatue"},{"floor":14,"key":"StrikeDummy"},{"floor":21,"key":"MutagenicStrength"},{"floor":29,"key":"wanderingMiniBosses:MasterThiefsPresence"},{"floor":40,"key":"Guardian:PocketSentry"},{"floor":41,"key":"hubris:MobiusCoin"},{"floor":45,"key":"ReplayTheSpireMod:Lightbulb"},{"floor":52,"key":"aspiration:HiddenCompartment"}],"event_choices":[{"damage_healed":0,"gold_gain":0,"player_choice":"Got Potions","damage_taken":0,"max_hp_gain":0,"max_hp_loss":0,"event_name":"Lab","floor":3,"gold_loss":0}],"is_beta":false,"boss_relics":[{"not_picked":["vexMod:NewClearReactor","GuanYuAspect"],"picked":"hubris:ScarierMask"},{"not_picked":["Replay:Drink Me","Replay:Bronze Core"],"picked":"vexMod:BigBerry"}],"items_purged_floors":[39],"is_endless":false,"potions_floor_spawned":[6,9,10,13,15,16,26,31,32,33,37,42,43,45],"ascension_level":10}}