{"host":"03a85bwj0a5skoit","time":1608906633,"event":{"mods":["BaseMod","Block Reminder","Minty Spire (QoL Compilation)","Relic Stats","StSLib"],"gold_per_floor":[119,131,0,18,29,29,60,60,60,60,79,79,79,79,79],"floor_reached":14,"playtime":438,"items_purged":["Strike_G"],"score":180,"play_id":"b237f3c8-ccc6-4049-abbf-d31c360cde8b","local_time":"20201226010033","is_ascension_mode":true,"campfire_choices":[{"data":"Predator","floor":6,"key":"SMITH"},{"data":"Tactician","floor":8,"key":"SMITH"},{"data":"Deadly Poison","floor":13,"key":"SMITH"}],"circlet_count":0,"master_deck":["AscendersBane","Strike_G","Strike_G","Strike_G","Defend_G","Defend_G","Defend_G","Defend_G","Defend_G","Survivor","Neutralize","Predator+1","Deadly Poison+1","Tools of the Trade","Tactician+1","Parasite","Footwork"],"relics":["Velvet Choker","Darkstone Periapt"],"acts_visited":["Exordium"],"potions_floor_usage":[7,14,14],"damage_taken":[{"damage":2,"enemies":"Small Slimes","floor":1,"turns":5},{"damage":0,"enemies":"Jaw Worm","floor":2,"turns":4},{"damage":0,"enemies":"2 Louse","floor":4,"turns":2},{"damage":3,"enemies":"Blue Slaver","floor":5,"turns":4},{"damage":19,"enemies":"3 Sentries","floor":7,"turns":10},{"damage":10,"enemies":"Red Slaver","floor":11,"turns":4},{"damage":42,"enemies":"Gremlin Nob","floor":14,"turns":4}],"seed_played":"8537005656296651072","potions_obtained":[{"floor":4,"key":"SpeedPotion"},{"floor":7,"key":"SteroidPotion"}],"is_trial":false,"path_per_floor":["M","M","$","M","M","R","E","R","T","?","M","?","R","E"],"character_chosen":"THE_SILENT","items_purchased":["SkillPotion"],"campfire_rested":0,"item_purchase_floors":[3],"current_hp_per_floor":[57,57,57,57,54,54,35,35,35,57,47,40,40,0,0],"gold":79,"neow_bonus":"BOSS_RELIC","is_daily":false,"chose_seed":false,"campfire_upgraded":3,"win_rate":0.0,"timestamp":1608906633,"path_taken":["M","M","$","M","M","R","E","R","T","?","M","?","R","E"],"items_purchased_type":["Potion"],"build_version":"2020-12-22","purchased_purges":1,"victory":false,"max_hp_per_floor":[66,66,66,66,66,66,66,66,66,72,72,72,72,72,72],"relic_stats":{"Darkstone Periapt":6,"counters":[7,33],"obtain_stats":[{"Darkstone Periapt":9,"Velvet Choker":0,"Ring of the Snake":0},{"Darkstone Periapt":5,"Velvet Choker":0,"Ring of the Snake":0},{"Darkstone Periapt":25,"Velvet Choker":0,"Ring of the Snake":0}]},"card_choices":[{"not_picked":["PiercingWail","Backstab"],"picked":"Predator","floor":1},{"not_picked":["Bane","Cloak And Dagger","Heel Hook"],"picked":"SKIP","floor":2},{"not_picked":["Quick Slash","Predator"],"picked":"Deadly Poison","floor":4},{"not_picked":["Caltrops","Outmaneuver"],"picked":"Tools of the Trade","floor":5},{"not_picked":["Sucker Punch","Backflip"],"picked":"Tactician","floor":7},{"not_picked":["Acrobatics","Deadly Poison"],"picked":"Footwork","floor":11}],"player_experience":2309472,"relics_obtained":[{"floor":9,"key":"Darkstone Periapt"}],"event_choices":[{"damage_healed":16,"gold_gain":0,"player_choice":"Healed and dodged fight","damage_taken":0,"max_hp_gain":0,"max_hp_loss":0,"event_name":"Mushrooms","floor":10,"gold_loss":0,"cards_obtained":["Parasite"]},{"cards_removed":["Strike_G"],"damage_healed":0,"gold_gain":0,"player_choice":"Card Removal","damage_taken":7,"max_hp_gain":0,"max_hp_loss":0,"event_name":"Golden Wing","floor":12,"gold_loss":0}],"is_beta":false,"boss_relics":[],"items_purged_floors":[3],"is_endless":false,"potions_floor_spawned":[4,7],"killed_by":"Gremlin Nob","ascension_level":20}}