{"host":"by8i6f8xc0ywpsd5","time":1608900345,"event":{"mods":["BaseMod","Colored Map","Minty Spire (QoL Compilation)","Relic Stats"],"gold_per_floor":[111,130,2,2,16,16,41,41,41,72,72,72,108,131,131,131,131],"floor_reached":16,"playtime":863,"items_purged":["Strike_R"],"score":236,"play_id":"f1d130cd-0eeb-458e-91ee-fb76980828b8","local_time":"20201225144545","is_ascension_mode":true,"campfire_choices":[{"data":"Bash","floor":6.0,"key":"SMITH"},{"floor":8.0,"key":"REST"},{"data":"Sword Boomerang","floor":12.0,"key":"SMITH"},{"data":"Clothesline","floor":15.0,"key":"SMITH"}],"circlet_count":0,"master_deck":["AscendersBane","Strike_R","Strike_R","Strike_R","Strike_R","Defend_R","Defend_R+1","Defend_R","Defend_R","Bash+1","Dark Embrace+1","Clothesline+1","Sword Boomerang+1","Warcry","Seeing Red","Barricade","Battle Trance"],"relics":["Cursed Key","Juzu Bracelet","Mango","Golden Idol","Thread and Needle"],"acts_visited":["Exordium"],"potions_floor_usage":[16],"damage_taken":[{"damage":2.0,"enemies":"Jaw Worm","floor":1.0,"turns":3.0},{"damage":3.0,"enemies":"2 Louse","floor":2.0,"turns":3.0},{"damage":0.0,"enemies":"Cultist","floor":5.0,"turns":2.0},{"damage":14.0,"enemies":"3 Sentries","floor":7.0,"turns":6.0},{"damage":12.0,"enemies":"Lagavulin","floor":10.0,"turns":6.0},{"damage":35.0,"enemies":"3 Sentries","floor":13.0,"turns":9.0},{"damage":0.0,"enemies":"Large Slime","floor":14.0,"turns":5.0},{"damage":15,"enemies":"Hexaghost","floor":16,"turns":10}],"seed_played":"6208226172065398436","potions_obtained":[{"floor":1.0,"key":"LiquidMemories"},{"floor":2.0,"key":"SpeedPotion"},{"floor":5.0,"key":"Strength Potion"},{"floor":10.0,"key":"Energy Potion"}],"is_trial":false,"path_per_floor":["M","M","$","?","M","R","E","R","T","E","?","R","E","M","R","B"],"character_chosen":"IRONCLAD","items_purchased":["Sword Boomerang"],"campfire_rested":1,"item_purchase_floors":[3],"current_hp_per_floor":[66,63,63,40,40,40,26,48,48,50,50,50,15,15,15,0,0],"gold":131,"neow_bonus":"BOSS_RELIC","is_daily":false,"chose_seed":false,"campfire_upgraded":3,"win_rate":0.0,"timestamp":1608900345,"path_taken":["M","M","$","?","M","R","E","R","T","E","?","R","E","M","R","BOSS"],"items_purchased_type":["Card"],"build_version":"2020-12-22","purchased_purges":1,"victory":false,"max_hp_per_floor":[75,75,75,75,75,75,75,75,75,89,81,81,81,81,81,81,81],"relic_stats":{"counters":[8,44],"Golden Idol":12,"Juzu Bracelet":0,"Cursed Key":0,"obtain_stats":[{"Golden Idol":11,"Mango":10,"Thread and Needle":13,"Juzu Bracelet":7,"Cursed Key":0,"Burning Blood":0},{"Golden Idol":5,"Mango":5,"Thread and Needle":6,"Juzu Bracelet":4,"Cursed Key":0,"Burning Blood":0},{"Golden Idol":20,"Mango":20,"Thread and Needle":29,"Juzu Bracelet":14,"Cursed Key":0,"Burning Blood":0}]},"card_choices":[{"not_picked":["Flex","Warcry"],"picked":"Dark Embrace","floor":1.0},{"not_picked":["Pummel","Cleave"],"picked":"Clothesline","floor":2.0},{"not_picked":["Heavy Blade","Anger"],"picked":"Warcry","floor":5.0},{"not_picked":["Flex","Rage"],"picked":"Seeing Red","floor":7.0},{"not_picked":["Carnage","Thunderclap"],"picked":"Barricade","floor":10.0},{"not_picked":["Pummel","Seeing Red"],"picked":"Battle Trance","floor":13.0},{"not_picked":["Rupture","Dual Wield","Warcry"],"picked":"SKIP","floor":14.0}],"player_experience":1703555,"relics_obtained":[{"floor":7.0,"key":"Juzu Bracelet"},{"floor":10.0,"key":"Mango"},{"floor":13.0,"key":"Thread and Needle"}],"event_choices":[{"damage_healed":0.0,"max_hp_gain":0.0,"max_hp_loss":0.0,"gold_gain":0.0,"event_name":"Shining Light","player_choice":"Entered Light","floor":4.0,"gold_loss":0.0,"damage_taken":23.0,"cards_upgraded":["Defend_R","Dark Embrace"]},{"damage_healed":0.0,"max_hp_gain":0.0,"max_hp_loss":8.0,"gold_gain":0.0,"event_name":"Golden Idol","player_choice":"Lose Max HP","floor":11.0,"gold_loss":0.0,"damage_taken":0.0,"relics_obtained":["Golden Idol"]}],"is_beta":false,"boss_relics":[],"items_purged_floors":[3],"is_endless":false,"potions_floor_spawned":[1,2,5,10],"killed_by":"Hexaghost","ascension_level":20}}