{"host":"6ncdf681trjj7gs6","time":1608911159,"event":{"mods":["BaseMod","Colored Map","Downfall","Highlight Path","Minty Spire (QoL Compilation)","StSLib"],"gold_per_floor":[99,99,99,199,255,255,306,332,345,365,377,395,414,414,432,536,536,461,461,129,146,146,179,226,272,272,14,31,61,61,71,83,83,83,83],"floor_reached":33,"playtime":2846,"items_purged":["champ:Strike","champ:Strike"],"score":310,"play_id":"301cba88-11a3-4ab3-b87e-0ea2c553bb5c","local_time":"20201225104559","is_ascension_mode":false,"campfire_choices":[{"data":"champ:Taunt","floor":1.0,"key":"SMITH"},{"data":"champ:StanceDance","floor":18.0,"key":"SMITH"},{"data":"champ:StanceDance","floor":26.0,"key":"SMITH"},{"data":"champ:GladiatorsShout","floor":30,"key":"SMITH"}],"circlet_count":0,"master_deck":["champ:Strike","champ:Strike","champ:Defend","champ:Defend","champ:Defend","champ:Defend","champ:Taunt+1","champ:GladiatorStyle","champ:StanceDance+1","champ:GladiatorsShout+1","champ:Duel+1","champ:RisingSlash+1","champ:FlashCut","champ:DefensiveStyle","champ:Riposte","champ:DancingMaster","champ:BladeFlurry+1","champ:GladiatorStyle","champ:StanceDance+1","Thinking Ahead","champ:DeathBlow","champ:Backstep+1","champ:GutPunch","champ:DefensiveShout","champ:TornadoPunch"],"relics":["champ:ChampionCrown","downfall:HeartsMalice","Lantern","Omamori","Tiny Chest","Sozu","Empty Cage","downfall:HeartBlessingGreen","Necronomicon","Turnip","champ:FightingForDummies","Bronze Scales","ClockworkSouvenir","Whetstone"],"acts_visited":["Exordium","TheCity"],"potions_floor_usage":[],"damage_taken":[{"damage":0.0,"enemies":"2 Louse","floor":2.0,"turns":1.0},{"damage":0.0,"enemies":"Jaw Worm","floor":3.0,"turns":1.0},{"damage":0.0,"enemies":"Lagavulin Event","floor":5.0,"turns":1.0},{"damage":34.0,"enemies":"Gremlin Nob","floor":8.0,"turns":5.0},{"damage":5.0,"enemies":"Cultist","floor":9.0,"turns":3.0},{"damage":5.0,"enemies":"Large Slime","floor":10.0,"turns":5.0},{"damage":5.0,"enemies":"2 Fungi Beasts","floor":11.0,"turns":3.0},{"damage":7.0,"enemies":"Blue Slaver","floor":12.0,"turns":4.0},{"damage":2.0,"enemies":"2 Fungi Beasts","floor":13.0,"turns":4.0},{"damage":0.0,"enemies":"3 Louse","floor":15.0,"turns":3.0},{"damage":37.0,"enemies":"downfall:Silent","floor":16.0,"turns":12.0},{"damage":0.0,"enemies":"Chosen","floor":19.0,"turns":1.0},{"damage":0.0,"enemies":"downfall:FleeingMerchant","floor":20.0,"turns":4.0},{"damage":7.0,"enemies":"3 Byrds","floor":21.0,"turns":5.0},{"damage":51.0,"enemies":"Slavers","floor":23.0,"turns":5.0},{"damage":13.0,"enemies":"downfall:FleeingMerchant","floor":27.0,"turns":4.0},{"damage":30.0,"enemies":"Cultist and Chosen","floor":28.0,"turns":4.0},{"damage":28,"enemies":"Gremlin Leader","floor":29,"turns":5},{"damage":29,"enemies":"Shelled Parasite and Fungi","floor":31,"turns":3},{"damage":6,"enemies":"Snake Plant","floor":32,"turns":3},{"damage":28,"enemies":"downfall:Watcher","floor":33,"turns":4}],"seed_played":"-1050252885202238250","potions_obtained":[{"floor":5.0,"key":"FearPotion"},{"floor":6.0,"key":"SmokeBomb"},{"floor":6.0,"key":"Fruit Juice"},{"floor":6.0,"key":"SmokeBomb"},{"floor":10.0,"key":"AttackPotion"},{"floor":12.0,"key":"Strength Potion"},{"floor":16.0,"key":"Energy Potion"}],"is_trial":false,"path_per_floor":["R","M","M","?","?","?","T","E","M","M","M","M","M","?","M","B",null,"R","M","$","M","?","E","T","T","R","$","M","E","R","M","M","B"],"character_chosen":"THE_CHAMP","items_purchased":["champ:StanceDance","Thinking Ahead","ClockworkSouvenir"],"campfire_rested":0,"item_purchase_floors":[20,20,27],"current_hp_per_floor":[90,90,90,90,90,95,95,71,71,71,71,69,67,67,67,45,95,95,95,95,88,72,41,41,41,41,41,36,36,36,27,21,0,0,0],"gold":83,"neow_bonus":"THREE_ENEMY_KILL","is_daily":false,"chose_seed":false,"campfire_upgraded":4,"win_rate":0.0,"timestamp":1608911159,"path_taken":["R","M","M","?","?","?","T","E","M","M","M","M","?","?","M","BOSS","R","M","$","M","?","E","T","?","R","$","M","E","R","M","M","BOSS"],"items_purchased_type":["Card","Card","Relic"],"build_version":"2020-12-22","purchased_purges":2,"victory":false,"max_hp_per_floor":[90,90,90,90,90,95,95,95,95,95,95,95,95,95,95,95,95,95,95,95,95,95,95,95,95,95,95,95,95,95,95,95,95,95,95],"card_choices":[{"not_picked":["champ:PerfectedStrike","champ:TornadoPunch"],"picked":"champ:GladiatorStyle","floor":2.0},{"not_picked":["champ:Encircle","champ:FocusedDefense"],"picked":"champ:StanceDance","floor":3.0},{"not_picked":["champ:DefensiveShout","champ:FlashCut"],"picked":"champ:GladiatorsShout","floor":5.0},{"not_picked":["champ:RecklessLeap","champ:AdrenalArmor"],"picked":"champ:Duel","floor":8.0},{"not_picked":["champ:GutPunch","champ:EndlessRage"],"picked":"champ:RisingSlash","floor":9.0},{"not_picked":["champ:Encircle","champ:FalseCounter","champ:IgnorePain"],"picked":"SKIP","floor":10.0},{"not_picked":["champ:AdrenalArmor","champ:StanceDance"],"picked":"champ:FlashCut","floor":11.0},{"not_picked":["champ:ShieldWall","champ:FanOfKnives"],"picked":"champ:BringItOn","floor":12.0},{"not_picked":["champ:SwordThrow","champ:BerserkersShout"],"picked":"champ:DefensiveStyle","floor":13.0},{"not_picked":["champ:Backstep","champ:StanceDance"],"picked":"champ:Riposte","floor":15.0},{"not_picked":["champ:CheapShot","champ:IgnorePain"],"picked":"champ:DancingMaster","floor":16.0},{"not_picked":["champ:BringItOn+1","champ:FanOfKnives+1"],"picked":"champ:BladeFlurry+1","floor":19.0},{"not_picked":["champ:PerfectedStrike","champ:BladeFlurry+1"],"picked":"champ:GladiatorStyle","floor":20.0},{"not_picked":["champ:FlashCut+1","champ:CrookedStrike"],"picked":"champ:DeathBlow","floor":21.0},{"not_picked":["champ:HeartStrike","champ:BerserkersShout+1"],"picked":"champ:Backstep+1","floor":23.0},{"not_picked":["champ:FocusedGladiator","champ:FocusedDefense+1"],"picked":"champ:GutPunch","floor":27.0},{"not_picked":["champ:FaceSlap","champ:GladiatorsShout+1"],"picked":"champ:DefensiveShout","floor":28.0},{"not_picked":["champ:EnragedBash","champ:PreciseThrust","champ:Riposte"],"picked":"SKIP","floor":29},{"not_picked":["champ:PerfectForm","champ:ShieldWall+1","champ:EnragedBash"],"picked":"SKIP","floor":31},{"not_picked":["champ:GutPunch","champ:FocusedGladiator"],"picked":"champ:TornadoPunch","floor":32}],"player_experience":962968,"relics_obtained":[{"floor":5.0,"key":"Lantern"},{"floor":7.0,"key":"Omamori"},{"floor":8.0,"key":"Tiny Chest"},{"floor":22.0,"key":"Necronomicon"},{"floor":23.0,"key":"Turnip"},{"floor":24.0,"key":"champ:FightingForDummies"},{"floor":25.0,"key":"Bronze Scales"},{"floor":29,"key":"Whetstone"}],"event_choices":[{"damage_healed":0.0,"max_hp_gain":0.0,"max_hp_loss":0.0,"gold_gain":0.0,"event_name":"Lab","player_choice":"Got Potions","floor":6.0,"gold_loss":0.0,"damage_taken":0.0}],"is_beta":false,"boss_relics":[{"not_picked":["Astrolabe","Cursed Key","Velvet Choker"]}],"items_purged_floors":[20,27],"is_endless":false,"potions_floor_spawned":[5,10,12,13,16,21,28,31],"killed_by":"downfall:Watcher","ascension_level":0}}