{"host":"bhj73plqr6q46rek","time":1608921741,"event":{"mods":["2.2 Compatiblity","Arknights The Spire","Aspiration","BaseMod","Better Third Choice","BetterRewards","CapriCore","Conspire","Downfall","Energized Spire","Friendly Minions","Hubris","Infinite Spire","Jorbs\u0027s Wanderer Trilogy","KiyohimeÅiê¥?Åj","Minty Spire (QoL Compilation)","Relic Sorter","Replay The Spire","Shade Mod","StSLib","The Alterego","The Immortal","The Servant 0.9.4","WarShipGirlsR/??è≠èóR mod"],"gold_per_floor":[115,115,129,141,141,141,174,192,192,192,202,232,232,249,249,349,349,367,367,367],"floor_reached":19,"playtime":1062,"items_purged":[],"score":204,"play_id":"69ca55eb-568c-4f11-9895-0581a9d129b0","local_time":"20201225194221","is_ascension_mode":false,"campfire_choices":[{"data":"Shade:PoundOfFlesh","floor":6,"key":"SMITH"},{"data":"Shade:Coordination","floor":10,"key":"SMITH"},{"floor":15,"key":"REST"}],"circlet_count":0,"master_deck":["Shade:Strike_Shade","Shade:Strike_Shade","Shade:Strike_Shade","Shade:Strike_Shade","Shade:Defend_Shade","Shade:Defend_Shade","Shade:Defend_Shade","Shade:Defend_Shade","Shade:AnimateDead","Shade:CarefulCut","Shade:PoundOfFlesh+1","Shade:CallWraith","Shade:Coordination+1","Shade:SpectralStrikes","Shade:Tombstone"],"relics":["Shade:YorickSkull","NeowsBlessing","hubris:Towel","ats:Originium","conspire:TopHat","conspire:Flyswatter","ats:Originium","Blue Doll"],"acts_visited":["Exordium","TheCity"],"potions_floor_usage":[12,12,12,16,18,19],"damage_taken":[{"damage":0,"enemies":"Cultist","floor":1,"turns":1},{"damage":0,"enemies":"Small Slimes","floor":3,"turns":1},{"damage":0,"enemies":"2 Louse","floor":4,"turns":1},{"damage":19,"enemies":"Lagavulin","floor":7,"turns":6},{"damage":6,"enemies":"Exordium Thugs","floor":8,"turns":4},{"damage":17,"enemies":"Gremlin Gang","floor":11,"turns":5},{"damage":0,"enemies":"3 Sentries","floor":12,"turns":7},{"damage":2,"enemies":"Blue Slaver","floor":14,"turns":4},{"damage":29,"enemies":"Hexaghost","floor":16,"turns":13},{"damage":62,"enemies":"conspire:FuzzyDice","floor":18,"turns":8},{"damage":3,"enemies":"3 Byrds","floor":19,"turns":1}],"seed_played":"3173953989165350409","potions_obtained":[{"floor":1,"key":"EntropicBrew"},{"floor":3,"key":"BlessingOfTheForge"},{"floor":16,"key":"SpeedPotion"},{"floor":18,"key":"sneckomod:MuddlingPotion"}],"is_trial":false,"path_per_floor":["M","?","M","M","?","R","E","M","T","R","M","E","?","M","R","B",null,"M","M"],"character_chosen":"SHADE","items_purchased":[],"campfire_rested":1,"item_purchase_floors":[],"current_hp_per_floor":[65,65,65,65,65,65,46,40,40,40,23,23,23,21,40,26,65,3,0,0],"gold":367,"neow_bonus":"THREE_ENEMY_KILL","is_daily":false,"chose_seed":false,"campfire_upgraded":2,"win_rate":0.0,"timestamp":1608921741,"path_taken":["M","?","M","M","?","R","E","M","T","R","M","E","?","M","R","BOSS","M","M"],"items_purchased_type":[],"build_version":"2020-12-22","purchased_purges":0,"victory":false,"max_hp_per_floor":[65,65,65,65,65,65,65,65,65,65,65,65,65,65,65,65,65,65,65,65],"card_choices":[{"not_picked":["Shade:Awaken","Shade:Premonition","Shade:FuneraryArmor"],"picked":"SKIP","floor":1},{"not_picked":["Shade:ClawBack","Shade:GreyBargain"],"picked":"Shade:PoundOfFlesh","floor":3},{"not_picked":["Shade:Trample","Shade:SpontaneousRitual","Shade:CoffinDance"],"picked":"SKIP","floor":4},{"not_picked":["Shade:FreshBones","Shade:BoneShards"],"picked":"Shade:CallWraith","floor":7},{"not_picked":["Shade:PoundOfFlesh","Shade:Brains"],"picked":"Shade:Coordination","floor":8},{"not_picked":["Shade:Asphyxiate","Shade:Awaken","Shade:CoffinDance"],"picked":"SKIP","floor":11},{"not_picked":["Shade:PotionOfRestlessness","Shade:Frenzy","Shade:SelfBurial"],"picked":"SKIP","floor":12},{"not_picked":["Shade:Haruspicy","Shade:Trample"],"picked":"Shade:SpectralStrikes","floor":14},{"not_picked":["Shade:LoseControl","Shade:DarkOfNight"],"picked":"Shade:Tombstone","floor":16},{"not_picked":["Shade:Frenzy","Shade:Bonestorm","Shade:FuneraryArmor+1"],"picked":"SKIP","floor":18}],"player_experience":267612,"relics_obtained":[{"floor":7,"key":"ats:Originium"},{"floor":7,"key":"conspire:TopHat"},{"floor":9,"key":"conspire:Flyswatter"},{"floor":12,"key":"ats:Originium"},{"floor":12,"key":"Blue Doll"}],"event_choices":[{"damage_healed":0,"gold_gain":0,"player_choice":"Ignored","damage_taken":0,"max_hp_gain":0,"max_hp_loss":0,"event_name":"NoteForYourself","floor":13,"gold_loss":0}],"is_beta":false,"boss_relics":[{"not_picked":["conspire:RunicOctahedron","energizedSpire:OgreHead","hubris:CrackedHourglass"]}],"items_purged_floors":[],"is_endless":false,"potions_floor_spawned":[1,3,16,18],"killed_by":"3 Byrds","ascension_level":0}}