{"host":"omv42op7s93bjjql","time":1608880785,"event":{"mods":["BaseMod","Colored Map","Colored Powertips","DeckTracker","Keyboard Shortcuts","Minty Spire (QoL Compilation)","StSLib","SuperFastMode"],"gold_per_floor":[118,118,137,137,147,147,157,173,251,251,271,271,281,306,306,381,381,395,85,85,85,103,103,119,119,119,134,134,147,147,172,172,246,246,258,33,45,45,56,56,56,56,137,172,87,87,115,126,126,126,126,126],"floor_reached":51,"playtime":2146,"items_purged":["Wireheading"],"score":1354,"play_id":"60340a61-0e78-4007-b558-c3fe7b9a0aeb","local_time":"20201225161945","is_ascension_mode":true,"campfire_choices":[{"data":"EmptyMind","floor":6.0,"key":"SMITH"},{"floor":10.0,"key":"REST"},{"floor":15.0,"key":"REST"},{"data":"Vault","floor":23.0,"key":"SMITH"},{"data":"Wallop","floor":28.0,"key":"SMITH"},{"data":"WheelKick","floor":30.0,"key":"SMITH"},{"data":"Adaptation","floor":32.0,"key":"SMITH"},{"floor":40,"key":"REST"},{"data":"TalkToTheHand","floor":42,"key":"SMITH"},{"data":"Fasting2","floor":46,"key":"SMITH"},{"data":"MentalFortress","floor":49,"key":"SMITH"}],"circlet_count":0,"master_deck":["AscendersBane","Eruption+1","Vigilance+1","EmptyMind+1","EmptyFist+1","Indignation","FollowUp","Sanctity","Vault+1","WaveOfTheHand+1","Sanctity","Consecrate","TalkToTheHand+1","Wallop+1","Judgement","PathToVictory","Prostrate+1","InnerPeace","LikeWater","Collect+1","WheelKick+1","Necronomicurse","PathToVictory","Adaptation+1","LessonLearned","Adaptation+1","Halt","Fasting2+1","MentalFortress+1","Swivel"],"relics":["PureWater","NeowsBlessing","Shuriken","Eternal Feather","Du-Vu Doll","Pandora\u0027s Box","Lee\u0027s Waffle","Necronomicon","Incense Burner","Boot","SacredBark","ClockworkSouvenir","Ancient Tea Set","TeardropLocket","Nunchaku","Pantograph"],"acts_visited":["Exordium","TheCity","TheBeyond"],"potions_floor_usage":[33,39,51],"damage_taken":[{"damage":0.0,"enemies":"Jaw Worm","floor":1.0,"turns":1.0},{"damage":0.0,"enemies":"2 Louse","floor":3.0,"turns":1.0},{"damage":0.0,"enemies":"Cultist","floor":5.0,"turns":1.0},{"damage":11.0,"enemies":"Gremlin Gang","floor":7.0,"turns":4.0},{"damage":6.0,"enemies":"Exordium Wildlife","floor":8.0,"turns":3.0},{"damage":10.0,"enemies":"Large Slime","floor":11.0,"turns":3.0},{"damage":6.0,"enemies":"Red Slaver","floor":13.0,"turns":2.0},{"damage":17.0,"enemies":"3 Sentries","floor":14.0,"turns":8.0},{"damage":12.0,"enemies":"Hexaghost","floor":16.0,"turns":6.0},{"damage":0.0,"enemies":"Spheric Guardian","floor":18.0,"turns":2.0},{"damage":2.0,"enemies":"2 Thieves","floor":22.0,"turns":3.0},{"damage":0.0,"enemies":"Snecko","floor":24.0,"turns":4.0},{"damage":11.0,"enemies":"Shelled Parasite and Fungi","floor":27.0,"turns":3.0},{"damage":9.0,"enemies":"Snake Plant","floor":29.0,"turns":5.0},{"damage":20.0,"enemies":"Gremlin Leader","floor":31.0,"turns":3.0},{"damage":18,"enemies":"Champ","floor":33,"turns":7},{"damage":24,"enemies":"Orb Walker","floor":35,"turns":5},{"damage":20,"enemies":"3 Darklings","floor":37,"turns":4},{"damage":16,"enemies":"Transient","floor":39,"turns":7},{"damage":3,"enemies":"Giant Head","floor":44,"turns":7},{"damage":20,"enemies":"Nemesis","floor":47,"turns":6},{"damage":0,"enemies":"Maw","floor":48,"turns":4},{"damage":60,"enemies":"Donu and Deca","floor":50,"turns":10},{"damage":46,"enemies":"Time Eater","floor":51,"turns":4}],"seed_played":"-3577359379188164490","potions_obtained":[{"floor":3.0,"key":"BottledMiracle"},{"floor":5.0,"key":"PowerPotion"},{"floor":13.0,"key":"Energy Potion"},{"floor":18.0,"key":"SkillPotion"},{"floor":22.0,"key":"BottledMiracle"},{"floor":31.0,"key":"EssenceOfSteel"},{"floor":39,"key":"BlessingOfTheForge"},{"floor":44,"key":"Strength Potion"},{"floor":48,"key":"SpeedPotion"}],"is_trial":false,"path_per_floor":["M","?","M","?","M","R","M","M","T","R","M","T","M","E","R","B",null,"M","$","?","?","M","R","M","?","T","M","R","M","R","E","R","B",null,"M","$","M","T","M","R","?","R","T","E","$","R","E","M","R","B","B"],"character_chosen":"WATCHER","items_purchased":["Lee\u0027s Waffle","InnerPeace","ClockworkSouvenir","PowerPotion","MentalFortress"],"campfire_rested":3,"item_purchase_floors":[19,19,36,36,45],"current_hp_per_floor":[61,41,41,41,41,41,30,24,24,44,34,34,28,11,40,28,58,58,75,75,75,73,75,75,54,54,43,55,46,58,38,50,32,64,40,40,20,20,4,41,41,56,56,53,53,68,48,48,66,15,0,0],"gold":126,"neow_bonus":"THREE_ENEMY_KILL","is_daily":false,"chose_seed":false,"campfire_upgraded":8,"win_rate":0.0,"timestamp":1608880785,"path_taken":["M","?","M","?","?","R","?","M","T","R","M","?","M","E","R","BOSS","M","$","?","?","M","R","M","?","T","?","R","M","R","E","R","BOSS","M","$","M","?","?","R","?","R","T","E","?","R","E","M","R","BOSS","BOSS"],"items_purchased_type":["Relic","Card","Relic","Potion","Card"],"build_version":"2020-12-22","purchased_purges":1,"victory":false,"max_hp_per_floor":[68,68,68,68,68,68,68,68,68,68,68,68,68,68,68,68,68,68,75,75,75,75,75,75,75,75,75,75,75,75,75,75,75,75,75,75,75,75,75,75,75,75,75,75,75,75,75,75,75,75,75,75],"card_choices":[{"not_picked":["Halt","Sanctity"],"picked":"EmptyMind","floor":1.0},{"not_picked":["Consecrate","Halt","ThirdEye"],"picked":"SKIP","floor":3.0},{"not_picked":["Crescendo","Collect","ThirdEye"],"picked":"SKIP","floor":5.0},{"not_picked":["CrushJoints","Halt"],"picked":"EmptyFist","floor":7.0},{"not_picked":["Consecrate","Wireheading"],"picked":"Indignation","floor":8.0},{"not_picked":["PathToVictory","Protect"],"picked":"FollowUp","floor":11.0},{"not_picked":["Protect","MasterReality"],"picked":"Sanctity","floor":13.0},{"not_picked":["CutThroughFate","CrushJoints","BowlingBash"],"picked":"SKIP","floor":14.0},{"not_picked":["Omniscience","Wish"],"picked":"Vault","floor":16.0},{"not_picked":["FlyingSleeves","EmptyFist"],"picked":"Prostrate","floor":18.0},{"not_picked":["Crescendo","Worship"],"picked":"Collect+1","floor":22.0},{"not_picked":["Evaluate","BattleHymn"],"picked":"WheelKick","floor":24.0},{"not_picked":["Prostrate","Halt","CutThroughFate"],"picked":"SKIP","floor":27.0},{"not_picked":["EmptyBody","Weave"],"picked":"PathToVictory","floor":29.0},{"not_picked":["FollowUp+1","DeceiveReality"],"picked":"Adaptation","floor":31.0},{"not_picked":["Establishment","Vault"],"picked":"LessonLearned","floor":33},{"not_picked":["FlurryOfBlows","Perseverance"],"picked":"Adaptation","floor":35},{"not_picked":["Consecrate+1","Halt","Conclude"],"picked":"SKIP","floor":37},{"not_picked":["BowlingBash+1","Wireheading"],"picked":"Halt","floor":39},{"not_picked":["Protect","WheelKick+1"],"picked":"Fasting2","floor":44},{"not_picked":["SandsOfTime","Evaluate","PathToVictory"],"picked":"SKIP","floor":47},{"not_picked":["Judgement","InnerPeace"],"picked":"Swivel","floor":48}],"player_experience":834171,"relics_obtained":[{"floor":9.0,"key":"Shuriken"},{"floor":12.0,"key":"Eternal Feather"},{"floor":14.0,"key":"Du-Vu Doll"},{"floor":25.0,"key":"Necronomicon"},{"floor":26.0,"key":"Incense Burner"},{"floor":31.0,"key":"Boot"},{"floor":38,"key":"Ancient Tea Set"},{"floor":43,"key":"TeardropLocket"},{"floor":44,"key":"Nunchaku"},{"floor":47,"key":"Pantograph"}],"event_choices":[{"damage_healed":0.0,"max_hp_gain":0.0,"max_hp_loss":0.0,"gold_gain":0.0,"event_name":"Shining Light","player_choice":"Entered Light","floor":2.0,"gold_loss":0.0,"damage_taken":20.0,"cards_upgraded":["Strike_P","Strike_P"]},{"damage_healed":0.0,"max_hp_gain":0.0,"max_hp_loss":0.0,"gold_gain":0.0,"event_name":"Upgrade Shrine","player_choice":"Upgraded","floor":4.0,"gold_loss":0.0,"damage_taken":0.0,"cards_upgraded":["Eruption"]},{"damage_healed":0.0,"max_hp_gain":0.0,"max_hp_loss":0.0,"gold_gain":0.0,"event_name":"The Library","player_choice":"Read","floor":20.0,"gold_loss":0.0,"damage_taken":0.0,"cards_obtained":["LikeWater"]},{"damage_healed":0.0,"max_hp_gain":0.0,"max_hp_loss":0.0,"gold_gain":0.0,"event_name":"Vampires","player_choice":"Ignored","floor":21.0,"gold_loss":0.0,"damage_taken":0.0},{"damage_healed":0.0,"max_hp_gain":0.0,"max_hp_loss":0.0,"gold_gain":0.0,"event_name":"Cursed Tome","player_choice":"Obtained Book","floor":25.0,"gold_loss":0.0,"damage_taken":21.0},{"damage_healed":0,"gold_gain":0,"player_choice":"Upgraded","damage_taken":0,"max_hp_gain":0,"max_hp_loss":0,"event_name":"Upgrade Shrine","floor":41,"gold_loss":0,"cards_upgraded":["Adaptation"]}],"is_beta":false,"boss_relics":[{"not_picked":["Tiny House","Sozu"],"picked":"Pandora\u0027s Box"},{"not_picked":["Astrolabe","Snecko Eye"],"picked":"SacredBark"}],"items_purged_floors":[19],"is_endless":false,"potions_floor_spawned":[3,5,13,18,22,31,39,44,48],"killed_by":"Time Eater","ascension_level":20}}