{"host":"1rf9pknejqhzkc4o","time":1608929047,"event":{"mods":["Aspiration","BaseMod","Better Altar","Better Match","Better Note","Better Sensory Stone","Better Skull","Better Third Choice","Colored Map","Colored Powertips","Communication Mod","Conspire","Energized Spire","Hubris","Infinite Spire","Ironclad Rager","Minty Spire (QoL Compilation)","Quick Restart","RNG Fix","Rare Cards Sparkle","Relic Stats","Replay The Spire","Retaliation","Spicy Shops","StSLib","The Blue Laboratory","Trackpad"],"gold_per_floor":[110,125,125,175,175,175,175,100,153,153,153,153,163,177,177,274,224,241,166,182,182,182,182,182,182],"floor_reached":24,"playtime":706,"items_purged":["Sickly"],"score":232,"play_id":"de480f51-361a-4a24-9f03-d4ee744b673c","local_time":"20201225234407","is_ascension_mode":false,"campfire_choices":[{"data":"FollowUp","floor":15.0,"key":"SMITH"},{"floor":23,"key":"REST"}],"circlet_count":0,"master_deck":["Strike_P","Strike_P","Strike_P","Strike_P","Defend_P","Defend_P","Defend_P","Defend_P","Eruption","Vigilance","FollowUp+1","EmptyFist","Protect","FollowUp","hubris:Despair","Strike_P","TalkToTheHand","EmptyBody","FlurryOfBlows","Bandage Up","Consecrate","infinitespire:Pacifist"],"relics":["PureWater","aspiration:Nostalgia","Sizzling Blood","ReplayTheSpireMod:Ring of Challenge","Ring of Greed","Blue Doll","Tiny Chest","aspiration:ArtOfWarUpgrade","Lantern","aspiration:ChemicalBlood","energizedSpire:HugeHouse","conspire:TopHat"],"acts_visited":["Exordium","TheCity"],"potions_floor_usage":[16,18,24],"damage_taken":[{"damage":2.0,"enemies":"infinitespire:Voidling","floor":1.0,"turns":3.0},{"damage":15.0,"enemies":"Small Slimes","floor":2.0,"turns":4.0},{"damage":0.0,"enemies":"2 Louse","floor":13.0,"turns":2.0},{"damage":0.0,"enemies":"Red Slaver","floor":14.0,"turns":5.0},{"damage":0,"enemies":"Slime Boss","floor":16,"turns":6},{"damage":66,"enemies":"conspire:FuzzyDice","floor":18,"turns":8},{"damage":2,"enemies":"Shell Parasite","floor":20,"turns":3},{"damage":42,"enemies":"Sentry and Sphere","floor":24,"turns":7}],"seed_played":"3258686834581155587","potions_obtained":[{"floor":3.0,"key":"SmokeBomb"},{"floor":3.0,"key":"infinitespire:BlackPotion"},{"floor":3.0,"key":"Energy Potion"},{"floor":18,"key":"StancePotion"},{"floor":18,"key":"BlessingOfTheForge"},{"floor":24,"key":"Fire Potion"}],"is_trial":false,"path_per_floor":["M","M","?","?","?","R","?","$","T","?","T","R","M","M","R","B",null,"M","?","M","?","T","R","M"],"character_chosen":"WATCHER","items_purchased":[],"campfire_rested":1,"item_purchase_floors":[],"current_hp_per_floor":[76,65,65,65,65,65,65,65,65,70,70,70,74,78,78,81,76,14,14,16,16,16,38,0,0],"gold":182,"neow_bonus":"NOSTALGIA","is_daily":false,"chose_seed":false,"campfire_upgraded":1,"win_rate":0.0,"timestamp":1608929047,"path_taken":["M","M","?","?","?","R","?","$","T","?","?","R","M","?","R","BOSS","M","?","M","?","?","R","?"],"items_purchased_type":[],"build_version":"2020-12-22","purchased_purges":1,"victory":false,"max_hp_per_floor":[76,76,76,76,76,76,76,76,76,81,81,81,81,81,81,81,76,76,76,76,76,76,76,76,76],"relic_stats":{"counters":[8,38],"Tiny Chest":2,"obtain_stats":[{"Lantern":9,"aspiration:Nostalgia":0,"Blue Doll":4,"Sizzling Blood":0,"Ring of Greed":4,"conspire:TopHat":22,"Tiny Chest":4,"aspiration:ArtOfWarUpgrade":12,"Art of War":5,"energizedSpire:HugeHouse":17,"PureWater":0,"ReplayTheSpireMod:Ring of Challenge":4,"aspiration:ChemicalBlood":11},{"Lantern":2,"aspiration:Nostalgia":0,"Blue Doll":2,"Sizzling Blood":0,"Ring of Greed":2,"conspire:TopHat":7,"Tiny Chest":2,"aspiration:ArtOfWarUpgrade":2,"Art of War":2,"energizedSpire:HugeHouse":5,"PureWater":0,"ReplayTheSpireMod:Ring of Challenge":2,"aspiration:ChemicalBlood":2},{"Lantern":7,"aspiration:Nostalgia":0,"Blue Doll":7,"Sizzling Blood":0,"Ring of Greed":7,"conspire:TopHat":31,"Tiny Chest":7,"aspiration:ArtOfWarUpgrade":7,"Art of War":7,"energizedSpire:HugeHouse":20,"PureWater":0,"ReplayTheSpireMod:Ring of Challenge":7,"aspiration:ChemicalBlood":7}]},"card_choices":[{"not_picked":["Crescendo","WheelKick"],"picked":"FollowUp","floor":1.0},{"not_picked":["Collect","Replay:AtTheReady"],"picked":"EmptyFist","floor":2.0},{"not_picked":["JustLucky","Collect"],"picked":"Protect","floor":13.0},{"not_picked":["Vengeance","Adaptation"],"picked":"FollowUp","floor":14.0},{"not_picked":["Blasphemy","Judgement"],"picked":"DeusExMachina","floor":16},{"not_picked":["MentalFortress","Weave"],"picked":"EmptyBody","floor":18},{"not_picked":["EmptyBody","Protect"],"picked":"FlurryOfBlows","floor":19},{"not_picked":["ReplayTheSpireMod:Trickstab","Purity"],"picked":"Bandage Up","floor":19},{"not_picked":["FlyingSleeves+1","Replay:Anticipation"],"picked":"Consecrate","floor":20}],"player_experience":150612,"relics_obtained":[{"floor":4.0,"key":"ReplayTheSpireMod:Ring of Challenge"},{"floor":4.0,"key":"Ring of Greed"},{"floor":4.0,"key":"Blue Doll"},{"floor":4.0,"key":"Tiny Chest"},{"floor":9.0,"key":"Lantern"},{"floor":11.0,"key":"aspiration:ChemicalBlood"},{"floor":22,"key":"conspire:TopHat"}],"event_choices":[{"damage_healed":0.0,"max_hp_gain":0.0,"max_hp_loss":0.0,"gold_gain":0.0,"event_name":"Lab","player_choice":"Got Potions","floor":3.0,"gold_loss":0.0,"damage_taken":0.0},{"damage_healed":0.0,"max_hp_gain":0.0,"max_hp_loss":0.0,"gold_gain":0.0,"event_name":"conspire:Investor","player_choice":"Leave","floor":7.0,"gold_loss":0.0,"damage_taken":0.0},{"damage_healed":0.0,"max_hp_gain":5.0,"max_hp_loss":0.0,"gold_gain":0.0,"event_name":"Big Fish","player_choice":"Donut","floor":10.0,"gold_loss":0.0,"damage_taken":0.0},{"damage_healed":0,"gold_gain":0,"player_choice":"1","damage_taken":0,"max_hp_gain":0,"max_hp_loss":0,"event_name":"betterMatch:BetterMatch","floor":19,"gold_loss":0,"cards_obtained":["betterMatch:CommonCard","betterMatch:ColorlessUncommonCard"]},{"damage_healed":0,"gold_gain":0,"cards_transformed":["Decay"],"player_choice":"Transformed","damage_taken":0,"max_hp_gain":0,"max_hp_loss":0,"event_name":"Transmorgrifier","floor":21,"gold_loss":0,"cards_obtained":["infinitespire:Pacifist"]}],"is_beta":false,"boss_relics":[{"not_picked":["Sozu","ReplayTheSpireMod:DimensionalGlitch"],"picked":"energizedSpire:HugeHouse"}],"items_purged_floors":[8],"is_endless":false,"potions_floor_spawned":[18],"killed_by":"Sentry and Sphere","ascension_level":0}}