{"host":"sabve5zmqufxyc5o","time":1608919943,"event":{"mods":["2.2 Compatiblity","AchievementEnabler","Act Like it!","BaseMod","Block Reminder","Colored Map","Colored Powertips","DeckTracker","KOR Keyword Fix","Keyboard Shortcuts","Minty Spire (QoL Compilation)","Quick Restart","Rare Cards Sparkle","Relic Stats","StSLib","SuperFastMode"],"gold_per_floor":[115,132,152,77,2,2,15,27,27,27,39,39,58,68,68,68,68],"floor_reached":16,"playtime":316,"items_purged":["Strike_G"],"score":192,"play_id":"8b928bbb-09b9-409b-8bd2-5df1eb1f0af9","local_time":"20201226031223","is_ascension_mode":true,"campfire_choices":[{"data":"Deadly Poison","floor":6.0,"key":"SMITH"},{"data":"Crippling Poison","floor":12,"key":"SMITH"},{"floor":15,"key":"REST"}],"circlet_count":0,"master_deck":["AscendersBane","Strike_G","Strike_G","Strike_G","Defend_G","Defend_G","Defend_G","Defend_G","Defend_G","Survivor","Neutralize","Backflip","Deadly Poison+1","Crippling Poison+1","Well Laid Plans"],"relics":["Ring of the Snake","Boot","Akabeko"],"acts_visited":["Exordium"],"potions_floor_usage":[16,16],"damage_taken":[{"damage":2.0,"enemies":"2 Louse","floor":1.0,"turns":3.0},{"damage":0.0,"enemies":"Small Slimes","floor":2.0,"turns":6.0},{"damage":12.0,"enemies":"Jaw Worm","floor":3.0,"turns":5.0},{"damage":9,"enemies":"Gremlin Gang","floor":7,"turns":5},{"damage":0,"enemies":"Looter","floor":8,"turns":4},{"damage":3,"enemies":"Red Slaver","floor":11,"turns":5},{"damage":1,"enemies":"3 Louse","floor":13,"turns":5},{"damage":3,"enemies":"Looter","floor":14,"turns":4},{"damage":37,"enemies":"Slime Boss","floor":16,"turns":9}],"seed_played":"6611642606369195422","potions_obtained":[{"floor":1.0,"key":"Weak Potion"},{"floor":7,"key":"DistilledChaos"}],"is_trial":false,"path_per_floor":["M","M","M","?","$","R","M","M","T","?","M","R","M","M","R","B"],"character_chosen":"THE_SILENT","items_purchased":[],"campfire_rested":1,"item_purchase_floors":[],"current_hp_per_floor":[63,63,51,51,51,51,42,42,42,42,39,39,38,35,56,19,19],"gold":68,"neow_bonus":"TEN_PERCENT_HP_BONUS","is_daily":false,"chose_seed":false,"campfire_upgraded":2,"win_rate":0.0,"timestamp":1608919943,"path_taken":["M","M","M","?","$","R","M","M","T","?","M","R","M","M","R","BOSS"],"items_purchased_type":[],"build_version":"2020-12-22","purchased_purges":1,"victory":false,"max_hp_per_floor":[72,72,72,72,72,72,72,72,72,72,72,72,72,72,72,72,72],"relic_stats":{"counters":[9,46],"Boot":[13],"obtain_stats":[{"Boot":9,"Akabeko":10,"Ring of the Snake":0},{"Boot":5,"Akabeko":5,"Ring of the Snake":0},{"Boot":23,"Akabeko":23,"Ring of the Snake":0}],"Ring of the Snake":[18]},"card_choices":[{"not_picked":["Footwork","PiercingWail"],"picked":"Backflip","floor":1.0},{"not_picked":["Prepared","Poisoned Stab"],"picked":"Deadly Poison","floor":2.0},{"not_picked":["Dagger Throw","Masterful Stab"],"picked":"Crippling Poison","floor":3.0},{"not_picked":["Bane","Concentrate","Terror"],"picked":"SKIP","floor":7},{"not_picked":["Dagger Throw","Quick Slash"],"picked":"Well Laid Plans","floor":8},{"not_picked":["Caltrops","Choke","Slice"],"picked":"SKIP","floor":11},{"not_picked":["Deflect","Dodge and Roll","Slice"],"picked":"SKIP","floor":13},{"not_picked":["Blade Dance","Poisoned Stab","Deadly Poison"],"picked":"SKIP","floor":14}],"player_experience":812453,"relics_obtained":[{"floor":9,"key":"Boot"}],"event_choices":[{"cards_removed":["Strike_G"],"damage_healed":0.0,"max_hp_gain":0.0,"max_hp_loss":0.0,"gold_gain":0.0,"event_name":"The Cleric","player_choice":"Card Removal","floor":4.0,"gold_loss":75.0,"damage_taken":0.0},{"damage_healed":0,"gold_gain":0,"player_choice":"Searched \u00271\u0027 times","damage_taken":0,"relics_obtained":["Akabeko"],"max_hp_gain":0,"max_hp_loss":0,"event_name":"Dead Adventurer","floor":10,"gold_loss":0}],"is_beta":false,"boss_relics":[],"items_purged_floors":[5],"is_endless":false,"potions_floor_spawned":[1,7,13,14],"killed_by":"Slime Boss","ascension_level":20}}