{"host":"2brg86hfzr3u5cix","time":1608884442,"event":{"mods":["AchievementEnabler","Ascension Unlocker","BaseMod","CapriCore","DeckTracker","Highlight Path","Keyboard Shortcuts","Minty Spire (QoL Compilation)","Permanent Neow","Relic Stats","StSLib","The Cursed","Twitch Utils","Uncapped","UnlockEverythingMod"],"gold_per_floor":[111,130,55,55,0,0,13,13,13],"floor_reached":8,"playtime":269,"items_purged":[],"score":92,"play_id":"065bc948-06f0-47e9-a95c-e1df65026b76","local_time":"20201225172042","is_ascension_mode":true,"campfire_choices":[{"data":"TheCursedMod:SmokeScreen","floor":6,"key":"SMITH"}],"circlet_count":0,"master_deck":["AscendersBane","TheCursedMod:Strike_TheCursed","TheCursedMod:Strike_TheCursed","TheCursedMod:Strike_TheCursed","TheCursedMod:Defend_TheCursed","TheCursedMod:Defend_TheCursed","TheCursedMod:Defend_TheCursed","TheCursedMod:Defend_TheCursed","TheCursedMod:CursedWand","TheCursedMod:CleanUpWorkshop","TheCursedMod:Dregs","TheCursedMod:SmokeScreen+1","TheCursedMod:CircleOfCorruption","TheCursedMod:SurpriseAttack","TheCursedMod:CircleOfFlame"],"relics":["TheCursedMod:BlackMagic101"],"acts_visited":["Exordium"],"potions_floor_usage":[2,8],"damage_taken":[{"damage":4,"enemies":"2 Louse","floor":1,"turns":5},{"damage":0,"enemies":"Small Slimes","floor":2,"turns":4},{"damage":1,"enemies":"Cultist","floor":7,"turns":4},{"damage":68,"enemies":"Gremlin Nob","floor":8,"turns":5}],"seed_played":"-2129860030039180049","potions_obtained":[{"floor":0,"key":"Strength Potion"},{"floor":0,"key":"Energy Potion"},{"floor":4,"key":"Block Potion"}],"is_trial":false,"path_per_floor":["M","M","?","?","$","R","M","E"],"character_chosen":"THE_CURSED","items_purchased":["TheCursedMod:SurpriseAttack"],"campfire_rested":0,"item_purchase_floors":[5],"current_hp_per_floor":[60,60,60,60,60,60,59,0,0],"gold":13,"neow_bonus":"THREE_SMALL_POTIONS","is_daily":false,"chose_seed":false,"campfire_upgraded":1,"win_rate":0.0,"timestamp":1608884442,"path_taken":["M","M","?","?","$","R","?","E"],"items_purchased_type":["Card"],"build_version":"2020-12-22","purchased_purges":0,"victory":false,"max_hp_per_floor":[71,71,71,71,71,71,71,71,71],"relic_stats":{"counters":[4,18],"obtain_stats":[{"TheCursedMod:BlackMagic101":0},{"TheCursedMod:BlackMagic101":0},{"TheCursedMod:BlackMagic101":0}]},"card_choices":[{"not_picked":["TheCursedMod:PrepareRite","TheCursedMod:CircleOfCorruption"],"picked":"TheCursedMod:SmokeScreen","floor":1},{"not_picked":["TheCursedMod:CircleOfWindfury","TheCursedMod:SpitefulStrike"],"picked":"TheCursedMod:CircleOfCorruption","floor":2},{"not_picked":["TheCursedMod:CursedArmor","TheCursedMod:BloodBarrier"],"picked":"TheCursedMod:CircleOfFlame","floor":7}],"player_experience":327848,"relics_obtained":[],"event_choices":[{"cards_removed":["TheCursedMod:Strike_TheCursed"],"damage_healed":0,"gold_gain":0,"player_choice":"Card Removal","damage_taken":0,"max_hp_gain":0,"max_hp_loss":0,"event_name":"The Cleric","floor":3,"gold_loss":75},{"damage_healed":0,"gold_gain":0,"player_choice":"Got Potions","damage_taken":0,"max_hp_gain":0,"max_hp_loss":0,"event_name":"Lab","floor":4,"gold_loss":0}],"is_beta":false,"boss_relics":[],"items_purged_floors":[],"is_endless":false,"potions_floor_spawned":[7],"killed_by":"Gremlin Nob","ascension_level":20}}