{"host":"dntw6kil9p09eemm","time":1608872711,"event":{"mods":["Alarm Clock","Aspiration","BaseMod","Colored Powertips","Downfall","Hermit","Hubris","Minty Spire (QoL Compilation)","Permanent Neow","Shop Mod","Spicy Shops","StSLib"],"gold_per_floor":[114,114,130,146,146,179,179,194,194,111,111,131,131,155,155,155,155,155],"floor_reached":16,"playtime":774,"items_purged":["Injury"],"score":102,"play_id":"2cb12fcc-a8c2-46be-b904-08c1129ace63","local_time":"20201225140511","is_ascension_mode":false,"campfire_choices":[{"floor":7,"key":"REST"},{"floor":15,"key":"REST"}],"circlet_count":0,"master_deck":["Guardian:Strike_Guardian","Guardian:Strike_Guardian","Guardian:Strike_Guardian","Guardian:Strike_Guardian","Guardian:Defend_Guardian","Guardian:Defend_Guardian","Guardian:Defend_Guardian","Guardian:CurlUp","Guardian:TwinSlam","Guardian:Gem_Green","Guardian:PiercingHide","Guardian:VentSteam","Guardian:Reroute+1","Guardian:Gem_Lightblue","Guardian:Gem_Lightblue","Guardian:RollAttack+1"],"relics":["Guardian:ModeShifter","Molten Egg 2","Smiling Mask","MerchantsRug","Golden Idol"],"acts_visited":[],"potions_floor_usage":[],"damage_taken":[{"damage":2,"enemies":"Small Slimes","floor":1,"turns":4},{"damage":1,"enemies":"2 Louse","floor":3,"turns":3},{"damage":3,"enemies":"Jaw Worm","floor":4,"turns":3},{"damage":23,"enemies":"3 Sentries","floor":6,"turns":12},{"damage":14,"enemies":"Exordium Thugs","floor":8,"turns":4},{"damage":3,"enemies":"2 Fungi Beasts","floor":12,"turns":3},{"damage":8,"enemies":"3 Louse","floor":14,"turns":3},{"damage":56,"enemies":"Slime Boss","floor":16,"turns":7}],"seed_played":"7401462994096242143","potions_obtained":[{"floor":3,"key":"SkillPotion"},{"floor":6,"key":"Swift Potion"}],"is_trial":false,"path_per_floor":["M","?","M","M","?","E","R","M","T","$","?","M","?","M","R","B"],"character_chosen":"GUARDIAN","items_purchased":["MerchantsRug"],"campfire_rested":2,"item_purchase_floors":[10],"current_hp_per_floor":[78,78,77,74,74,51,75,61,61,61,61,58,38,30,54,0,0,0],"gold":155,"neow_bonus":"REMOVE_CARD","is_daily":false,"chose_seed":false,"campfire_upgraded":0,"win_rate":0.0,"timestamp":1608872711,"path_taken":["M","?","M","M","?","E","R","M","T","$","?","M","?","M","R","BOSS"],"items_purchased_type":["Relic"],"build_version":"2020-12-22","purchased_purges":1,"victory":false,"max_hp_per_floor":[80,80,80,80,80,80,80,80,80,80,80,80,80,80,80,80,80,80],"card_choices":[{"not_picked":["Guardian:SentryBeam","Guardian:Suspension"],"picked":"Guardian:Gem_Green","floor":1},{"not_picked":["Guardian:Recover","Guardian:CrystalBeam"],"picked":"Guardian:PiercingHide","floor":3},{"not_picked":["Guardian:Planning","Guardian:Gem_Green"],"picked":"Guardian:VentSteam","floor":4},{"not_picked":["Guardian:CrystalBeam+1","Guardian:DecasProtection"],"picked":"Guardian:Reroute+1","floor":6},{"not_picked":["Guardian:ShieldCharger","Guardian:BronzeOrb+1"],"picked":"Guardian:Gem_Lightblue","floor":8},{"not_picked":["Guardian:WalkerClaw+1","Guardian:Planning"],"picked":"Guardian:RollAttack+1","floor":12},{"not_picked":["Guardian:TimeSifter","Guardian:PrimingBeam+1","Guardian:FuturePlans"],"picked":"SKIP","floor":14}],"player_experience":440553,"relics_obtained":[{"floor":6,"key":"hubris:AstralHammer"},{"floor":9,"key":"Smiling Mask"}],"event_choices":[{"damage_healed":0,"gold_gain":0,"player_choice":"Take Damage","damage_taken":20,"relics_obtained":["Golden Idol"],"max_hp_gain":0,"max_hp_loss":0,"event_name":"Golden Idol","floor":13,"gold_loss":0}],"is_beta":false,"boss_relics":[],"items_purged_floors":[10],"is_endless":false,"potions_floor_spawned":[3,6],"killed_by":"Slime Boss","ascension_level":0}}