{"host":"svwqvw2il1zfkkg0","time":1608880496,"event":{"mods":["AchievementEnabler","BaseMod","BetterRewards","Colored Map","Colored Powertips","Custom Start","Downfall","GifTheSpireLib","Highlight Path","Hubris","Infinite Spire","Minty Spire (QoL Compilation)","Quick Restart","Replay The Spire","Shop Mod","StSLib","SuperFastMode"],"gold_per_floor":[112,82,93,109,184,218,218,230,253,253,253,253,253,266,266,362,362,382,11,11,11,29,29,40,40,40,57,57,83,94,94,94,94,94],"floor_reached":33,"playtime":753,"items_purged":[],"score":265,"play_id":"6fd149c8-f458-4cfe-a43b-9729838b6d6e","local_time":"20201224231456","is_ascension_mode":false,"campfire_choices":[{"floor":7,"key":"REST"},{"floor":10,"key":"REST"},{"data":"Cloak And Dagger","floor":13,"key":"SMITH"},{"data":"Dagger Spray","floor":15,"key":"SMITH"},{"floor":23,"key":"REST"},{"floor":25,"key":"REST"}],"circlet_count":0,"master_deck":["Strike_G","Strike_G","Strike_G","Strike_G","Defend_G","Defend_G","Defend_G","Defend_G","Defend_G","Survivor","Neutralize","Blade Dance","Tools of the Trade+1","Slice","Cloak And Dagger+1","Blade Dance","Dagger Spray+1","Dash","Flying Knee","Die Die Die+1","Flying Knee+1","Caltrops+1","Backstab","Hidden Blade+1","All Out Attack","Burst"],"relics":["Ring of the Snake","NeowsBlessing","Dream Catcher","Oddly Smooth Stone","hubris:CrackedHourglass","Blue Doll","Nunchaku","Darkstone Periapt","hubris:MysteriousPyramids"],"acts_visited":["Exordium","TheCity"],"potions_floor_usage":[6,6,6,16,22,27,27],"damage_taken":[{"damage":0,"enemies":"Small Slimes","floor":1,"turns":1},{"damage":0,"enemies":"Cultist","floor":3,"turns":1},{"damage":0,"enemies":"2 Louse","floor":4,"turns":1},{"damage":21,"enemies":"Lagavulin","floor":6,"turns":6},{"damage":13,"enemies":"Large Slime","floor":8,"turns":5},{"damage":7,"enemies":"Looter","floor":14,"turns":3},{"damage":6,"enemies":"Fading Forest","floor":16,"turns":11},{"damage":19,"enemies":"2 Thieves","floor":18,"turns":3},{"damage":15,"enemies":"Shell Parasite","floor":22,"turns":4},{"damage":17,"enemies":"Shelled Parasite and Fungi","floor":24,"turns":5},{"damage":17,"enemies":"Snake Plant","floor":27,"turns":3},{"damage":26,"enemies":"Slavers","floor":29,"turns":5},{"damage":8,"enemies":"Centurion and Healer","floor":30,"turns":3},{"damage":49,"enemies":"Collector","floor":33,"turns":6}],"seed_played":"4967855845691026280","potions_obtained":[{"floor":1,"key":"Reflective Coating"},{"floor":2,"key":"Swift Potion"},{"floor":3,"key":"Adrenaline Potion"},{"floor":14,"key":"PowerPotion"},{"floor":22,"key":"Slimebound:ThreeZeroPotion"},{"floor":24,"key":"Poison Potion"}],"is_trial":false,"path_per_floor":["M","?","M","M","?","E","R","M","T","R","?","?","R","M","R","B",null,"M","$","?","?","M","R","M","R","T","M","?","E","M","?","R_BF","B"],"character_chosen":"THE_SILENT","items_purchased":["Blue Doll","Nunchaku","LiquidBronze"],"campfire_rested":4,"item_purchase_floors":[19,19,19],"current_hp_per_floor":[70,70,70,70,59,38,59,46,46,67,67,67,67,60,60,54,70,51,51,51,51,36,57,40,61,61,44,44,18,10,10,31,0,0],"gold":94,"neow_bonus":"THREE_ENEMY_KILL","is_daily":false,"chose_seed":false,"campfire_upgraded":2,"win_rate":0.0,"timestamp":1608880496,"path_taken":["M","?","M","?","?","E","R","M","T","R","?","?","R","M","R","BOSS","M","$","?","?","M","R","?","R","T","M","?","E","M","?","R_BF","BOSS"],"items_purchased_type":["Relic","Relic","Potion"],"build_version":"2020-12-22","purchased_purges":0,"victory":false,"max_hp_per_floor":[70,70,70,70,70,70,70,70,70,70,70,70,70,70,70,70,70,70,70,70,70,70,70,70,70,70,70,70,70,70,70,70,70,70],"card_choices":[{"not_picked":["Bane","Noxious Fumes"],"picked":"Blade Dance","floor":1},{"not_picked":["Bane","Outmaneuver"],"picked":"Tools of the Trade","floor":3},{"not_picked":["Blur","Bane"],"picked":"Slice","floor":4},{"not_picked":["Hidden Blade","A Thousand Cuts"],"picked":"Cloak And Dagger","floor":6},{"not_picked":["Flying Knee","Deflect"],"picked":"Blade Dance","floor":7},{"not_picked":["Backflip","Caltrops"],"picked":"Dagger Spray","floor":8},{"not_picked":["Outmaneuver","Acrobatics"],"picked":"Dash","floor":10},{"not_picked":["Underhanded Strike","ReplayTheSpireMod:The Works"],"picked":"Flying Knee","floor":14},{"not_picked":["Tools of the Trade","Atom Bomb"],"picked":"Die Die Die","floor":16},{"not_picked":["Bane","Outmaneuver","ReplayTheSpireMod:Scrap Shanks"],"picked":"SKIP","floor":18},{"not_picked":["Flechettes","Draining Mist"],"picked":"Flying Knee","floor":22},{"not_picked":["Crippling Poison","Deadly Poison+1"],"picked":"Caltrops+1","floor":23},{"not_picked":["ReplayTheSpireMod:Tripwire","PiercingWail"],"picked":"Backstab","floor":24},{"not_picked":["Predator","Skewer+1"],"picked":"Hidden Blade+1","floor":27},{"not_picked":["Blade Dance","Grand Finale"],"picked":"All Out Attack","floor":29},{"not_picked":["Backflip","Dodge and Roll","Predator"],"picked":"SKIP","floor":30},{"not_picked":["Sucker Punch","Underhanded Strike"],"picked":"Burst","floor":32}],"player_experience":421380,"relics_obtained":[{"floor":6,"key":"Dream Catcher"},{"floor":9,"key":"Oddly Smooth Stone"},{"floor":26,"key":"Darkstone Periapt"},{"floor":29,"key":"hubris:MysteriousPyramids"}],"event_choices":[{"damage_healed":0,"gold_gain":0,"player_choice":"Bought 2 Potions","damage_taken":0,"max_hp_gain":0,"max_hp_loss":0,"event_name":"The Woman in Blue","floor":2,"gold_loss":0},{"damage_healed":0,"gold_gain":75,"player_choice":"Gather Gold","damage_taken":11,"max_hp_gain":0,"max_hp_loss":0,"event_name":"World of Goop","floor":5,"gold_loss":0},{"damage_healed":0,"gold_gain":0,"player_choice":"Grow","damage_taken":0,"max_hp_gain":0,"max_hp_loss":0,"event_name":"Living Wall","floor":12,"gold_loss":0,"cards_upgraded":["Tools of the Trade"]},{"damage_healed":0,"gold_gain":0,"player_choice":"Ignored","damage_taken":0,"max_hp_gain":0,"max_hp_loss":0,"event_name":"Vampires","floor":20,"gold_loss":0},{"damage_healed":0,"gold_gain":0,"player_choice":"Ignored","damage_taken":0,"max_hp_gain":0,"max_hp_loss":0,"event_name":"Purifier","floor":21,"gold_loss":0},{"cards_removed":["Strike_G"],"damage_healed":0,"gold_gain":0,"player_choice":"Card Removal","damage_taken":0,"max_hp_gain":0,"max_hp_loss":0,"event_name":"Wheel of Change","floor":31,"gold_loss":0}],"is_beta":false,"boss_relics":[{"not_picked":["hubris:Backtick","Astrolabe"],"picked":"hubris:CrackedHourglass"}],"items_purged_floors":[],"is_endless":false,"potions_floor_spawned":[1,3,14,22,24],"killed_by":"Collector","ascension_level":0}}