{"host":"pz1ko3gi7nsxydm3","time":1608871941,"event":{"mods":["AchievementEnabler","Act Like it!","BaseMod","Better Note","Better Third Choice","Colored Map","Downfall","Hallownest","Hermit","Hubris","Minty Spire (QoL Compilation)","Rare Cards Sparkle","Replay The Spire","StSLib","The Bug Knight","The Jungle","??????REMEMod"],"gold_per_floor":[110,110,137,137,212,243,269,279,350,350,315,332,362,118,118,219,219,232,110,110,129,129,78,78,94,94,94,94,105,105,105],"floor_reached":30,"playtime":1245,"items_purged":[],"score":234,"play_id":"71881ccf-7824-4409-94a4-a0b546dee3fc","local_time":"20201225045221","is_ascension_mode":false,"campfire_choices":[{"floor":10,"key":"REST"},{"floor":15,"key":"REST"},{"floor":24,"key":"RECALL"},{"data":"REME_AllRoundStrike","floor":27,"key":"SMITH"}],"circlet_count":0,"master_deck":["Strike_R","Strike_R+1","Strike_R","Strike_R+1","Strike_R","Defend_R","Defend_R","Defend_R","Defend_R","Bash","REME_AllRoundStrike+1","Strike_R","Defend_R","Second Wind","Self Repair+1","Hologram","Sever Soul","Recycle","Transmutation","ReplayTheSpireMod:Omega Cannon","ReplayTheSpireMod:Strike From Hell","Evolve","Armaments","ReplayTheSpireMod:Strike From Hell","Armaments"],"relics":["REME_ComplimentaryCards","Peace Pipe","Iron Core","Strawberry","Pocketwatch","Simple Rune","Mummified Hand","Oddly Smooth Stone","Mark of Pain","Counterbalance","Champion Belt","Ancient Tea Set"],"acts_visited":["Exordium","TheCity"],"potions_floor_usage":[13,16,16,16,16,16,25,25,29,30],"damage_taken":[{"damage":2,"enemies":"Small Slimes","floor":1,"turns":5},{"damage":41,"enemies":"Replay:BlueRogue","floor":6,"turns":8},{"damage":1,"enemies":"Jaw Worm","floor":8,"turns":3},{"damage":6,"enemies":"2 Louse","floor":12,"turns":2},{"damage":22,"enemies":"3 Sentries","floor":13,"turns":4},{"damage":54,"enemies":"The Guardian","floor":16,"turns":10},{"damage":4,"enemies":"Chosen","floor":18,"turns":4},{"damage":10,"enemies":"Shell Parasite","floor":21,"turns":2},{"damage":42,"enemies":"Sentry and Sphere","floor":25,"turns":4},{"damage":24,"enemies":"Centurion and Healer","floor":29,"turns":6},{"damage":35,"enemies":"Shelled Parasite and Fungi","floor":30,"turns":3}],"seed_played":"256082724185812696","potions_obtained":[{"floor":6,"key":"ColorlessPotion"},{"floor":13,"key":"DuplicationPotion"},{"floor":18,"key":"Regen Potion"},{"floor":29,"key":"champ:CounterPotion"}],"is_trial":false,"path_per_floor":["M","?","T","?","?","E","T","M","T","R","?","M","E","$","R","B",null,"M","$","?","M","T","$","R","M","T","R","?","M","M"],"character_chosen":"IRONCLAD","items_purchased":["Transmutation","ColorlessPotion","ReplayTheSpireMod:Strike From Hell","Evolve","Armaments"],"campfire_rested":2,"item_purchase_floors":[14,14,19,19,23],"current_hp_per_floor":[80,80,80,80,69,38,38,37,37,63,84,78,56,56,82,38,87,83,83,87,77,77,77,77,46,46,46,46,32,0,0],"gold":105,"neow_bonus":"ONE_RARE_RELIC","is_daily":false,"chose_seed":false,"campfire_upgraded":1,"win_rate":0.0,"timestamp":1608871941,"path_taken":["M","?","?","?","?","E","?","M","T","R","?","M","E","$","R","BOSS","M","$","?","?","?","$","R","M","T","R","?","M","?"],"items_purchased_type":["Card","Potion","Card","Card","Card"],"build_version":"2020-12-22","purchased_purges":0,"victory":false,"max_hp_per_floor":[80,80,80,87,87,87,87,87,87,87,87,87,87,87,87,87,87,87,87,87,87,87,87,87,89,89,89,89,89,89,89],"card_choices":[{"not_picked":["Dual Wield","Thunderclap"],"picked":"Second Wind","floor":1},{"not_picked":["Wild Strike","Rip and Tear"],"picked":"Hologram","floor":6},{"not_picked":["ReplayTheSpireMod:Stacked","ReplayTheSpireMod:Limb From Limb"],"picked":"Sever Soul","floor":8},{"not_picked":["Anger","Sever Soul"],"picked":"Recycle","floor":12},{"not_picked":["Clothesline","Heavy Blade"],"picked":"ReplayTheSpireMod:Corrosion Curse","floor":13},{"not_picked":["Brutality","Immolate"],"picked":"ReplayTheSpireMod:Omega Cannon","floor":16},{"not_picked":["Headbutt","Wild Strike","Body Slam+1"],"picked":"SKIP","floor":18},{"not_picked":["Sword Boomerang","Headbutt","Heavy Blade"],"picked":"SKIP","floor":21},{"not_picked":["REME_ACTH","Run Through"],"picked":"ReplayTheSpireMod:Strike From Hell","floor":25},{"not_picked":["Heavy Blade+1","Sword Boomerang"],"picked":"Armaments","floor":29}],"player_experience":103651,"relics_obtained":[{"floor":6,"key":"Pocketwatch"},{"floor":7,"key":"Simple Rune"},{"floor":9,"key":"Mummified Hand"},{"floor":13,"key":"Oddly Smooth Stone"},{"floor":22,"key":"Counterbalance"},{"floor":26,"key":"Champion Belt"}],"event_choices":[{"damage_healed":0,"gold_gain":0,"player_choice":"Relic ","damage_taken":7,"max_hp_gain":0,"max_hp_loss":0,"event_name":"betterThird:BetterScrap","floor":4,"gold_loss":0,"cards_obtained":["WreathOfFlame"]},{"damage_healed":0,"gold_gain":75,"player_choice":"Gold","damage_taken":11,"max_hp_gain":0,"max_hp_loss":0,"event_name":"betterThird:BetterGoop","floor":5,"gold_loss":0},{"damage_healed":21,"gold_gain":0,"player_choice":"Healed","damage_taken":0,"max_hp_gain":0,"max_hp_loss":0,"event_name":"The Cleric","floor":11,"gold_loss":35},{"cards_removed":["ReplayTheSpireMod:Corrosion Curse"],"damage_healed":4,"gold_gain":0,"player_choice":"Offered Uncommon","damage_taken":0,"max_hp_gain":0,"max_hp_loss":0,"event_name":"Bonfire Elementals","floor":20,"gold_loss":0},{"damage_healed":0,"gold_gain":0,"player_choice":"Ignored","damage_taken":0,"max_hp_gain":0,"max_hp_loss":0,"event_name":"betterNote:BetterNote","floor":28,"gold_loss":0,"cards_obtained":["Draining Mist"]}],"is_beta":false,"boss_relics":[{"not_picked":["REME_DuelDisc","Replay:Grab Bag"],"picked":"Mark of Pain"}],"items_purged_floors":[],"is_endless":false,"potions_floor_spawned":[6,13,18,21,29],"killed_by":"Shelled Parasite and Fungi","ascension_level":0}}