{"host":"640uue19m79c7wbt","time":1608880122,"event":{"mods":["BaseMod","Colored Map","Googly Eyes","Highlight Path","Minty Spire (QoL Compilation)","Quick Restart","StSLib"],"gold_per_floor":[113,128,128,128,128,128,143,143,143,169,169,129,156,81,81,81,81],"floor_reached":16,"playtime":442,"items_purged":["Strike_G"],"score":212,"play_id":"8fede876-1764-46cb-b413-b996a2b49af0","local_time":"20201225020842","is_ascension_mode":true,"campfire_choices":[{"data":"Choke","floor":6,"key":"SMITH"},{"data":"Blur","floor":8,"key":"SMITH"},{"floor":11,"key":"REST"},{"floor":15,"key":"REST"}],"circlet_count":0,"master_deck":["AscendersBane","Strike_G","Strike_G","Strike_G","Strike_G","Defend_G","Defend_G","Defend_G","Defend_G","Defend_G+1","Survivor","Neutralize+1","Choke+1","Cloak And Dagger+1","Blur+1","Neutralize","Slice","Heel Hook","Storm of Steel"],"relics":["Ring of the Snake","NeowsBlessing","Bottled Lightning","Mango","Ornamental Fan"],"acts_visited":["Exordium"],"potions_floor_usage":[10,10,16],"damage_taken":[{"damage":0.0,"enemies":"2 Louse","floor":1.0,"turns":1.0},{"damage":0.0,"enemies":"Jaw Worm","floor":2.0,"turns":1.0},{"damage":0,"enemies":"Cultist","floor":7,"turns":1},{"damage":24,"enemies":"Gremlin Nob","floor":10,"turns":5},{"damage":22,"enemies":"Lagavulin","floor":13,"turns":7},{"damage":58,"enemies":"Hexaghost","floor":16,"turns":14}],"seed_played":"-6379252071329646390","potions_obtained":[{"floor":1.0,"key":"Energy Potion"},{"floor":2.0,"key":"GhostInAJar"},{"floor":13,"key":"Poison Potion"}],"is_trial":false,"path_per_floor":["M","M","?","?","?","R","M","R","T","E","R","?","E","$","R","B"],"character_chosen":"THE_SILENT","items_purchased":[],"campfire_rested":2,"item_purchase_floors":[],"current_hp_per_floor":[59,59,39,39,39,39,39,39,39,29,53,53,31,31,55,0,0],"gold":81,"neow_bonus":"THREE_ENEMY_KILL","is_daily":false,"chose_seed":false,"campfire_upgraded":2,"win_rate":0.0,"timestamp":1608880122,"path_taken":["M","M","?","?","?","R","?","R","T","E","R","?","E","$","R","BOSS"],"items_purchased_type":[],"build_version":"2020-12-22","purchased_purges":1,"victory":false,"max_hp_per_floor":[66,66,66,66,66,66,66,66,66,80,80,80,80,80,80,80,80],"card_choices":[{"not_picked":["PiercingWail","Sucker Punch"],"picked":"Choke","floor":1.0},{"not_picked":["Skewer","Dagger Throw"],"picked":"Cloak And Dagger","floor":2.0},{"not_picked":["Expertise","All Out Attack"],"picked":"Slice","floor":7},{"not_picked":["Poisoned Stab","Eviscerate"],"picked":"Heel Hook","floor":10},{"not_picked":["Outmaneuver","Finisher"],"picked":"Storm of Steel","floor":13}],"player_experience":1229316,"relics_obtained":[{"floor":9,"key":"Bottled Lightning"},{"floor":10,"key":"Mango"},{"floor":13,"key":"Ornamental Fan"}],"event_choices":[{"damage_healed":0.0,"max_hp_gain":0.0,"max_hp_loss":0.0,"gold_gain":0.0,"event_name":"Shining Light","player_choice":"Entered Light","floor":3.0,"gold_loss":0.0,"damage_taken":20.0,"cards_upgraded":["Defend_G","Neutralize"]},{"damage_healed":0.0,"max_hp_gain":0.0,"max_hp_loss":0.0,"gold_gain":0.0,"event_name":"Living Wall","player_choice":"Grow","floor":4.0,"gold_loss":0.0,"damage_taken":0.0,"cards_upgraded":["Cloak And Dagger"]},{"damage_healed":0,"gold_gain":0,"player_choice":"2 cards matched","damage_taken":0,"max_hp_gain":0,"max_hp_loss":0,"event_name":"Match and Keep!","floor":5,"gold_loss":0,"cards_obtained":["Blur","Neutralize"]},{"damage_healed":0,"gold_gain":0,"player_choice":"Left Gold","damage_taken":0,"max_hp_gain":0,"max_hp_loss":0,"event_name":"World of Goop","floor":12,"gold_loss":40}],"is_beta":false,"boss_relics":[],"items_purged_floors":[14],"is_endless":false,"potions_floor_spawned":[1,2,13],"killed_by":"Hexaghost","ascension_level":20}}