{"host":"dwyzfvnzfcqffr30","time":1608933287,"event":{"mods":["2.2 Compatiblity","Act Like it!","BaseMod","Beaked The Cultist","Better Altar","Better Match","Better Note","Better Sensory Stone","Better Skull","Better Third Choice","Clockwork Mod","Colored Map","Colored Powertips","Conspire","Downfall","Elementarium","GifTheSpireLib","Halation","Hermit","Hubris","Infinite Spire","Ironclad Rager","Jedi Mod","Menagerie","Mimic Mod","Minty Spire (QoL Compilation)","Permanent Neow","Random Character Button","Replay The Spire","Spicy Shops","StSLib","Stuff the Spire","The Construct","The Disciple","The Druid","The Marked","TheFirefly","Trackpad","vexMod"],"gold_per_floor":[438,438,438,438,438,498,550,550,602,671,146,175,25,57,57,164,164,204,204,204,204,238,238,287,88,88,88,123,150,201,201,311,311,346,364,404,404,404,404,445,445,69,69,102,102,102,102,102,4,32,32],"floor_reached":56,"playtime":11040,"items_purged":["Strike_G+1"],"score":1878,"play_id":"58eedbb3-938d-4e76-adf3-4a495c77dcd8","local_time":"20201225135447","is_ascension_mode":true,"campfire_choices":[{"floor":8,"key":"REST"},{"floor":15,"key":"REST"},{"floor":23,"key":"REST"},{"floor":27,"key":"RECALL"},{"floor":32,"key":"REST"},{"data":"StuffTheSpire:BrainWave","floor":40,"key":"SMITH"},{"floor":47,"key":"REST"},{"floor":52,"key":"REST"}],"circlet_count":0,"master_deck":["AscendersBane","Strike_G+1","Strike_G+1","Strike_G+1","Strike_G+1","Defend_G+1","Defend_G+1","Defend_G+1","Defend_G+1","Defend_G+1","Survivor+1","Neutralize+1","MasterReality+1","Outmaneuver+1","ReplayTheSpireMod:Black Plague+1","Phantasmal Killer+1","Die Die Die+1","Glass Knife+1","Flying Knee+1","ReplayTheSpireMod:From All Sides+1","Replay:SS_hec_2+1","hubris:EnhanceAbility+1","ReplayTheSpireMod:Exploit Weakness+1","Caltrops+1","Venomology+1","AscendersBane","StuffTheSpire:BrainWave+1","expansioncontent:StudyTheSpire+1"],"relics":["Ring of the Snake","NeowsBlessing","Bottled Tornado","infinitespire:EvilPickle","Frozen Egg 2","Toxic Egg 2","Molten Egg 2","Juzu Bracelet","hubris:EvacipatedBox","halation:EternalFortune","Menagerie:ShiftingBlessing","ReplayFunnel","Gremlin Food","infinitespire:Bottled Soul","Strawberry","CeramicFish","vexMod:MysteryBossChallenge","Ooze Armor","vexMod:MemoryStick","trackpad:CultistFigurine","Chemical X","hubris:Teleporter","trackpad:ByrdCharm","Elementarium:ElementariumTrophy","Busted Crown","hubris:Icosahedron","infinitespire:ShieldingShard","StuffTheSpire:BottledEssence","beaked:ShinyBauble","conspire:TopHat"],"acts_visited":["Menagerie:Menagerie","Elementarium:Elementarium","TheBeyond","TheEnding"],"potions_floor_usage":[16,28,31,33,35,41,41,50,50,50,50,54,55,55,55,55],"damage_taken":[{"damage":0,"enemies":"Menagerie:StygianBoar","floor":1,"turns":1},{"damage":0,"enemies":"Menagerie:Hydra","floor":6,"turns":1},{"damage":0,"enemies":"Menagerie:MonstrousExperiment","floor":7,"turns":1},{"damage":6,"enemies":"Menagerie:VoidReaper","floor":10,"turns":4},{"damage":0,"enemies":"Menagerie:2_RABBITS","floor":12,"turns":1},{"damage":0,"enemies":"Menagerie:Hydra","floor":14,"turns":4},{"damage":0,"enemies":"Menagerie:Chimera","floor":16,"turns":7},{"damage":0,"enemies":"Elementarium:MUD_AND_TAR_GOLEMS","floor":18,"turns":4},{"damage":0,"enemies":"Elementarium:2_ELEMENTALS","floor":22,"turns":1},{"damage":6,"enemies":"Elementarium:FIRE_NOBILITY","floor":24,"turns":7},{"damage":4,"enemies":"Elementarium:WarGolem","floor":28,"turns":3},{"damage":0,"enemies":"Elementarium:Hydrostalker","floor":30,"turns":3},{"damage":20,"enemies":"Elementarium:FIRE_NOBILITY","floor":31,"turns":7},{"damage":0,"enemies":"Elementarium:PHOENIXES","floor":33,"turns":9},{"damage":0,"enemies":"3 Shapes","floor":35,"turns":6},{"damage":0,"enemies":"3 Darklings","floor":37,"turns":3},{"damage":0,"enemies":"Transient","floor":41,"turns":5},{"damage":7,"enemies":"Reptomancer","floor":48,"turns":6},{"damage":31,"enemies":"Replay:Hell Engine","floor":50,"turns":8},{"damage":0,"enemies":"Shield and Spear","floor":54,"turns":6},{"damage":0,"enemies":"The Heart","floor":55,"turns":8}],"seed_played":"-5843151408221034559","potions_obtained":[{"floor":7,"key":"SpeedPotion"},{"floor":16,"key":"Energy Potion"},{"floor":22,"key":"Elixir"},{"floor":28,"key":"jedi:StrikingPotion"},{"floor":30,"key":"PowerPotion"},{"floor":31,"key":"Ancient Potion"},{"floor":49,"key":"Slimebound:ThreeZeroPotion"},{"floor":54,"key":"PowerPotion"}],"is_trial":false,"path_per_floor":["M","?","?","?","?","E","M","R","T","E","$","M","$","E","R","B",null,"M","?","?","?","M","R","E","$","T","R","E","M","E","R","B",null,"M","?","M","?","AVR","R","M","T","$","R","E","R_BF","B",null,"R","$","E","B",null],"character_chosen":"THE_SILENT","items_purchased":["Replay:SS_hec_2+1","hubris:EnhanceAbility+1","infinitespire:Bottled Soul","Strawberry","trackpad:CultistFigurine","Chemical X","StuffTheSpire:BottledEssence","expansioncontent:StudyTheSpire+1","Explosive Potion","Energy Potion"],"campfire_rested":6,"item_purchase_floors":[11,11,11,13,25,25,45,45,53,53],"current_hp_per_floor":[63,66,49,40,40,40,40,61,61,55,55,55,62,62,80,80,80,83,86,86,68,68,86,80,80,80,80,76,76,56,81,81,85,85,85,85,85,85,85,85,85,85,86,79,79,48,77,86,86,86,86],"gold":32,"neow_bonus":"THREE_ENEMY_KILL","is_daily":false,"chose_seed":false,"campfire_upgraded":1,"win_rate":0.0,"timestamp":1608933287,"path_taken":["M","?","?","?","?","E","M","R","T","E","$","M","?","E","R","BOSS","M","?","?","?","M","R","E","$","T","R","E","M","E","R","BOSS","M","?","M","?","AVR","R","M","T","$","R","E","R_BF","BOSS","R","$","E","BOSS"],"items_purchased_type":["Card","Card","Relic","Relic","Relic","Relic","Relic","Card","Potion","Potion"],"build_version":"2020-12-22","purchased_purges":1,"victory":true,"max_hp_per_floor":[70,73,73,73,73,73,73,73,73,73,73,73,80,80,80,80,80,83,86,86,86,86,86,86,86,86,86,86,86,86,86,86,86,86,86,86,86,86,86,86,86,86,86,86,86,86,86,86,86,86,86],"card_choices":[{"not_picked":["Calculated Gamble+1","Acrobatics+1"],"picked":"Outmaneuver+1","floor":1},{"not_picked":["infinitespire:Starlight","hubris:InfiniteBlow"],"picked":"ReplayTheSpireMod:Black Plague","floor":3},{"not_picked":["Glass Knife+1","Adrenaline+1"],"picked":"Phantasmal Killer+1","floor":5},{"not_picked":["Atom Bomb+1","Phantasmal Killer+1"],"picked":"Die Die Die+1","floor":5},{"not_picked":["jedi:rejectivetoxin+1","ReplayTheSpireMod:Necrosis+1"],"picked":"Glass Knife+1","floor":5},{"not_picked":["Caltrops+1","PiercingWail+1"],"picked":"Flying Knee+1","floor":6},{"not_picked":["Bane+1","hubris:TrickCloak+1","Draining Mist+1"],"picked":"SKIP","floor":7},{"not_picked":["Toxin Wave+1","Glass Knife+1"],"picked":"ReplayTheSpireMod:From All Sides+1","floor":10},{"not_picked":["ReplayTheSpireMod:Shiv Toss+1","Prepared+1","StuffTheSpire:ClusterCrunch+1"],"picked":"SKIP","floor":12},{"not_picked":["Prepared+1","Calculated Gamble+1","infinitespire:Neurotoxin+1"],"picked":"SKIP","floor":14},{"not_picked":["Bane+1","StuffTheSpire:Python+1"],"picked":"ReplayTheSpireMod:Exploit Weakness+1","floor":18},{"not_picked":["Heel Hook+1","Prepared+1"],"picked":"Caltrops+1","floor":22},{"not_picked":["Prepared+1","Quick Slash+1","Acrobatics+1"],"picked":"SKIP","floor":24},{"not_picked":["Eviscerate+1","StuffTheSpire:DoubleShiv+1","StuffTheSpire:ClusterCrunch+1"],"picked":"SKIP","floor":28},{"not_picked":["Dagger Throw+1","Cloak And Dagger+1","PiercingWail+1"],"picked":"SKIP","floor":30},{"not_picked":["Flying Knee+1","Slice+1"],"picked":"Venomology+1","floor":31},{"not_picked":["StuffTheSpire:Injection+1"],"picked":"SKIP","floor":35},{"not_picked":["StuffTheSpire:ClusterCrunch+1"],"picked":"SKIP","floor":37},{"not_picked":["StuffTheSpire:Python+1"],"picked":"SKIP","floor":41},{"not_picked":["Predator+1"],"picked":"SKIP","floor":48},{"not_picked":["Flying Knee+1"],"picked":"SKIP","floor":54}],"player_experience":2430380,"relics_obtained":[{"floor":9,"key":"ReplayFunnel"},{"floor":10,"key":"Gremlin Food"},{"floor":14,"key":"CeramicFish"},{"floor":18,"key":"halation:EternalFortune"},{"floor":28,"key":"hubris:Teleporter"},{"floor":31,"key":"trackpad:ByrdCharm"},{"floor":43,"key":"infinitespire:ShieldingShard"},{"floor":48,"key":"beaked:ShinyBauble"},{"floor":54,"key":"conspire:TopHat"}],"event_choices":[{"damage_healed":0,"gold_gain":0,"player_choice":"Simplicity","damage_taken":0,"max_hp_gain":0,"max_hp_loss":10,"event_name":"betterThird:BetterWriting","floor":0,"gold_loss":0},{"damage_healed":0,"gold_gain":0,"player_choice":"Touch","damage_taken":9,"relics_obtained":["Menagerie:ShiftingBlessing"],"max_hp_gain":0,"max_hp_loss":0,"event_name":"Menagerie:LunarGift","floor":4,"gold_loss":0},{"damage_healed":0,"gold_gain":0,"player_choice":"3","damage_taken":0,"max_hp_gain":0,"max_hp_loss":0,"event_name":"betterMatch:BetterMatch","floor":5,"gold_loss":0,"cards_obtained":["betterMatch:RareCard"]},{"damage_healed":0,"gold_gain":0,"player_choice":"Ignored","damage_taken":0,"max_hp_gain":0,"max_hp_loss":0,"event_name":"Elementarium:GreatTreasure","floor":20,"gold_loss":0},{"damage_healed":0,"gold_gain":0,"player_choice":"RE ","damage_taken":20,"relics_obtained":["vexMod:MemoryStick"],"max_hp_gain":0,"max_hp_loss":0,"event_name":"betterSkull:BetterSkull","floor":21,"gold_loss":0,"cards_upgraded":[]},{"damage_healed":0,"gold_gain":3,"player_choice":"3","damage_taken":0,"max_hp_gain":0,"max_hp_loss":0,"event_name":"betterStone:BetterStone","floor":36,"gold_loss":0,"cards_obtained":["StuffTheSpire:BrainWave"]}],"is_beta":false,"boss_relics":[{"not_picked":["vexMod:NewClearReactor","halation:CatFaceCupcake","vexMod:MegatonBomb"],"picked":"vexMod:MysteryBossChallenge"},{"not_picked":["StuffTheSpire:Kangaroo","vexMod:RockOfEvil","halation:SmartPhone"],"picked":"Busted Crown"}],"items_purged_floors":[39],"is_endless":false,"potions_floor_spawned":[7,14,16,22,28,30,31,35,54],"ascension_level":11}}