{"host":"fjaupvxe7fzqrf4j","time":1608901073,"event":{"mods":["ATMod(°¢èªMod)","BaseMod","Minty Spire (QoL Compilation)","StSLib"],"gold_per_floor":[111,36,50,65,65,65,98,98,98,113,146,161,189,207,207,284,284,299,315,230,130,148,181,181,210,284,313,325,325,325],"floor_reached":29,"playtime":575,"items_purged":["Defend_P","Strike_P"],"score":842,"play_id":"5fecb6a8-59e8-4ea9-bd4b-57d33a2a9bba","local_time":"20201225205753","is_ascension_mode":true,"campfire_choices":[{"data":"Eruption","floor":6.0,"key":"SMITH"},{"floor":15.0,"key":"REST"},{"data":"Scrawl","floor":24.0,"key":"SMITH"}],"circlet_count":0,"master_deck":["AscendersBane","Strike_P","Strike_P","Strike_P+1","Defend_P+1","Defend_P+1","Eruption+1","Vigilance","AT_OneInchPunch+1","FollowUp","Crescendo","DeusExMachina","Scrawl+1","Indignation","FearNoEvil+1"],"relics":["PureWater","AT_ATBox","AT_Manta","AT_TimeSand","Potion Belt","Whetstone","War Paint","Coffee Dripper","TungstenRod","Art of War","Nunchaku","Frozen Egg 2","AT_GuinsooRageblade"],"acts_visited":["Exordium","TheCity"],"potions_floor_usage":[29,29],"damage_taken":[{"damage":0.0,"enemies":"Cultist","floor":1.0,"turns":2.0},{"damage":4.0,"enemies":"Jaw Worm","floor":3.0,"turns":3.0},{"damage":0.0,"enemies":"Small Slimes","floor":4.0,"turns":1.0},{"damage":7.0,"enemies":"3 Sentries","floor":7.0,"turns":4.0},{"damage":3.0,"enemies":"3 Louse","floor":10.0,"turns":2.0},{"damage":39.0,"enemies":"Lagavulin","floor":11.0,"turns":5.0},{"damage":0.0,"enemies":"2 Fungi Beasts","floor":12.0,"turns":2.0},{"damage":0.0,"enemies":"Gremlin Nob","floor":13.0,"turns":1.0},{"damage":0.0,"enemies":"Exordium Thugs","floor":14.0,"turns":2.0},{"damage":0.0,"enemies":"Slime Boss","floor":16.0,"turns":5.0},{"damage":0.0,"enemies":"Spheric Guardian","floor":18.0,"turns":1.0},{"damage":0.0,"enemies":"Chosen","floor":19.0,"turns":2.0},{"damage":3.0,"enemies":"3 Cultists","floor":22.0,"turns":3.0},{"damage":24.0,"enemies":"Book of Stabbing","floor":23.0,"turns":4.0},{"damage":0.0,"enemies":"Slavers","floor":25.0,"turns":2.0},{"damage":9.0,"enemies":"Gremlin Leader","floor":27.0,"turns":2.0},{"damage":0,"enemies":"Centurion and Healer","floor":28,"turns":3},{"damage":0,"enemies":"Slavers","floor":29,"turns":1}],"seed_played":"-7739895434722947805","potions_obtained":[{"floor":4.0,"key":"Strength Potion"},{"floor":11.0,"key":"DuplicationPotion"},{"floor":12.0,"key":"Swift Potion"},{"floor":13.0,"key":"BlessingOfTheForge"},{"floor":14.0,"key":"SpeedPotion"},{"floor":18.0,"key":"StancePotion"},{"floor":28,"key":"BlessingOfTheForge"}],"is_trial":false,"path_per_floor":["M","$","M","M","?","R","E","?","T","M","E","M","E","M","R","B",null,"M","M","?","$","M","E","R","E","T","E","M","E"],"character_chosen":"WATCHER","items_purchased":[],"campfire_rested":1,"item_purchase_floors":[],"current_hp_per_floor":[61,61,57,57,57,57,50,43,43,40,1,1,1,1,19,19,51,51,51,51,51,48,24,24,24,24,15,15,15,15],"gold":325,"neow_bonus":"ONE_RARE_RELIC","is_daily":false,"chose_seed":false,"campfire_upgraded":2,"win_rate":0.0,"timestamp":1608901073,"path_taken":["M","$","M","?","?","R","E","?","T","M","E","M","E","M","R","BOSS","M","M","?","$","M","E","R","E","T","E","M","E"],"items_purchased_type":[],"build_version":"2020-12-22","purchased_purges":2,"victory":false,"max_hp_per_floor":[62,62,62,62,62,62,62,62,62,62,62,62,62,62,62,62,62,62,62,62,62,62,62,62,62,62,62,62,62,62],"card_choices":[{"not_picked":["Consecrate","CrushJoints","EmptyBody"],"picked":"SKIP","floor":1.0},{"not_picked":["EmptyFist","Halt","Worship"],"picked":"SKIP","floor":3.0},{"not_picked":["ForeignInfluence","EmptyBody"],"picked":"FollowUp","floor":4.0},{"not_picked":["Perseverance","CrushJoints","DeceiveReality"],"picked":"SKIP","floor":7.0},{"not_picked":["FlurryOfBlows","Nirvana","Prostrate"],"picked":"SKIP","floor":10.0},{"not_picked":["FollowUp","Nirvana","ConjureBlade"],"picked":"SKIP","floor":11.0},{"not_picked":["EmptyBody","BowlingBash"],"picked":"Crescendo","floor":12.0},{"not_picked":["Protect","CrushJoints"],"picked":"DeusExMachina","floor":13.0},{"not_picked":["Perseverance","Wireheading","AT_OneInchPunch"],"picked":"SKIP","floor":14.0},{"not_picked":["AT_MachinaRedman","Blasphemy"],"picked":"Scrawl","floor":16.0},{"not_picked":["Halt","Protect","JustLucky"],"picked":"SKIP","floor":18.0},{"not_picked":["EmptyBody","Consecrate"],"picked":"Indignation","floor":19.0},{"not_picked":["Collect+1","Fasting2","BattleHymn"],"picked":"SKIP","floor":22.0},{"not_picked":["FlurryOfBlows+1","PathToVictory","Nirvana"],"picked":"SKIP","floor":23.0},{"not_picked":["LikeWater","AT_RealColorLess"],"picked":"FearNoEvil+1","floor":25.0},{"not_picked":["Wireheading+1","JustLucky","PathToVictory"],"picked":"SKIP","floor":27.0},{"not_picked":["AT_RealFormLess","EmptyBody+1","FlurryOfBlows"],"picked":"SKIP","floor":28}],"player_experience":285652,"relics_obtained":[{"floor":7.0,"key":"AT_TimeSand"},{"floor":9.0,"key":"Potion Belt"},{"floor":11.0,"key":"Whetstone"},{"floor":13.0,"key":"War Paint"},{"floor":23.0,"key":"Art of War"},{"floor":25.0,"key":"Nunchaku"},{"floor":26.0,"key":"Frozen Egg 2"},{"floor":27.0,"key":"AT_GuinsooRageblade"}],"event_choices":[{"damage_healed":0.0,"max_hp_gain":0.0,"max_hp_loss":0.0,"gold_gain":0.0,"event_name":"Liars Game","player_choice":"Ignored","floor":5.0,"gold_loss":0.0,"damage_taken":0.0},{"cards_removed":["Defend_P"],"damage_healed":0.0,"max_hp_gain":0.0,"max_hp_loss":0.0,"gold_gain":0.0,"event_name":"Golden Wing","player_choice":"Card Removal","floor":8.0,"gold_loss":0.0,"damage_taken":7.0},{"damage_healed":0.0,"max_hp_gain":0.0,"max_hp_loss":0.0,"gold_gain":0.0,"event_name":"Addict","player_choice":"Obtained Relic","floor":20.0,"gold_loss":85.0,"damage_taken":0.0,"relics_obtained":["TungstenRod"]}],"is_beta":false,"boss_relics":[{"not_picked":["Snecko Eye","Calling Bell"],"picked":"Coffee Dripper"}],"items_purged_floors":[2,21],"is_endless":false,"potions_floor_spawned":[4,11,12,13,14,18,22,28],"killed_by":"Slavers","ascension_level":17}}