{"host":"wkq136ike0ligh15","time":1608924106,"event":{"mods":["Bard","BaseMod","Clockwork Mod","Minty Spire (QoL Compilation)","StSLib"],"gold_per_floor":[119,139,152,6,6,35,45,71,71,96,96,109,109,119,119,219,219,232,252,267,267,267,267,267],"floor_reached":23,"playtime":687,"items_purged":[],"score":240,"play_id":"7a78bb5a-de51-4683-9bd0-7e2296198300","local_time":"20201225142146","is_ascension_mode":false,"campfire_choices":[{"floor":11,"key":"REST"},{"floor":15,"key":"REST"}],"circlet_count":0,"master_deck":["Strike_G","Strike_G","Strike_G","Strike_G","Strike_G","Defend_G","Defend_G","Defend_G","Defend_G","Defend_G","Survivor","Neutralize","Blade Dance","Infinite Blades","Flying Knee","Poisoned Stab","Skewer","Die Die Die","Dagger Throw+1","Cloak And Dagger","Regret","Dodge and Roll","Venomology","Accuracy","Prepared","Flying Knee+1"],"relics":["Ring of the Snake","NeowsBlessing","Boot","Strawberry","Pear","Molten Egg 2","Ninja Scroll","Ginger","HoveringKite"],"acts_visited":["Exordium","TheCity"],"potions_floor_usage":[12,16,16,21,23,23],"damage_taken":[{"damage":0,"enemies":"Jaw Worm","floor":1,"turns":1},{"damage":0,"enemies":"Cultist","floor":2,"turns":1},{"damage":0,"enemies":"2 Louse","floor":3,"turns":1},{"damage":18,"enemies":"3 Sentries","floor":6,"turns":8},{"damage":6,"enemies":"Large Slime","floor":7,"turns":5},{"damage":28,"enemies":"Gremlin Nob","floor":8,"turns":4},{"damage":26,"enemies":"3 Sentries","floor":10,"turns":5},{"damage":0,"enemies":"Exordium Wildlife","floor":12,"turns":2},{"damage":0,"enemies":"3 Louse","floor":14,"turns":2},{"damage":54,"enemies":"Hexaghost","floor":16,"turns":10},{"damage":22,"enemies":"Shell Parasite","floor":18,"turns":6},{"damage":27,"enemies":"2 Thieves","floor":19,"turns":3},{"damage":13,"enemies":"3 Cultists","floor":20,"turns":5},{"damage":15,"enemies":"Shelled Parasite and Fungi","floor":21,"turns":3},{"damage":18,"enemies":"Slavers","floor":23,"turns":1}],"seed_played":"-8195711273975979746","potions_obtained":[{"floor":6,"key":"Energy Potion"},{"floor":7,"key":"Ancient Potion"},{"floor":8,"key":"FearPotion"},{"floor":14,"key":"SpeedPotion"},{"floor":18,"key":"Ancient Potion"}],"is_trial":false,"path_per_floor":["M","M","M","$","?","E","M","E","T","E","R","M","?","M","R","B",null,"M","M","M","M","?","E"],"character_chosen":"THE_SILENT","items_purchased":["Boot"],"campfire_rested":2,"item_purchase_floors":[4],"current_hp_per_floor":[70,70,70,70,70,59,53,35,35,9,35,35,35,35,61,7,87,65,38,25,10,10,0,0],"gold":267,"neow_bonus":"THREE_ENEMY_KILL","is_daily":false,"chose_seed":false,"campfire_upgraded":0,"win_rate":0.0,"timestamp":1608924106,"path_taken":["M","M","M","$","?","E","?","E","T","E","R","M","?","M","R","BOSS","M","M","M","M","?","E"],"items_purchased_type":["Relic"],"build_version":"2020-12-22","purchased_purges":0,"victory":false,"max_hp_per_floor":[70,70,70,70,70,77,77,87,87,87,87,87,87,87,87,87,87,87,87,87,87,87,87,87],"card_choices":[{"not_picked":["Acrobatics","Footwork"],"picked":"Blade Dance","floor":1},{"not_picked":["Dagger Throw","Expertise"],"picked":"Infinite Blades","floor":2},{"not_picked":["Endless Agony","Prepared"],"picked":"Flying Knee","floor":3},{"not_picked":["Tactician","Bane"],"picked":"Poisoned Stab","floor":6},{"not_picked":["Caltrops","Dodge and Roll"],"picked":"Skewer","floor":7},{"not_picked":["Riddle With Holes","Backflip"],"picked":"Die Die Die","floor":8},{"not_picked":["Tactician","Outmaneuver"],"picked":"Dagger Throw+1","floor":10},{"not_picked":["Choke+1","Dodge and Roll"],"picked":"Cloak And Dagger","floor":12},{"not_picked":["Crippling Poison","Deadly Poison"],"picked":"Dodge and Roll","floor":14},{"not_picked":["After Image","Bullet Time"],"picked":"Venomology","floor":16},{"not_picked":["Dash+1","Sucker Punch+1"],"picked":"Accuracy","floor":18},{"not_picked":["Escape Plan+1","Deflect+1"],"picked":"Prepared","floor":19},{"not_picked":["Cloak And Dagger","Dagger Throw+1"],"picked":"Flying Knee+1","floor":20}],"player_experience":242474,"relics_obtained":[{"floor":6,"key":"Strawberry"},{"floor":8,"key":"Pear"},{"floor":9,"key":"Molten Egg 2"},{"floor":10,"key":"Ninja Scroll"}],"event_choices":[{"damage_healed":0,"gold_gain":0,"player_choice":"Ignored","damage_taken":0,"max_hp_gain":0,"max_hp_loss":0,"event_name":"NoteForYourself","floor":5,"gold_loss":0},{"damage_healed":0,"gold_gain":0,"player_choice":"Box","damage_taken":0,"relics_obtained":["Ginger"],"max_hp_gain":0,"max_hp_loss":0,"event_name":"Big Fish","floor":13,"gold_loss":0,"cards_obtained":["Regret"]},{"damage_healed":0,"gold_gain":0,"player_choice":"Ignored","damage_taken":0,"max_hp_gain":0,"max_hp_loss":0,"event_name":"Ghosts","floor":22,"gold_loss":0}],"is_beta":false,"boss_relics":[{"not_picked":["Empty Cage","Tiny House"],"picked":"HoveringKite"}],"items_purged_floors":[],"is_endless":false,"potions_floor_spawned":[6,7,8,14,18,20],"killed_by":"Slavers","ascension_level":0}}