{"host":"o7j6aatxjwpw1421","time":1608930805,"event":{"mods":["2.2 Compatiblity","AchievementEnabler","BaseMod","Colored Map","DeckTracker","Highlight Path","Keyboard Shortcuts","Minty Spire (QoL Compilation)","Permanent Neow","Quick Restart","StSLib","SuperFastMode","everything is the same but u backflip on backflip"],"gold_per_floor":[14,29,29,40,115,115,134,25,25,25,42,52,71,71,71,171,171,191,191,106,124,49,49,60,85,85,85,185,196,231,247,247,350,350,368,48,60,71,82,82,102,102,102,102,66,79,79,113,113,113],"floor_reached":51,"playtime":2455,"items_purged":["Strike_R"],"score":1228,"play_id":"a75bc22a-5050-4ec8-b9f7-d90a54703a36","local_time":"20201226061325","is_ascension_mode":true,"campfire_choices":[{"data":"Searing Blow+1","floor":6.0,"key":"SMITH"},{"data":"Searing Blow+2","floor":10.0,"key":"SMITH"},{"data":"Searing Blow+3","floor":15.0,"key":"SMITH"},{"data":"Searing Blow+4","floor":23.0,"key":"SMITH"},{"data":"Searing Blow+5","floor":27.0,"key":"SMITH"},{"data":"Searing Blow+6","floor":32,"key":"SMITH"},{"data":"Searing Blow+7","floor":40,"key":"SMITH"},{"data":"Searing Blow+8","floor":44,"key":"SMITH"},{"data":"Searing Blow+9","floor":47,"key":"SMITH"},{"data":"Searing Blow+10","floor":49,"key":"SMITH"}],"circlet_count":0,"master_deck":["AscendersBane","Bash+1","Searing Blow+11","Seeing Red","Evolve","Battle Trance","Whirlwind","Thunderclap","Headbutt+1","Disarm+1","Seeing Red+1","Seeing Red+1","Rage+1","Shrug It Off","Master of Strategy","Intimidate","Armaments"],"relics":["Burning Blood","Gambling Chip","Bag of Preparation","Astrolabe","Meat on the Bone","Whetstone","Bird Faced Urn","Champion Belt","Frozen Egg 2","Boot","Empty Cage","Bag of Marbles","The Courier","Bottled Tornado"],"acts_visited":["Exordium","TheCity","TheBeyond"],"potions_floor_usage":[30],"damage_taken":[{"damage":11.0,"enemies":"Small Slimes","floor":1.0,"turns":6.0},{"damage":12.0,"enemies":"2 Louse","floor":2.0,"turns":4.0},{"damage":4.0,"enemies":"Jaw Worm","floor":4.0,"turns":4.0},{"damage":6.0,"enemies":"Gremlin Gang","floor":7.0,"turns":6.0},{"damage":0.0,"enemies":"3 Louse","floor":11.0,"turns":3.0},{"damage":0.0,"enemies":"Large Slime","floor":12.0,"turns":4.0},{"damage":0.0,"enemies":"2 Fungi Beasts","floor":13.0,"turns":2.0},{"damage":36.0,"enemies":"The Guardian","floor":16.0,"turns":9.0},{"damage":2.0,"enemies":"Chosen","floor":18.0,"turns":2.0},{"damage":16.0,"enemies":"Spheric Guardian","floor":21.0,"turns":4.0},{"damage":0.0,"enemies":"Snecko","floor":24.0,"turns":2.0},{"damage":0.0,"enemies":"Slavers","floor":25.0,"turns":2.0},{"damage":0,"enemies":"Colosseum Slavers","floor":28,"turns":1},{"damage":2,"enemies":"Colosseum Nobs","floor":28,"turns":5},{"damage":2,"enemies":"Centurion and Healer","floor":29,"turns":4},{"damage":6,"enemies":"Gremlin Leader","floor":30,"turns":5},{"damage":0,"enemies":"Shelled Parasite and Fungi","floor":31,"turns":2},{"damage":47,"enemies":"Champ","floor":33,"turns":10},{"damage":0,"enemies":"Orb Walker","floor":35,"turns":1},{"damage":3,"enemies":"3 Shapes","floor":37,"turns":5},{"damage":0,"enemies":"Jaw Worm Horde","floor":38,"turns":1},{"damage":0,"enemies":"Sphere and 2 Shapes","floor":39,"turns":3},{"damage":9,"enemies":"Maw","floor":41,"turns":3},{"damage":0,"enemies":"Jaw Worm Horde","floor":46,"turns":1},{"damage":0,"enemies":"Reptomancer","floor":48,"turns":2},{"damage":20,"enemies":"Time Eater","floor":50,"turns":5}],"seed_played":"8321774341867532689","potions_obtained":[{"floor":7.0,"key":"Fire Potion"},{"floor":13.0,"key":"Energy Potion"},{"floor":24.0,"key":"DistilledChaos"},{"floor":29,"key":"FairyPotion"},{"floor":31,"key":"Fire Potion"},{"floor":33,"key":"HeartOfIron"},{"floor":48,"key":"BloodPotion"}],"is_trial":false,"path_per_floor":["M","M","?","M","?","R","M","$","T","R","M","M","M","$","R","B",null,"M","?","?","M","?","R","M","E","T","R","?","M","E","M","R","B",null,"M","$","M","M","M","R","M","?","T","R","$","M","R","E","R","B",null],"character_chosen":"IRONCLAD","items_purchased":["Battle Trance","Master of Strategy","Bag of Marbles","Armaments"],"campfire_rested":0,"item_purchase_floors":[8,36,36,45],"current_hp_per_floor":[67,61,61,63,52,52,52,52,52,52,58,64,70,70,70,40,70,74,74,74,64,64,64,70,76,76,76,80,80,80,80,80,53,73,80,80,80,80,80,80,77,77,77,77,77,80,80,80,80,66],"gold":113,"neow_bonus":"ONE_RARE_RELIC","is_daily":false,"chose_seed":false,"campfire_upgraded":10,"win_rate":0.0,"timestamp":1608930805,"path_taken":["M","M","?","M","?","R","M","?","T","R","M","M","?","$","R","BOSS","M","?","?","M","?","R","M","E","T","R","?","M","E","M","R","BOSS","M","$","M","M","M","R","M","?","T","R","$","?","R","E","R","BOSS"],"items_purchased_type":["Card","Card","Relic","Card"],"build_version":"2020-12-22","purchased_purges":1,"victory":true,"max_hp_per_floor":[80,80,80,80,80,80,80,80,80,80,80,80,80,80,80,80,80,80,80,80,80,80,80,80,80,80,80,80,80,80,80,80,80,80,80,80,80,80,80,80,80,80,80,80,80,80,80,80,80,80],"card_choices":[{"not_picked":["Clash","Wild Strike"],"picked":"Searing Blow","floor":1.0},{"not_picked":["Pummel","Sword Boomerang"],"picked":"Seeing Red","floor":2.0},{"not_picked":["Havoc","Clash"],"picked":"Evolve","floor":4.0},{"not_picked":["Sentinel","True Grit","Rage"],"picked":"SKIP","floor":7.0},{"not_picked":["Inflame","Uppercut"],"picked":"Whirlwind","floor":11.0},{"not_picked":["Sentinel","Warcry"],"picked":"Thunderclap","floor":12.0},{"not_picked":["Pommel Strike","Cleave"],"picked":"Headbutt","floor":13.0},{"not_picked":["Headbutt","Heavy Blade"],"picked":"Rage+1","floor":18.0},{"not_picked":["Second Wind","Headbutt","Reckless Charge"],"picked":"SKIP","floor":21.0},{"not_picked":["Searing Blow+1","Inflame","Whirlwind"],"picked":"SKIP","floor":24.0},{"not_picked":["Havoc+1","Flex","Thunderclap"],"picked":"SKIP","floor":25.0},{"not_picked":["Sentinel","Thunderclap"],"picked":"Shrug It Off","floor":29},{"not_picked":["Clash","Perfected Strike","Metallicize+1"],"picked":"SKIP","floor":30},{"not_picked":["Headbutt","Body Slam","Twin Strike"],"picked":"SKIP","floor":31},{"not_picked":["Warcry","Clothesline","Body Slam"],"picked":"SKIP","floor":35},{"not_picked":["Evolve+1","Intimidate","Feel No Pain+1"],"picked":"SKIP","floor":37},{"not_picked":["Anger","Warcry","Infernal Blade+1"],"picked":"SKIP","floor":38},{"not_picked":["Brutality+1","Combust+1","Pommel Strike+1"],"picked":"SKIP","floor":39},{"not_picked":["Flame Barrier","Thunderclap","Rupture+1"],"picked":"SKIP","floor":41},{"not_picked":["Metallicize+1","Thunderclap","Twin Strike"],"picked":"SKIP","floor":46},{"not_picked":["Shrug It Off","Heavy Blade","Infernal Blade"],"picked":"SKIP","floor":48}],"player_experience":361727,"relics_obtained":[{"floor":9.0,"key":"Bag of Preparation"},{"floor":25.0,"key":"Whetstone"},{"floor":26.0,"key":"Bird Faced Urn"},{"floor":28,"key":"Champion Belt"},{"floor":28,"key":"Frozen Egg 2"},{"floor":30,"key":"Boot"},{"floor":43,"key":"The Courier"},{"floor":48,"key":"Bottled Tornado"}],"event_choices":[{"damage_healed":0.0,"max_hp_gain":0.0,"max_hp_loss":0.0,"gold_gain":0.0,"event_name":"Living Wall","player_choice":"Grow","floor":3.0,"gold_loss":0.0,"damage_taken":0.0,"cards_upgraded":["Searing Blow"]},{"damage_healed":0.0,"max_hp_gain":0.0,"max_hp_loss":0.0,"gold_gain":75.0,"event_name":"World of Goop","player_choice":"Gather Gold","floor":5.0,"gold_loss":0.0,"damage_taken":11.0},{"cards_removed":["Strike_R"],"damage_healed":0.0,"max_hp_gain":0.0,"max_hp_loss":0.0,"gold_gain":0.0,"event_name":"Back to Basics","player_choice":"Elegance","floor":19.0,"gold_loss":0.0,"damage_taken":0.0},{"damage_healed":0.0,"max_hp_gain":0.0,"max_hp_loss":0.0,"gold_gain":0.0,"event_name":"Addict","player_choice":"Obtained Relic","floor":20.0,"gold_loss":85.0,"damage_taken":0.0,"relics_obtained":["Meat on the Bone"]},{"cards_removed":["Defend_R"],"damage_healed":0.0,"max_hp_gain":0.0,"max_hp_loss":0.0,"gold_gain":0.0,"event_name":"Beggar","player_choice":"Gave Gold","floor":22.0,"gold_loss":75.0,"damage_taken":0.0},{"damage_healed":0,"gold_gain":0,"player_choice":"Fight","damage_taken":0,"max_hp_gain":0,"max_hp_loss":0,"event_name":"Colosseum","floor":28,"gold_loss":0},{"damage_healed":0,"gold_gain":0,"player_choice":"Fought Nobs","damage_taken":0,"max_hp_gain":0,"max_hp_loss":0,"event_name":"Colosseum","floor":28,"gold_loss":0},{"damage_healed":0,"gold_gain":0,"cards_transformed":["Defend_R"],"player_choice":"Transformed","damage_taken":0,"max_hp_gain":0,"max_hp_loss":0,"event_name":"Transmorgrifier","floor":42,"gold_loss":0,"cards_obtained":["Intimidate"]}],"is_beta":false,"boss_relics":[{"not_picked":["Calling Bell","Cursed Key"],"picked":"Astrolabe"},{"not_picked":["Runic Cube","Runic Pyramid"],"picked":"Empty Cage"}],"items_purged_floors":[8],"is_endless":false,"potions_floor_spawned":[7,13,24,28,29,31,33,37,39,41,48],"ascension_level":12}}