{"host":"jr9f8lmgw9kaplsw","time":1608873729,"event":{"mods":["AchievementEnabler","BaseMod","BetterRewards","Colored Map","Hubris","Minty Spire (QoL Compilation)","Replay The Spire","Shop Mod","StSLib","The Cursed"],"gold_per_floor":[114,129,144,159,159,159,189,189,189,219,234,264,264,264,264,389,389,408,408,258,258,184,184,222,222,272,310,160,185,223,242,242,367,367,386,136,136,136,155,193,193,231,231,231,269,119,157,157,157,157,157,157],"floor_reached":53,"playtime":1669,"items_purged":[],"score":1043,"play_id":"d6cfd060-8ea1-4cfe-ae73-e9252f4f03e0","local_time":"20201225002209","daily_mods":["Draft","Purple Cards","Elite Swarm"],"is_ascension_mode":false,"campfire_choices":[{"data":"TheCursedMod:SurpriseAttack","floor":6.0,"key":"SMITH"},{"data":"TheCursedMod:SurpriseAttack","floor":8.0,"key":"SMITH"},{"data":"TheCursedMod:CircleOfCorruption","floor":15.0,"key":"SMITH"},{"data":"TheCursedMod:HellfireBreathing","floor":23.0,"key":"SMITH"},{"data":"TheCursedMod:AbyssShockwave","floor":25.0,"key":"SMITH"},{"data":"TheCursedMod:VoidForm","floor":41,"key":"SMITH"},{"data":"TheCursedMod:OutForBlood","floor":44,"key":"SMITH"},{"data":"TheCursedMod:StunningStrike","floor":51,"key":"SMITH"}],"circlet_count":0,"master_deck":["TheCursedMod:SurpriseAttack+1","TheCursedMod:CursedBlade","TheCursedMod:AbyssShockwave+1","TheCursedMod:Stretching","TheCursedMod:CursedStaff","TheCursedMod:Stretching","TheCursedMod:RapidMovement","TheCursedMod:SoulReap","TheCursedMod:RavingStaff","TheCursedMod:CursedShiv","TheCursedMod:CircleOfCorruption+1","TheCursedMod:Obscuration","TheCursedMod:Obscuration","TheCursedMod:RavingStaff","TheCursedMod:HellsGateOpen+1","TheCursedMod:Torture","TheCursedMod:StunningStrike","TheCursedMod:ParallelWorld+1","TheCursedMod:CircleOfFlame+1","TheCursedMod:DemonSword","Injury","TheCursedMod:AntiAging+1","TheCursedMod:SpreadPlague+1","Shame","TheCursedMod:HellfireBreathing+1","TheCursedMod:StunningStrike+1","TheCursedMod:VoidForm+1","TheCursedMod:Stigma+1","TheCursedMod:CircleOfAbyss+1","TheCursedMod:WearCloak+1","hubris:DuctTapeCard","TheCursedMod:AbyssShockwave+1","TheCursedMod:OutForBlood+1","TheCursedMod:CircleOfAbyss+1","TheCursedMod:ForbiddenAlchemy+1","TheCursedMod:VoidForm+1","TheCursedMod:NeowsMight+1"],"relics":["TheCursedMod:BlackMagic101","Akabeko","Toxic Egg 2","Bag of Preparation","Replay:Accelerometer","Golden Idol","ChewingGum","Sling","PreservedInsect","hubris:CrystalStatue","Toy Ornithopter","ReplayTheSpireMod:Ninjato","ReplayTheSpireMod:TigerMarble","Bag of Marbles","Replay:Grab Bag","Replay:Bronze Core","hubris:TerracottaHorce","SlaversCollar","hubris:ScarierMask","hubris:DuctTape","Matryoshka","Centennial Puzzle","Ancient Tea Set","Pear","DollysMirror","Ornamental Fan","ReplayTheSpireMod:Ring of Collecting","Ring of Chaos"],"acts_visited":["Exordium","TheCity","TheBeyond"],"potions_floor_usage":[30,33,33,52,52,52,52,52,52],"damage_taken":[{"damage":0.0,"enemies":"Small Slimes","floor":1.0,"turns":1.0},{"damage":0.0,"enemies":"Cultist","floor":2.0,"turns":2.0},{"damage":5.0,"enemies":"2 Louse","floor":3.0,"turns":2.0},{"damage":21.0,"enemies":"Large Slime","floor":4.0,"turns":5.0},{"damage":0.0,"enemies":"3 Sentries","floor":7.0,"turns":4.0},{"damage":0.0,"enemies":"Gremlin Nob","floor":10.0,"turns":2.0},{"damage":0.0,"enemies":"Exordium Wildlife","floor":11.0,"turns":2.0},{"damage":0.0,"enemies":"Replay:BlueRogue","floor":12.0,"turns":3.0},{"damage":36.0,"enemies":"The Guardian","floor":16.0,"turns":7.0},{"damage":0.0,"enemies":"Spheric Guardian","floor":18.0,"turns":1.0},{"damage":0.0,"enemies":"Gremlin Leader","floor":24.0,"turns":3.0},{"damage":0.0,"enemies":"Slavers","floor":27.0,"turns":1.0},{"damage":3,"enemies":"Replay:Snechameleon","floor":30,"turns":3},{"damage":0,"enemies":"Chosen","floor":31,"turns":1},{"damage":0,"enemies":"Champ","floor":33,"turns":5},{"damage":0,"enemies":"Orb Walker","floor":35,"turns":1},{"damage":0,"enemies":"3 Darklings","floor":39,"turns":1},{"damage":0,"enemies":"R_Hoarder","floor":40,"turns":2},{"damage":7,"enemies":"Giant Head","floor":42,"turns":4},{"damage":0,"enemies":"Reptomancer","floor":45,"turns":2},{"damage":0,"enemies":"Giant Head","floor":47,"turns":3},{"damage":2,"enemies":"Replay:Hell Engine","floor":52,"turns":5}],"seed_played":"-567031674859551473","potions_obtained":[{"floor":3.0,"key":"SpeedPotion"},{"floor":4.0,"key":"Explosive Potion"},{"floor":7.0,"key":"Explosive Potion"},{"floor":11.0,"key":"Adrenaline Potion"},{"floor":12.0,"key":"Milkshake"},{"floor":18.0,"key":"SteroidPotion"},{"floor":27.0,"key":"SkillPotion"},{"floor":32,"key":"LiquidMemories"},{"floor":39,"key":"SteroidPotion"},{"floor":42,"key":"ColorlessPotion"}],"is_trial":false,"path_per_floor":["M","M","M","M","?","R","E","R","T","E","M","E","?","?","R","B",null,"M","?","$","?","$","R","E","R","T","E","$","T","E","M","R_BF","B",null,"M","$","?","$","M","E","R","E","T","R","E","$","E","?","R_BF","PTL","R","B",null],"character_chosen":"THE_CURSED","items_purchased":["Sling","TheCursedMod:HellfireBreathing","ReplayTheSpireMod:TigerMarble","hubris:DuctTape","DollysMirror"],"campfire_rested":0,"item_purchase_floors":[20,22,28,36,46],"current_hp_per_floor":[75,75,70,54,75,75,75,75,75,75,75,75,75,75,75,51,75,75,75,75,75,75,75,75,75,75,75,75,75,72,72,72,75,75,75,75,75,75,75,75,75,71,71,71,84,84,91,91,91,91,91,92],"gold":157,"neow_bonus":"","is_daily":true,"chose_seed":false,"campfire_upgraded":8,"win_rate":0.0,"timestamp":1608873729,"path_taken":["M","M","M","M","?","R","E","R","T","E","?","E","?","?","R","BOSS","M","?","$","?","$","R","E","R","T","E","?","?","E","?","R_BF","BOSS","M","$","?","?","?","E","R","E","T","R","E","$","E","?","R_BF","PTL","R","BOSS"],"items_purchased_type":["Relic","Card","Relic","Relic","Relic"],"build_version":"2020-12-22","purchased_purges":0,"victory":true,"max_hp_per_floor":[75,75,75,75,75,75,75,75,75,75,75,75,75,75,75,75,75,75,75,75,75,75,75,75,75,75,75,75,75,75,75,75,75,75,75,75,75,75,75,75,75,78,78,78,91,91,91,91,91,91,91,94],"card_choices":[{"not_picked":["TheCursedMod:Obscuration","TheCursedMod:TacticalStrike"],"picked":"TheCursedMod:SurpriseAttack","floor":0.0},{"not_picked":["TheCursedMod:Mangle","TheCursedMod:DoubleShield"],"picked":"TheCursedMod:CursedBlade","floor":0.0},{"not_picked":["TheCursedMod:SmokeScreen","TheCursedMod:Hemoplague"],"picked":"TheCursedMod:AbyssShockwave","floor":0.0},{"not_picked":["TheCursedMod:SpitefulPray","TheCursedMod:Stretching"],"picked":"TheCursedMod:SurpriseAttack","floor":0.0},{"not_picked":["TheCursedMod:Torture","TheCursedMod:SoulReap"],"picked":"TheCursedMod:Stretching","floor":0.0},{"not_picked":["TheCursedMod:Stretching","TheCursedMod:VitalStrike"],"picked":"TheCursedMod:CursedStaff","floor":0.0},{"not_picked":["TheCursedMod:VitalStrike","TheCursedMod:Wield"],"picked":"TheCursedMod:Stretching","floor":0.0},{"not_picked":["TheCursedMod:LuckyCharm","TheCursedMod:Stigma"],"picked":"TheCursedMod:RapidMovement","floor":0.0},{"not_picked":["TheCursedMod:Stretching","TheCursedMod:Mangle"],"picked":"TheCursedMod:SoulReap","floor":0.0},{"not_picked":["TheCursedMod:Wield","TheCursedMod:SpitefulStrike"],"picked":"TheCursedMod:RavingStaff","floor":0.0},{"not_picked":["TheCursedMod:ReleasedStrength","TheCursedMod:SmokeScreen"],"picked":"TheCursedMod:CursedShiv","floor":0.0},{"not_picked":["TheCursedMod:Mangle","TheCursedMod:SoulReap"],"picked":"TheCursedMod:CircleOfCorruption","floor":0.0},{"not_picked":["TheCursedMod:SurpriseAttack","TheCursedMod:VitalStrike"],"picked":"TheCursedMod:Obscuration","floor":0.0},{"not_picked":["TheCursedMod:AbyssShockwave","TheCursedMod:FleshFromBone"],"picked":"TheCursedMod:Obscuration","floor":0.0},{"not_picked":["TheCursedMod:Wield","TheCursedMod:SaltUponWound"],"picked":"TheCursedMod:RavingStaff","floor":0.0},{"not_picked":["TheCursedMod:SmokeScreen","TheCursedMod:CursedStaff","TheCursedMod:SaltUponWound"],"picked":"SKIP","floor":1.0},{"not_picked":["TheCursedMod:Stigma","TheCursedMod:Stretching"],"picked":"TheCursedMod:HellsGateOpen","floor":2.0},{"not_picked":["TheCursedMod:Stigma","TheCursedMod:Mangle","TheCursedMod:Stretching"],"picked":"SKIP","floor":3.0},{"not_picked":["TheCursedMod:ReleasedKnowledge","TheCursedMod:Stretching"],"picked":"TheCursedMod:Torture","floor":4.0},{"not_picked":["TheCursedMod:DarkBarrier","TheCursedMod:CollectTribute"],"picked":"TheCursedMod:StunningStrike","floor":7.0},{"not_picked":["TheCursedMod:CircleOfAbyss+1","TheCursedMod:Neurasthenia+1"],"picked":"TheCursedMod:ParallelWorld+1","floor":10.0},{"not_picked":["TheCursedMod:SaltUponWound+1","TheCursedMod:Stigma"],"picked":"TheCursedMod:CircleOfFlame+1","floor":11.0},{"not_picked":["TheCursedMod:CircleOfAbyss+1","TheCursedMod:Neurasthenia+1"],"picked":"TheCursedMod:DemonSword","floor":12.0},{"not_picked":["TheCursedMod:ManaCirculation","TheCursedMod:DarkBarrier+1"],"picked":"TheCursedMod:AntiAging+1","floor":16.0},{"not_picked":["TheCursedMod:PrepareRite+1","TheCursedMod:SpitefulStrike"],"picked":"TheCursedMod:SpreadPlague+1","floor":18.0},{"not_picked":["TheCursedMod:ParallelWorld+1","TheCursedMod:DarkBarrier+1"],"picked":"TheCursedMod:StunningStrike","floor":24.0},{"not_picked":["TheCursedMod:DemonicPact","TheCursedMod:CursedRelics"],"picked":"TheCursedMod:VoidForm","floor":27.0},{"not_picked":["TheCursedMod:ParallelWorld+1","TheCursedMod:DarkBarrier+1"],"picked":"TheCursedMod:NeowsMight+1","floor":30},{"not_picked":["TheCursedMod:SurpriseAttack","TheCursedMod:Torture+1"],"picked":"TheCursedMod:Stigma+1","floor":31},{"not_picked":["TheCursedMod:UltimatePain+1","TheCursedMod:DarkBarrier+1"],"picked":"TheCursedMod:CircleOfAbyss+1","floor":33},{"not_picked":["TheCursedMod:Stretching+1","TheCursedMod:AbyssShockwave"],"picked":"TheCursedMod:WearCloak+1","floor":35},{"not_picked":["TheCursedMod:SurpriseAttack","TheCursedMod:RavingStaff+1"],"picked":"TheCursedMod:AbyssShockwave+1","floor":39},{"not_picked":["TheCursedMod:ParallelWorld+1","TheCursedMod:CircleOfAbyss+1"],"picked":"TheCursedMod:OutForBlood","floor":40},{"not_picked":["TheCursedMod:CursedRelics","TheCursedMod:ParallelWorld+1"],"picked":"TheCursedMod:CircleOfAbyss+1","floor":42},{"not_picked":["TheCursedMod:Neurasthenia+1","TheCursedMod:CollectTribute"],"picked":"TheCursedMod:ForbiddenAlchemy+1","floor":45},{"not_picked":["TheCursedMod:ManaCirculation","TheCursedMod:AntiAging+1"],"picked":"TheCursedMod:NeowsMight+1","floor":47}],"player_experience":2788268,"relics_obtained":[{"floor":7.0,"key":"Akabeko"},{"floor":9.0,"key":"Toxic Egg 2"},{"floor":10.0,"key":"Bag of Preparation"},{"floor":12.0,"key":"Replay:Accelerometer"},{"floor":24.0,"key":"hubris:CrystalStatue"},{"floor":26.0,"key":"Toy Ornithopter"},{"floor":27.0,"key":"ReplayTheSpireMod:Ninjato"},{"floor":29.0,"key":"Bag of Marbles"},{"floor":40,"key":"Matryoshka"},{"floor":43,"key":"Centennial Puzzle"},{"floor":43,"key":"Ancient Tea Set"},{"floor":45,"key":"Pear"},{"floor":47,"key":"Ornamental Fan"},{"floor":48,"key":"ReplayTheSpireMod:Ring of Collecting"},{"floor":48,"key":"Ring of Chaos"}],"event_choices":[{"damage_healed":21.0,"max_hp_gain":0.0,"max_hp_loss":0.0,"gold_gain":0.0,"event_name":"Wheel of Change","player_choice":"Full Heal","floor":5.0,"gold_loss":0.0,"damage_taken":0.0},{"damage_healed":0.0,"max_hp_gain":0.0,"max_hp_loss":0.0,"gold_gain":0.0,"event_name":"Living Wall","player_choice":"Grow","floor":13.0,"gold_loss":0.0,"damage_taken":0.0,"cards_upgraded":["TheCursedMod:HellsGateOpen"]},{"damage_healed":0.0,"max_hp_gain":0.0,"max_hp_loss":0.0,"gold_gain":0.0,"event_name":"Golden Idol","player_choice":"Take Wound","floor":14.0,"gold_loss":0.0,"damage_taken":0.0,"relics_obtained":["Golden Idol"],"cards_obtained":["Injury"]},{"damage_healed":0.0,"max_hp_gain":0.0,"max_hp_loss":0.0,"gold_gain":0.0,"event_name":"Addict","player_choice":"Stole Relic","floor":21.0,"gold_loss":0.0,"damage_taken":0.0,"relics_obtained":["PreservedInsect"],"cards_obtained":["Shame"]},{"damage_healed":0,"gold_gain":0,"player_choice":"Ignored","damage_taken":0,"max_hp_gain":0,"max_hp_loss":0,"event_name":"SecretPortal","floor":37,"gold_loss":0}],"is_beta":false,"boss_relics":[{"not_picked":["Replay:Wanted Poster","hubris:HollowSoul"],"picked":"ChewingGum"},{"not_picked":["Snecko Eye","Replay:Drink Me"],"picked":"Replay:Grab Bag"},{"not_picked":["Runic Dome","Sozu"],"picked":"Replay:Bronze Core"},{"not_picked":["ReplayTheSpireMod:DimensionalGlitch","hubris:GrandSneckoEye"],"picked":"hubris:TerracottaHorce"},{"not_picked":["hubris:BlackHole","Empty Cage"],"picked":"SlaversCollar"},{"not_picked":["Ring of Chaos","hubris:Backtick"],"picked":"hubris:ScarierMask"}],"items_purged_floors":[],"is_endless":false,"potions_floor_spawned":[3,4,7,11,12,18,27,39,42,45],"ascension_level":0}}