{"host":"580ga1x1z8x1b2ni","time":1608873708,"event":{"mods":["Act Like it!","BaseMod","BetterRewards","Hallownest","Hubris","Minty Spire (QoL Compilation)","Replay The Spire","StSLib","Waifu the Spire","[IsaacMod]ÒÔÈö¼âËþ","vexMod"],"gold_per_floor":[117,129,139,139,171,199,199,233,259,278,278,296,296,296,296,400,400,419,419,431,457,474,507,507,271,294,310,310,310,260,293,293,392,392,409,409,421,421,421,421,450,450,450,464,483,515,452,469,469,469,469,469,318,343,343],"floor_reached":56,"playtime":1802,"items_purged":["Strike_G","Defend_G","Defend_G","Defend_G"],"score":1868,"play_id":"5bbc218b-3e04-47d5-a4e9-00290ccd3683","local_time":"20201225132148","is_ascension_mode":true,"campfire_choices":[{"data":"hubris:DuctTapeCard","floor":7,"key":"SMITH"},{"data":"Footwork","floor":11,"key":"SMITH"},{"data":"Prepared","floor":15,"key":"SMITH"},{"data":"Leg Sweep","floor":24,"key":"SMITH"},{"data":"Survivor","floor":29,"key":"SMITH"},{"floor":32,"key":"DIG"},{"floor":40,"key":"RECALL"},{"data":"Searing Blow+30","floor":42,"key":"SMITH"},{"floor":49,"key":"DIG"},{"data":"PiercingWail","floor":52,"key":"SMITH"}],"circlet_count":0,"master_deck":["Searing Blow+32","Defend_G","Survivor+1","Prepared+1","Leg Sweep+1","Backflip","Footwork+1","PiercingWail","PiercingWail+1","Distraction+1"],"relics":["Ring of the Snake","HushsDoor","SteamSale","Replay:Bottled Steam","hubris:DuctTape","Chameleon Ring","Nunchaku","Coffee Dripper","Pet Ghost","TheAbacus","Paper Crane","hubris:Towel","Sundial","Bronze Scales","hubris:Backtick","hubris:TinFlute","Replay:Mystery Machine","hubris:Metronome","Frozen Egg 2","MoneyPower","vexMod:MemoryStick","Lantern","Whetstone"],"acts_visited":[],"potions_floor_usage":[33,55,55,55],"damage_taken":[{"damage":0,"enemies":"Hallownest:monsterHuskWarrior","floor":1,"turns":1},{"damage":0,"enemies":"Hallownest:2_MossCreeps","floor":2,"turns":3},{"damage":0,"enemies":"2_ Uuma","floor":3,"turns":3},{"damage":2,"enemies":"Hallownest:eliteMossKnight","floor":5,"turns":2},{"damage":0,"enemies":"Hallownest:eliteMossKnight","floor":6,"turns":1},{"damage":0,"enemies":"Hallownest:eliteVengeflyKing","floor":8,"turns":2},{"damage":0,"enemies":"Hallownest:monsterMossCharger","floor":10,"turns":1},{"damage":0,"enemies":"Hallownest:Wandering_and_Horned","floor":12,"turns":3},{"damage":0,"enemies":"Hallownest:BossBrokenVessel","floor":16,"turns":2},{"damage":0,"enemies":"Hallownest:2_Mistakes","floor":18,"turns":4},{"damage":0,"enemies":"Hallownest:Guard_and_Sentry","floor":20,"turns":2},{"damage":0,"enemies":"Hallownest:Glutton_and_Coward","floor":21,"turns":2},{"damage":0,"enemies":"Hallownest:Warrior_and_Youth","floor":22,"turns":2},{"damage":0,"enemies":"Hallownest:eliteWatcherKnight","floor":23,"turns":7},{"damage":0,"enemies":"Hallownest:2_Husk_Sentries","floor":27,"turns":3},{"damage":0,"enemies":"Hallownest:Nosk","floor":31,"turns":2},{"damage":0,"enemies":"Hallownest:BossMantisLord","floor":33,"turns":3},{"damage":0,"enemies":"Hallownest:Shield_Heavy","floor":35,"turns":2},{"damage":0,"enemies":"Hallownest:2_Littles","floor":37,"turns":4},{"damage":0,"enemies":"Hallownest:eliteCollector","floor":41,"turns":1},{"damage":0,"enemies":"Hallownest:2_Wandering_and_1_Horned","floor":44,"turns":7},{"damage":0,"enemies":"Hallownest:monsterPrimalAspid","floor":45,"turns":1},{"damage":0,"enemies":"Hallownest:eliteHiveKnight","floor":46,"turns":1},{"damage":0,"enemies":"Hallownest:Shield_Sturdy","floor":48,"turns":2},{"damage":1,"enemies":"Hallownest:BossGreyPrinceZote","floor":50,"turns":1},{"damage":0,"enemies":"Shield and Spear","floor":54,"turns":2},{"damage":13,"enemies":"The Heart","floor":55,"turns":6}],"seed_played":"-6016736542255238757","potions_obtained":[{"floor":1,"key":"AttackPotion"},{"floor":2,"key":"SkillPotion"},{"floor":5,"key":"Milkshake"},{"floor":18,"key":"Doom Potion"},{"floor":33,"key":"FearPotion"}],"is_trial":false,"path_per_floor":["M","M","M","?","?","E","R","E","T","M","R","M","?","?","R","B",null,"M","?","M","M","M","E","R","$","T","M","?","R","$","E","R","B",null,"M","?","M","?","?","R","E","R","T","M","M","E","$","M","R","B",null,"R","$","E","B",null],"character_chosen":"THE_SILENT","items_purchased":["TheAbacus","Paper Crane","Lantern"],"campfire_rested":0,"item_purchase_floors":[25,25,53],"current_hp_per_floor":[70,70,70,61,59,59,59,59,59,59,59,59,59,59,59,59,67,67,70,70,70,70,70,70,70,70,70,70,70,70,70,70,70,70,70,55,55,70,70,70,70,70,70,70,70,70,70,70,70,69,70,70,70,70,57],"gold":343,"neow_bonus":"REMOVE_CARD","is_daily":false,"chose_seed":false,"campfire_upgraded":7,"win_rate":0.0,"timestamp":1608873708,"path_taken":["M","M","M","?","?","E","R","E","T","M","R","?","?","?","R","BOSS","M","?","?","M","M","E","R","$","T","?","?","R","?","E","R","BOSS","M","?","M","?","?","R","E","R","T","?","M","E","$","M","R","BOSS","R","$","E","BOSS"],"items_purchased_type":["Relic","Relic","Relic"],"build_version":"2020-12-22","purchased_purges":4,"victory":true,"max_hp_per_floor":[70,70,70,70,70,70,70,70,70,70,70,70,70,70,70,70,70,70,70,70,70,70,70,70,70,70,70,70,70,70,70,70,70,70,70,70,70,70,70,70,70,70,70,70,70,70,70,70,70,70,70,70,70,70,70],"card_choices":[{"not_picked":["Quick Slash","Underhanded Strike","Dagger Throw"],"picked":"SKIP","floor":1},{"not_picked":["Bouncing Flask","Dagger Spray","Heel Hook"],"picked":"SKIP","floor":2},{"not_picked":["Deflect","Riddle With Holes"],"picked":"Prepared","floor":3},{"not_picked":["Slice","Atom Bomb","ReplayTheSpireMod:Tripwire"],"picked":"SKIP","floor":5},{"not_picked":["ReplayTheSpireMod:Speed Training","Malaise"],"picked":"Leg Sweep","floor":6},{"not_picked":["Deadly Poison","Grand Finale"],"picked":"Backflip","floor":8},{"not_picked":["Deflect","hubris:SlightOfHand"],"picked":"Footwork","floor":10},{"not_picked":["Dagger Throw","Quick Slash","hubris:TrickCloak"],"picked":"SKIP","floor":12},{"not_picked":["Cloak And Dagger","Hidden Blade","PiercingWail"],"picked":"SKIP","floor":18},{"not_picked":["Flying Knee","Fluid Movement+1","ReplayTheSpireMod:Scrap Shanks"],"picked":"SKIP","floor":20},{"not_picked":["Slice+1","Dodge and Roll","Replay:Bag of Tricks"],"picked":"SKIP","floor":21},{"not_picked":["ReplayTheSpireMod:Shiv Toss","Draining Mist","Deadly Poison+1"],"picked":"SKIP","floor":22},{"not_picked":["Riddle With Holes","Prepared","Hidden Blade"],"picked":"SKIP","floor":23},{"not_picked":["Hidden Blade","Bouncing Flask","Poisoned Stab+1"],"picked":"SKIP","floor":27},{"not_picked":["Dagger Spray","Dodge and Roll","Heel Hook"],"picked":"SKIP","floor":31},{"not_picked":["Flying Knee+1","Toxin Wave","Cloak And Dagger"],"picked":"SKIP","floor":35},{"not_picked":["Cloak And Dagger","Dagger Throw+1","Sucker Punch+1"],"picked":"SKIP","floor":37},{"not_picked":["Poison Darts","ReplayTheSpireMod:Exploit Weakness","Dagger Throw+1"],"picked":"SKIP","floor":41},{"not_picked":["Poison Darts","ReplayTheSpireMod:Exploit Weakness","Dagger Throw+1"],"picked":"SKIP","floor":41},{"not_picked":["Well Laid Plans+1","Acrobatics","Cloak And Dagger+1"],"picked":"SKIP","floor":44},{"not_picked":["ReplayTheSpireMod:Scrap Shanks+1","Poisoned Stab+1"],"picked":"PiercingWail","floor":45},{"not_picked":["Replay:Poison Smokescreen","Distraction"],"picked":"PiercingWail","floor":46},{"not_picked":["Underhanded Strike","Acrobatics+1"],"picked":"Distraction+1","floor":48},{"not_picked":["Slice","Prepared+1","ReplayTheSpireMod:Speed Training"],"picked":"SKIP","floor":54}],"player_experience":239967,"relics_obtained":[{"floor":5,"key":"Replay:Bottled Steam"},{"floor":6,"key":"hubris:DuctTape"},{"floor":8,"key":"Chameleon Ring"},{"floor":9,"key":"Nunchaku"},{"floor":23,"key":"Pet Ghost"},{"floor":31,"key":"Sundial"},{"floor":32,"key":"Bronze Scales"},{"floor":41,"key":"hubris:Metronome"},{"floor":43,"key":"Frozen Egg 2"},{"floor":46,"key":"MoneyPower"},{"floor":49,"key":"vexMod:MemoryStick"},{"floor":54,"key":"Whetstone"}],"event_choices":[],"is_beta":false,"boss_relics":[{"not_picked":["Fusion Hammer","Sozu"],"picked":"Coffee Dripper"},{"not_picked":[]},{"not_picked":["Astrolabe","Ring of the Serpent"],"picked":"hubris:Backtick"},{"not_picked":[]}],"items_purged_floors":[25,30,47,53],"is_endless":false,"potions_floor_spawned":[1,2,5,12,18,22,23,33,37,41,44],"ascension_level":5}}