{"host":"kiauivt48syq9iz6","time":1608927376,"event":{"mods":["BaseMod","Conspire","Downfall","Hermit","Minty Spire (QoL Compilation)","Replay The Spire","SIMod","StSLib","The Animator","The Construct","The Cursed","The Runesmith","The Servant 0.9.4"],"gold_per_floor":[118,185,197,209,209,91,110,124,124,124,124,9,20,20,20,115,115,125,226,1,13,35,35,49,13,13,31,46,65,65,65,65,175,175,200,200,235,235,9,9,9],"floor_reached":40,"playtime":1730,"items_purged":[],"score":505,"play_id":"a4290a7e-b92b-4480-b4f6-4d18628ddd85","local_time":"20201225131616","is_ascension_mode":false,"campfire_choices":[{"floor":10,"key":"REST"},{"floor":15,"key":"REST"},{"data":"hermit:Enervate","floor":23,"key":"SMITH"},{"data":"hermit:Determination","floor":32,"key":"SMITH"}],"circlet_count":0,"master_deck":["hermit:Strike_Hermit","hermit:Defend_Hermit","hermit:Defend_Hermit","hermit:Snapshot","hermit:Roulette","hermit:Headshot","hermit:Enervate+1","hermit:Brawl","hermit:SprayPray+1","hermit:Dive","hermit:Feint","Regret","hermit:ShadowCloak","hermit:Malice","hermit:ShadowCloak","hermit:Reprieve","Replay:Hysterical Blindness","conspire:NecroticWound","hermit:Grudge","conspire:NecroticWound","hermit:Glare+1","hermit:Deadeye+1","hermit:DeadMansHand","hermit:Reprieve","hermit:Scavenge","hermit:CalledShot+1","hermit:GhostlyPresence","hermit:LowProfile+1","hermit:Coalescence","hermit:Coalescence","Hallucinations","hermit:Determination+1","hermit:CalledShot+1","hermit:Vantage","hermit:DeadOrAlive","hermit:Brawl","hermit:Misfire+1","hermit:Misfire+1"],"relics":["hermit:ClaspedLocket","Bottled Flame","Anchor","construct:RocketBooster","Replay:Grab Bag","Cursed Key","Coffee Dripper","Kintsugi","DollysMirror","ReplayTheSpireMod:Ninjato","Ring of Panic","hermit:BartenderGlass","Membership Card"],"acts_visited":["Exordium","TheCity","TheBeyond"],"potions_floor_usage":[16,16,22,29,33,33,40,40,40,40],"damage_taken":[{"damage":4,"enemies":"Cultist","floor":1,"turns":4},{"damage":7,"enemies":"2 Louse","floor":3,"turns":2},{"damage":0,"enemies":"conspire:RoseBush","floor":4,"turns":2},{"damage":2,"enemies":"Blue Slaver","floor":7,"turns":2},{"damage":0,"enemies":"2 Fungi Beasts","floor":8,"turns":2},{"damage":0,"enemies":"Looter","floor":13,"turns":3},{"damage":47,"enemies":"Fading Forest","floor":16,"turns":11},{"damage":19,"enemies":"Chosen","floor":18,"turns":5},{"damage":22,"enemies":"Spheric Guardian","floor":21,"turns":4},{"damage":0,"enemies":"Cultist and Chosen","floor":22,"turns":4},{"damage":25,"enemies":"Sentry and Sphere","floor":24,"turns":7},{"damage":17,"enemies":"Centurion and Healer","floor":27,"turns":9},{"damage":13,"enemies":"Snake Plant","floor":28,"turns":5},{"damage":14,"enemies":"Cultist and Chosen","floor":29,"turns":5},{"damage":57,"enemies":"Champ","floor":33,"turns":12},{"damage":55,"enemies":"3 Darklings","floor":35,"turns":7},{"damage":38,"enemies":"3 Shapes","floor":37,"turns":5},{"damage":24,"enemies":"Reptomancer","floor":40,"turns":4}],"seed_played":"3386133876732678988","potions_obtained":[{"floor":4,"key":"Death Potion"},{"floor":7,"key":"Ancient Potion"},{"floor":16,"key":"ColorlessPotion"},{"floor":21,"key":"champ:CounterPotion"},{"floor":22,"key":"Elixir"},{"floor":27,"key":"Swift Potion"},{"floor":28,"key":"FearPotion"},{"floor":37,"key":"Toxic Potion"}],"is_trial":false,"path_per_floor":["M","?","M","M","?","$","M","M","T","R","?","$","M","?","R","B",null,"M","?","$","M","M","R","M","$","T","M","M","M","?","$","R","B",null,"M","?","M","?","$","E"],"character_chosen":"HERMIT","items_purchased":["hermit:Brawl","hermit:SprayPray+1","hermit:ShadowCloak","hermit:Malice","DollysMirror","hermit:Scavenge","hermit:Coalescence","Swift Potion","Membership Card","hermit:Misfire+1"],"campfire_rested":2,"item_purchase_floors":[6,6,12,12,20,20,25,39,39,39],"current_hp_per_floor":[71,71,64,64,64,64,62,62,62,75,75,75,75,50,72,34,75,56,56,56,46,47,47,34,34,34,29,32,34,34,34,34,1,75,28,28,6,6,6,0,0],"gold":9,"neow_bonus":"TRANSFORM_CARD","is_daily":false,"chose_seed":false,"campfire_upgraded":2,"win_rate":0.0,"timestamp":1608927376,"path_taken":["M","?","M","M","?","$","M","M","T","R","?","?","M","?","R","BOSS","M","?","$","M","?","R","M","?","T","M","M","?","?","$","R","BOSS","M","?","M","?","$","E"],"items_purchased_type":["Card","Card","Card","Card","Relic","Card","Card","Potion","Relic","Card"],"build_version":"2020-12-22","purchased_purges":0,"victory":false,"max_hp_per_floor":[75,75,75,75,75,75,75,75,75,75,75,75,75,75,75,75,75,75,75,75,75,75,75,75,75,75,75,75,75,75,75,75,75,75,75,75,75,75,75,75,75],"card_choices":[{"not_picked":["hermit:Feint","hermit:Spite"],"picked":"hermit:Headshot","floor":1},{"not_picked":["hermit:Roulette","hermit:Vantage"],"picked":"hermit:Enervate","floor":3},{"not_picked":["hermit:Shortfuse","hermit:Headshot"],"picked":"hermit:BigShot","floor":4},{"not_picked":["hermit:Desperado","hermit:DeadMansHand"],"picked":"hermit:Dive","floor":7},{"not_picked":["hermit:TrackingShot","hermit:BodyArmor"],"picked":"hermit:Feint","floor":8},{"not_picked":["hermit:HighCaliber","hermit:Midnight"],"picked":"hermit:ShadowCloak","floor":13},{"not_picked":["hermit:EternalForm","hermit:Purgatory"],"picked":"hermit:Reprieve","floor":16},{"not_picked":["hermit:ItchyTrigger","hermit:Dive"],"picked":"hermit:Grudge","floor":18},{"not_picked":["hermit:Enervate+1","hermit:CalledShot"],"picked":"hermit:Glare+1","floor":19},{"not_picked":["hermit:TrackingShot+1","hermit:Combo+1"],"picked":"hermit:Deadeye+1","floor":19},{"not_picked":["hermit:Ricochet","hermit:Deadeye"],"picked":"hermit:DeadMansHand","floor":19},{"not_picked":["hermit:Coalescence","hermit:GoldenBullet+1"],"picked":"hermit:CalledShot+1","floor":21},{"not_picked":["hermit:Spite","hermit:TrackingShot+1"],"picked":"hermit:GhostlyPresence","floor":22},{"not_picked":["hermit:Misfire+1","hermit:Scavenge"],"picked":"hermit:LowProfile+1","floor":24},{"not_picked":["hermit:Headshot","hermit:EternalForm"],"picked":"hermit:Determination","floor":27},{"not_picked":["hermit:Ricochet","hermit:HoleUp"],"picked":"hermit:CalledShot+1","floor":28},{"not_picked":["hermit:BigShot+1","hermit:HighCaliber"],"picked":"hermit:Vantage","floor":29},{"not_picked":["hermit:Reprieve","hermit:FinalCanter"],"picked":"hermit:DeadOrAlive","floor":33},{"not_picked":["hermit:GoldenBullet+1","hermit:Shortfuse"],"picked":"hermit:Brawl","floor":35},{"not_picked":["hermit:Desperado","hermit:Maintenance"],"picked":"hermit:Misfire+1","floor":37}],"player_experience":83232,"relics_obtained":[{"floor":9,"key":"Bottled Flame"},{"floor":26,"key":"ReplayTheSpireMod:Ninjato"},{"floor":30,"key":"Ring of Panic"}],"event_choices":[{"damage_healed":0,"gold_gain":67,"player_choice":"Gained Gold","damage_taken":0,"max_hp_gain":0,"max_hp_loss":0,"event_name":"Golden Wing","floor":2,"gold_loss":0},{"damage_healed":0,"gold_gain":0,"player_choice":"Disagree","damage_taken":0,"max_hp_gain":0,"max_hp_loss":0,"event_name":"conspire:LoneGhost","floor":5,"gold_loss":0},{"damage_healed":0,"gold_gain":0,"player_choice":"Box","damage_taken":0,"relics_obtained":["Anchor"],"max_hp_gain":0,"max_hp_loss":0,"event_name":"Big Fish","floor":11,"gold_loss":0,"cards_obtained":["Regret"]},{"damage_healed":0,"gold_gain":0,"player_choice":"Success","damage_taken":25,"relics_obtained":["construct:RocketBooster"],"max_hp_gain":0,"max_hp_loss":0,"event_name":"Scrap Ooze","floor":14,"gold_loss":0},{"damage_healed":0,"gold_gain":0,"player_choice":"Ignored","damage_taken":0,"max_hp_gain":0,"max_hp_loss":0,"event_name":"Tomb of Lord Red Mask","floor":36,"gold_loss":0},{"cards_removed":["hermit:BigShot"],"damage_healed":0,"gold_gain":0,"player_choice":"Removed Power","damage_taken":0,"max_hp_gain":0,"max_hp_loss":0,"event_name":"Falling","floor":38,"gold_loss":0}],"is_beta":false,"boss_relics":[{"not_picked":["ChewingGum","Sozu"],"picked":"Replay:Grab Bag"},{"not_picked":["Ectoplasm","Replay:Wanted Poster"],"picked":"Cursed Key"},{"not_picked":["ReplayTheSpireMod:DimensionalGlitch","ReplayTheSpireMod:Onyx Gauntlets"],"picked":"Coffee Dripper"},{"not_picked":["construct:ClawGrip","Astrolabe"],"picked":"Kintsugi"},{"not_picked":["construct:WeddingRing","conspire:SpecialSausage"],"picked":"hermit:ClaspedLocket"},{"not_picked":["Replay:Ancient Bell","Tiny House"],"picked":"hermit:BartenderGlass"}],"items_purged_floors":[],"is_endless":false,"potions_floor_spawned":[4,7,16,21,22,27,28,37],"killed_by":"Reptomancer","ascension_level":0}}