{"host":"a5lz0e76zb3fcwkm","time":1608907857,"event":{"mods":["AchievementEnabler","BaseMod","Colored Map","Colored Powertips","Minty Spire (QoL Compilation)","StSLib","SuperFastMode"],"gold_per_floor":[154,212,212,287,287,287,323,395,395,395,37,103,147,201,201,201,201],"floor_reached":16,"playtime":338,"items_purged":["Strike_R"],"score":250,"play_id":"f04ffefb-42cd-40af-8e56-5df2cdea76fc","local_time":"20201225235057","is_ascension_mode":true,"campfire_choices":[{"data":"HandOfGreed","floor":6,"key":"SMITH"},{"data":"Evolve","floor":10,"key":"SMITH"},{"data":"Offering","floor":15,"key":"SMITH"}],"circlet_count":0,"master_deck":["AscendersBane","Strike_R+1","Strike_R+1","Strike_R","Defend_R","Defend_R","Defend_R","Defend_R","Bash","HandOfGreed+1","Hemokinesis","Pommel Strike","Offering+1","Shrug It Off","Evolve+1","Flame Barrier"],"relics":["Burning Blood","Odd Mushroom","InkBottle","Eternal Feather","Vajra"],"acts_visited":["Exordium"],"potions_floor_usage":[8,14],"damage_taken":[{"damage":3,"enemies":"Small Slimes","floor":1,"turns":3},{"damage":7,"enemies":"2 Louse","floor":2,"turns":4},{"damage":9,"enemies":"Jaw Worm","floor":7,"turns":2},{"damage":10,"enemies":"The Mushroom Lair","floor":8,"turns":4},{"damage":9,"enemies":"2 Fungi Beasts","floor":12,"turns":6},{"damage":8,"enemies":"Blue Slaver","floor":13,"turns":5},{"damage":6,"enemies":"Gremlin Nob","floor":14,"turns":2},{"damage":44,"enemies":"The Guardian","floor":16,"turns":7}],"seed_played":"-4079609869747766553","potions_obtained":[{"floor":2,"key":"Explosive Potion"},{"floor":7,"key":"LiquidMemories"}],"is_trial":false,"path_per_floor":["M","M","?","?","?","R","M","?","T","R","$","M","M","E","R","B"],"character_chosen":"IRONCLAD","items_purchased":["Eternal Feather"],"campfire_rested":0,"item_purchase_floors":[11],"current_hp_per_floor":[68,67,47,36,36,36,33,29,29,29,29,26,24,24,33,0,0],"gold":201,"neow_bonus":"RANDOM_COLORLESS_2","is_daily":false,"chose_seed":false,"campfire_upgraded":3,"win_rate":0.0,"timestamp":1608907857,"path_taken":["M","M","?","?","?","R","M","?","T","R","?","M","M","E","R","BOSS"],"items_purchased_type":["Relic"],"build_version":"2020-12-22","purchased_purges":1,"victory":false,"max_hp_per_floor":[68,68,68,68,68,68,68,68,68,68,68,68,68,68,68,68,68],"card_choices":[{"not_picked":["Violence","Secret Technique"],"picked":"HandOfGreed","floor":0},{"not_picked":["Havoc","Intimidate"],"picked":"Hemokinesis","floor":1},{"not_picked":["Armaments","Heavy Blade"],"picked":"Pommel Strike","floor":2},{"not_picked":["True Grit","Carnage"],"picked":"Shrug It Off","floor":7},{"not_picked":["Reckless Charge","Body Slam"],"picked":"Evolve","floor":8},{"not_picked":["Thunderclap","Clothesline"],"picked":"Flame Barrier","floor":12},{"not_picked":["Clash","Pommel Strike","Brutality"],"picked":"SKIP","floor":13},{"not_picked":["Twin Strike","Flame Barrier","Combust"],"picked":"SKIP","floor":14}],"player_experience":1646234,"relics_obtained":[{"floor":8,"key":"Odd Mushroom"},{"floor":9,"key":"InkBottle"},{"floor":14,"key":"Vajra"}],"event_choices":[{"damage_healed":0,"gold_gain":0,"player_choice":"Entered Light","damage_taken":20,"max_hp_gain":0,"max_hp_loss":0,"event_name":"Shining Light","floor":3,"gold_loss":0,"cards_upgraded":["Strike_R","Strike_R"]},{"damage_healed":0,"gold_gain":75,"player_choice":"Gather Gold","damage_taken":11,"max_hp_gain":0,"max_hp_loss":0,"event_name":"World of Goop","floor":4,"gold_loss":0},{"damage_healed":0,"gold_gain":0,"cards_transformed":["Strike_R"],"player_choice":"Change","damage_taken":0,"max_hp_gain":0,"max_hp_loss":0,"event_name":"Living Wall","floor":5,"gold_loss":0,"cards_obtained":["Offering"]},{"damage_healed":0,"gold_gain":0,"player_choice":"Fought Mushrooms","damage_taken":0,"max_hp_gain":0,"max_hp_loss":0,"event_name":"Mushrooms","floor":8,"gold_loss":0}],"is_beta":false,"boss_relics":[],"items_purged_floors":[11],"is_endless":false,"potions_floor_spawned":[2,7],"killed_by":"The Guardian","ascension_level":20}}