{"host":"2hlhnd4tei6r1t0s","time":1608874741,"event":{"mods":["ATMod(阿瑾Mod)","Act Like it!","Aspiration","Astrologer","BaseMod","Conspire","Dota2Spire","Downfall","Gensokyo","Gremlin Mod","GungeonMod","Hallownest","Hermit","HumanHunterMod(怪物杀人mod)","Jedi Mod","Jorbs\u0027s Wanderer Trilogy","Koishi","Lobotomy","LobotomyExtend","Luminous","Mari Mod (Legacy)","Mari\u0027s V1 Patch","Minty Spire (QoL Compilation)","MostiFishMod","Pale of the Ancients","Potionbrewer","Prisma Mod","Quick Restart","Relic Stats","Replay The Spire","Robot Space Explorer","RumiaBox-露米娅的神秘盒子","Slay the Relics Exporter","StSLib","Synergy Search","TestMod","The Administrix","The Alterego","The Cursed","The Hayseed","The Mystic","The Poker Player","The Runesmith","TheWitcher","Uncapped","WarShipGirlsR/战舰少女R mod","[IsaacMod]以撒尖塔","[地精首领爬塔]The Maniac","noobMod","vexMod","【东方二次创作】八云紫mod","【功能Mod】混沌之环修复补丁","【功能Mod】聪明的最终Boss","【遗物卡牌】REMEMod","残留之物"],"gold_per_floor":[114,131,306,33,48,81,101,117,140,181,181,5,30,42,42,143,143,162,177,193,250,267,267,287,-1368,-1322,-1272,-1219,-1201,-1178,-1178,-1178,-1044,-1044,-1023,-1023,-998,-946,-930,-930,-930,-876,-876,-791,-773,-773,-749,-704,-704,-699,-699],"floor_reached":52,"playtime":2268,"items_purged":["Doubt","TheSimpletonMod:Defend_TheSimpleton"],"score":1274,"play_id":"ba2e244e-5c10-48a1-a5b8-d217cd7798e3","local_time":"20201225133901","is_ascension_mode":false,"campfire_choices":[{"data":"AT_ChampionKick","floor":11,"key":"SMITH"},{"data":"AT_EmpoweredMortalDraw","floor":15,"key":"SMITH"},{"data":"stsjorbsmod:MirroredTechnique","floor":23,"key":"SMITH"},{"data":"stsjorbsmod:Investment","floor":32,"key":"SMITH"},{"data":"Burst","floor":40,"key":"SMITH"},{"floor":49,"key":"DIG"}],"circlet_count":0,"master_deck":["TheSimpletonMod:Strike_TheSimpleton","TheSimpletonMod:Strike_TheSimpleton","TheSimpletonMod:Strike_TheSimpleton","TheSimpletonMod:Strike_TheSimpleton","TheSimpletonMod:ReapAndSow","AT_ChampionKick+1","stsjorbsmod:Wail","TheSimpletonMod:SaladShooter","TheSimpletonMod:Thresh","TheSimpletonMod:Thresh","TheSimpletonMod:CullingStrike","TheSimpletonMod:FlashPasteurize","TheSimpletonMod:CullingStrike","TheSimpletonMod:Ferment","TheSimpletonMod:Thresh","AT_EmpoweredMortalDraw+1","Runesmith:FieryHammer","TheSimpletonMod:BuzzBomb","stsjorbsmod:Investment+1","stsjorbsmod:MirroredTechnique+1","TheSimpletonMod:Aerate+1","TheSimpletonMod:Sunchoke","Runesmith:ChiselStab","Runesmith:FrozenChisel+1","TheSimpletonMod:SlashAndBurn","TheSimpletonMod:ToughenUp+1","Runesmith:FrozenChisel+1","TheSimpletonMod:Corn","TheSimpletonMod:Ferment+1","TheSimpletonMod:Fertilaser+1","TheSimpletonMod:Aerate","TheSimpletonMod:BirdFeeder","TheSimpletonMod:Thresh","TheSimpletonMod:SaltTheEarth","Dramatic Entrance","stsjorbsmod:Blasphemer","stsjorbsmod:Sacrifice","TheSimpletonMod:Fertilaser","REME_CopyPotion","Draining Mist","Burst+1","TheSimpletonMod:CropRotation","TheSimpletonMod:CullingStrike+1","TheSimpletonMod:Potatoes","TheSimpletonMod:SpiceUp+1","TheSimpletonMod:PestManagement+1","TheSimpletonMod:Innovate+1","TheSimpletonMod:SlashAndBurn+1","TheSimpletonMod:BumperCrop+1"],"relics":["TheSimpletonMod:SpudOfTheInnocent","TheSimpletonMod:NightSoil","TheSimpletonMod:TheHarvester","ice","testmod-TestBox","DaveBox","REME_ComplimentaryCards","HushsDoor","AT_ATBox","Chaos","CombinedTypeHook","testmod-EqualTreatment","aspiration:Nostalgia","stsjorbsmod:BookOfTrialsRelic","SynthV:TestCard","LetterFromLob","aspiration:HiddenCompartment","Gremlin Horn","aspiration:AnachronicSnailShell","aspiration:RunesmithSkillbook","DianPoetry","vexMod:Dragonfruit","Pear","SynthV:MejaisSoulstealer","AT_TimeSand","Dota2Spire:HandOfMidas","aspiration:Nostalgia","MariMod:MariTheSpark","Replay:Ancient Bell","Dota2Spire:Dagon","Boot","conspire:Dentures","Garlic","ReplayTheSpireMod:Lightbulb","conspire:Boomerang","DemoMod:GlassGuonStoneRelic","DemoMod:BlueGuonStone"],"acts_visited":["Exordium","TheCity","TheBeyond"],"potions_floor_usage":[],"damage_taken":[{"damage":11,"enemies":"Jaw Worm","floor":1,"turns":3},{"damage":9,"enemies":"Small Slimes","floor":2,"turns":3},{"damage":0,"enemies":"Cultist","floor":5,"turns":3},{"damage":62,"enemies":"Lagavulin","floor":6,"turns":10},{"damage":7,"enemies":"Lots of Slimes","floor":7,"turns":1},{"damage":0,"enemies":"Gremlin Gang","floor":8,"turns":1},{"damage":5,"enemies":"Exordium Thugs","floor":10,"turns":2},{"damage":12,"enemies":"3 Sentries","floor":13,"turns":1},{"damage":0,"enemies":"3 Louse","floor":14,"turns":1},{"damage":32,"enemies":"Fading Forest","floor":16,"turns":11},{"damage":21,"enemies":"2 Thieves","floor":18,"turns":2},{"damage":5,"enemies":"3 Byrds","floor":19,"turns":2},{"damage":33,"enemies":"Shelled Parasite and Fungi","floor":20,"turns":2},{"damage":0,"enemies":"3 Cultists","floor":22,"turns":2},{"damage":0,"enemies":"Snake Plant","floor":24,"turns":2},{"damage":0,"enemies":"Hiden Room Battle","floor":27,"turns":1},{"damage":0,"enemies":"Sentry and Sphere","floor":28,"turns":2},{"damage":0,"enemies":"Snecko","floor":29,"turns":2},{"damage":0,"enemies":"3 Cultists","floor":30,"turns":1},{"damage":0,"enemies":"Pondfish","floor":33,"turns":2},{"damage":0,"enemies":"Orb Walker","floor":35,"turns":2},{"damage":7,"enemies":"3 Darklings","floor":37,"turns":2},{"damage":31,"enemies":"Writhing Mass","floor":38,"turns":3},{"damage":56,"enemies":"Spire Growth","floor":39,"turns":2},{"damage":50,"enemies":"2 Orb Walkers","floor":42,"turns":2},{"damage":0,"enemies":"Hiden Room Battle","floor":44,"turns":1},{"damage":0,"enemies":"3 Darklings","floor":45,"turns":1},{"damage":0,"enemies":"Jaw Worm Horde","floor":47,"turns":1},{"damage":0,"enemies":"Sphere and 2 Shapes","floor":48,"turns":3},{"damage":0,"enemies":"Awakened One","floor":50,"turns":3}],"seed_played":"-5200962312173750396","potions_obtained":[{"floor":7,"key":"REME_GoldPotion"},{"floor":10,"key":"BlessingOfTheForge"},{"floor":14,"key":"TheSimpletonMod:KindlingPotion"},{"floor":20,"key":"Elixir"},{"floor":21,"key":"TheSimpletonMod:AbundancePotion"},{"floor":38,"key":"Fire Potion"},{"floor":39,"key":"SteroidPotion"},{"floor":48,"key":"jedi:wingpotion"}],"is_trial":false,"path_per_floor":["M","M","?","$","M","E","M","M","T","M","R","$","E","M","R","B",null,"M","M","M","?","M","R","M","$","T","?","M","M","M","$","R","B",null,"M","?","M","M","M","R","T","?","T","?","M","$","M","M","R","B",null,null],"character_chosen":"THE_SIMPLETON","items_purchased":["aspiration:HiddenCompartment","TheSimpletonMod:Thresh","AT_EmpoweredMortalDraw","Pear","SynthV:MejaisSoulstealer","Dota2Spire:Dagon","TheSimpletonMod:Thresh","TheSimpletonMod:SaltTheEarth","Dramatic Entrance"],"campfire_rested":0,"item_purchase_floors":[4,4,12,25,25,34,34,34,34],"current_hp_per_floor":[68,63,63,63,63,5,2,2,2,70,70,70,58,58,58,36,85,64,59,26,8,100,100,100,110,110,95,95,95,95,95,95,95,91,91,91,84,53,103,103,103,74,74,59,81,81,96,136,136,139,139],"gold":-699,"neow_bonus":"NOSTALGIA","is_daily":false,"chose_seed":false,"campfire_upgraded":5,"win_rate":0.0,"timestamp":1608874741,"path_taken":["M","M","?","$","?","E","?","M","T","M","R","$","E","?","R","BOSS","M","?","M","?","M","R","?","?","T","?","M","M","?","$","R","BOSS","M","?","M","M","M","R","?","?","T","?","?","$","M","M","R","BOSS"],"items_purchased_type":["Relic","Card","Card","Relic","Relic","Relic","Card","Card","Card"],"build_version":"2020-12-22","purchased_purges":2,"victory":true,"max_hp_per_floor":[75,75,75,75,75,75,75,75,75,76,76,76,76,76,76,85,85,88,93,95,100,100,100,100,110,110,110,110,110,110,110,110,113,91,92,92,95,100,136,136,136,136,136,136,136,136,136,136,136,139,139],"relic_stats":{"Gremlin Horn":[32,32],"counters":[30,73],"Boot":[0],"obtain_stats":[{"Chaos":0,"CombinedTypeHook":0,"DemoMod:BlueGuonStone":49,"AT_ATBox":0,"DaveBox":0,"Gremlin Horn":6,"DianPoetry":17,"testmod-EqualTreatment":0,"DemoMod:GlassGuonStoneRelic":1,"ice":0,"AT_TimeSand":26,"Boot":41,"TheSimpletonMod:TheHarvester":0,"aspiration:AnachronicSnailShell":9,"TheSimpletonMod:SpudOfTheInnocent":0,"TheSimpletonMod:NightSoil":0,"KeepersGift":0,"MariMod:MariTheSpark":27,"conspire:Dentures":42,"Dota2Spire:HandOfMidas":27,"testmod-TestBox":0,"Pear":25,"SynthV:MejaisSoulstealer":25,"aspiration:Nostalgia":0,"Dota2Spire:Dagon":34,"Replay:Ancient Bell":34,"conspire:Boomerang":44,"aspiration:HiddenCompartment":4,"vexMod:Dragonfruit":21,"SynthV:TestCard":1,"stsjorbsmod:BookOfTrialsRelic":0,"aspiration:RunesmithSkillbook":13,"LetterFromLob":1,"Garlic":43,"HushsDoor":0,"ReplayTheSpireMod:Lightbulb":44,"REME_ComplimentaryCards":0},{"Chaos":0,"CombinedTypeHook":0,"DemoMod:BlueGuonStone":29,"AT_ATBox":0,"DaveBox":0,"Gremlin Horn":4,"DianPoetry":10,"testmod-EqualTreatment":0,"DemoMod:GlassGuonStoneRelic":1,"ice":0,"AT_TimeSand":15,"Boot":24,"TheSimpletonMod:TheHarvester":0,"aspiration:AnachronicSnailShell":6,"TheSimpletonMod:SpudOfTheInnocent":0,"TheSimpletonMod:NightSoil":0,"KeepersGift":0,"MariMod:MariTheSpark":16,"conspire:Dentures":25,"Dota2Spire:HandOfMidas":16,"testmod-TestBox":0,"Pear":15,"SynthV:MejaisSoulstealer":15,"aspiration:Nostalgia":0,"Dota2Spire:Dagon":20,"Replay:Ancient Bell":20,"conspire:Boomerang":26,"aspiration:HiddenCompartment":2,"vexMod:Dragonfruit":13,"SynthV:TestCard":1,"stsjorbsmod:BookOfTrialsRelic":0,"aspiration:RunesmithSkillbook":8,"LetterFromLob":1,"Garlic":25,"HushsDoor":0,"ReplayTheSpireMod:Lightbulb":26,"REME_ComplimentaryCards":0},{"Chaos":0,"CombinedTypeHook":0,"DemoMod:BlueGuonStone":70,"AT_ATBox":0,"DaveBox":0,"Gremlin Horn":18,"DianPoetry":35,"testmod-EqualTreatment":0,"DemoMod:GlassGuonStoneRelic":3,"ice":0,"AT_TimeSand":45,"Boot":62,"TheSimpletonMod:TheHarvester":0,"aspiration:AnachronicSnailShell":20,"TheSimpletonMod:SpudOfTheInnocent":0,"TheSimpletonMod:NightSoil":0,"KeepersGift":0,"MariMod:MariTheSpark":46,"conspire:Dentures":64,"Dota2Spire:HandOfMidas":46,"testmod-TestBox":0,"Pear":45,"SynthV:MejaisSoulstealer":45,"aspiration:Nostalgia":0,"Dota2Spire:Dagon":53,"Replay:Ancient Bell":53,"conspire:Boomerang":65,"aspiration:HiddenCompartment":5,"vexMod:Dragonfruit":41,"SynthV:TestCard":3,"stsjorbsmod:BookOfTrialsRelic":0,"aspiration:RunesmithSkillbook":23,"LetterFromLob":3,"Garlic":64,"HushsDoor":0,"ReplayTheSpireMod:Lightbulb":65,"REME_ComplimentaryCards":0}]},"card_choices":[{"not_picked":[],"picked":"ChaosCard","floor":0},{"not_picked":["TheSimpletonMod:PestManagement","TheSimpletonMod:Aerate"],"picked":"TheSimpletonMod:SaladShooter","floor":1},{"not_picked":["Bomb","TheSimpletonMod:Sunseed","TheSimpletonMod:StockTheCellar","TheSimpletonMod:BirdFeeder"],"picked":"TheSimpletonMod:RootDown","floor":2},{"not_picked":["TheSimpletonMod:Rototilling","TheSimpletonMod:SaladShooter","TheSimpletonMod:Germinate","TheSimpletonMod:DoubleBarrel"],"picked":"TheSimpletonMod:CullingStrike","floor":5},{"not_picked":["TheSimpletonMod:Fertilaser","TheSimpletonMod:PestManagement","TheSimpletonMod:StockTheCellar","TheSimpletonMod:Corn"],"picked":"TheSimpletonMod:FlashPasteurize","floor":6},{"not_picked":["TheSimpletonMod:SeedCoat","TheSimpletonMod:CropRotation","TheSimpletonMod:VineRipen","TheSimpletonMod:OnionBloom"],"picked":"TheSimpletonMod:CullingStrike","floor":7},{"not_picked":["TheSimpletonMod:ControlledBurn","TheSimpletonMod:CloseScrape","TheSimpletonMod:Corn","TheSimpletonMod:SaladShooter"],"picked":"TheSimpletonMod:Ferment","floor":8},{"not_picked":["TheSimpletonMod:GoToMarket","TheSimpletonMod:SaladShooter","TheSimpletonMod:DigIn","TheSimpletonMod:StockTheCellar"],"picked":"TheSimpletonMod:Thresh","floor":10},{"not_picked":["TheSimpletonMod:ErosionControl","TheSimpletonMod:PestManagement","TheSimpletonMod:ControlledBurn","TheSimpletonMod:SeedCoat"],"picked":"Bomb","floor":13},{"not_picked":["Runesmith:NanitesCloud","TheSimpletonMod:SeedCoat","TheSimpletonMod:Swelter","Runesmith:HammerAndChisel","TheSimpletonMod:Sunchoke"],"picked":"Runesmith:FieryHammer","floor":14},{"not_picked":["TheSimpletonMod:SaltTheEarth","Runesmith:UnlimitedPower","TheSimpletonMod:FlashPasteurize","TheSimpletonMod:Surplus","TheSimpletonMod:ResearchGrant"],"picked":"TheSimpletonMod:BuzzBomb","floor":16},{"not_picked":["TheSimpletonMod:Pruning","TheSimpletonMod:Mulch","Runesmith:EarthShield","Runesmith:HeatExchange","Runesmith:MakeshiftArmor"],"picked":"TheSimpletonMod:Aerate+1","floor":18},{"not_picked":["Runesmith:StaticCage","Runesmith:HammerThrow","Runesmith:Attraction","TheSimpletonMod:SlashAndBurn","Runesmith:HeatedChisel"],"picked":"TheSimpletonMod:Sunchoke","floor":19},{"not_picked":["Runesmith:LastStand","TheSimpletonMod:ToughenUp+1","Runesmith:Attraction","Runesmith:ChaoticBlast+1","Runesmith:CraftVitae+1"],"picked":"Runesmith:ChiselStab","floor":20},{"not_picked":["Runesmith:ChiselStab+1","Runesmith:BackupBattery","TheSimpletonMod:BumperCrop","Runesmith:Reinforce","TheSimpletonMod:CloseScrape"],"picked":"Runesmith:FrozenChisel+1","floor":21},{"not_picked":["Runesmith:Firestorm","Runesmith:EarthShield","Runesmith:CraftProtectio","Runesmith:Augment","TheSimpletonMod:Corn+1"],"picked":"TheSimpletonMod:SlashAndBurn","floor":21},{"not_picked":["Runesmith:RuneHurl","Runesmith:HammerTime","Runesmith:EarthShield","TheSimpletonMod:RootDown","TheSimpletonMod:SeedCoat"],"picked":"TheSimpletonMod:ToughenUp+1","floor":22},{"not_picked":["Runesmith:HammerAndChisel","Runesmith:Refine+1","Runesmith:HeatedChisel","TheSimpletonMod:Innovate","Runesmith:GenerateForcefield"],"picked":"Runesmith:FrozenChisel+1","floor":24},{"not_picked":["Runesmith:LithiumIon","Runesmith:Terraform","Runesmith:CraftProtectio+1","Runesmith:HammerAndChisel+1","TheSimpletonMod:Thresh"],"picked":"TheSimpletonMod:Corn","floor":27},{"not_picked":["Runesmith:CraftProtectio","Runesmith:Discharge","TheSimpletonMod:ToughenUp","Runesmith:ChaoticBlast","Runesmith:BackupBattery"],"picked":"TheSimpletonMod:Ferment+1","floor":28},{"not_picked":["TheSimpletonMod:Potatoes","Runesmith:NanitesCloud+1","TheSimpletonMod:ErosionControl","Runesmith:ChiselStab+1","Runesmith:CraftMagma"],"picked":"TheSimpletonMod:Fertilaser+1","floor":29},{"not_picked":["Runesmith:RuneHurl","Runesmith:CraftVitae","Runesmith:BackupBattery+1","Runesmith:FieryHammer+1","TheSimpletonMod:DoubleBarrel"],"picked":"TheSimpletonMod:Aerate","floor":30},{"not_picked":["Runesmith:UnlimitedPower","Runesmith:CraftIndustria","TheSimpletonMod:ResistantStrain","TheSimpletonMod:CrackOfDawn","Runesmith:LightningRod"],"picked":"TheSimpletonMod:BirdFeeder","floor":33},{"not_picked":["TheSimpletonMod:DoubleBarrel+1","Runesmith:HammerAndChisel+1","Runesmith:CraftMagma+1","Runesmith:Accelerate","Runesmith:UnstableHammer"],"picked":"TheSimpletonMod:Fertilaser","floor":35},{"not_picked":["Runesmith:CraftIncendium","TheSimpletonMod:OnionBloom","TheSimpletonMod:Aerate","Runesmith:Grindstone","Runesmith:Retool+1"],"picked":"TheSimpletonMod:CropRotation","floor":37},{"not_picked":["Runesmith:RunicBlueprint+1","Runesmith:CraftMedicinae","Runesmith:BackupBattery+1","Runesmith:UnstableHammer+1","Runesmith:Terraform+1"],"picked":"TheSimpletonMod:CullingStrike+1","floor":38},{"not_picked":["Runesmith:PerfectChisel","Runesmith:ShiftingStrike+1","Runesmith:Terraform+1","Runesmith:ChiselStab","TheSimpletonMod:Mulch"],"picked":"TheSimpletonMod:Potatoes","floor":39},{"not_picked":["Runesmith:Electrocute+1","Runesmith:CraftObretio","Runesmith:UnstableHammer","TheSimpletonMod:SeedCoat+1","Runesmith:EarthShield"],"picked":"TheSimpletonMod:SpiceUp+1","floor":42},{"not_picked":["Runesmith:NanitesCloud+1","TheSimpletonMod:ControlledBurn+1","Runesmith:ShiftingStrike+1","TheSimpletonMod:Sunchoke","TheSimpletonMod:Ferment"],"picked":"TheSimpletonMod:PestManagement+1","floor":44},{"not_picked":["Runesmith:Overpower+1","Runesmith:EarthShield+1","Runesmith:CraftProtectio","TheSimpletonMod:OnionBloom+1","Runesmith:Attraction+1"],"picked":"TheSimpletonMod:Innovate+1","floor":45},{"not_picked":["TheSimpletonMod:BumperCrop","Runesmith:CraftReservo","TheSimpletonMod:KeenEdge","TheSimpletonMod:HitTheSack","Runesmith:CraftObretio"],"picked":"TheSimpletonMod:SlashAndBurn+1","floor":47},{"not_picked":["Runesmith:ChiselStab","Runesmith:HammerThrow","Runesmith:MakeshiftArmor+1","Runesmith:HeatedChisel","TheSimpletonMod:ToughenUp+1"],"picked":"TheSimpletonMod:BumperCrop+1","floor":48}],"player_experience":12120,"relics_obtained":[{"floor":1,"key":"SynthV:TestCard"},{"floor":1,"key":"LetterFromLob"},{"floor":6,"key":"Gremlin Horn"},{"floor":9,"key":"aspiration:AnachronicSnailShell"},{"floor":13,"key":"aspiration:RunesmithSkillbook"},{"floor":21,"key":"vexMod:Dragonfruit"},{"floor":26,"key":"AT_TimeSand"},{"floor":27,"key":"Dota2Spire:HandOfMidas"},{"floor":27,"key":"aspiration:Nostalgia"},{"floor":41,"key":"Boot"},{"floor":42,"key":"conspire:Dentures"},{"floor":43,"key":"Garlic"},{"floor":44,"key":"ReplayTheSpireMod:Lightbulb"},{"floor":44,"key":"conspire:Boomerang"},{"floor":49,"key":"DemoMod:BlueGuonStone"}],"event_choices":[{"damage_healed":0,"gold_gain":175,"player_choice":"AGREE","damage_taken":0,"max_hp_gain":0,"max_hp_loss":0,"event_name":"Liars Game","floor":3,"gold_loss":0,"cards_obtained":["Doubt"]},{"damage_healed":0,"gold_gain":0,"player_choice":"Fight","damage_taken":0,"max_hp_gain":0,"max_hp_loss":0,"event_name":"HidenRoomEvent","floor":27,"gold_loss":0},{"damage_healed":0,"gold_gain":0,"player_choice":"Fight","damage_taken":0,"max_hp_gain":0,"max_hp_loss":0,"event_name":"Mysterious Sphere","floor":42,"gold_loss":0},{"damage_healed":0,"gold_gain":0,"player_choice":"Fight","damage_taken":0,"max_hp_gain":0,"max_hp_loss":0,"event_name":"HidenRoomEvent","floor":44,"gold_loss":0}],"is_beta":false,"boss_relics":[{"not_picked":["White Beast Statue","DemoMod:JetPack"],"picked":"DianPoetry"},{"not_picked":[]},{"not_picked":["ClockworkSouvenir","SatanicBible"],"picked":"Replay:Ancient Bell"},{"not_picked":[]}],"items_purged_floors":[4,34],"is_endless":false,"potions_floor_spawned":[7,10,14,20,24,28,29,33,38,39,48],"ascension_level":0}}