{"host":"ic2t2jxz7s3jvs1m","time":1608878460,"event":{"mods":["AchievementEnabler","Aspiration","BaseMod","Better Third Choice","Block Reminder","Colored Map","Conspire","Curses Come First","Downfall","Energized Spire","Halation","Hubris","Infinite Spire","Jess\u0027s Bottle","Minty Spire (QoL Compilation)","Quick Restart","Relic Stats","Replay The Spire","SacredBarkPlus","Small Relic Pack","StSLib","The Blue Laboratory","Trackpad","Transform Curses","Uncapped","vexMod"],"gold_per_floor":[119,130,130,130,147,179,179,210,237,266,286,41,41,61,61,161,161,176,187,197,197,197,197],"floor_reached":22,"playtime":2901,"items_purged":[],"score":206,"play_id":"abf99b47-b58c-4dde-a416-a3304205480f","local_time":"20201225004100","is_ascension_mode":false,"campfire_choices":[{"data":"Demonic Infusion","floor":7,"key":"SMITH"},{"floor":15,"key":"REST"}],"circlet_count":0,"master_deck":["Strike_R","Strike_R","Strike_R","Strike_R","Strike_R","Defend_R","Defend_R","Defend_R","Defend_R","Bash","Run Through","Metallicize","Bash","Demonic Infusion+1","Shrug It Off","Pommel Strike","Replay:Many Hands","Armaments","Replay:Undeath\u0027s Touch","Dual Wield","Reaper","Dark Embrace+1","Battle Trance","Disarm","Insight"],"relics":["Cracked Core","infinitespire:Cubic Diamond","hubris:ToyBattleship","trackpad:DisasterInABottle","Tiny Chest","hubris:TinFlute","Mummified Hand","Painkiller Herb"],"acts_visited":["Exordium","TheCity"],"potions_floor_usage":[16,20],"damage_taken":[{"damage":8,"enemies":"Cultist","floor":1,"turns":5},{"damage":2,"enemies":"Small Slimes","floor":2,"turns":4},{"damage":0,"enemies":"2 Louse","floor":5,"turns":2},{"damage":16,"enemies":"3 Sentries","floor":6,"turns":10},{"damage":14,"enemies":"Gremlin Nob","floor":8,"turns":4},{"damage":14,"enemies":"3 Sentries","floor":10,"turns":8},{"damage":15,"enemies":"Gremlin Gang","floor":11,"turns":3},{"damage":6,"enemies":"3 Louse","floor":14,"turns":3},{"damage":50,"enemies":"The Guardian","floor":16,"turns":10},{"damage":47,"enemies":"3 Byrds","floor":18,"turns":5},{"damage":4,"enemies":"Shell Parasite","floor":19,"turns":2},{"damage":30,"enemies":"Centurion and Healer","floor":20,"turns":11},{"damage":37,"enemies":"conspire:HollyBat","floor":22,"turns":10}],"seed_played":"8138219395279495669","potions_obtained":[{"floor":5,"key":"DistilledChaos"},{"floor":6,"key":"FearPotion"},{"floor":11,"key":"ColorlessPotion"},{"floor":14,"key":"blueLaboratory:SmithPotion"},{"floor":18,"key":"CultistPotion"}],"is_trial":false,"path_per_floor":["M","M","?","?","M","E","R","E","T","E","M","$","?","M","R","B",null,"?","?","?","?","?"],"character_chosen":"IRONCLAD","items_purchased":["Mummified Hand"],"campfire_rested":1,"item_purchase_floors":[12],"current_hp_per_floor":[86,88,88,88,88,72,72,58,58,44,29,29,38,32,58,8,88,46,42,24,24,0,0],"gold":197,"neow_bonus":"TEN_PERCENT_HP_BONUS","is_daily":false,"chose_seed":false,"campfire_upgraded":1,"win_rate":0.0,"timestamp":1608878460,"path_taken":["M","?","?","?","M","E","R","E","T","E","?","$","?","M","R","BOSS","?","?","?","?","?"],"items_purchased_type":["Relic"],"build_version":"2020-12-22","purchased_purges":0,"victory":false,"max_hp_per_floor":[88,88,88,88,88,88,88,88,88,88,88,88,88,88,88,88,88,88,88,88,88,88,88],"relic_stats":{"counters":[13,77],"Mummified Hand":[9],"Tiny Chest":0,"obtain_stats":[{"Mummified Hand":12,"Tiny Chest":9,"Painkiller Herb":17,"infinitespire:Cubic Diamond":3,"hubris:ToyBattleship":6,"Cracked Core":3,"trackpad:DisasterInABottle":8,"Burning Blood":0,"hubris:TinFlute":10},{"Mummified Hand":7,"Tiny Chest":5,"Painkiller Herb":9,"infinitespire:Cubic Diamond":2,"hubris:ToyBattleship":4,"Cracked Core":2,"trackpad:DisasterInABottle":5,"Burning Blood":0,"hubris:TinFlute":6},{"Mummified Hand":36,"Tiny Chest":25,"Painkiller Herb":49,"infinitespire:Cubic Diamond":9,"hubris:ToyBattleship":21,"Cracked Core":9,"trackpad:DisasterInABottle":25,"Burning Blood":0,"hubris:TinFlute":33}]},"card_choices":[{"not_picked":["Heavy Blade","Clothesline"],"picked":"Run Through","floor":1},{"not_picked":["Twin Strike","Perfected Strike"],"picked":"Metallicize","floor":2},{"not_picked":["Armaments","Pommel Strike"],"picked":"Shrug It Off","floor":5},{"not_picked":["hubris:CleavingFinish","Run Through"],"picked":"Pommel Strike","floor":6},{"not_picked":["Wild Strike","Abandon"],"picked":"Replay:Many Hands","floor":8},{"not_picked":["Flame Barrier","Sever Soul"],"picked":"Armaments","floor":10},{"not_picked":["Havoc","ReplayTheSpireMod:Strike From Hell"],"picked":"Replay:Undeath\u0027s Touch","floor":11},{"not_picked":["Massacre","Abandon"],"picked":"Dual Wield","floor":14},{"not_picked":["hubris:StunningStrike","Bludgeon"],"picked":"Reaper","floor":16},{"not_picked":["Life Link","Reckless Charge"],"picked":"Dark Embrace+1","floor":18},{"not_picked":["Second Wind","Reckless Charge+1"],"picked":"Battle Trance","floor":19},{"not_picked":["Pommel Strike","Dark Embrace+1"],"picked":"Disarm","floor":20}],"player_experience":255243,"relics_obtained":[{"floor":6,"key":"hubris:ToyBattleship"},{"floor":8,"key":"trackpad:DisasterInABottle"},{"floor":9,"key":"Tiny Chest"},{"floor":10,"key":"hubris:TinFlute"}],"event_choices":[{"damage_healed":0,"gold_gain":0,"player_choice":"2 cards matched","damage_taken":0,"max_hp_gain":0,"max_hp_loss":0,"event_name":"Match and Keep!","floor":4,"gold_loss":0,"cards_obtained":["Bash","Demonic Infusion"]},{"damage_healed":0,"gold_gain":0,"player_choice":"Insight","damage_taken":0,"max_hp_gain":0,"max_hp_loss":0,"event_name":"betterThird:BetterWriting","floor":21,"gold_loss":0,"cards_obtained":["Insight"]}],"is_beta":false,"boss_relics":[{"not_picked":["Fusion Hammer","hubris:TerracottaHorce"],"picked":"Painkiller Herb"}],"items_purged_floors":[],"is_endless":false,"potions_floor_spawned":[5,6,11,14,18],"killed_by":"conspire:HollyBat","ascension_level":0}}