{"host":"i838i4v0j45fzwgz","time":1608921142,"event":{"mods":["BaseMod","BetterRewards","Hubris","Infinite Spire","Minty Spire (QoL Compilation)","Replay The Spire","Shop Mod","StSLib"],"gold_per_floor":[117,117,12,27,27,27,27,42,68,68,94,109,128,128,128,146,146,246,246,264,281,292,292,303,303,303],"floor_reached":25,"playtime":2475,"items_purged":["Languid"],"score":205,"play_id":"5b2f298c-e892-4842-988d-8b7fcc5bda9a","local_time":"20201225123222","is_ascension_mode":false,"campfire_choices":[{"data":"infinitespire:Starlight","floor":6.0,"key":"SMITH"},{"data":"Armaments","floor":10.0,"key":"SMITH"}],"circlet_count":0,"master_deck":["Strike_R","Strike_R","Strike_R","Strike_R","Strike_R","Defend_R","Defend_R","Defend_R","Defend_R","Strike_G","hubris:Defend_Merchant","Pommel Strike","infinitespire:Starlight+1","Armaments+1","Hemokinesis+1","ReplayTheSpireMod:Stacked","Pot Of Greed","Pot Of Greed","Perfected Strike","infinitespire:OneForAll","Disarm","Twin Strike","Sword Boomerang","Juggernaut","Pot Of Greed","ReplayTheSpireMod:Faulty Equipment","hubris:Compulsion","ReplayTheSpireMod:Limb From Limb","Perfected Strike","Thunderclap","ReplayTheSpireMod:Black Plague","Clothesline"],"relics":["Burning Blood","hubris:CuriousFeather","Grinning Jar","Centennial Puzzle","infinitespire:CheckeredPen","Replay:Ancient Bell","Oddly Smooth Stone","hubris:Metronome","Replay:PocketPolymizer"],"acts_visited":["Exordium","TheCity"],"potions_floor_usage":[],"damage_taken":[{"damage":11.0,"enemies":"Jaw Worm","floor":1.0,"turns":2.0},{"damage":2.0,"enemies":"Small Slimes","floor":4.0,"turns":2.0},{"damage":8.0,"enemies":"Cultist","floor":8.0,"turns":3.0},{"damage":35.0,"enemies":"3 Sentries","floor":11.0,"turns":6.0},{"damage":0.0,"enemies":"Red Slaver","floor":12.0,"turns":4.0},{"damage":14.0,"enemies":"Large Slime","floor":13.0,"turns":4.0},{"damage":17.0,"enemies":"Exordium Thugs","floor":16.0,"turns":4.0},{"damage":56.0,"enemies":"The Guardian","floor":18.0,"turns":9.0},{"damage":32.0,"enemies":"3 Byrds","floor":20.0,"turns":7.0},{"damage":18.0,"enemies":"Spheric Guardian","floor":21.0,"turns":4.0},{"damage":55.0,"enemies":"3 Cultists","floor":22.0,"turns":7.0},{"damage":21.0,"enemies":"Snake Plant","floor":24.0,"turns":2.0},{"damage":56,"enemies":"Gremlin Leader","floor":25,"turns":5}],"seed_played":"-6043320398896742297","potions_obtained":[{"floor":1.0,"key":"SteroidPotion"},{"floor":11.0,"key":"SteroidPotion"},{"floor":17.0,"key":"BloodPotion"},{"floor":22.0,"key":"LiquidMemories"}],"is_trial":false,"path_per_floor":["M","?","$","M","?","R","?","M","T","R","E","M","M","PTL","PTL","M","R","B",null,"M","M","M","AVR","M","E"],"character_chosen":"IRONCLAD","items_purchased":["Armaments","Hemokinesis+1"],"campfire_rested":0,"item_purchase_floors":[3,3],"current_hp_per_floor":[75,54,54,68,61,61,61,74,74,74,60,80,72,72,72,76,76,41,80,54,57,23,23,39,0,0],"gold":303,"neow_bonus":"ONE_RARE_RELIC","is_daily":false,"chose_seed":false,"campfire_upgraded":2,"win_rate":0.0,"timestamp":1608921142,"path_taken":["M","?","$","M","?","R","?","?","T","R","E","M","M","PTL","PTL","M","R","BOSS","M","M","M","AVR","M","E"],"items_purchased_type":["Card","Card"],"build_version":"2020-12-22","purchased_purges":1,"victory":false,"max_hp_per_floor":[80,80,80,80,80,80,80,80,80,80,80,80,80,80,80,80,80,80,80,80,80,80,80,80,80,80],"card_choices":[{"not_picked":["Perfected Strike","Defy Death"],"picked":"Pommel Strike","floor":1.0},{"not_picked":["infinitespire:FutureSight","infinitespire:Fortify"],"picked":"infinitespire:Starlight","floor":2.0},{"not_picked":["Heavy Blade","Flame Barrier"],"picked":"ReplayTheSpireMod:Stacked","floor":4.0},{"not_picked":["Power Through","Flex"],"picked":"Perfected Strike","floor":8.0},{"not_picked":["Blood for Blood","True Grit"],"picked":"infinitespire:OneForAll","floor":11.0},{"not_picked":["Clash","Iron Wave"],"picked":"Disarm","floor":12.0},{"not_picked":["Iron Wave","Dark Embrace"],"picked":"Twin Strike","floor":13.0},{"not_picked":["Ghostly Armor","Armaments"],"picked":"Sword Boomerang","floor":16.0},{"not_picked":["Feed","Brutality"],"picked":"Juggernaut","floor":18.0},{"not_picked":["Amnesia","Overencumbered"],"picked":"Languid","floor":19.0},{"not_picked":["hubris:Disease","Replay:Hysterical Blindness"],"picked":"ReplayTheSpireMod:Faulty Equipment","floor":19.0},{"not_picked":["ReplayTheSpireMod:Restless Dread","hubris:Disease"],"picked":"hubris:Compulsion","floor":19.0},{"not_picked":["Sword Boomerang","Rupture+1"],"picked":"ReplayTheSpireMod:Limb From Limb","floor":20.0},{"not_picked":["Body Slam","True Grit"],"picked":"Perfected Strike","floor":21.0},{"not_picked":["Offering","Warcry"],"picked":"Thunderclap","floor":22.0},{"not_picked":["Anger","Clash"],"picked":"Clothesline","floor":24.0}],"player_experience":8850,"relics_obtained":[{"floor":9.0,"key":"Centennial Puzzle"},{"floor":11.0,"key":"infinitespire:CheckeredPen"}],"event_choices":[{"damage_healed":0.0,"max_hp_gain":0.0,"max_hp_loss":0.0,"gold_gain":0.0,"event_name":"Scrap Ooze","player_choice":"Success","floor":5.0,"gold_loss":0.0,"damage_taken":7.0,"relics_obtained":["Grinning Jar"]},{"cards_removed":["Bash"],"damage_healed":0.0,"max_hp_gain":0.0,"max_hp_loss":0.0,"gold_gain":0.0,"event_name":"Bonfire Elementals","player_choice":"Offered Basic","floor":7.0,"gold_loss":0.0,"damage_taken":0.0}],"is_beta":false,"boss_relics":[{"not_picked":["ChewingGum","infinitespire:Burning Sword"],"picked":"Replay:Ancient Bell"},{"not_picked":["Boot","Toy Ornithopter"],"picked":"Oddly Smooth Stone"},{"not_picked":["hubris:DeckOfHolding","infinitespire:ShieldingShard"],"picked":"hubris:Metronome"},{"not_picked":["Magic Flower","Peace Pipe"],"picked":"Replay:PocketPolymizer"}],"items_purged_floors":[23],"is_endless":false,"potions_floor_spawned":[1,11,22],"killed_by":"Gremlin Leader","ascension_level":0}}