{"host":"kabf61oc9jgfwufg","time":1608866294,"event":{"mods":["AchievementEnabler","Act Like it!","Aspiration","Bartender","BaseMod","CatGirl Mod","Conspire","GifTheSpireLib","Halation","HexUI Lib","Hubris","Infinite Spire","Marisa????????","Minty Spire (QoL Compilation)","Pale of the Ancients","Rare Cards Sparkle","Replay The Spire","StSLib","The Animator","The Blackbeard","The Bladedancer","The Cursed","The Jungle","The Marked","The Servant 0.9.4","TheSwordswoman"],"gold_per_floor":[360,360,2,37,62,62,78,108,108,108,118,67,87,12,12,113,113,133,133,133,149,159,159,176,176,176],"floor_reached":25,"playtime":1348,"items_purged":["theMarked:Strike"],"score":226,"play_id":"03d0fad7-ace2-4401-bf29-95fb4f8e19c6","local_time":"20201225031814","is_ascension_mode":false,"campfire_choices":[{"data":"Apotheosis","floor":6,"key":"SMITH"},{"data":"Neutralize","floor":10,"key":"SMITH"},{"floor":15,"key":"DIG"},{"data":"hubris:DuctTapeCard","floor":23,"key":"SMITH"}],"circlet_count":0,"master_deck":["Strike_G","Strike_G","Strike_G","Strike_G","Strike_G","Defend_G","Defend_G","Defend_G","Defend_G","Defend_G","Survivor","Neutralize+1","Somersault","Deflect","Apotheosis+1","Survey Options","Purity","Outmaneuver","hubris:DuctTapeCard+2","hubris:TrickCloak","Prepared+1"],"relics":["Ring of the Snake","ReplayTheSpireMod:ShopPack","halation:BottledLove","infinitespire:ShieldingShard","infinitespire:PuzzleCube","Ninja Scroll","Pear","hubris:DuctTape","Busted Crown","hubris:DeckOfHolding"],"acts_visited":["Exordium","TheCity"],"potions_floor_usage":[8,16],"damage_taken":[{"damage":5,"enemies":"Small Slimes","floor":1,"turns":3},{"damage":31,"enemies":"conspire:MimicChest","floor":4,"turns":10},{"damage":7,"enemies":"Jaw Worm","floor":7,"turns":5},{"damage":0,"enemies":"Lagavulin","floor":8,"turns":7},{"damage":0,"enemies":"Cultist","floor":11,"turns":2},{"damage":0,"enemies":"Lots of Slimes","floor":13,"turns":4},{"damage":31,"enemies":"Fading Forest","floor":16,"turns":11},{"damage":20,"enemies":"2 Thieves","floor":18,"turns":4},{"damage":0,"enemies":"Chosen","floor":21,"turns":8},{"damage":20,"enemies":"Shelled Parasite and Fungi","floor":22,"turns":9},{"damage":12,"enemies":"3 Cultists","floor":24,"turns":7},{"damage":28,"enemies":"Cultist and Chosen","floor":25,"turns":4}],"seed_played":"-5933598480525880903","potions_obtained":[{"floor":1,"key":"Strength Potion"},{"floor":7,"key":"FearPotion"},{"floor":18,"key":"Languid Potion"},{"floor":22,"key":"AttackPotion"}],"is_trial":false,"path_per_floor":["M","?","$","?","T","R","M","E","T","R","M","$","M","$","R","B",null,"M","?","T","M","M","R","M","M"],"character_chosen":"THE_SILENT","items_purchased":["ReplayTheSpireMod:ShopPack","halation:BottledLove","Hidden Blade"],"campfire_rested":0,"item_purchase_floors":[3,3,12],"current_hp_per_floor":[65,65,65,34,34,34,27,27,37,37,37,37,37,37,37,16,80,60,60,60,60,40,40,28,0,0],"gold":176,"neow_bonus":"TWO_FIFTY_GOLD","is_daily":false,"chose_seed":false,"campfire_upgraded":3,"win_rate":0.0,"timestamp":1608866294,"path_taken":["M","?","$","?","?","R","M","E","T","R","?","$","M","$","R","BOSS","M","?","?","M","M","R","?","?"],"items_purchased_type":["Relic","Relic","Card"],"build_version":"2020-12-22","purchased_purges":1,"victory":false,"max_hp_per_floor":[70,70,70,70,70,70,70,70,80,80,80,80,80,80,80,80,80,80,80,80,80,80,80,80,80,80],"card_choices":[{"not_picked":["Underhanded Strike","Acrobatics"],"picked":"Deflect","floor":1},{"not_picked":["ReplayTheSpireMod:Brewmster","Mayhem"],"picked":"Apotheosis","floor":3},{"not_picked":["ReplayTheSpireMod:Trickstab","Replay:Parry"],"picked":"Survey Options","floor":3},{"not_picked":["ReplayTheSpireMod:Brewmster","Replay:Parry"],"picked":"Purity","floor":3},{"not_picked":["Tactician","Replay:Poison Smokescreen"],"picked":"Distraction","floor":4},{"not_picked":["Sucker Punch","Expertise","Sneak Up"],"picked":"SKIP","floor":7},{"not_picked":["Acrobatics","Deadly Poison"],"picked":"Outmaneuver","floor":8},{"not_picked":["Corpse Explosion","Poisoned Stab","ReplayTheSpireMod:Exploit Weakness"],"picked":"SKIP","floor":11},{"not_picked":["Slice","Dagger Spray","Bane"],"picked":"SKIP","floor":13},{"not_picked":["Distraction"],"picked":"SKIP","floor":18},{"not_picked":[],"picked":"hubris:TrickCloak","floor":21},{"not_picked":[],"picked":"Prepared+1","floor":22},{"not_picked":["ReplayTheSpireMod:The Works"],"picked":"SKIP","floor":24}],"player_experience":37070,"relics_obtained":[{"floor":4,"key":"infinitespire:ShieldingShard"},{"floor":5,"key":"infinitespire:PuzzleCube"},{"floor":8,"key":"Ninja Scroll"},{"floor":9,"key":"Pear"},{"floor":15,"key":"hubris:DuctTape"},{"floor":20,"key":"hubris:DeckOfHolding"}],"event_choices":[{"damage_healed":0,"gold_gain":0,"player_choice":"Ignored","damage_taken":0,"max_hp_gain":0,"max_hp_loss":0,"event_name":"Ghosts","floor":19,"gold_loss":0}],"is_beta":false,"boss_relics":[{"not_picked":["ReplayTheSpireMod:DimensionalGlitch","hubris:RunicObelisk"],"picked":"Busted Crown"}],"items_purged_floors":[14],"is_endless":false,"potions_floor_spawned":[1,7,18,22],"killed_by":"Cultist and Chosen","ascension_level":0}}