{"host":"oe99xkou38n5lfnh","time":1608874675,"event":{"mods":["BaseMod","Downfall","Minty Spire (QoL Compilation)","StSLib"],"gold_per_floor":[99,99,99,99,99,199,199,209,244,263,90,90,116,130,140,235,235,10,26,26,46,31,31,56,56,82,100,62,80,94,104,116,116,116,116],"floor_reached":33,"playtime":4210,"items_purged":["Regret"],"score":257,"play_id":"c86fad4e-50cf-4548-b4e3-1b67a30dc5f9","local_time":"20201224233755","is_ascension_mode":false,"campfire_choices":[{"floor":1,"key":"RECALL"},{"floor":12,"key":"REST"},{"data":"expansioncontent:DefensiveStance","floor":18,"key":"SMITH"},{"floor":23,"key":"REST"},{"data":"hexamod:CatchUp","floor":25,"key":"SMITH"}],"circlet_count":0,"master_deck":["hexamod:Strike+1","hexamod:Strike+1","hexamod:Defend+1","hexamod:Defend+1","hexamod:Defend","hexamod:Defend","hexamod:Sear","hexamod:Float+1","hexamod:ThermalTransfer+1","hexamod:RadiantFlame+1","hexamod:NightmareGuise","hexamod:EmpoweringStance+1","hexamod:RadiantFlame","hexamod:EmpoweredFlame","hexamod:AdvancingGuard+1","hexamod:FastForward","expansioncontent:DefensiveStance+1","hexamod:UnleashSpirits+1","hexamod:NecessarySacrifice","hexamod:CatchUp+1","hexamod:SixthSeal","hexamod:GhostOfSpirePresent+1","Shame","hexamod:ThermalTransfer+1","hexamod:HauntingEcho+1","hexamod:ShieldOfDarkness","hexamod:EmpoweredFlame+1","hexamod:RainOfEmbers","hexamod:GhostOfSpireFuture+1","hexamod:ThermalTransfer+1","hexamod:Hexaguard","hexamod:InspiringFlames"],"relics":["hexamod:SpiritBrand","downfall:HeartsMalice","Bronze Scales","Frozen Egg 2","Sozu","downfall:HeartBlessingBlue","downfall:HeartBlessingRed","downfall:HeartBlessingGreen","Gremlin Horn","Nunchaku","Boot"],"acts_visited":["Exordium","TheCity"],"potions_floor_usage":[14,15,16],"damage_taken":[{"damage":0,"enemies":"Cultist","floor":4,"turns":1},{"damage":0,"enemies":"Small Slimes","floor":5,"turns":1},{"damage":0,"enemies":"downfall:Heads","floor":6,"turns":1},{"damage":2,"enemies":"2 Louse","floor":8,"turns":4},{"damage":29,"enemies":"Lagavulin","floor":9,"turns":7},{"damage":9,"enemies":"Blue Slaver","floor":10,"turns":4},{"damage":5,"enemies":"downfall:FleeingMerchant","floor":11,"turns":4},{"damage":18,"enemies":"Gremlin Nob","floor":13,"turns":7},{"damage":4,"enemies":"Exordium Thugs","floor":14,"turns":3},{"damage":0,"enemies":"Lots of Slimes","floor":15,"turns":4},{"damage":22,"enemies":"downfall:Ironclad","floor":16,"turns":7},{"damage":6,"enemies":"Shell Parasite","floor":19,"turns":7},{"damage":19,"enemies":"Snake Plant","floor":21,"turns":5},{"damage":0,"enemies":"downfall:FleeingMerchant","floor":22,"turns":4},{"damage":0,"enemies":"3 Cultists","floor":27,"turns":5},{"damage":15,"enemies":"downfall:FleeingMerchant","floor":28,"turns":4},{"damage":7,"enemies":"Cultist and Chosen","floor":29,"turns":6},{"damage":9,"enemies":"Shelled Parasite and Fungi","floor":30,"turns":7},{"damage":21,"enemies":"Snake Plant","floor":31,"turns":4},{"damage":9,"enemies":"3 Cultists","floor":32,"turns":7},{"damage":20,"enemies":"downfall:Silent","floor":33,"turns":6}],"seed_played":"-5669208782783365332","potions_obtained":[{"floor":9,"key":"Explosive Potion"},{"floor":10,"key":"Fire Potion"},{"floor":13,"key":"Fire Potion"},{"floor":16,"key":"Weak Potion"}],"is_trial":false,"path_per_floor":["R","?","?","M","M","?","T","M","E","M","$","R","E","M","M","B",null,"R","M","?","M","$","R","T","R","T","M","$","M","M","M","M","B"],"character_chosen":"THE_SPIRIT","items_purchased":["expansioncontent:DefensiveStance","hexamod:RainOfEmbers"],"campfire_rested":2,"item_purchase_floors":[11,28],"current_hp_per_floor":[70,70,70,70,70,70,70,68,39,30,25,46,28,24,24,2,70,80,74,74,55,55,79,79,79,79,79,64,57,48,27,18,0,0,0],"gold":116,"neow_bonus":"THREE_ENEMY_KILL","is_daily":false,"chose_seed":false,"campfire_upgraded":2,"win_rate":0.0,"timestamp":1608874675,"path_taken":["R","?","?","M","M","?","T","M","E","M","$","R","E","M","M","BOSS","R","M","?","M","$","R","T","R","?","M","$","?","?","M","M","BOSS"],"items_purchased_type":["Card","Card"],"build_version":"2020-12-22","purchased_purges":1,"victory":false,"max_hp_per_floor":[70,70,70,70,70,70,70,70,70,70,70,70,70,70,70,70,70,80,80,80,80,80,80,80,80,80,80,80,80,80,80,80,80,80,80],"card_choices":[{"not_picked":["hexamod:InspiringFlames","hexamod:Firestarter"],"picked":"hexamod:ThermalTransfer","floor":4},{"not_picked":["hexamod:HauntingEcho","hexamod:NecessarySacrifice"],"picked":"hexamod:RadiantFlame","floor":5},{"not_picked":["hexamod:ShieldOfDarkness","hexamod:SwordOfDarkness"],"picked":"hexamod:EmpoweringStance","floor":6},{"not_picked":["hexamod:InspiringFlames","hexamod:SwordOfDarkness"],"picked":"hexamod:RadiantFlame","floor":8},{"not_picked":["hexamod:ChargedBarrage","hexamod:HauntingEcho"],"picked":"hexamod:EmpoweredFlame","floor":9},{"not_picked":["hexamod:InspiringFlames","hexamod:ThermalTransfer"],"picked":"hexamod:AdvancingGuard","floor":10},{"not_picked":["hexamod:GhostLash","hexamod:InspiringFlames"],"picked":"hexamod:FastForward","floor":11},{"not_picked":["hexamod:ThermalTransfer","hexamod:Firestarter"],"picked":"hexamod:UnleashSpirits","floor":13},{"not_picked":["hexamod:GhostLash","hexamod:BurningTouch"],"picked":"hexamod:NecessarySacrifice","floor":14},{"not_picked":["hexamod:RadiantFlame+1","hexamod:AdvancingGuard"],"picked":"hexamod:CatchUp","floor":15},{"not_picked":["hexamod:TurnItUp","hexamod:ParanormalForm+1"],"picked":"hexamod:SixthSeal","floor":16},{"not_picked":["hexamod:ThermalTransfer","hexamod:AdvancingGuard+1"],"picked":"hexamod:GhostOfSpirePresent+1","floor":19},{"not_picked":["hexamod:NecessarySacrifice","hexamod:PhantomCloak+1"],"picked":"hexamod:ThermalTransfer+1","floor":21},{"not_picked":["hexamod:EtherealExpedition","hexamod:Again+1"],"picked":"hexamod:HauntingEcho","floor":22},{"not_picked":["hexamod:GhostShield","hexamod:RainOfEmbers"],"picked":"hexamod:ShieldOfDarkness","floor":27},{"not_picked":["hexamod:GhostOfSpirePresent+1","hexamod:CatchUp+1"],"picked":"hexamod:EmpoweredFlame+1","floor":28},{"not_picked":["hexamod:SpectralAdrenaline+1","hexamod:HauntingEcho+1"],"picked":"hexamod:GhostOfSpireFuture+1","floor":29},{"not_picked":["hexamod:NightmareGuise","hexamod:InspiringFlames"],"picked":"hexamod:ThermalTransfer+1","floor":30},{"not_picked":["hexamod:Haunt","hexamod:Firestarter"],"picked":"hexamod:Hexaguard","floor":31},{"not_picked":["hexamod:Again","hexamod:NightmareGuise"],"picked":"hexamod:InspiringFlames","floor":32}],"player_experience":1615000,"relics_obtained":[{"floor":9,"key":"Bronze Scales"},{"floor":13,"key":"Frozen Egg 2"},{"floor":24,"key":"Nunchaku"},{"floor":26,"key":"Boot"}],"event_choices":[{"damage_healed":0,"gold_gain":0,"player_choice":"Stole Relic","damage_taken":0,"relics_obtained":["Gremlin Horn"],"max_hp_gain":0,"max_hp_loss":0,"event_name":"Addict","floor":20,"gold_loss":0,"cards_obtained":["Shame"]}],"is_beta":false,"boss_relics":[{"not_picked":["Coffee Dripper","Empty Cage"],"picked":"Sozu"}],"items_purged_floors":[11],"is_endless":false,"potions_floor_spawned":[9,10,13,16,19,21,31,32],"killed_by":"downfall:Silent","ascension_level":0}}