{"host":"34dziau2azxd7ce3","time":1608898514,"event":{"mods":["ATMod(°¢èªMod)","Act Like it!","BaseMod","Minty Spire (QoL Compilation)","Replay The Spire","Robot Space Explorer","RumiaBox-Â¶Ã×æ«µÄÉñÃØºÐ×Ó","StSLib","SuperFastMode","TestMod","¡¾ÒÅÎï¿¨ÅÆ¡¿REMEMod"],"gold_per_floor":[111,111,111,111,131,161,161,193,216,216,216,216,256,31,31,149,149,168,41,41,71,89,89,102,102,150,187,187,205,205,223,223,341,440,469,493,520,553,553,606,606,637,690,728,764,794,811,873,873,873,873,873,321,378,378,378],"floor_reached":55,"playtime":2827,"items_purged":["Strike_R","Doubt"],"score":820,"play_id":"7dc52490-93c3-442d-aa52-3ac1e6e25972","local_time":"20201225201514","is_ascension_mode":false,"campfire_choices":[{"data":"Body Slam","floor":7.0,"key":"SMITH"},{"data":"Body Slam","floor":11.0,"key":"SMITH"},{"floor":15.0,"key":"DIG"},{"data":"Apotheosis","floor":23.0,"key":"SMITH"},{"floor":25.0,"key":"RECALL"},{"floor":32.0,"key":"DIG"},{"data":"AT_ShrugMaster","floor":41,"key":"SMITH"},{"data":"REME_Flogging","floor":49,"key":"SMITH"},{"data":"Evolve","floor":52,"key":"SMITH"}],"circlet_count":0,"master_deck":["Strike_R","Strike_R","Strike_R","Defend_R+1","Defend_R","Defend_R+1","Defend_R","Bash","AT_FamilyPortrait","RobotSpaceExplorer:Blaster","Evolve+1","AT_ShrugMaster+1","Body Slam+1","Body Slam+1","Reaper","Pot Of Greed","Pot Of Greed","Offering","REME_Flogging+1","Blind","Apotheosis+1","Second Wind","Power Through+1","Ghostly","Ghostly","Ghostly","Ghostly","Ghostly","Pot Of Greed","Hemogenesis","Specialist","Specialist","Burning Pact+1"],"relics":["Burning Blood","testmod-TestBox","REME_ComplimentaryCards","AT_ATBox","NeowsBlessing","testmod-Charity","Golden Idol","War Paint","Blue Doll","Toy Ornithopter","REME_PuzzleBoxRelic","Medical Kit","Grinning Jar","Replay:Bronze Core","ReplayTheSpireMod:ShopPack","Ring of Misfortune","ReplayTheSpireMod:Ring of Challenge","Red Mask","Pet Ghost","MagicDraw2","Regal Pillow","Replay:Wanted Poster","AT_RedTearstoneRing","testmod-BalancedPeriapt","Replay:Rubber Ducky","AT_SunfireAegis","ReplayTheSpireMod:TigerMarble","Blue Candle","Strange Spoon","GodSword1","Garlic"],"acts_visited":["Exordium","TheCity","TheBeyond","TheEnding"],"potions_floor_usage":[55,55,55],"damage_taken":[{"damage":0.0,"enemies":"Cultist","floor":1.0,"turns":1.0},{"damage":0.0,"enemies":"Small Slimes","floor":5.0,"turns":2.0},{"damage":0.0,"enemies":"Lagavulin","floor":6.0,"turns":1.0},{"damage":16.0,"enemies":"Gremlin Nob","floor":8.0,"turns":5.0},{"damage":23.0,"enemies":"Lagavulin","floor":13.0,"turns":5.0},{"damage":22.0,"enemies":"Hexaghost","floor":16.0,"turns":7.0},{"damage":6.0,"enemies":"Spheric Guardian","floor":18.0,"turns":4.0},{"damage":9.0,"enemies":"Masked Bandits","floor":21.0,"turns":5.0},{"damage":9.0,"enemies":"Shell Parasite","floor":22.0,"turns":4.0},{"damage":17.0,"enemies":"Shelled Parasite and Fungi","floor":24.0,"turns":3.0},{"damage":18.0,"enemies":"Gremlin Leader","floor":27.0,"turns":3.0},{"damage":15.0,"enemies":"Snake Plant","floor":29.0,"turns":3.0},{"damage":6.0,"enemies":"3 Cultists","floor":31.0,"turns":6.0},{"damage":4.0,"enemies":"Pondfish","floor":33.0,"turns":8.0},{"damage":0.0,"enemies":"3 Shapes","floor":35.0,"turns":5.0},{"damage":6,"enemies":"Orb Walker","floor":36,"turns":3},{"damage":0,"enemies":"4 Shapes","floor":37,"turns":4},{"damage":27,"enemies":"Writhing Mass","floor":38,"turns":4},{"damage":0,"enemies":"Nemesis","floor":40,"turns":7},{"damage":6,"enemies":"Sphere and 2 Shapes","floor":42,"turns":3},{"damage":0,"enemies":"R_Hoarder","floor":44,"turns":7},{"damage":0,"enemies":"Transient","floor":45,"turns":5},{"damage":0,"enemies":"Reptomancer","floor":46,"turns":4},{"damage":19,"enemies":"4 Shapes","floor":47,"turns":3},{"damage":6,"enemies":"Writhing Mass","floor":48,"turns":4},{"damage":1,"enemies":"Replay:Hell Engine","floor":50,"turns":7},{"damage":5,"enemies":"Shield and Spear","floor":54,"turns":3},{"damage":129,"enemies":"The Heart","floor":55,"turns":5}],"seed_played":"1302927325680150708","potions_obtained":[{"floor":8.0,"key":"Strength Potion"},{"floor":22.0,"key":"Weak Potion"},{"floor":27.0,"key":"PowerPotion"},{"floor":29.0,"key":"testmod-EscapePotion"},{"floor":31.0,"key":"Doom Potion"},{"floor":35.0,"key":"Swift Potion"},{"floor":40,"key":"Adrenaline Potion"}],"is_trial":false,"path_per_floor":["M","?","?","?","M","E","R","E","T","?","R","T","E","$","R","B",null,"M","$","?","?","M","R","M","R","T","E","?","M","?","M","R","B",null,"M","M","M","M","?","E","R","M","T","E","M","E","M","M","R","B",null,"R","$","E","B"],"character_chosen":"IRONCLAD","items_purchased":["Medical Kit","ReplayTheSpireMod:ShopPack","Blue Candle","Strange Spoon","Specialist"],"campfire_rested":0,"item_purchase_floors":[14,19,53,53,53],"current_hp_per_floor":[81,74,54,59,66,73,73,64,65,65,65,65,49,49,49,39,92,93,93,93,91,95,95,85,85,86,75,75,81,49,50,50,51,52,54,55,57,49,49,63,63,63,63,63,63,63,63,63,63,63,63,63,63,63,0,0],"gold":378,"neow_bonus":"THREE_ENEMY_KILL","is_daily":false,"chose_seed":false,"campfire_upgraded":6,"win_rate":0.0,"timestamp":1608898514,"path_taken":["M","?","?","?","M","E","R","E","T","?","R","?","E","$","R","BOSS","M","$","?","?","M","R","M","R","T","E","?","M","?","M","R","BOSS","M","M","M","M","?","E","R","M","T","E","M","E","M","?","R","BOSS","R","$","E","BOSS"],"items_purchased_type":["Relic","Relic","Relic","Relic","Card"],"build_version":"2020-12-22","purchased_purges":2,"victory":false,"max_hp_per_floor":[81,81,81,86,87,88,88,89,90,90,90,90,91,91,91,92,92,93,93,93,94,95,95,96,96,97,98,98,99,49,50,50,51,52,54,55,57,61,61,63,63,63,63,63,63,63,63,63,63,63,63,63,63,63,63,63],"card_choices":[{"not_picked":["Headbutt","Power Through"],"picked":"Evolve","floor":1.0},{"not_picked":["Flex","Entrench"],"picked":"AT_ShrugMaster","floor":5.0},{"not_picked":["Warcry","Armaments"],"picked":"Body Slam","floor":6.0},{"not_picked":["Shrug It Off","AT_BodySlamDance"],"picked":"Body Slam","floor":8.0},{"not_picked":["Clothesline","Searing Blow"],"picked":"Reaper","floor":13.0},{"not_picked":["Juggernaut","REME_Fury"],"picked":"Offering","floor":16.0},{"not_picked":["Headbutt+1","Perfected Strike","Sever Soul"],"picked":"SKIP","floor":18.0},{"not_picked":["Transmutation","Secret Weapon"],"picked":"REME_Flogging","floor":19.0},{"not_picked":["Enlightenment","Mind Blast"],"picked":"Blind","floor":19.0},{"not_picked":["Replay:Bootleg Shield Generator","testmod-TradeIn"],"picked":"Apotheosis","floor":19.0},{"not_picked":["REME_Cut","Flex+1"],"picked":"Second Wind","floor":21.0},{"not_picked":["Corruption","Sword Boomerang","Cleave"],"picked":"SKIP","floor":22.0},{"not_picked":["Perfected Strike","Intimidate","Combust"],"picked":"SKIP","floor":24.0},{"not_picked":["Pommel Strike","Sword Boomerang","AT_IchimonjiDouble"],"picked":"SKIP","floor":27.0},{"not_picked":["Havoc","AT_DrawKnifeCut"],"picked":"Power Through+1","floor":29.0},{"not_picked":["Sword Boomerang","Wild Strike","ReplayTheSpireMod:Corrosion Curse"],"picked":"SKIP","floor":31.0},{"not_picked":["Demonic Infusion","Brutality"],"picked":"Hemogenesis","floor":33.0},{"not_picked":["AT_BodySlamDance+1","Heavy Blade","True Grit"],"picked":"SKIP","floor":35.0},{"not_picked":["Replay:Undeath\u0027s Touch+1","Havoc","ReplayTheSpireMod:Strike From Hell+1"],"picked":"SKIP","floor":36},{"not_picked":["Replay:Undeath\u0027s Touch+1","Havoc","ReplayTheSpireMod:Strike From Hell+1"],"picked":"SKIP","floor":36},{"not_picked":["Demonic Infusion","Pommel Strike","AT_CaressingTears"],"picked":"SKIP","floor":37},{"not_picked":["Twin Strike","Body Slam","AT_BodySlamDance"],"picked":"SKIP","floor":38},{"not_picked":["Twin Strike+1","True Grit","Bloodletting+1"],"picked":"SKIP","floor":40},{"not_picked":["Body Slam","Infernal Blade","Shrug It Off"],"picked":"SKIP","floor":42},{"not_picked":["Armaments+1","Warcry+1","AT_ManFootWork"],"picked":"SKIP","floor":44},{"not_picked":["AT_DrawKnifeCut+1","Twin Strike","Replay:Undeath\u0027s Touch"],"picked":"SKIP","floor":45},{"not_picked":["Second Wind+1","Body Slam+1","Bloodletting+1"],"picked":"SKIP","floor":46},{"not_picked":["Headbutt+1","AT_ManFootWork","ReplayTheSpireMod:Corrosion Curse+1"],"picked":"SKIP","floor":47},{"not_picked":["Carnage","True Grit+1","Hemogenesis"],"picked":"SKIP","floor":48},{"not_picked":["AT_DrawKnifeCut+1","Body Slam"],"picked":"Burning Pact+1","floor":54}],"player_experience":643506,"relics_obtained":[{"floor":6.0,"key":"War Paint"},{"floor":8.0,"key":"Blue Doll"},{"floor":9.0,"key":"Toy Ornithopter"},{"floor":13.0,"key":"REME_PuzzleBoxRelic"},{"floor":15.0,"key":"Grinning Jar"},{"floor":20.0,"key":"Ring of Misfortune"},{"floor":20.0,"key":"ReplayTheSpireMod:Ring of Challenge"},{"floor":21.0,"key":"Red Mask"},{"floor":26.0,"key":"Pet Ghost"},{"floor":27.0,"key":"MagicDraw2"},{"floor":32.0,"key":"Regal Pillow"},{"floor":40,"key":"testmod-BalancedPeriapt"},{"floor":43,"key":"Replay:Rubber Ducky"},{"floor":44,"key":"AT_SunfireAegis"},{"floor":46,"key":"ReplayTheSpireMod:TigerMarble"},{"floor":54,"key":"GodSword1"},{"floor":54,"key":"Garlic"}],"event_choices":[{"cards_removed":["Strike_R"],"damage_healed":0.0,"max_hp_gain":0.0,"max_hp_loss":0.0,"gold_gain":0.0,"event_name":"Golden Wing","player_choice":"Card Removal","floor":2.0,"gold_loss":0.0,"damage_taken":7.0},{"damage_healed":0.0,"max_hp_gain":0.0,"max_hp_loss":0.0,"gold_gain":0.0,"event_name":"Golden Idol","player_choice":"Take Damage","floor":3.0,"gold_loss":0.0,"damage_taken":20.0,"relics_obtained":["Golden Idol"]},{"damage_healed":0.0,"max_hp_gain":5.0,"max_hp_loss":0.0,"gold_gain":0.0,"event_name":"Big Fish","player_choice":"Donut","floor":4.0,"gold_loss":0.0,"damage_taken":0.0},{"damage_healed":0.0,"max_hp_gain":0.0,"max_hp_loss":0.0,"gold_gain":0.0,"event_name":"Liars Game","player_choice":"Ignored","floor":10.0,"gold_loss":0.0,"damage_taken":0.0},{"damage_healed":0.0,"max_hp_gain":0.0,"max_hp_loss":0.0,"gold_gain":0.0,"event_name":"Masked Bandits","player_choice":"Fought Bandits","floor":21.0,"gold_loss":0.0,"damage_taken":0.0},{"damage_healed":0.0,"max_hp_gain":0.0,"max_hp_loss":50.0,"gold_gain":0.0,"event_name":"Ghosts","player_choice":"Became a Ghost","floor":30.0,"gold_loss":0.0,"damage_taken":0.0,"cards_obtained":["Ghostly","Ghostly","Ghostly","Ghostly","Ghostly"]},{"damage_healed":0,"gold_gain":0,"player_choice":"Gave Potion","damage_taken":0,"relics_obtained":["AT_RedTearstoneRing"],"max_hp_gain":0,"max_hp_loss":0,"event_name":"WeMeetAgain","floor":39,"gold_loss":0}],"is_beta":false,"boss_relics":[{"not_picked":["Ring of Chaos","REME_ChargedStone"],"picked":"Replay:Bronze Core"},{"not_picked":["testmod-EnergyCheck","Tiny House"],"picked":"Replay:Wanted Poster"}],"items_purged_floors":[14,53],"is_endless":false,"potions_floor_spawned":[5,8,22,27,29,31,35,37,40,44,47,54],"killed_by":"The Heart","ascension_level":0}}