{"host":"jpyc2kczef5p02oc","time":1608868160,"event":{"mods":["ATMod(阿瑾Mod)","BaseMod","Friendly Minions","Hubris","Marisa（F雨　魔理沙）","Minty Spire (QoL Compilation)","StSLib","Td1madao Mod","The Servant 0.9.4","【功能Mod】聪明的最终Boss"],"gold_per_floor":[115,133,133,149,159,190,206,216,216,216,250,250,280,280,280,374,374,392,392,407,427,427,460,460,803,853,423,464,464,464,477,477,573,573,592,592,655,678,1011,1042,1042,1071,1071,1071,1083,640,640,19,19,19,19],"floor_reached":50,"playtime":2763,"items_purged":[],"score":1388,"play_id":"5af4faee-3a3f-4a7f-ae6d-95ec6218ad82","local_time":"20201225114920","is_ascension_mode":true,"campfire_choices":[{"floor":10.0,"key":"REST"},{"floor":12.0,"key":"REST"},{"data":"AT_FamilyPortrait","floor":15.0,"key":"SMITH"},{"floor":24.0,"key":"REST"},{"data":"Armaments","floor":30.0,"key":"SMITH"},{"floor":32.0,"key":"REST"},{"data":"Double Tap","floor":41.0,"key":"SMITH"},{"floor":44.0,"key":"RECALL"},{"data":"Heavy Blade","floor":47.0,"key":"SMITH"},{"data":"Bash","floor":49.0,"key":"SMITH"}],"circlet_count":0,"master_deck":["AscendersBane","Strike_R","Strike_R","Strike_R+1","Strike_R","Strike_R","Defend_R","Defend_R","Defend_R","Defend_R","Bash+1","AT_FamilyPortrait+1","Twin Strike","Armaments+1","Inflame","Bludgeon","Sword Boomerang","Clothesline","Immolate","Double Tap+1","Pummel","Feed","AT_EmpoweredMortalDraw","Warcry+1","AT_ManFootWork+1","Heavy Blade+1","hubris:StunningStrike"],"relics":["Burning Blood","AT_ATBox","CaptainsWheel","hubris:Metronome","hubris:PeanutButter","Bottled Lightning","Philosopher\u0027s Stone","Nloth\u0027s Gift","hubris:Icosahedron","hubris:ToyBattleship","Old Coin","AT_BellowingDragoncrestRing","Red Skull","Anchor","hubris:Zylophone","AT_MortalBlade","hubris:Spice","Ancient Tea Set","hubris:SlimyHat","StrikeDummy","Omamori","Gremlin Horn"],"acts_visited":["Exordium","TheCity","TheBeyond"],"potions_floor_usage":[50,50],"damage_taken":[{"damage":0.0,"enemies":"Cultist","floor":1.0,"turns":2.0},{"damage":3.0,"enemies":"Small Slimes","floor":2.0,"turns":3.0},{"damage":2.0,"enemies":"Jaw Worm","floor":4.0,"turns":2.0},{"damage":12.0,"enemies":"3 Louse","floor":5.0,"turns":4.0},{"damage":40.0,"enemies":"Gremlin Nob","floor":6.0,"turns":5.0},{"damage":7.0,"enemies":"Red Slaver","floor":7.0,"turns":4.0},{"damage":21.0,"enemies":"Exordium Wildlife","floor":8.0,"turns":4.0},{"damage":7.0,"enemies":"Lagavulin","floor":11.0,"turns":4.0},{"damage":4.0,"enemies":"Gremlin Nob","floor":13.0,"turns":3.0},{"damage":39.0,"enemies":"The Guardian","floor":16.0,"turns":9.0},{"damage":0.0,"enemies":"3 Byrds","floor":18.0,"turns":3.0},{"damage":0.0,"enemies":"Spheric Guardian","floor":20.0,"turns":4.0},{"damage":36.0,"enemies":"Snake Plant","floor":21.0,"turns":3.0},{"damage":27.0,"enemies":"Book of Stabbing","floor":23.0,"turns":5.0},{"damage":0.0,"enemies":"Gremlin Leader","floor":25.0,"turns":3.0},{"damage":18.0,"enemies":"Slavers","floor":28.0,"turns":3.0},{"damage":6.0,"enemies":"Centurion and Healer","floor":31.0,"turns":3.0},{"damage":3.0,"enemies":"Champ","floor":33.0,"turns":4.0},{"damage":5.0,"enemies":"3 Shapes","floor":35.0,"turns":2.0},{"damage":23.0,"enemies":"2 Orb Walkers","floor":37.0,"turns":4.0},{"damage":0.0,"enemies":"Reptomancer","floor":40.0,"turns":2.0},{"damage":0.0,"enemies":"Giant Head","floor":42.0,"turns":4.0},{"damage":0.0,"enemies":"3 Darklings","floor":45.0,"turns":2.0},{"damage":44,"enemies":"Donu and Deca","floor":50,"turns":40}],"seed_played":"-1145669945852306124","potions_obtained":[{"floor":1.0,"key":"Explosive Potion"},{"floor":2.0,"key":"SpeedPotion"},{"floor":8.0,"key":"Regen Potion"},{"floor":16.0,"key":"Explosive Potion"},{"floor":21.0,"key":"Ancient Potion"},{"floor":25.0,"key":"ColorlessPotion"},{"floor":37.0,"key":"GamblersBrew"},{"floor":42.0,"key":"ColorlessPotion"},{"floor":45.0,"key":"CultistPotion"}],"is_trial":false,"path_per_floor":["M","M","$","M","M","E","M","M","T","R","E","R","E","?","R","B",null,"M","?","M","M","?","E","R","E","T","$","E","T","R","M","R","B",null,"M","?","?","T","?","E","R","E","T","R","M","$","R","$","R","B"],"character_chosen":"IRONCLAD","items_purchased":["AT_BellowingDragoncrestRing","Red Skull","StrikeDummy","Omamori","Gremlin Horn","hubris:Spice"],"campfire_rested":4,"item_purchase_floors":[27,27,46,46,48,48],"current_hp_per_floor":[68,68,68,68,62,28,27,19,19,39,38,58,60,37,37,19,56,62,62,68,38,38,17,37,43,43,43,31,31,31,31,51,54,65,66,66,57,57,57,71,71,77,76,76,76,76,76,68,68,24,24],"gold":19,"neow_bonus":"ONE_RARE_RELIC","is_daily":false,"chose_seed":false,"campfire_upgraded":5,"win_rate":0.0,"timestamp":1608868160,"path_taken":["M","M","?","M","M","E","M","?","T","R","E","R","E","?","R","BOSS","M","?","M","?","?","E","R","E","T","$","E","?","R","M","R","BOSS","M","?","?","?","?","E","R","E","T","R","M","$","R","$","R","BOSS"],"items_purchased_type":["Relic","Relic","Relic","Relic","Relic","Relic"],"build_version":"2020-12-22","purchased_purges":0,"victory":false,"max_hp_per_floor":[68,68,68,68,68,68,68,68,68,68,68,68,68,68,68,68,68,68,68,68,68,68,68,68,68,68,68,68,68,68,68,68,68,68,68,68,76,76,76,84,84,84,76,76,76,76,76,68,68,68,68],"card_choices":[{"not_picked":["Flex","Spot Weakness"],"picked":"Twin Strike","floor":1.0},{"not_picked":["Clash","Body Slam"],"picked":"Armaments","floor":2.0},{"not_picked":["Dark Embrace","Thunderclap","Armaments"],"picked":"SKIP","floor":4.0},{"not_picked":["Wild Strike","Battle Trance"],"picked":"Inflame","floor":5.0},{"not_picked":["Fiend Fire","Body Slam","Bludgeon"],"picked":"SKIP","floor":6.0},{"not_picked":["Fiend Fire","Body Slam"],"picked":"Bludgeon","floor":6.0},{"not_picked":["Bloodletting","Pommel Strike"],"picked":"Sword Boomerang","floor":7.0},{"not_picked":["Burning Pact","Carnage","Intimidate"],"picked":"SKIP","floor":8.0},{"not_picked":["hubris:ReadiedAction","Dual Wield"],"picked":"Clothesline","floor":11.0},{"not_picked":["Clothesline","Anger","Fire Breathing"],"picked":"SKIP","floor":13.0},{"not_picked":["Exhume","Bludgeon"],"picked":"Immolate","floor":16.0},{"not_picked":["Armaments","Headbutt","hubris:ReadiedAction"],"picked":"SKIP","floor":18.0},{"not_picked":["Flex","Armaments","Dropkick"],"picked":"SKIP","floor":20.0},{"not_picked":["hubris:ReadiedAction","Havoc","Blood for Blood"],"picked":"SKIP","floor":21.0},{"not_picked":["Searing Blow","Bloodletting","Twin Strike"],"picked":"SKIP","floor":23.0},{"not_picked":["Impervious","Rampage+1"],"picked":"Double Tap","floor":25.0},{"not_picked":["Havoc","Exhume"],"picked":"Pummel","floor":28.0},{"not_picked":["AT_DrawKnifeCut","Warcry","AT_GerminateFire"],"picked":"SKIP","floor":31.0},{"not_picked":["Immolate","Bludgeon"],"picked":"Feed","floor":33.0},{"not_picked":["Cleave","Sword Boomerang"],"picked":"Warcry+1","floor":35.0},{"not_picked":["hubris:ReadiedAction","AT_DiedThrough"],"picked":"AT_ManFootWork+1","floor":37.0},{"not_picked":["Burning Pact","True Grit"],"picked":"Heavy Blade","floor":40.0},{"not_picked":["Flex+1","Second Wind"],"picked":"hubris:StunningStrike","floor":42.0},{"not_picked":["Cleave","Anger","Rampage"],"picked":"SKIP","floor":45.0}],"player_experience":278694,"relics_obtained":[{"floor":6.0,"key":"hubris:Metronome"},{"floor":9.0,"key":"hubris:PeanutButter"},{"floor":11.0,"key":"Pen Nib"},{"floor":13.0,"key":"Bottled Lightning"},{"floor":23.0,"key":"hubris:ToyBattleship"},{"floor":25.0,"key":"Old Coin"},{"floor":28.0,"key":"Anchor"},{"floor":29.0,"key":"hubris:Zylophone"},{"floor":37.0,"key":"hubris:Spice"},{"floor":38.0,"key":"Ancient Tea Set"},{"floor":40.0,"key":"hubris:Spice"},{"floor":42.0,"key":"hubris:SlimyHat"},{"floor":43.0,"key":"hubris:Spice"}],"event_choices":[{"damage_healed":0.0,"max_hp_gain":0.0,"max_hp_loss":0.0,"gold_gain":0.0,"event_name":"Golden Idol","player_choice":"Take Damage","floor":14.0,"gold_loss":0.0,"damage_taken":23.0,"relics_obtained":["Golden Idol"]},{"damage_healed":0.0,"max_hp_gain":0.0,"max_hp_loss":0.0,"gold_gain":0.0,"event_name":"N\u0027loth","player_choice":"Traded Relic","floor":19.0,"relics_lost":["Pen Nib"],"gold_loss":0.0,"damage_taken":0.0,"relics_obtained":["Nloth\u0027s Gift"]},{"damage_healed":0.0,"max_hp_gain":0.0,"max_hp_loss":0.0,"gold_gain":0.0,"event_name":"Tomb of Lord Red Mask","player_choice":"Ignored","floor":36.0,"gold_loss":0.0,"damage_taken":0.0},{"damage_healed":0.0,"max_hp_gain":0.0,"max_hp_loss":0.0,"gold_gain":0.0,"event_name":"Mysterious Sphere","player_choice":"Fight","floor":37.0,"gold_loss":0.0,"damage_taken":0.0},{"damage_healed":0.0,"max_hp_gain":0.0,"max_hp_loss":0.0,"gold_gain":333.0,"event_name":"The Moai Head","player_choice":"Gave Idol","floor":39.0,"relics_lost":["Golden Idol"],"gold_loss":0.0,"damage_taken":0.0}],"is_beta":false,"boss_relics":[{"not_picked":["hubris:Backtick","Calling Bell"],"picked":"Philosopher\u0027s Stone"},{"not_picked":["Tiny House","hubris:HollowSoul"],"picked":"AT_MortalBlade"}],"items_purged_floors":[],"is_endless":false,"potions_floor_spawned":[1,2,8,16,20,21,25,37,42,45],"killed_by":"Donu and Deca","ascension_level":19}}