{"host":"30jsp143e4v19aze","time":1608912205,"event":{"mods":["BaseMod","Colored Map","Colored Powertips","Curses Come First","DeckTracker","Highlight Path","Minty Spire (QoL Compilation)","Quick Restart","Relic Stats","StSLib","everything is the same but u backflip on backflip","slay the spire mod where everything is the same but ironclad has a cowboy hat"],"gold_per_floor":[111,128,144,4,4,4,4,38,65,65,10,10,45,58,58,149,149,163,188,188,204,40,40,40],"floor_reached":23,"playtime":1061,"items_purged":[],"score":398,"play_id":"2e831869-70c7-4951-8081-52b62df6b93d","local_time":"20201225170325","is_ascension_mode":true,"campfire_choices":[{"floor":6,"key":"REST"},{"data":"Storm of Steel","floor":12,"key":"SMITH"},{"data":"Accuracy","floor":15,"key":"SMITH"}],"circlet_count":0,"master_deck":["AscendersBane","Survivor","Neutralize","Storm of Steel+1","Caltrops","Accuracy+1","Cloak And Dagger","Terror","Acrobatics","PiercingWail","PiercingWail","Leg Sweep","Acrobatics","Phantasmal Killer","Masterful Stab","Finisher","Setup","Deflect","Predator","Wraith Form v2","Calculated Gamble","Flying Knee","Footwork","Setup","Backflip","Outmaneuver","Die Die Die"],"relics":["Ring of the Snake","Golden Idol","MealTicket","Blood Vial","Snake Skull","Pandora\u0027s Box"],"acts_visited":["Exordium","TheCity"],"potions_floor_usage":[13,21],"damage_taken":[{"damage":8,"enemies":"2 Louse","floor":1,"turns":3},{"damage":13,"enemies":"Small Slimes","floor":2,"turns":5},{"damage":4,"enemies":"Jaw Worm","floor":3,"turns":4},{"damage":21,"enemies":"Lagavulin","floor":8,"turns":7},{"damage":16,"enemies":"3 Sentries","floor":13,"turns":5},{"damage":0,"enemies":"3 Louse","floor":14,"turns":5},{"damage":14,"enemies":"Hexaghost","floor":16,"turns":9},{"damage":9,"enemies":"Shell Parasite","floor":18,"turns":4},{"damage":0,"enemies":"Spheric Guardian","floor":19,"turns":2},{"damage":6,"enemies":"Snake Plant","floor":21,"turns":3},{"damage":50,"enemies":"Gremlin Leader","floor":23,"turns":5}],"seed_played":"-3207739692568515654","potions_obtained":[{"floor":1,"key":"SpeedPotion"},{"floor":3,"key":"Explosive Potion"},{"floor":14,"key":"ColorlessPotion"},{"floor":16,"key":"Fire Potion"}],"is_trial":false,"path_per_floor":["M","M","M","$","?","R","?","E","T","?","$","R","E","M","R","B",null,"M","M","?","M","$","E"],"character_chosen":"THE_SILENT","items_purchased":["Terror","Acrobatics","PiercingWail","Die Die Die"],"campfire_rested":1,"item_purchase_floors":[4,4,11,22],"current_hp_per_floor":[51,38,34,34,27,46,46,25,25,45,60,60,44,46,46,34,54,47,49,33,29,44,0,0],"gold":40,"neow_bonus":"THREE_RARE_CARDS","is_daily":false,"chose_seed":false,"campfire_upgraded":2,"win_rate":0.0,"timestamp":1608912205,"path_taken":["M","M","M","$","?","R","?","E","T","?","$","R","E","M","R","BOSS","M","M","?","M","$","E"],"items_purchased_type":["Card","Card","Card","Card"],"build_version":"2020-12-22","purchased_purges":0,"victory":false,"max_hp_per_floor":[66,66,66,66,66,66,60,60,60,60,60,60,60,60,60,60,60,60,60,65,65,65,65,65],"relic_stats":{"Blood Vial":12,"counters":[11,52],"Golden Idol":46,"MealTicket":30,"Pandora\u0027s Box":["Masterful Stab","Finisher","Setup","Deflect","Predator","Wraith Form v2","Calculated Gamble","Flying Knee","Footwork","Setup"],"Snake Skull":[0],"obtain_stats":[{"Blood Vial":9,"Golden Idol":7,"MealTicket":8,"Pandora\u0027s Box":17,"Snake Skull":13,"Ring of the Snake":0},{"Blood Vial":4,"Golden Idol":3,"MealTicket":4,"Pandora\u0027s Box":7,"Snake Skull":5,"Ring of the Snake":0},{"Blood Vial":19,"Golden Idol":12,"MealTicket":19,"Pandora\u0027s Box":38,"Snake Skull":24,"Ring of the Snake":0}],"Ring of the Snake":[22]},"card_choices":[{"not_picked":["A Thousand Cuts","After Image"],"picked":"Storm of Steel","floor":0},{"not_picked":["Sucker Punch","Bane"],"picked":"Caltrops","floor":1},{"not_picked":["Tactician","Eviscerate"],"picked":"Accuracy","floor":2},{"not_picked":["Poisoned Stab","Noxious Fumes"],"picked":"Cloak And Dagger","floor":3},{"not_picked":["Calculated Gamble","Dodge and Roll"],"picked":"PiercingWail","floor":8},{"not_picked":["Slice","Deflect"],"picked":"Leg Sweep","floor":13},{"not_picked":["Flechettes","Escape Plan"],"picked":"Acrobatics","floor":14},{"not_picked":["Glass Knife","Storm of Steel"],"picked":"Phantasmal Killer","floor":16},{"not_picked":["Acrobatics","Masterful Stab"],"picked":"Backflip","floor":18},{"not_picked":["Dash","Deflect"],"picked":"Outmaneuver","floor":19},{"not_picked":["Deflect","Quick Slash","Prepared"],"picked":"SKIP","floor":21}],"player_experience":3188021,"relics_obtained":[{"floor":8,"key":"MealTicket"},{"floor":9,"key":"Blood Vial"},{"floor":13,"key":"Snake Skull"}],"event_choices":[{"cards_removed":["Decay"],"damage_healed":0,"gold_gain":0,"player_choice":"Card Removal","damage_taken":7,"max_hp_gain":0,"max_hp_loss":0,"event_name":"Golden Wing","floor":5,"gold_loss":0},{"damage_healed":0,"gold_gain":0,"player_choice":"Lose Max HP","damage_taken":0,"relics_obtained":["Golden Idol"],"max_hp_gain":0,"max_hp_loss":6,"event_name":"Golden Idol","floor":7,"gold_loss":0},{"damage_healed":20,"gold_gain":0,"player_choice":"Banana","damage_taken":0,"max_hp_gain":0,"max_hp_loss":0,"event_name":"Big Fish","floor":10,"gold_loss":0},{"damage_healed":0,"gold_gain":0,"player_choice":"Shed Blood","damage_taken":21,"max_hp_gain":5,"max_hp_loss":0,"event_name":"Forgotten Altar","floor":20,"gold_loss":0}],"is_beta":false,"boss_relics":[{"not_picked":["SlaversCollar","Fusion Hammer"],"picked":"Pandora\u0027s Box"}],"items_purged_floors":[],"is_endless":false,"potions_floor_spawned":[1,3,14,16],"killed_by":"Gremlin Leader","ascension_level":20}}