{"host":"kiauivt48syq9iz6","time":1608867092,"event":{"mods":["BaseMod","Conspire","Downfall","Hermit","Minty Spire (QoL Compilation)","Replay The Spire","SIMod","StSLib","The Animator","The Construct","The Cursed","The Runesmith","The Servant 0.9.4"],"gold_per_floor":[113,133,146,38,38,38,63,85,112,112,217,244,278,298,298,305,305],"floor_reached":16,"playtime":814,"items_purged":[],"score":104,"play_id":"429a9eb3-c892-4a8b-b182-5aedb63999f1","local_time":"20201224203132","is_ascension_mode":false,"campfire_choices":[{"data":"hermit:Scavenge","floor":6,"key":"SMITH"},{"floor":15,"key":"REST"}],"circlet_count":0,"master_deck":["hermit:Strike_Hermit","hermit:Strike_Hermit","hermit:Strike_Hermit","hermit:Strike_Hermit","hermit:Defend_Hermit","hermit:Defend_Hermit","hermit:Defend_Hermit","hermit:Defend_Hermit","hermit:Snapshot","hermit:Covet","hermit:Enervate","hermit:TakeAim","hermit:Scavenge+1","hermit:HighCaliber+1","hermit:Horror","hermit:LuckOfTheDraw","hermit:FlashPowder","ReplayTheSpireMod:Splinters","hermit:WideOpen","hermit:GhostlyPresence","hermit:GhostlyPresence","hermit:Cheat","hermit:Gestalt","hermit:Horror"],"relics":["hermit:Momento","ReplayTheSpireMod:Ring of Addiction","Toy Ornithopter","White Beast Statue","Oddly Smooth Stone","PreservedInsect"],"acts_visited":["Exordium"],"potions_floor_usage":[7,7,8,13,13,13,16,16],"damage_taken":[{"damage":0,"enemies":"Jaw Worm","floor":1,"turns":4},{"damage":0,"enemies":"Small Slimes","floor":2,"turns":2},{"damage":1,"enemies":"2 Louse","floor":3,"turns":3},{"damage":0,"enemies":"2 Fungi Beasts","floor":7,"turns":3},{"damage":0,"enemies":"Looter","floor":8,"turns":2},{"damage":2,"enemies":"3 Louse","floor":12,"turns":7},{"damage":55,"enemies":"Gremlin Nob","floor":13,"turns":6},{"damage":3,"enemies":"Large Slime","floor":14,"turns":5},{"damage":72,"enemies":"Slime Boss","floor":16,"turns":20}],"seed_played":"-7060349123992020291","potions_obtained":[{"floor":3,"key":"champ:CounterPotion"},{"floor":5,"key":"Swift Potion"},{"floor":5,"key":"BlessingOfTheForge"},{"floor":7,"key":"AttackPotion"},{"floor":8,"key":"Venom Potion"},{"floor":12,"key":"Elixir"},{"floor":13,"key":"BlessingOfTheForge"},{"floor":14,"key":"FearPotion"}],"is_trial":false,"path_per_floor":["M","M","M","$","?","R","M","M","T","?","?","M","E","M","R","B"],"character_chosen":"HERMIT","items_purchased":["hermit:HighCaliber+1","hermit:Horror"],"campfire_rested":1,"item_purchase_floors":[4,4],"current_hp_per_floor":[82,82,81,81,81,81,82,82,82,82,82,78,35,32,56,0,0],"gold":305,"neow_bonus":"TEN_PERCENT_HP_BONUS","is_daily":false,"chose_seed":false,"campfire_upgraded":1,"win_rate":0.0,"timestamp":1608867092,"path_taken":["M","M","M","$","?","R","M","M","T","?","?","M","E","M","R","BOSS"],"items_purchased_type":["Card","Card"],"build_version":"2020-12-22","purchased_purges":0,"victory":false,"max_hp_per_floor":[82,82,82,82,82,82,82,82,82,82,82,80,80,80,80,80,80],"card_choices":[{"not_picked":["hermit:HighCaliber","hermit:Misfire"],"picked":"hermit:Enervate","floor":1},{"not_picked":["hermit:GoldenBullet","hermit:Dive"],"picked":"hermit:TakeAim","floor":2},{"not_picked":["hermit:Showdown","hermit:Roulette"],"picked":"hermit:Scavenge","floor":3},{"not_picked":["hermit:Feint","hermit:TakeAim"],"picked":"hermit:LuckOfTheDraw","floor":7},{"not_picked":["hermit:TrackingShot","hermit:Cheat"],"picked":"hermit:FlashPowder","floor":8},{"not_picked":["hermit:NoHoldsBarred","hermit:CursedWeapon"],"picked":"hermit:WideOpen","floor":11},{"not_picked":["hermit:Roulette","hermit:Showdown"],"picked":"hermit:GhostlyPresence","floor":11},{"not_picked":["hermit:Snipe","hermit:Malice"],"picked":"hermit:GhostlyPresence","floor":11},{"not_picked":["hermit:ItchyTrigger","hermit:Malice"],"picked":"hermit:Cheat","floor":12},{"not_picked":["hermit:TrackingShot","hermit:Feint"],"picked":"hermit:Gestalt","floor":13},{"not_picked":["hermit:Shortfuse","hermit:Misfire"],"picked":"hermit:Horror","floor":14}],"player_experience":57540,"relics_obtained":[{"floor":5,"key":"ReplayTheSpireMod:Ring of Addiction"},{"floor":5,"key":"Toy Ornithopter"},{"floor":5,"key":"White Beast Statue"},{"floor":9,"key":"Oddly Smooth Stone"},{"floor":13,"key":"PreservedInsect"}],"event_choices":[{"damage_healed":0,"gold_gain":0,"player_choice":"Leave","damage_taken":0,"max_hp_gain":0,"max_hp_loss":0,"event_name":"conspire:Investor","floor":10,"gold_loss":0}],"is_beta":false,"boss_relics":[],"items_purged_floors":[],"is_endless":false,"potions_floor_spawned":[3,7,8,12,13,14],"killed_by":"Slime Boss","ascension_level":0}}