{"host":"nwyj08ts91jkyezn","time":1608869581,"event":{"mods":["AchievementEnabler","BaseMod","Colored Map","DeckTracker","Minty Spire (QoL Compilation)","Rare Cards Sparkle","StSLib","SuperFastMode","everything is the same but u backflip on backflip"],"gold_per_floor":[14,14,31,31,44,44,83,102,102,102,146,146,180,70,70,70,70],"floor_reached":16,"playtime":399,"items_purged":["Injury"],"score":142,"play_id":"8e61f633-47ac-499e-a523-c4bb10a77c8a","local_time":"20201225131301","is_ascension_mode":true,"campfire_choices":[{"data":"Multi-Cast","floor":6,"key":"SMITH"},{"data":"Zap","floor":12,"key":"SMITH"},{"floor":15,"key":"REST"}],"circlet_count":0,"master_deck":["Strike_B","Strike_B","Defend_B","Defend_B","Defend_B","Zap+1","Dualcast","Multi-Cast+1","Tempest","Cold Snap","Hello World","Static Discharge","Conserve Battery","BootSequence","Sweeping Beam","Zap","Compile Driver","Doom and Gloom"],"relics":["Cracked Core","Golden Idol","Mercury Hourglass","Pen Nib","Nunchaku"],"acts_visited":["Exordium"],"potions_floor_usage":[11,11,16],"damage_taken":[{"damage":7,"enemies":"Jaw Worm","floor":1,"turns":3},{"damage":0,"enemies":"2 Louse","floor":3,"turns":2},{"damage":0,"enemies":"Cultist","floor":5,"turns":2},{"damage":21,"enemies":"3 Sentries","floor":7,"turns":5},{"damage":10,"enemies":"Lots of Slimes","floor":8,"turns":6},{"damage":6,"enemies":"Gremlin Nob","floor":11,"turns":3},{"damage":24,"enemies":"Lagavulin","floor":13,"turns":5},{"damage":36,"enemies":"Slime Boss","floor":16,"turns":4}],"seed_played":"7649698349200784804","potions_obtained":[{"floor":1,"key":"FocusPotion"},{"floor":3,"key":"SneckoOil"},{"floor":5,"key":"AttackPotion"},{"floor":8,"key":"Strength Potion"}],"is_trial":false,"path_per_floor":["M","?","M","?","M","R","E","M","T","?","E","R","E","$","R","B"],"character_chosen":"DEFECT","items_purchased":["Doom and Gloom"],"campfire_rested":1,"item_purchase_floors":[14],"current_hp_per_floor":[68,68,68,68,68,68,47,37,37,37,31,31,7,7,27,0,0],"gold":70,"neow_bonus":"TRANSFORM_TWO_CARDS","is_daily":false,"chose_seed":false,"campfire_upgraded":2,"win_rate":0.0,"timestamp":1608869581,"path_taken":["M","?","M","?","M","R","E","M","T","?","E","R","E","$","R","BOSS"],"items_purchased_type":["Card"],"build_version":"2020-12-22","purchased_purges":1,"victory":false,"max_hp_per_floor":[75,75,75,69,69,69,69,69,69,69,69,69,69,69,69,69,69],"card_choices":[{"not_picked":["Recycle","Streamline"],"picked":"Cold Snap","floor":1},{"not_picked":["Redo","Lockon"],"picked":"Static Discharge","floor":3},{"not_picked":["Stack","Redo"],"picked":"Conserve Battery","floor":5},{"not_picked":["Gash","Hyperbeam"],"picked":"BootSequence","floor":7},{"not_picked":["Ball Lightning","Barrage"],"picked":"Sweeping Beam","floor":8},{"not_picked":["Tempest","Scrape","Conserve Battery"],"picked":"SKIP","floor":11},{"not_picked":["Cold Snap","Force Field"],"picked":"Compile Driver","floor":13}],"player_experience":1064218,"relics_obtained":[{"floor":9,"key":"Mercury Hourglass"},{"floor":11,"key":"Pen Nib"},{"floor":13,"key":"Nunchaku"}],"event_choices":[{"damage_healed":0,"gold_gain":0,"cards_transformed":["Strike_B"],"player_choice":"Change","damage_taken":0,"max_hp_gain":0,"max_hp_loss":0,"event_name":"Living Wall","floor":2,"gold_loss":0,"cards_obtained":["Hello World"]},{"damage_healed":0,"gold_gain":0,"player_choice":"Lose Max HP","damage_taken":0,"relics_obtained":["Golden Idol"],"max_hp_gain":0,"max_hp_loss":6,"event_name":"Golden Idol","floor":4,"gold_loss":0},{"damage_healed":0,"gold_gain":0,"player_choice":"2 cards matched","damage_taken":0,"max_hp_gain":0,"max_hp_loss":0,"event_name":"Match and Keep!","floor":10,"gold_loss":0,"cards_obtained":["Injury","Zap"]}],"is_beta":false,"boss_relics":[],"items_purged_floors":[14],"is_endless":false,"potions_floor_spawned":[1,3,5,8],"killed_by":"Slime Boss","ascension_level":4}}