{"host":"2g3a9o4nvxna76t1","time":1608926103,"event":{"mods":["2.2 Compatiblity","Act Like it!","Aspiration","BaseMod","BetterRewards","Challenge The Spire","Colored Map","Colored Powertips","Conspire","Downfall","Energized Spire","GifTheSpireLib","GungeonMod","Halation","Highlight Path","Hubris","Infinite Spire","Mimic Mod","Minty Spire (QoL Compilation)","Pale of the Ancients","Quick Restart","Random Character Button","Replay The Spire","Reworked Bosses","Shop Mod","Spikes Relics","StSLib","Strawberry Spire","Stuff the Spire","SuperFastMode","Swap Starting Deck Mod","Waifu the Spire","vexMod"],"gold_per_floor":[110,121,121,121,121,121,121],"floor_reached":6,"playtime":230,"items_purged":[],"score":39,"play_id":"498ba7c8-56bf-4b3f-a95b-3c2dfedd7f42","local_time":"20201225135503","is_ascension_mode":true,"campfire_choices":[],"circlet_count":0,"master_deck":["Strike_G","Strike_G","Strike_G","Strike_G","Strike_G","Defend_G","Defend_G","Defend_G","Defend_G","Defend_G","Survivor","Neutralize","Noxious Fumes+1","Poisoned Stab","Dodge and Roll","ReplayTheSpireMod:Haul","StuffTheSpire:CuriosityCurse"],"relics":["Ring of the Snake","MealTicket"],"acts_visited":["Exordium"],"potions_floor_usage":[],"damage_taken":[{"damage":1,"enemies":"Cultist","floor":1,"turns":5},{"damage":0,"enemies":"2 Louse","floor":2,"turns":2},{"damage":52,"enemies":"strawberrySpire:EnergyPylons","floor":6,"turns":6}],"seed_played":"5411250121747094365","potions_obtained":[],"is_trial":false,"path_per_floor":["M","M","?","?","?","E"],"character_chosen":"THE_SILENT","items_purchased":[],"campfire_rested":0,"item_purchase_floors":[],"current_hp_per_floor":[69,69,52,52,52,0,0],"gold":121,"neow_bonus":"THREE_CARDS","is_daily":false,"chose_seed":false,"campfire_upgraded":0,"win_rate":0.0,"timestamp":1608926103,"path_taken":["M","M","?","?","?","E"],"items_purchased_type":[],"build_version":"2020-12-22","purchased_purges":0,"victory":false,"max_hp_per_floor":[70,70,70,70,70,70,70],"card_choices":[{"not_picked":["Dagger Spray","StuffTheSpire:Python"],"picked":"Noxious Fumes","floor":0},{"not_picked":["hubris:Counter","StuffTheSpire:MirrorStance"],"picked":"Poisoned Stab","floor":1},{"not_picked":["Replay:Poison Smokescreen","ReplayTheSpireMod:Scrap Shanks"],"picked":"Dodge and Roll","floor":2},{"not_picked":["hubris:Rewind","infinitespire:FinalStrike"],"picked":"ReplayTheSpireMod:Haul","floor":3}],"player_experience":334042,"relics_obtained":[],"event_choices":[{"damage_healed":0,"gold_gain":0,"player_choice":"Grow","damage_taken":0,"max_hp_gain":0,"max_hp_loss":0,"event_name":"Living Wall","floor":4,"gold_loss":0,"cards_upgraded":["Noxious Fumes"]}],"is_beta":false,"boss_relics":[],"items_purged_floors":[],"is_endless":false,"potions_floor_spawned":[],"killed_by":"strawberrySpire:EnergyPylons","ascension_level":3}}