{"host":"ec09novo68szpe7d","time":1608930557,"event":{"mods":["AchievementEnabler","BaseMod","Bestiary","Minty Spire (QoL Compilation)","StSLib"],"gold_per_floor":[118,129,145,145,99,133,133,147,147,164,197,208,241,270,270,367,367,377,59,71,87,107,137,137,167,167,82,116,128,128,143,143,243,243,254,304,304,320,337,337,357,382,382,401,426,426,441,475,475,475,475,475,22,57,57],"floor_reached":56,"playtime":6990,"items_purged":["Strike_G","Strike_G"],"score":1473,"play_id":"ed4742f8-ae5c-4243-9986-8b07d98b8c71","local_time":"20201225220917","is_ascension_mode":true,"campfire_choices":[{"data":"Tools of the Trade","floor":15.0,"key":"SMITH"},{"data":"Endless Agony","floor":24.0,"key":"SMITH"},{"data":"Calculated Gamble","floor":30.0,"key":"SMITH"},{"data":"Endless Agony","floor":32.0,"key":"SMITH"},{"data":"Parasite","floor":40.0,"key":"PURGE"},{"floor":49.0,"key":"RECALL"},{"data":"Strike_G","floor":52.0,"key":"PURGE"}],"circlet_count":0,"master_deck":["Strike_G","Defend_G","Defend_G","Defend_G","Defend_G","Survivor","Neutralize+1","Terror","Infinite Blades","Cloak And Dagger","Tools of the Trade+1","Backflip","Backstab","Adrenaline","Footwork","Dash+1","Malaise","Endless Agony+1","Endless Agony+1","Calculated Gamble+1","Eviscerate","Adrenaline","Blade Dance","Tactician","Blade Dance+1","Malaise","Tactician","Slice+1","PiercingWail","Tactician+1","Deep Breath","PanicButton","Calculated Gamble+1"],"relics":["Black Star","Happy Flower","Gremlin Horn","Pantograph","Boot","Bottled Tornado","Pear","Mercury Hourglass","Odd Mushroom","WristBlade","Ornamental Fan","Tiny Chest","Bronze Scales","Oddly Smooth Stone","Orichalcum","Blood Vial","Tough Bandages","Whetstone","Busted Crown","Peace Pipe","Lizard Tail","Bottled Lightning","Meat on the Bone","Potion Belt","Turnip","Ancient Tea Set","DollysMirror","Kunai","Shuriken"],"acts_visited":["Exordium","TheCity","TheBeyond","TheEnding"],"potions_floor_usage":[55,55,55],"damage_taken":[{"damage":0.0,"enemies":"Cultist","floor":1.0,"turns":4.0},{"damage":4.0,"enemies":"Small Slimes","floor":2.0,"turns":5.0},{"damage":7.0,"enemies":"2 Louse","floor":3.0,"turns":5.0},{"damage":29.0,"enemies":"Gremlin Nob","floor":6.0,"turns":5.0},{"damage":2.0,"enemies":"Looter","floor":8.0,"turns":4.0},{"damage":1.0,"enemies":"Exordium Thugs","floor":10.0,"turns":5.0},{"damage":2.0,"enemies":"Lagavulin","floor":11.0,"turns":9.0},{"damage":0.0,"enemies":"2 Fungi Beasts","floor":12.0,"turns":3.0},{"damage":14.0,"enemies":"3 Sentries","floor":13.0,"turns":8.0},{"damage":0.0,"enemies":"The Mushroom Lair","floor":14.0,"turns":3.0},{"damage":2.0,"enemies":"The Guardian","floor":16.0,"turns":9.0},{"damage":0.0,"enemies":"3 Byrds","floor":18.0,"turns":3.0},{"damage":5.0,"enemies":"Chosen","floor":20.0,"turns":4.0},{"damage":1.0,"enemies":"Snecko","floor":21.0,"turns":5.0},{"damage":6.0,"enemies":"3 Cultists","floor":22.0,"turns":4.0},{"damage":1.0,"enemies":"Book of Stabbing","floor":23.0,"turns":5.0},{"damage":42.0,"enemies":"Slavers","floor":25.0,"turns":4.0},{"damage":0.0,"enemies":"Gremlin Leader","floor":28.0,"turns":5.0},{"damage":1.0,"enemies":"Snake Plant","floor":29.0,"turns":3.0},{"damage":0.0,"enemies":"Chosen and Byrds","floor":31.0,"turns":3.0},{"damage":0.0,"enemies":"Champ","floor":33.0,"turns":8.0},{"damage":5.0,"enemies":"3 Darklings","floor":35.0,"turns":3.0},{"damage":0.0,"enemies":"Mind Bloom Boss Battle","floor":36.0,"turns":5.0},{"damage":0.0,"enemies":"3 Shapes","floor":38.0,"turns":2.0},{"damage":2.0,"enemies":"Writhing Mass","floor":39.0,"turns":6.0},{"damage":8.0,"enemies":"Spire Growth","floor":41.0,"turns":4.0},{"damage":0.0,"enemies":"Giant Head","floor":42.0,"turns":6.0},{"damage":0.0,"enemies":"Maw","floor":44.0,"turns":5.0},{"damage":5.0,"enemies":"4 Shapes","floor":47.0,"turns":3.0},{"damage":27.0,"enemies":"Nemesis","floor":48.0,"turns":6.0},{"damage":36.0,"enemies":"Donu and Deca","floor":50.0,"turns":10.0},{"damage":20.0,"enemies":"Shield and Spear","floor":54.0,"turns":7.0},{"damage":37,"enemies":"The Heart","floor":55,"turns":9}],"seed_played":"-510861171123376423","potions_obtained":[{"floor":1.0,"key":"Explosive Potion"},{"floor":2.0,"key":"BlessingOfTheForge"},{"floor":11.0,"key":"Explosive Potion"},{"floor":12.0,"key":"Explosive Potion"},{"floor":16.0,"key":"Explosive Potion"},{"floor":21.0,"key":"SkillPotion"},{"floor":22.0,"key":"EssenceOfSteel"},{"floor":23.0,"key":"AttackPotion"},{"floor":28.0,"key":"DuplicationPotion"},{"floor":35.0,"key":"BlessingOfTheForge"},{"floor":39.0,"key":"LiquidMemories"},{"floor":54.0,"key":"SkillPotion"}],"is_trial":false,"path_per_floor":["M","M","M","?","?","E","?","M","T","M","E","M","E","?","R","B",null,"M","$","M","M","M","E","R","E","T","?","E","M","R","M","R","B",null,"M","?","?","M","M","R","M","E","T","M","T","?","M","E","R","B",null,"R","$","E","B",null],"character_chosen":"THE_SILENT","items_purchased":["Ornamental Fan","DollysMirror","CunningPotion","Ancient Potion","Fire Potion"],"campfire_rested":0,"item_purchase_floors":[19,53,53,53,53],"current_hp_per_floor":[70,66,59,59,59,30,30,28,28,27,25,25,21,21,21,44,80,80,80,75,74,68,67,67,25,25,25,27,28,28,30,30,57,80,75,80,80,80,78,77,69,71,71,73,73,63,60,47,47,50,77,77,77,57,40],"gold":57,"neow_bonus":"BOSS_RELIC","is_daily":false,"chose_seed":false,"campfire_upgraded":4,"win_rate":0.0,"timestamp":1608930557,"path_taken":["M","M","M","?","?","E","?","M","T","M","E","M","E","?","R","BOSS","M","$","M","M","M","E","R","E","T","?","E","M","R","M","R","BOSS","M","?","?","M","M","R","M","E","T","M","?","?","M","E","R","BOSS","R","$","E","BOSS"],"items_purchased_type":["Relic","Relic","Potion","Potion","Potion"],"build_version":"2020-12-22","purchased_purges":2,"victory":true,"max_hp_per_floor":[70,70,70,70,70,70,70,70,70,70,70,70,80,80,80,80,80,80,80,80,80,80,80,80,80,80,80,80,80,80,80,80,80,80,80,80,80,80,80,77,77,77,77,77,77,77,77,77,77,77,77,77,77,77,77],"card_choices":[{"not_picked":["Deflect","Prepared"],"picked":"Terror","floor":1.0},{"not_picked":["Cloak And Dagger","Finisher"],"picked":"Infinite Blades","floor":2.0},{"not_picked":["Dagger Spray","Prepared"],"picked":"Cloak And Dagger","floor":3.0},{"not_picked":["Slice","Noxious Fumes"],"picked":"Tools of the Trade","floor":6.0},{"not_picked":["Backstab","Poisoned Stab"],"picked":"Backflip","floor":8.0},{"not_picked":["Slice","Dodge and Roll"],"picked":"Backstab","floor":10.0},{"not_picked":["Dagger Throw","Acrobatics"],"picked":"Adrenaline","floor":11.0},{"not_picked":["Noxious Fumes","Endless Agony"],"picked":"Footwork","floor":12.0},{"not_picked":["Deflect","Heel Hook","Eviscerate"],"picked":"SKIP","floor":13.0},{"not_picked":["Quick Slash","Expertise"],"picked":"Dash","floor":14.0},{"not_picked":["Doppelganger","Night Terror"],"picked":"Malaise","floor":16.0},{"not_picked":["Outmaneuver+1","Heel Hook","Poisoned Stab+1"],"picked":"SKIP","floor":18.0},{"not_picked":["PiercingWail","Calculated Gamble"],"picked":"Endless Agony","floor":20.0},{"not_picked":["Flechettes","Slice+1"],"picked":"Endless Agony","floor":21.0},{"not_picked":["Outmaneuver","Bouncing Flask"],"picked":"Calculated Gamble","floor":22.0},{"not_picked":["Predator","Caltrops+1"],"picked":"Eviscerate","floor":23.0},{"not_picked":["All Out Attack+1","Phantasmal Killer"],"picked":"Adrenaline","floor":25.0},{"not_picked":["Riddle With Holes","Heel Hook"],"picked":"Blade Dance","floor":28.0},{"not_picked":["Reflex","Predator+1"],"picked":"Tactician","floor":29.0},{"not_picked":["Calculated Gamble","Bane"],"picked":"Blade Dance+1","floor":31.0},{"not_picked":["Doppelganger","Phantasmal Killer"],"picked":"Malaise","floor":33.0},{"not_picked":["Dodge and Roll+1"],"picked":"SKIP","floor":35.0},{"not_picked":["Quick Slash+1"],"picked":"SKIP","floor":38.0},{"not_picked":[],"picked":"Tactician","floor":39.0},{"not_picked":[],"picked":"Slice+1","floor":41.0},{"not_picked":[],"picked":"PiercingWail","floor":42.0},{"not_picked":[],"picked":"Tactician+1","floor":44.0},{"not_picked":[],"picked":"Deep Breath","floor":46.0},{"not_picked":[],"picked":"PanicButton","floor":46.0},{"not_picked":["Flechettes"],"picked":"SKIP","floor":47.0},{"not_picked":["Heel Hook+1"],"picked":"SKIP","floor":48.0},{"not_picked":["Deadly Poison+1"],"picked":"SKIP","floor":54.0}],"player_experience":191252,"relics_obtained":[{"floor":6.0,"key":"Happy Flower"},{"floor":6.0,"key":"Gremlin Horn"},{"floor":9.0,"key":"Pantograph"},{"floor":11.0,"key":"Boot"},{"floor":11.0,"key":"Bottled Tornado"},{"floor":13.0,"key":"Pear"},{"floor":13.0,"key":"Mercury Hourglass"},{"floor":14.0,"key":"Odd Mushroom"},{"floor":23.0,"key":"Tiny Chest"},{"floor":23.0,"key":"Bronze Scales"},{"floor":25.0,"key":"Oddly Smooth Stone"},{"floor":25.0,"key":"Orichalcum"},{"floor":28.0,"key":"Tough Bandages"},{"floor":28.0,"key":"Whetstone"},{"floor":36.0,"key":"Peace Pipe"},{"floor":42.0,"key":"Lizard Tail"},{"floor":42.0,"key":"Bottled Lightning"},{"floor":43.0,"key":"Meat on the Bone"},{"floor":45.0,"key":"Potion Belt"},{"floor":48.0,"key":"Turnip"},{"floor":48.0,"key":"Ancient Tea Set"},{"floor":54.0,"key":"Kunai"},{"floor":54.0,"key":"Shuriken"}],"event_choices":[{"cards_removed":["Strike_G"],"damage_healed":0.0,"max_hp_gain":0.0,"max_hp_loss":0.0,"gold_gain":0.0,"event_name":"Living Wall","player_choice":"Forget","floor":4.0,"gold_loss":0.0,"damage_taken":0.0},{"damage_healed":0.0,"max_hp_gain":0.0,"max_hp_loss":0.0,"gold_gain":0.0,"event_name":"World of Goop","player_choice":"Left Gold","floor":5.0,"gold_loss":46.0,"damage_taken":0.0},{"damage_healed":0.0,"max_hp_gain":0.0,"max_hp_loss":0.0,"gold_gain":0.0,"event_name":"Shining Light","player_choice":"Ignored","floor":7.0,"gold_loss":0.0,"damage_taken":0.0},{"damage_healed":0.0,"max_hp_gain":0.0,"max_hp_loss":0.0,"gold_gain":0.0,"event_name":"Mushrooms","player_choice":"Fought Mushrooms","floor":14.0,"gold_loss":0.0,"damage_taken":0.0},{"damage_healed":0.0,"max_hp_gain":0.0,"max_hp_loss":0.0,"gold_gain":0.0,"event_name":"Addict","player_choice":"Obtained Relic","floor":27.0,"gold_loss":85.0,"damage_taken":0.0,"relics_obtained":["Blood Vial"]},{"damage_healed":0.0,"max_hp_gain":0.0,"max_hp_loss":0.0,"gold_gain":0.0,"event_name":"MindBloom","player_choice":"Fight","floor":36.0,"gold_loss":0.0,"damage_taken":0.0},{"cards_removed":["Defend_G"],"damage_healed":0.0,"max_hp_gain":0.0,"max_hp_loss":0.0,"gold_gain":0.0,"event_name":"Falling","player_choice":"Removed Skill","floor":37.0,"gold_loss":0.0,"damage_taken":0.0},{"damage_healed":0.0,"max_hp_gain":0.0,"max_hp_loss":0.0,"gold_gain":0.0,"event_name":"SensoryStone","player_choice":"Memory 3","floor":46.0,"gold_loss":0.0,"damage_taken":10.0}],"is_beta":false,"boss_relics":[{"not_picked":["Snecko Eye","SlaversCollar"],"picked":"WristBlade"},{"not_picked":["Astrolabe","SacredBark"],"picked":"Busted Crown"}],"items_purged_floors":[19,53],"is_endless":false,"potions_floor_spawned":[1,2,11,12,16,21,22,23,28,35,38,39,41,54],"ascension_level":2}}