{"host":"w6ebodudjlk2jwu4","time":1608891452,"event":{"mods":["Act Like it!","Bard","BaseMod","Beaked The Cultist","Colored Map","Downfall","Glutton Mod","Hermit","Highlight Path","Infinite Spire","Jorbs\u0027s Wanderer Trilogy","Koishi","Mad Scientist","Marisa????????","Minty Spire (QoL Compilation)","Relic Stats","Replay The Spire","Robot Space Explorer","StSLib","The Administrix","The Blue Laboratory","The Bug Knight","The Construct","The Cursed","The Marked","The Mystic","The Servant 0.9.4","The Witch","Wandering Minibosses"],"gold_per_floor":[119,56,73,73,65,90,90,99,99,103,103,103,89,73,73,161,161,169,169,914,914,934,934,949,949,949,949,980,980,999,1024,1024,1124,1124,1139,710,722,722,734,734,761,775,775,775,220,19,39,59,59,59,59,59,11,37,37,37],"floor_reached":55,"playtime":3649,"items_purged":["Wild Strike"],"score":816,"play_id":"39fc0d2c-0904-4abf-ac13-d4beebd8a599","local_time":"20201225021731","is_ascension_mode":false,"campfire_choices":[{"data":"Armaments","floor":7,"key":"SMITH"},{"data":"Anger","floor":11,"key":"SMITH"},{"data":"Fire Breathing","floor":15,"key":"SMITH"},{"data":"Feed","floor":25,"key":"SMITH"},{"data":"infinitespire:OneForAll","floor":29,"key":"SMITH"},{"data":"infinitespire:Execution","floor":32,"key":"SMITH"},{"data":"Demon Form","floor":40,"key":"SMITH"},{"data":"Juggernaut","floor":44,"key":"SMITH"},{"floor":49,"key":"RECALL"},{"data":"Pommel Strike","floor":52,"key":"SMITH"}],"circlet_count":0,"master_deck":["Defend_R","Defend_R","Defend_R","Defend_R","Anger+1","Shockwave","Armaments+1","Survivor","Neutralize","Pommel Strike+1","Fire Breathing+1","Uppercut","Demon Form+1","Juggernaut+1","Sword Boomerang","infinitespire:OneForAll+1","Cleave","Bite","Bite","Bite","Bite","Bite","Feed+1","infinitespire:Starlight","Body Slam+1","Replay:Fractal Strike","infinitespire:Execution+1","Whirlwind+1","Twin Strike+1","Impervious","Wild Strike+1","Panache","Clothesline","Armaments+1","Fire Breathing+1","Thunderclap+1","Ghostly Armor+1","Pommel Strike+1","expansioncontent:Corrupt","Inflame+1","Armaments","Parasite","Iron Wave","Shrug It Off"],"relics":["Burning Blood","Gambling Chip","Boot","HornCleat","Ooze Armor","wanderingMiniBosses:MasterThiefsPresence","Bronze Scales","Pear","Peace Pipe","Champion Belt","Replay:Cursed D8","Bag of Marbles","Smiling Mask","Mummified Hand","OrangePellets","ReplayTheSpireMod:TigerMarble","Dead Branch"],"acts_visited":["Exordium","TheCity","TheBeyond","TheEnding"],"potions_floor_usage":[6,16,31,50,54,54,55],"damage_taken":[{"damage":7,"enemies":"2 Louse","floor":1,"turns":4},{"damage":0,"enemies":"Cultist","floor":3,"turns":4},{"damage":7,"enemies":"Jaw Worm","floor":5,"turns":5},{"damage":37,"enemies":"Gremlin Nob","floor":6,"turns":6},{"damage":10,"enemies":"3 Louse","floor":8,"turns":5},{"damage":9,"enemies":"Exordium Thugs","floor":10,"turns":6},{"damage":2,"enemies":"Looter","floor":13,"turns":6},{"damage":3,"enemies":"Lots of Slimes","floor":14,"turns":7},{"damage":19,"enemies":"Slime Boss","floor":16,"turns":8},{"damage":23,"enemies":"2 Thieves","floor":18,"turns":4},{"damage":20,"enemies":"Spheric Guardian","floor":20,"turns":5},{"damage":0,"enemies":"Centurion and Healer","floor":22,"turns":6},{"damage":8,"enemies":"Snecko","floor":24,"turns":4},{"damage":23,"enemies":"Nightmare","floor":28,"turns":6},{"damage":5,"enemies":"3 Cultists","floor":30,"turns":4},{"damage":12,"enemies":"Book of Stabbing","floor":31,"turns":4},{"damage":0,"enemies":"Collector","floor":33,"turns":6},{"damage":0,"enemies":"3 Darklings","floor":35,"turns":3},{"damage":0,"enemies":"3 Shapes","floor":37,"turns":1},{"damage":10,"enemies":"3 Darklings","floor":39,"turns":4},{"damage":12,"enemies":"Giant Head","floor":41,"turns":5},{"damage":7,"enemies":"Sphere and 2 Shapes","floor":42,"turns":4},{"damage":0,"enemies":"Spire Growth","floor":47,"turns":3},{"damage":7,"enemies":"Writhing Mass","floor":48,"turns":5},{"damage":42,"enemies":"Donu and Deca","floor":50,"turns":8},{"damage":21,"enemies":"Shield and Spear","floor":54,"turns":5},{"damage":74,"enemies":"The Heart","floor":55,"turns":5}],"seed_played":"-1644334093242047498","potions_obtained":[{"floor":3,"key":"blueLaboratory:HummingbirdPotion"},{"floor":6,"key":"FearPotion"},{"floor":10,"key":"infinitespire:BlackPotion"},{"floor":20,"key":"blueLaboratory:HorrorPotion"},{"floor":24,"key":"Energy Potion"},{"floor":31,"key":"champ:CounterPotion"},{"floor":39,"key":"blueLaboratory:BubblePotion"},{"floor":47,"key":"Regen Potion"},{"floor":54,"key":"blueLaboratory:LouseDecoction"}],"is_trial":false,"path_per_floor":["M","?","M","?","M","E","R","M","T","M","R","?","M","M","R","B",null,"M","?","M","?","M","AVR","M","R","T","?","NM","R","M","E","R","B",null,"M","$","M","?","M","R","E","M","T","R","$","$","M","M","R","B",null,"R","$","E","B"],"character_chosen":"IRONCLAD","items_purchased":["Bag of Marbles","Panache","Clothesline","Mummified Hand","expansioncontent:Corrupt","OrangePellets","Inflame+1","ReplayTheSpireMod:TigerMarble","Shrug It Off"],"campfire_rested":0,"item_purchase_floors":[36,36,36,45,45,45,46,46,53],"current_hp_per_floor":[79,79,80,80,79,48,48,44,44,41,41,80,80,80,80,67,80,63,63,49,49,56,56,54,54,64,49,41,41,49,65,65,70,70,70,70,70,70,66,66,70,69,69,69,69,69,70,69,69,42,70,70,70,69,0,0],"gold":37,"neow_bonus":"THREE_CARDS","is_daily":false,"chose_seed":false,"campfire_upgraded":9,"win_rate":0.0,"timestamp":1608891451,"path_taken":["M","?","?","?","M","E","R","M","T","M","R","?","M","M","R","BOSS","M","?","M","?","M","AVR","M","R","T","?","NM","R","M","E","R","BOSS","M","$","M","?","?","R","E","?","T","R","?","$","M","M","R","BOSS","R","$","E","BOSS"],"items_purchased_type":["Relic","Card","Card","Relic","Card","Relic","Card","Relic","Card"],"build_version":"2020-12-22","purchased_purges":1,"victory":false,"max_hp_per_floor":[80,80,80,80,80,80,80,80,80,80,80,80,80,80,80,80,80,80,80,80,56,56,56,56,56,66,66,66,66,66,70,70,70,70,70,70,70,70,70,70,70,70,70,70,70,70,70,70,70,70,70,70,70,70,70,70],"relic_stats":{"Peace Pipe":0,"OrangePellets":[17],"counters":[27,133],"Mummified Hand":[26],"Gambling Chip":[60],"Bronze Scales":[186],"Dead Branch":[8],"Champion Belt":[48],"Boot":[58],"Smiling Mask":0,"obtain_stats":[{"Pear":26,"Dead Branch":54,"wanderingMiniBosses:MasterThiefsPresence":20,"Boot":6,"Smiling Mask":41,"Burning Blood":0,"Peace Pipe":28,"OrangePellets":45,"HornCleat":9,"Ooze Armor":17,"Mummified Hand":45,"Gambling Chip":2,"Bronze Scales":23,"Replay:Cursed D8":34,"Bag of Marbles":36,"ReplayTheSpireMod:TigerMarble":46,"Champion Belt":31},{"Pear":13,"Dead Branch":26,"wanderingMiniBosses:MasterThiefsPresence":11,"Boot":4,"Smiling Mask":21,"Burning Blood":0,"Peace Pipe":14,"OrangePellets":22,"HornCleat":5,"Ooze Armor":9,"Mummified Hand":22,"Gambling Chip":1,"Bronze Scales":12,"Replay:Cursed D8":17,"Bag of Marbles":18,"ReplayTheSpireMod:TigerMarble":22,"Champion Belt":16},{"Pear":70,"Dead Branch":128,"wanderingMiniBosses:MasterThiefsPresence":60,"Boot":19,"Smiling Mask":103,"Burning Blood":0,"Peace Pipe":76,"OrangePellets":107,"HornCleat":24,"Ooze Armor":51,"Mummified Hand":107,"Gambling Chip":4,"Bronze Scales":66,"Replay:Cursed D8":90,"Bag of Marbles":93,"ReplayTheSpireMod:TigerMarble":107,"Champion Belt":84}],"Burning Blood":112},"card_choices":[{"not_picked":["True Grit","Power Through"],"picked":"Anger","floor":0},{"not_picked":["Infernal Blade","Thunderclap"],"picked":"Shockwave","floor":1},{"not_picked":["Thunderclap","ReplayTheSpireMod:Strike From Hell"],"picked":"Armaments","floor":3},{"not_picked":["Warcry","Power Through"],"picked":"Wild Strike","floor":5},{"not_picked":["Rage","Warcry"],"picked":"Dual Wield","floor":6},{"not_picked":["Rampage","Ghostly Armor"],"picked":"Pommel Strike","floor":8},{"not_picked":["Bloodletting","Warcry"],"picked":"Fire Breathing","floor":10},{"not_picked":["Infernal Blade","Clash"],"picked":"Uppercut","floor":13},{"not_picked":["Perfected Strike","Run Through"],"picked":"Demon Form","floor":14},{"not_picked":["Impervious","Corruption"],"picked":"Juggernaut","floor":16},{"not_picked":["Warcry","Twin Strike"],"picked":"Sword Boomerang","floor":18},{"not_picked":["Defy Death","Body Slam"],"picked":"Cleave","floor":20},{"not_picked":["Armaments","Dark Embrace+1"],"picked":"Feed","floor":22},{"not_picked":["Sword Boomerang","Uppercut"],"picked":"Body Slam+1","floor":24},{"not_picked":["infinitespire:TheBestDefense","infinitespire:FutureSight"],"picked":"Replay:Fractal Strike","floor":27},{"not_picked":["ReplayTheSpireMod:Book of Names","Replay:Fractal Strike"],"picked":"infinitespire:Execution","floor":28},{"not_picked":["Sever Soul","Shockwave","Intimidate+1"],"picked":"SKIP","floor":28},{"not_picked":["Dark Embrace+1","Heavy Blade"],"picked":"Whirlwind+1","floor":30},{"not_picked":["Rampage","Hemokinesis"],"picked":"Twin Strike+1","floor":31},{"not_picked":["Offering","Immolate"],"picked":"Impervious","floor":33},{"not_picked":["Twin Strike+1","Power Through"],"picked":"Wild Strike+1","floor":35},{"not_picked":["Wild Strike","infinitespire:OneForAll"],"picked":"Armaments+1","floor":37},{"not_picked":["Intimidate","Infernal Blade"],"picked":"Thunderclap+1","floor":39},{"not_picked":["Havoc","Thunderclap"],"picked":"Ghostly Armor+1","floor":41},{"not_picked":["Thunderclap","Perfected Strike+1"],"picked":"Pommel Strike+1","floor":42},{"not_picked":["Havoc","Clash"],"picked":"Armaments","floor":47},{"not_picked":["Headbutt+1","True Grit+1"],"picked":"Iron Wave","floor":48},{"not_picked":["Cleave+1","Pummel","ReplayTheSpireMod:Corrosion Curse"],"picked":"SKIP","floor":54}],"player_experience":125527,"relics_obtained":[{"floor":6,"key":"Boot"},{"floor":9,"key":"HornCleat"},{"floor":20,"key":"wanderingMiniBosses:MasterThiefsPresence"},{"floor":26,"key":"Pear"},{"floor":28,"key":"Peace Pipe"},{"floor":31,"key":"Champion Belt"},{"floor":41,"key":"Smiling Mask"},{"floor":54,"key":"Dead Branch"}],"event_choices":[{"damage_healed":0,"gold_gain":0,"player_choice":"Paid Gold","damage_taken":0,"relics_obtained":["Gambling Chip"],"max_hp_gain":0,"max_hp_loss":0,"event_name":"WeMeetAgain","floor":2,"gold_loss":63},{"cards_removed":["Dual Wield"],"damage_healed":39,"gold_gain":0,"player_choice":"Offered Uncommon","damage_taken":0,"max_hp_gain":0,"max_hp_loss":0,"event_name":"Bonfire Elementals","floor":12,"gold_loss":0},{"damage_healed":0,"gold_gain":0,"player_choice":"Read","damage_taken":0,"max_hp_gain":0,"max_hp_loss":0,"event_name":"The Library","floor":19,"gold_loss":0,"cards_obtained":["infinitespire:OneForAll"]},{"damage_healed":0,"gold_gain":0,"player_choice":"Became a vampire","damage_taken":0,"max_hp_gain":0,"max_hp_loss":24,"event_name":"Vampires","floor":21,"gold_loss":0,"cards_obtained":["Bite","Bite","Bite","Bite","Bite"]},{"damage_healed":0,"gold_gain":0,"player_choice":"Copied","damage_taken":0,"max_hp_gain":0,"max_hp_loss":0,"event_name":"Duplicator","floor":38,"gold_loss":0,"cards_obtained":["Fire Breathing"]}],"is_beta":false,"boss_relics":[{"not_picked":["Black Star","infinitespire:Cupcake"],"picked":"Ooze Armor"},{"not_picked":["Replay:Bronze Core","Empty Cage"],"picked":"Replay:Cursed D8"}],"items_purged_floors":[36],"is_endless":false,"potions_floor_spawned":[3,6,10,20,24,31,33,39,47,54],"killed_by":"The Heart","ascension_level":0}}