{"host":"v1m5rkjj38qutr02","time":1608883168,"event":{"mods":["Act Like it!","BaseMod","Conspire","Gensokyo","GungeonMod","Hallownest","Minty Spire (QoL Compilation)","Replay The Spire","StSLib","The Bug Knight","Youmu£®ªÍ∆«—˝√Œ£©"],"gold_per_floor":[117,117,117,117,69,69,83,114,114,62,137,156,168,195,195,213,213,213,213],"floor_reached":18,"playtime":416,"items_purged":[],"score":189,"play_id":"a3f64e6d-2001-4441-a6be-8b0a67be00e6","local_time":"20201225155928","is_ascension_mode":true,"campfire_choices":[{"data":"White Noise","floor":9,"key":"SMITH"},{"floor":15,"key":"REST"},{"floor":17,"key":"REST"}],"circlet_count":0,"master_deck":["Strike_B","Strike_B","Defend_B","Defend_B","Defend_B","Defend_B","Zap","Dualcast","Ball Lightning","Coolheaded","White Noise+1","Turbo","Hello World","Static Discharge","Static Discharge","Auto Shields","Hologram"],"relics":["Cracked Core","NeowsBlessing","Pet Ghost","Gremlin Horn","CaptainsWheel","DemoMod:GlassGuonStoneRelic"],"acts_visited":["Exordium"],"potions_floor_usage":[14],"damage_taken":[{"damage":0,"enemies":"2 Louse","floor":1,"turns":1},{"damage":0,"enemies":"Small Slimes","floor":7,"turns":1},{"damage":0,"enemies":"Gremlin Nob","floor":8,"turns":1},{"damage":0,"enemies":"Jaw Worm","floor":12,"turns":3},{"damage":5,"enemies":"Blue Slaver","floor":13,"turns":4},{"damage":25,"enemies":"3 Sentries","floor":14,"turns":5},{"damage":13,"enemies":"Large Slime","floor":16,"turns":5},{"damage":0,"enemies":"Hexaghost","floor":18,"turns":1}],"seed_played":"-4514682937821755334","potions_obtained":[{"floor":7,"key":"Reflective Coating"},{"floor":8,"key":"AttackPotion"}],"is_trial":false,"path_per_floor":["M","?","PTL","PTL","$","?","M","E","R","$","T","M","M","E","R","M","R","B"],"character_chosen":"DEFECT","items_purchased":["Coolheaded","Static Discharge"],"campfire_rested":2,"item_purchase_floors":[5,10],"current_hp_per_floor":[68,61,61,61,61,61,61,61,61,61,61,61,56,31,53,40,62,62,62],"gold":213,"neow_bonus":"THREE_ENEMY_KILL","is_daily":false,"chose_seed":false,"campfire_upgraded":1,"win_rate":0.0,"timestamp":1608883168,"path_taken":["M","?","PTL","PTL","$","?","M","E","R","?","T","M","M","E","R","M","R","BOSS"],"items_purchased_type":["Card","Card"],"build_version":"2020-12-22","purchased_purges":0,"victory":false,"max_hp_per_floor":[75,75,75,75,75,75,75,75,75,75,75,75,75,75,75,75,75,75,75],"card_choices":[{"not_picked":["Leap","Steam"],"picked":"Ball Lightning","floor":1},{"not_picked":["Cold Snap","Fusion"],"picked":"Turbo","floor":7},{"not_picked":["Rebound","Turbo"],"picked":"Hello World","floor":8},{"not_picked":["Go for the Eyes","ReplayTheSpireMod:Omega Cannon","Compile Driver"],"picked":"SKIP","floor":12},{"not_picked":["Coolheaded","Beam Cell","Sweeping Beam"],"picked":"SKIP","floor":13},{"not_picked":["BasicCrystalCard","Beam Cell"],"picked":"Auto Shields","floor":14},{"not_picked":["FTL","Consume"],"picked":"Hologram","floor":16}],"player_experience":380001,"relics_obtained":[{"floor":8,"key":"Pet Ghost"},{"floor":11,"key":"Gremlin Horn"},{"floor":14,"key":"CaptainsWheel"}],"event_choices":[{"cards_removed":["Strike_B"],"damage_healed":0,"gold_gain":0,"player_choice":"Card Removal","damage_taken":7,"max_hp_gain":0,"max_hp_loss":0,"event_name":"Golden Wing","floor":2,"gold_loss":0},{"damage_healed":0,"gold_gain":0,"cards_transformed":["Strike_B"],"player_choice":"Change","damage_taken":0,"max_hp_gain":0,"max_hp_loss":0,"event_name":"Living Wall","floor":6,"gold_loss":0,"cards_obtained":["White Noise"]}],"is_beta":false,"boss_relics":[],"items_purged_floors":[],"is_endless":false,"potions_floor_spawned":[7,8],"killed_by":"Hexaghost","ascension_level":6}}