{"host":"x1qj4d8ympd5jdqh","time":1608876776,"event":{"mods":["AchievementEnabler","AlwaysNeverKeys","BaseMod","Colored Map","Custom Start","DeckTracker","Highlight Path","Minty Spire (QoL Compilation)","StSLib","SuperFastMode"],"gold_per_floor":[117,132,152,171,171,171,184,184,254,269,294,294,323,333,333,333,333],"floor_reached":16,"playtime":544,"items_purged":[],"score":228,"play_id":"2253d608-5fc5-4cda-915d-bc2a7648d89d","local_time":"20201225151256","is_ascension_mode":true,"campfire_choices":[{"data":"Masterful Stab","floor":6.0,"key":"SMITH"},{"data":"Neutralize","floor":8.0,"key":"SMITH"},{"floor":12.0,"key":"REST"},{"floor":15.0,"key":"REST"}],"circlet_count":0,"master_deck":["AscendersBane","Strike_G","Strike_G","Strike_G","Strike_G","Defend_G","Defend_G","Defend_G","Defend_G","Defend_G","Survivor","Neutralize+1","Tools of the Trade","Masterful Stab+1","PiercingWail","Poisoned Stab","Corpse Explosion","All Out Attack","Dash","PiercingWail","Die Die Die"],"relics":["Ring of the Snake","Shuriken","Bird Faced Urn","Pen Nib"],"acts_visited":["Exordium"],"potions_floor_usage":[16,16],"damage_taken":[{"damage":2.0,"enemies":"Cultist","floor":1.0,"turns":5.0},{"damage":0.0,"enemies":"Small Slimes","floor":2.0,"turns":4.0},{"damage":2.0,"enemies":"2 Louse","floor":3.0,"turns":4.0},{"damage":20.0,"enemies":"Red Slaver","floor":4.0,"turns":5.0},{"damage":1.0,"enemies":"Blue Slaver","floor":7.0,"turns":5.0},{"damage":2.0,"enemies":"Exordium Wildlife","floor":10.0,"turns":4.0},{"damage":28.0,"enemies":"Lagavulin","floor":11.0,"turns":10.0},{"damage":10.0,"enemies":"3 Sentries","floor":13.0,"turns":3.0},{"damage":0.0,"enemies":"Looter","floor":14.0,"turns":3.0},{"damage":40,"enemies":"Slime Boss","floor":16,"turns":9}],"seed_played":"6677503179348288699","potions_obtained":[{"floor":1.0,"key":"Swift Potion"},{"floor":4.0,"key":"GamblersBrew"}],"is_trial":false,"path_per_floor":["M","M","M","M","?","R","M","R","T","M","E","R","E","M","R","B"],"character_chosen":"THE_SILENT","items_purchased":[],"campfire_rested":2,"item_purchase_floors":[],"current_hp_per_floor":[57,57,55,35,35,35,34,34,34,32,4,23,13,15,34,0,0],"gold":333,"neow_bonus":"ONE_RANDOM_RARE_CARD","is_daily":false,"chose_seed":false,"campfire_upgraded":2,"win_rate":0.0,"timestamp":1608876776,"path_taken":["M","M","M","M","?","R","?","R","T","M","E","R","E","M","R","BOSS"],"items_purchased_type":[],"build_version":"2020-12-22","purchased_purges":0,"victory":false,"max_hp_per_floor":[66,66,66,66,66,66,66,66,66,66,66,66,66,66,66,66,66],"card_choices":[{"not_picked":["Sucker Punch","Poisoned Stab"],"picked":"Masterful Stab","floor":1.0},{"not_picked":["Deflect","Bouncing Flask"],"picked":"PiercingWail","floor":2.0},{"not_picked":["Outmaneuver","Underhanded Strike"],"picked":"Poisoned Stab","floor":3.0},{"not_picked":["Noxious Fumes","Blade Dance"],"picked":"Corpse Explosion","floor":4.0},{"not_picked":["Acrobatics","Heel Hook"],"picked":"All Out Attack","floor":7.0},{"not_picked":["Predator","Bane"],"picked":"Dash","floor":10.0},{"not_picked":["Distraction","Endless Agony"],"picked":"PiercingWail","floor":11.0},{"not_picked":["Outmaneuver","Prepared","Backflip"],"picked":"SKIP","floor":13.0},{"not_picked":["Heel Hook","Prepared"],"picked":"Die Die Die","floor":14.0}],"player_experience":1268312,"relics_obtained":[{"floor":9.0,"key":"Shuriken"},{"floor":11.0,"key":"Bird Faced Urn"},{"floor":13.0,"key":"Pen Nib"}],"event_choices":[{"cards_removed":["Strike_G"],"damage_healed":0.0,"max_hp_gain":0.0,"max_hp_loss":0.0,"gold_gain":0.0,"event_name":"Wheel of Change","player_choice":"Card Removal","floor":5.0,"gold_loss":0.0,"damage_taken":0.0}],"is_beta":false,"boss_relics":[],"items_purged_floors":[],"is_endless":false,"potions_floor_spawned":[1,4,10],"killed_by":"Slime Boss","ascension_level":20}}