{"host":"kiauivt48syq9iz6","time":1608893466,"event":{"mods":["BaseMod","Conspire","Downfall","Hermit","Minty Spire (QoL Compilation)","Replay The Spire","SIMod","StSLib","The Animator","The Construct","The Cursed","The Runesmith","The Servant 0.9.4"],"gold_per_floor":[119,294,307,325,338,338,288,288,312,312,312,312,354,391,391,494,494,499,499,549,94,34,34,34,37,37],"floor_reached":25,"playtime":782,"items_purged":[],"score":291,"play_id":"9fa9809d-f978-434d-824b-f94c63b8b9c0","local_time":"20201225035106","is_ascension_mode":false,"campfire_choices":[{"floor":6,"key":"REST"},{"data":"hermit:Showdown","floor":8,"key":"SMITH"},{"data":"conspire:SpireCoStock","floor":12,"key":"SMITH"},{"data":"hermit:NoHoldsBarred","floor":15,"key":"SMITH"},{"floor":23,"key":"REST"}],"circlet_count":0,"master_deck":["hermit:Strike_Hermit","hermit:Strike_Hermit","hermit:Strike_Hermit","hermit:Strike_Hermit","hermit:Defend_Hermit","hermit:Defend_Hermit","hermit:Defend_Hermit","hermit:Defend_Hermit","hermit:Snapshot","hermit:Covet","hermit:Showdown+1","hermit:FullyLoaded+1","Doubt","hermit:NoHoldsBarred+1","hermit:Feint","hermit:Horror","conspire:SpireCoStock+1","Regret","hermit:Determination","hermit:Gestalt","hermit:HeroicBravado+1","Clumsy","ReplayTheSpireMod:Splinters","Sickly","hermit:Virtue","hermit:HoleUp","hermit:Determination","hermit:Quickdraw","hermit:Cheat","hermit:Deadeye"],"relics":["hermit:Momento","PreservedInsect","Pyrelight","Oddly Smooth Stone","Replay:Ancient Bell","Orichalcum","White Beast Statue","Ice Cream","GremlinMask","Guide Book"],"acts_visited":["Exordium","TheCity"],"potions_floor_usage":[5,16,18,20,24,25],"damage_taken":[{"damage":0,"enemies":"2 Louse","floor":1,"turns":3},{"damage":3,"enemies":"conspire:RoseBush","floor":3,"turns":4},{"damage":15,"enemies":"Small Slimes","floor":4,"turns":2},{"damage":1,"enemies":"2 Fungi Beasts","floor":5,"turns":3},{"damage":8,"enemies":"Red Slaver","floor":13,"turns":4},{"damage":0,"enemies":"Exordium Wildlife","floor":14,"turns":2},{"damage":60,"enemies":"Hexaghost","floor":16,"turns":13},{"damage":24,"enemies":"2 Thieves","floor":18,"turns":4},{"damage":31,"enemies":"Spheric Guardian","floor":20,"turns":8},{"damage":55,"enemies":"3 Cultists","floor":25,"turns":4}],"seed_played":"-88890195879186704","potions_obtained":[{"floor":3,"key":"Languid Potion"},{"floor":4,"key":"Adrenaline Potion"},{"floor":13,"key":"BlessingOfTheForge"},{"floor":16,"key":"Weak Potion"},{"floor":18,"key":"Explosive Potion"},{"floor":20,"key":"Cursed Concoction"},{"floor":24,"key":"Fruit Juice"},{"floor":24,"key":"Doom Potion"}],"is_trial":false,"path_per_floor":["M","?","M","M","M","R","?","R","T","?","?","R","M","M","R","B",null,"M","?","M","$","?","R","?","M"],"character_chosen":"HERMIT","items_purchased":["Guide Book","hermit:Determination","hermit:Quickdraw","hermit:Cheat","hermit:Deadeye","Energy Potion"],"campfire_rested":2,"item_purchase_floors":[21,21,21,21,21,21],"current_hp_per_floor":[75,75,72,57,56,75,75,75,75,75,75,75,67,67,67,7,75,51,51,20,20,20,42,47,0,0],"gold":37,"neow_bonus":"THREE_CARDS","is_daily":false,"chose_seed":false,"campfire_upgraded":3,"win_rate":0.0,"timestamp":1608893466,"path_taken":["M","?","M","M","M","R","?","R","T","?","?","R","M","M","R","BOSS","M","?","?","$","?","R","?","M"],"items_purchased_type":["Relic","Card","Card","Card","Card","Potion"],"build_version":"2020-12-22","purchased_purges":0,"victory":false,"max_hp_per_floor":[75,75,75,75,75,75,75,75,75,75,75,75,75,75,75,75,75,75,75,75,75,75,75,80,80,80],"card_choices":[{"not_picked":["hermit:LowProfile","hermit:NoHoldsBarred"],"picked":"hermit:Showdown","floor":0},{"not_picked":["hermit:Vantage","hermit:Quickdraw"],"picked":"hermit:FullyLoaded","floor":1},{"not_picked":["hermit:Headshot","hermit:Gestalt"],"picked":"hermit:NoHoldsBarred","floor":3},{"not_picked":["hermit:Misfire","hermit:HighCaliber"],"picked":"hermit:Feint","floor":4},{"not_picked":["hermit:ItchyTrigger","hermit:Snipe"],"picked":"hermit:Horror","floor":5},{"not_picked":["hermit:Coalescence","hermit:OverwhelmingPower"],"picked":"hermit:Determination","floor":13},{"not_picked":["hermit:LowProfile","hermit:Spite"],"picked":"hermit:Gestalt","floor":14},{"not_picked":["hermit:HighNoon","hermit:DeadOrAlive"],"picked":"hermit:HeroicBravado","floor":16},{"not_picked":["hermit:ImpendingDoom","animator:Curse_Greed"],"picked":"Clumsy","floor":17},{"not_picked":["CurseOfTheBell","Injury"],"picked":"ReplayTheSpireMod:Splinters","floor":17},{"not_picked":["Languid","ReplayTheSpireMod:Doomed"],"picked":"Sickly","floor":17},{"not_picked":["hermit:Coalescence","hermit:Headshot+1"],"picked":"hermit:Virtue","floor":18},{"not_picked":["hermit:Shortfuse","hermit:Coalescence"],"picked":"hermit:HoleUp","floor":20}],"player_experience":76692,"relics_obtained":[{"floor":9,"key":"PreservedInsect"}],"event_choices":[{"damage_healed":0,"gold_gain":175,"player_choice":"AGREE","damage_taken":0,"max_hp_gain":0,"max_hp_loss":0,"event_name":"Liars Game","floor":2,"gold_loss":0,"cards_obtained":["Doubt"]},{"damage_healed":0,"gold_gain":0,"player_choice":"Invest 1","damage_taken":0,"max_hp_gain":0,"max_hp_loss":0,"event_name":"conspire:Investor","floor":7,"gold_loss":0},{"damage_healed":0,"gold_gain":0,"player_choice":"Box","damage_taken":0,"relics_obtained":["Oddly Smooth Stone"],"max_hp_gain":0,"max_hp_loss":0,"event_name":"Big Fish","floor":11,"gold_loss":0,"cards_obtained":["Regret"]},{"damage_healed":0,"gold_gain":0,"player_choice":"Trade","damage_taken":0,"relics_obtained":["GremlinMask"],"max_hp_gain":0,"max_hp_loss":0,"event_name":"FaceTrader","floor":19,"gold_loss":0},{"damage_healed":0,"gold_gain":0,"player_choice":"Got Potions","damage_taken":0,"max_hp_gain":0,"max_hp_loss":0,"event_name":"Lab","floor":24,"gold_loss":0}],"is_beta":false,"boss_relics":[{"not_picked":["Runic Dome","Runic Pyramid"],"picked":"Replay:Ancient Bell"},{"not_picked":["conspire:TopHat","Replay:Rubber Ducky"],"picked":"Orichalcum"},{"not_picked":["construct:FoamFinger","Replay:Bottled Snecko"],"picked":"White Beast Statue"},{"not_picked":["Replay:Arrowhead","Girya"],"picked":"Ice Cream"}],"items_purged_floors":[],"is_endless":false,"potions_floor_spawned":[3,4,13,16,18,20],"killed_by":"3 Cultists","ascension_level":0}}