{"host":"n23juj4d9qam5hh1","time":1608854832,"event":{"mods":["BaseMod","Better Note","BetterRewards","Infinite Spire","Minty Spire (QoL Compilation)","Relic Stats","StSLib"],"gold_per_floor":[116,131,131,306,10,10,22,22,47,47,64,81,96,111,111,211,211,221,221,73,73,73,73,73,84,84,147,225,237,250,280,280,382,382,401,414,464,484,501,501,551,551,551,551,612,322,372,422,422,422],"floor_reached":51,"playtime":1790,"items_purged":["Doubt","Strike_R"],"score":772,"play_id":"bf66800c-f643-4c77-8959-5a89b6873144","local_time":"20201224190712","is_ascension_mode":true,"campfire_choices":[{"data":"Limit Break","floor":6.0,"key":"SMITH"},{"data":"infinitespire:OneForAll","floor":8.0,"key":"SMITH"},{"floor":15.0,"key":"REST"},{"floor":32,"key":"REST"},{"data":"Heavy Blade","floor":40,"key":"SMITH"},{"data":"Spot Weakness","floor":42,"key":"SMITH"},{"data":"Inflame","floor":44,"key":"SMITH"},{"data":"Fire Breathing","floor":49,"key":"SMITH"}],"circlet_count":0,"master_deck":["Strike_R","Strike_R","Strike_R","Defend_R","Defend_R","Defend_R","Bash","Inflame","Limit Break+1","Inflame+1","Power Through","infinitespire:OneForAll+1","Metallicize","Cleave","Whirlwind","Immolate","Heavy Blade+1","infinitespire:Oblivion","Spot Weakness+1","Rage+1","Barricade","Uppercut+1","Twin Strike+1","Fire Breathing+1","Writhe"],"relics":["Burning Blood","Oddly Smooth Stone","infinitespire:Cupcake","Blood Vial","SsserpentHead","Regal Pillow","The Courier","Red Mask","Busted Crown","Mercury Hourglass","HornCleat"],"acts_visited":["Exordium","TheCity","TheBeyond"],"potions_floor_usage":[23,25,33,33,33,39,50],"damage_taken":[{"damage":1.0,"enemies":"Cultist","floor":1.0,"turns":4.0},{"damage":2.0,"enemies":"2 Louse","floor":2.0,"turns":3.0},{"damage":7.0,"enemies":"Jaw Worm","floor":7.0,"turns":4.0},{"damage":7.0,"enemies":"Looter","floor":11.0,"turns":5.0},{"damage":0.0,"enemies":"Red Slaver","floor":12.0,"turns":6.0},{"damage":38.0,"enemies":"Gremlin Gang","floor":13.0,"turns":7.0},{"damage":8.0,"enemies":"Exordium Thugs","floor":14.0,"turns":5.0},{"damage":49.0,"enemies":"Hexaghost","floor":16.0,"turns":13.0},{"damage":39.0,"enemies":"2 Thieves","floor":18.0,"turns":4.0},{"damage":0,"enemies":"Nightmare","floor":23,"turns":1},{"damage":2,"enemies":"Spheric Guardian","floor":25,"turns":3},{"damage":15,"enemies":"Snecko","floor":27,"turns":5},{"damage":16,"enemies":"Masked Bandits","floor":28,"turns":3},{"damage":12,"enemies":"Cultist and Chosen","floor":29,"turns":4},{"damage":26,"enemies":"Snake Plant","floor":30,"turns":4},{"damage":56,"enemies":"Automaton","floor":33,"turns":8},{"damage":0,"enemies":"3 Shapes","floor":35,"turns":2},{"damage":2,"enemies":"Orb Walker","floor":36,"turns":3},{"damage":8,"enemies":"infinitespire:Three Voidlings","floor":37,"turns":3},{"damage":12,"enemies":"Transient","floor":38,"turns":5},{"damage":20,"enemies":"Maw","floor":39,"turns":6},{"damage":10,"enemies":"Jaw Worm Horde","floor":45,"turns":3},{"damage":48,"enemies":"Donu and Deca","floor":50,"turns":7}],"seed_played":"4715646377580158630","potions_obtained":[{"floor":0.0,"key":"SmokeBomb"},{"floor":0.0,"key":"SkillPotion"},{"floor":0.0,"key":"AttackPotion"},{"floor":2.0,"key":"Energy Potion"},{"floor":14.0,"key":"Fire Potion"},{"floor":28,"key":"Energy Potion"},{"floor":30,"key":"Swift Potion"},{"floor":31,"key":"Energy Potion"},{"floor":36,"key":"PowerPotion"},{"floor":38,"key":"Ancient Potion"}],"is_trial":false,"path_per_floor":["M","M","?","?","$","R","M","R","T","$","M","M","M","M","R","B",null,"M","?","$","?","$","NM","AVR","M","T","M","?","M","M","?","R","B",null,"M","M","?","M","M","R","?","R","T","R","M","$","?","?","R","B",null],"character_chosen":"IRONCLAD","items_purchased":["Limit Break","Inflame","Power Through","Blood Vial","Fire Breathing","HornCleat"],"campfire_rested":2,"item_purchase_floors":[5,5,5,20,46,46],"current_hp_per_floor":[80,80,80,80,80,80,79,79,79,79,78,80,48,46,70,27,80,47,47,47,47,47,55,55,61,61,54,46,42,24,24,63,15,80,80,80,80,74,62,62,62,62,62,62,60,60,60,80,80,38],"gold":422,"neow_bonus":"THREE_SMALL_POTIONS","is_daily":false,"chose_seed":false,"campfire_upgraded":6,"win_rate":0.0,"timestamp":1608854832,"path_taken":["M","M","?","?","$","R","M","R","T","$","M","M","M","M","R","BOSS","M","?","$","?","$","NM","AVR","M","T","?","?","M","M","?","R","BOSS","M","M","?","M","M","R","?","R","T","R","?","?","?","?","R","BOSS"],"items_purchased_type":["Card","Card","Card","Relic","Card","Relic"],"build_version":"2020-12-22","purchased_purges":2,"victory":true,"max_hp_per_floor":[80,80,80,80,80,80,80,80,80,80,80,80,80,80,80,80,80,80,80,80,80,80,80,80,80,80,80,80,80,80,80,80,80,80,80,80,80,80,80,80,80,80,80,80,80,80,80,80,80,80],"relic_stats":{"Blood Vial":18,"SsserpentHead":450,"Regal Pillow":15,"Busted Crown":12,"counters":[23,108],"obtain_stats":[{"Blood Vial":20,"SsserpentHead":21,"Regal Pillow":24,"Busted Crown":34,"HornCleat":46,"Oddly Smooth Stone":9,"The Courier":26,"Red Mask":28,"Burning Blood":0,"infinitespire:Cupcake":17,"Mercury Hourglass":43},{"Blood Vial":9,"SsserpentHead":9,"Regal Pillow":10,"Busted Crown":16,"HornCleat":22,"Oddly Smooth Stone":3,"The Courier":11,"Red Mask":13,"Burning Blood":0,"infinitespire:Cupcake":8,"Mercury Hourglass":21},{"Blood Vial":51,"SsserpentHead":51,"Regal Pillow":52,"Busted Crown":79,"HornCleat":101,"Oddly Smooth Stone":11,"The Courier":55,"Red Mask":63,"Burning Blood":0,"infinitespire:Cupcake":47,"Mercury Hourglass":98}],"Burning Blood":113,"Mercury Hourglass":[21]},"card_choices":[{"not_picked":["Perfected Strike","Body Slam","Clash"],"picked":"SKIP","floor":1.0},{"not_picked":["Feel No Pain","True Grit"],"picked":"Inflame","floor":2.0},{"not_picked":["Shockwave","Twin Strike"],"picked":"infinitespire:OneForAll","floor":7.0},{"not_picked":["Perfected Strike","Fire Breathing"],"picked":"Metallicize","floor":11.0},{"not_picked":["Flex","Dual Wield","Combust"],"picked":"SKIP","floor":12.0},{"not_picked":["Reckless Charge","Anger"],"picked":"Cleave","floor":13.0},{"not_picked":["True Grit","Rampage"],"picked":"Whirlwind","floor":14.0},{"not_picked":["Exhume","Fiend Fire"],"picked":"Immolate","floor":16.0},{"not_picked":["Anger","Wild Strike"],"picked":"Heavy Blade","floor":18.0},{"not_picked":["True Grit","Heavy Blade","Sword Boomerang"],"picked":"SKIP","floor":25},{"not_picked":["Armaments","Shrug It Off"],"picked":"Spot Weakness","floor":27},{"not_picked":["True Grit","Headbutt","Intimidate"],"picked":"SKIP","floor":29},{"not_picked":["Flex","Armaments+1"],"picked":"Rage+1","floor":30},{"not_picked":["Berserk","Offering"],"picked":"Barricade","floor":33},{"not_picked":[],"picked":"Uppercut+1","floor":35},{"not_picked":[],"picked":"Twin Strike+1","floor":36},{"not_picked":["Heavy Blade"],"picked":"SKIP","floor":38},{"not_picked":["Sever Soul+1"],"picked":"SKIP","floor":39},{"not_picked":["Clothesline"],"picked":"SKIP","floor":45}],"player_experience":205667,"relics_obtained":[{"floor":9.0,"key":"Oddly Smooth Stone"},{"floor":26,"key":"The Courier"},{"floor":28,"key":"Red Mask"},{"floor":43,"key":"Mercury Hourglass"}],"event_choices":[{"damage_healed":0.0,"max_hp_gain":0.0,"max_hp_loss":0.0,"gold_gain":175.0,"event_name":"Liars Game","player_choice":"AGREE","floor":4.0,"gold_loss":0.0,"damage_taken":0.0,"cards_obtained":["Doubt"]},{"cards_removed":["Strike_R"],"damage_healed":0.0,"max_hp_gain":0.0,"max_hp_loss":0.0,"gold_gain":0.0,"event_name":"Wheel of Change","player_choice":"Card Removal","floor":19.0,"gold_loss":0.0,"damage_taken":0.0},{"damage_healed":0.0,"max_hp_gain":0.0,"max_hp_loss":0.0,"gold_gain":0.0,"event_name":"FaceTrader","player_choice":"Trade","floor":21.0,"gold_loss":0.0,"damage_taken":0.0,"relics_obtained":["SsserpentHead"]},{"damage_healed":0,"gold_gain":0,"player_choice":"Fought Bandits","damage_taken":0,"max_hp_gain":0,"max_hp_loss":0,"event_name":"Masked Bandits","floor":28,"gold_loss":0},{"damage_healed":0,"gold_gain":0,"player_choice":"Bought 1 Potion","damage_taken":0,"max_hp_gain":0,"max_hp_loss":0,"event_name":"The Woman in Blue","floor":31,"gold_loss":0},{"damage_healed":0,"gold_gain":0,"player_choice":"0 cards matched","damage_taken":0,"max_hp_gain":0,"max_hp_loss":0,"event_name":"Match and Keep!","floor":41,"gold_loss":0,"cards_obtained":[]},{"cards_removed":["Defend_R"],"damage_healed":0,"gold_gain":0,"player_choice":"Removed Skill","damage_taken":0,"max_hp_gain":0,"max_hp_loss":0,"event_name":"Falling","floor":47,"gold_loss":0},{"damage_healed":20,"gold_gain":0,"player_choice":"Writhe","damage_taken":0,"max_hp_gain":0,"max_hp_loss":0,"event_name":"Winding Halls","floor":48,"gold_loss":0,"cards_obtained":["Writhe"]}],"is_beta":false,"boss_relics":[{"not_picked":["Mark of Pain","Empty Cage"],"picked":"infinitespire:Cupcake"},{"not_picked":["Runic Cube","Astrolabe"],"picked":"Busted Crown"}],"items_purged_floors":[5,46],"is_endless":false,"potions_floor_spawned":[1,2,14,23,28,30,36,37,38],"ascension_level":2}}