{"host":"sc0o2qwpf9j16a4i","time":1608933485,"event":{"mods":["AchievementEnabler","BaseMod","BetterRewards","Block Reminder","Colored Map","Colored Powertips","Custom Start","Highlight Path","Minty Spire (QoL Compilation)","Relic Stats"],"gold_per_floor":[114,188,113,129,146,146,177,190,190,190,190,21,47,58,58,132,132,145,159,159,84,84,112,19,19,42,42,42],"floor_reached":27,"playtime":677,"items_purged":["Strike_B"],"score":678,"play_id":"e39b594e-5589-4b6a-a7fe-83a1152aaaee","local_time":"20201225235805","is_ascension_mode":true,"campfire_choices":[{"data":"Gash","floor":6.0,"key":"SMITH"},{"data":"Beam Cell","floor":10.0,"key":"SMITH"},{"data":"Coolheaded","floor":15.0,"key":"SMITH"},{"floor":25.0,"key":"REST"}],"circlet_count":0,"master_deck":["AscendersBane","Strike_B","Strike_B","Defend_B","Defend_B","Defend_B","Defend_B","Zap","Dualcast","Gash+1","Rebound","Conserve Battery","Beam Cell+1","Coolheaded+1","Lockon","Reboot","Hologram","Recycle+1","Genetic Algorithm"],"relics":["Cracked Core","Lee\u0027s Waffle","Eternal Feather","DataDisk","Centennial Puzzle","Bronze Scales","InkBottle","Black Star","Pen Nib","Orichalcum","Potion Belt"],"acts_visited":["Exordium","TheCity"],"potions_floor_usage":[27],"damage_taken":[{"damage":1.0,"enemies":"Cultist","floor":1.0,"turns":3.0},{"damage":7.0,"enemies":"Jaw Worm","floor":4.0,"turns":3.0},{"damage":10.0,"enemies":"Small Slimes","floor":5.0,"turns":3.0},{"damage":25.0,"enemies":"Gremlin Nob","floor":7.0,"turns":4.0},{"damage":6.0,"enemies":"Blue Slaver","floor":8.0,"turns":3.0},{"damage":20.0,"enemies":"Lagavulin","floor":13.0,"turns":6.0},{"damage":5.0,"enemies":"Exordium Wildlife","floor":14.0,"turns":4.0},{"damage":39.0,"enemies":"Slime Boss","floor":16.0,"turns":6.0},{"damage":2.0,"enemies":"Chosen","floor":18.0,"turns":3.0},{"damage":4.0,"enemies":"Spheric Guardian","floor":19.0,"turns":3.0},{"damage":69.0,"enemies":"Slavers","floor":23.0,"turns":7.0},{"damage":51,"enemies":"Book of Stabbing","floor":27,"turns":4}],"seed_played":"-8094774956821003124","potions_obtained":[{"floor":4.0,"key":"FocusPotion"},{"floor":5.0,"key":"Block Potion"},{"floor":8.0,"key":"FairyPotion"},{"floor":16.0,"key":"AttackPotion"},{"floor":19.0,"key":"Strength Potion"},{"floor":23.0,"key":"FearPotion"}],"is_trial":false,"path_per_floor":["M","T","?","M","M","R","E","M","T","R","?","$","E","M","R","B",null,"M","M","?","$","?","E","$","R","T","E"],"character_chosen":"DEFECT","items_purchased":["Lee\u0027s Waffle","Gash","Bronze Scales","Genetic Algorithm","FocusPotion"],"campfire_rested":1,"item_purchase_floors":[0,0,12,24,24],"current_hp_per_floor":[77,77,77,70,60,66,41,35,35,41,67,67,47,42,51,12,62,60,56,56,56,56,17,17,49,49,0,0],"gold":42,"neow_bonus":"","is_daily":false,"chose_seed":false,"campfire_upgraded":3,"win_rate":0.0,"timestamp":1608933485,"path_taken":["M","?","?","M","M","R","E","M","T","R","?","?","E","M","R","BOSS","M","M","?","?","?","E","?","R","T","E"],"items_purchased_type":["Relic","Card","Relic","Card","Potion"],"build_version":"2020-12-22","purchased_purges":1,"victory":false,"max_hp_per_floor":[78,78,78,78,78,78,78,78,78,78,78,78,78,78,78,78,78,78,78,78,78,78,78,78,78,78,78,78],"relic_stats":{"Lee\u0027s Waffle":19,"Centennial Puzzle":[21],"counters":[37,151],"Bronze Scales":[98],"Eternal Feather":51,"Pen Nib":[0],"Black Star":1,"Orichalcum":[0],"obtain_stats":[{"Potion Belt":26,"Girya":9,"Lee\u0027s Waffle":0,"Astrolabe":17,"Eternal Feather":2,"Pen Nib":23,"Omamori":7,"Orichalcum":23,"Anchor":0,"DataDisk":7,"Centennial Puzzle":9,"Ornamental Fan":9,"Bronze Scales":12,"MealTicket":0,"Molten Egg 2":12,"Black Star":17,"Membership Card":0,"Cracked Core":0,"InkBottle":13,"Meat on the Bone":7},{"Potion Belt":36,"Girya":5,"Lee\u0027s Waffle":25,"Astrolabe":9,"Eternal Feather":26,"Pen Nib":36,"Omamori":20,"Orichalcum":36,"Anchor":12,"DataDisk":29,"Centennial Puzzle":30,"Ornamental Fan":20,"Bronze Scales":30,"MealTicket":0,"Molten Egg 2":23,"Black Star":33,"Membership Card":12,"Cracked Core":0,"InkBottle":31,"Meat on the Bone":5},{"Potion Belt":147,"Girya":19,"Lee\u0027s Waffle":102,"Astrolabe":32,"Eternal Feather":105,"Pen Nib":147,"Omamori":78,"Orichalcum":147,"Anchor":46,"DataDisk":115,"Centennial Puzzle":118,"Ornamental Fan":78,"Bronze Scales":118,"MealTicket":0,"Molten Egg 2":92,"Black Star":134,"Membership Card":46,"Cracked Core":0,"InkBottle":124,"Meat on the Bone":19}],"InkBottle":[10]},"card_choices":[{"not_picked":["Aggregate","Stack","Tempest"],"picked":"SKIP","floor":1.0},{"not_picked":["Go for the Eyes","Leap"],"picked":"Rebound","floor":4.0},{"not_picked":["Turbo","Leap"],"picked":"Conserve Battery","floor":5.0},{"not_picked":["Ball Lightning","Recycle"],"picked":"Beam Cell","floor":7.0},{"not_picked":["Blizzard","Loop","Turbo"],"picked":"SKIP","floor":8.0},{"not_picked":["Rainbow","Double Energy"],"picked":"Coolheaded","floor":13.0},{"not_picked":["White Noise","Steam"],"picked":"Lockon","floor":14.0},{"not_picked":["Buffer","Machine Learning"],"picked":"Reboot","floor":16.0},{"not_picked":["Consume","Heatsinks"],"picked":"Hologram","floor":18.0},{"not_picked":["Ball Lightning","Melter"],"picked":"Recycle+1","floor":19.0},{"not_picked":["Rebound","Storm","Redo"],"picked":"SKIP","floor":23.0}],"player_experience":368829,"relics_obtained":[{"floor":2.0,"key":"Eternal Feather"},{"floor":7.0,"key":"DataDisk"},{"floor":9.0,"key":"Centennial Puzzle"},{"floor":13.0,"key":"InkBottle"},{"floor":23.0,"key":"Pen Nib"},{"floor":23.0,"key":"Orichalcum"},{"floor":26.0,"key":"Potion Belt"}],"event_choices":[{"cards_removed":["Strike_B"],"damage_healed":0.0,"max_hp_gain":0.0,"max_hp_loss":0.0,"gold_gain":0.0,"event_name":"The Cleric","player_choice":"Card Removal","floor":3.0,"gold_loss":75.0,"damage_taken":0.0},{"damage_healed":26.0,"max_hp_gain":0.0,"max_hp_loss":0.0,"gold_gain":0.0,"event_name":"Big Fish","player_choice":"Banana","floor":11.0,"gold_loss":0.0,"damage_taken":0.0},{"damage_healed":0.0,"max_hp_gain":0.0,"max_hp_loss":0.0,"gold_gain":0.0,"event_name":"N\u0027loth","player_choice":"Ignored","floor":20.0,"gold_loss":0.0,"damage_taken":0.0},{"damage_healed":0.0,"max_hp_gain":0.0,"max_hp_loss":0.0,"gold_gain":0.0,"event_name":"The Mausoleum","player_choice":"Ignored","floor":22.0,"gold_loss":0.0,"damage_taken":0.0}],"is_beta":false,"boss_relics":[{"not_picked":["Coffee Dripper","Empty Cage"],"picked":"Black Star"}],"items_purged_floors":[21],"is_endless":false,"potions_floor_spawned":[4,5,8,16,19,23],"killed_by":"Book of Stabbing","ascension_level":20}}