{"host":"2brg86hfzr3u5cix","time":1608884936,"event":{"mods":["AchievementEnabler","Ascension Unlocker","BaseMod","CapriCore","DeckTracker","Highlight Path","Keyboard Shortcuts","Minty Spire (QoL Compilation)","Permanent Neow","Relic Stats","StSLib","The Cursed","Twitch Utils","Uncapped","UnlockEverythingMod"],"gold_per_floor":[117,117,138,138,138,138,174,174,248,266,17,37,61,40,40,40,40],"floor_reached":16,"playtime":481,"items_purged":["TheCursedMod:Strike_TheCursed"],"score":204,"play_id":"0463ac63-c293-4039-965b-7601a5b93901","local_time":"20201225172856","is_ascension_mode":true,"campfire_choices":[{"floor":6,"key":"REST"},{"data":"TheCursedMod:CursedWand","floor":8,"key":"SMITH"},{"floor":15,"key":"REST"}],"circlet_count":0,"master_deck":["AscendersBane","TheCursedMod:Strike_TheCursed","TheCursedMod:Strike_TheCursed","TheCursedMod:Strike_TheCursed+1","TheCursedMod:Defend_TheCursed","TheCursedMod:Defend_TheCursed","TheCursedMod:Defend_TheCursed","TheCursedMod:CursedWand+1","TheCursedMod:CleanUpWorkshop","TheCursedMod:Dregs","TheCursedMod:SurpriseAttack","Injury","TheCursedMod:CursedShiv+1","Regret","TheCursedMod:Wield","TheCursedMod:Torture","TheCursedMod:Hemoplague","Bandage Up","TheCursedMod:StingEye","TheCursedMod:VitalStrike"],"relics":["TheCursedMod:BlackMagic101","Golden Idol","TheCursedMod:BloodyHarpoon","TheCursedMod:DemonicMark"],"acts_visited":["Exordium"],"potions_floor_usage":[16],"damage_taken":[{"damage":1,"enemies":"2 Louse","floor":1,"turns":3},{"damage":4,"enemies":"Small Slimes","floor":3,"turns":4},{"damage":33,"enemies":"3 Sentries","floor":7,"turns":11},{"damage":0,"enemies":"Cultist","floor":10,"turns":2},{"damage":4,"enemies":"Blue Slaver","floor":12,"turns":4},{"damage":11,"enemies":"2 Fungi Beasts","floor":13,"turns":3},{"damage":16,"enemies":"Exordium Thugs","floor":14,"turns":4},{"damage":44,"enemies":"Slime Boss","floor":16,"turns":7}],"seed_played":"6260918501753057677","potions_obtained":[{"floor":7,"key":"Ancient Potion"},{"floor":12,"key":"Dexterity Potion"},{"floor":13,"key":"DuplicationPotion"}],"is_trial":false,"path_per_floor":["M","?","M","?","?","R","E","R","T","M","$","M","M","M","R","B"],"character_chosen":"THE_CURSED","items_purchased":["TheCursedMod:Hemoplague","Bandage Up"],"campfire_rested":2,"item_purchase_floors":[11,11],"current_hp_per_floor":[63,63,59,59,38,59,26,26,26,26,26,26,19,7,28,0,0],"gold":40,"neow_bonus":"REMOVE_CARD","is_daily":false,"chose_seed":false,"campfire_upgraded":1,"win_rate":0.0,"timestamp":1608884936,"path_taken":["M","?","M","?","?","R","E","R","T","M","?","?","M","M","R","BOSS"],"items_purchased_type":["Card","Card"],"build_version":"2020-12-22","purchased_purges":1,"victory":false,"max_hp_per_floor":[71,71,71,71,71,71,71,71,71,71,71,71,71,71,71,71,71],"relic_stats":{"counters":[8,38],"Golden Idol":28,"obtain_stats":[{"TheCursedMod:BloodyHarpoon":4,"TheCursedMod:BlackMagic101":0,"Golden Idol":2,"TheCursedMod:DemonicMark":7},{"TheCursedMod:BloodyHarpoon":2,"TheCursedMod:BlackMagic101":0,"Golden Idol":1,"TheCursedMod:DemonicMark":3},{"TheCursedMod:BloodyHarpoon":7,"TheCursedMod:BlackMagic101":0,"Golden Idol":3,"TheCursedMod:DemonicMark":18}]},"card_choices":[{"not_picked":["TheCursedMod:WearCloak","TheCursedMod:Stigma"],"picked":"TheCursedMod:SurpriseAttack","floor":1},{"not_picked":["TheCursedMod:Wield","TheCursedMod:SpitefulStrike"],"picked":"TheCursedMod:CursedShiv","floor":3},{"not_picked":["TheCursedMod:ShockAndAwe","TheCursedMod:Stretching"],"picked":"TheCursedMod:Wield","floor":7},{"not_picked":["TheCursedMod:CircleOfFocus","TheCursedMod:TacticalStrike"],"picked":"TheCursedMod:Torture","floor":10},{"not_picked":["TheCursedMod:CursedBlade","TheCursedMod:Torture"],"picked":"TheCursedMod:StingEye","floor":12},{"not_picked":["TheCursedMod:Stigma","TheCursedMod:CursedAmulet"],"picked":"TheCursedMod:VitalStrike","floor":13},{"not_picked":["TheCursedMod:DoubleShield","TheCursedMod:FleshFromBone","TheCursedMod:SurpriseAttack"],"picked":"SKIP","floor":14}],"player_experience":328117,"relics_obtained":[{"floor":7,"key":"TheCursedMod:DemonicMark"}],"event_choices":[{"damage_healed":0,"gold_gain":0,"player_choice":"Take Wound","damage_taken":0,"relics_obtained":["Golden Idol"],"max_hp_gain":0,"max_hp_loss":0,"event_name":"Golden Idol","floor":2,"gold_loss":0,"cards_obtained":["Injury"]},{"damage_healed":0,"gold_gain":0,"player_choice":"Box","damage_taken":0,"relics_obtained":["TheCursedMod:BloodyHarpoon"],"max_hp_gain":0,"max_hp_loss":0,"event_name":"Big Fish","floor":4,"gold_loss":0,"cards_obtained":["Regret"]},{"damage_healed":0,"gold_gain":0,"player_choice":"Entered Light","damage_taken":21,"max_hp_gain":0,"max_hp_loss":0,"event_name":"Shining Light","floor":5,"gold_loss":0,"cards_upgraded":["TheCursedMod:Strike_TheCursed","TheCursedMod:CursedShiv"]}],"is_beta":false,"boss_relics":[],"items_purged_floors":[11],"is_endless":false,"potions_floor_spawned":[7,12,13],"killed_by":"Slime Boss","ascension_level":20}}