{"host":"sdjng9zhqonqi3uc","time":1608857168,"event":{"mods":["2.2 Compatiblity","AchievementEnabler","BaseMod","BetterRewards","Colored Powertips","Hero for Fun","Minty Spire (QoL Compilation)","Shop Mod","StSLib","Td1madao Mod","The Animator","The Cursed","The Servant 0.9.4"],"gold_per_floor":[131,131,131,156,225,254,254,283,283,40,40,53,53,82,82,179,179,192,235,235,250,273,305,14,49,124,152,152,152,77,91,91,196,196,210,229,329,342,17,51,62,62,62,77,77,111,111,125,125,125],"floor_reached":51,"playtime":4219,"items_purged":["animator:Curse_Greed"],"score":813,"play_id":"394e2919-4260-46b8-8b5c-dbf85c5d32df","local_time":"20201225014608","is_ascension_mode":true,"campfire_choices":[{"data":"animator:PinaCoLada","floor":7,"key":"SMITH"},{"data":"animator:Souei","floor":11,"key":"SMITH"},{"data":"animator:Shiro","floor":15,"key":"SMITH"},{"data":"animator:Hans","floor":28,"key":"SMITH"},{"floor":32,"key":"REST"},{"data":"animator:YaoHaDucy","floor":49,"key":"SMITH"}],"circlet_count":0,"master_deck":["animator:Strike_GATE","animator:Defend_GATE","animator:Strike","animator:Defend","animator:TukaLunaMarceau","animator:Kuribayashi","animator:YaoHaDucy+1","animator:Guren","animator:Souei+1","animator:PinaCoLada+1","animator:Arpeggio","animator:Bozes+1","animator:Shiro+1","animator:Hans+1","animator:Benimaru","animator:Tyuule+1","animator:ChlammyZell+1","animator:Hitei","animator:YunYun","animator:Millim+4","animator:Sora+1","animator:TukaLunaMarceau+1","Decay","animator:Tyuule+1","animator:Greed","animator:RoryMercury+1","Normality","animator:Bozes+1"],"relics":["animator:LivingPicture","animator:TheMissingPiece","animator:PurgingStone","animator:ShionDessert","Mummified Hand","Bag of Marbles","White Beast Statue","Toxic Egg 2","Mango","Cursed Key","animator:WornHelmet","Vajra","Gambling Chip","animator:OldCoffin","Happy Flower","Busted Crown","Bottled Tornado","Boot","CloakClasp","Orichalcum"],"acts_visited":["Exordium","TheCity","TheBeyond"],"potions_floor_usage":[16,21,23,23,25,27,33,50,50],"damage_taken":[{"damage":4,"enemies":"Jaw Worm","floor":1,"turns":4},{"damage":0,"enemies":"2 Louse","floor":4,"turns":2},{"damage":21,"enemies":"Lagavulin","floor":6,"turns":4},{"damage":0,"enemies":"Small Slimes","floor":8,"turns":3},{"damage":6,"enemies":"Exordium Wildlife","floor":12,"turns":3},{"damage":10,"enemies":"3 Sentries","floor":14,"turns":5},{"damage":2,"enemies":"Hexaghost","floor":16,"turns":7},{"damage":0,"enemies":"3 Byrds","floor":18,"turns":4},{"damage":0,"enemies":"Chosen","floor":19,"turns":3},{"damage":0,"enemies":"Shelled Parasite and Fungi","floor":21,"turns":2},{"damage":15,"enemies":"Snecko","floor":22,"turns":3},{"damage":4,"enemies":"animator:HornedBat","floor":23,"turns":2},{"damage":9,"enemies":"Book of Stabbing","floor":25,"turns":4},{"damage":30,"enemies":"Slavers","floor":27,"turns":5},{"damage":0,"enemies":"3 Cultists","floor":31,"turns":2},{"damage":17,"enemies":"Collector","floor":33,"turns":4},{"damage":0,"enemies":"3 Shapes","floor":35,"turns":3},{"damage":0,"enemies":"Orb Walker","floor":36,"turns":3},{"damage":0,"enemies":"4 Shapes","floor":38,"turns":3},{"damage":10,"enemies":"Giant Head","floor":40,"turns":6},{"damage":0,"enemies":"Transient","floor":41,"turns":5},{"damage":6,"enemies":"Spire Growth","floor":44,"turns":2},{"damage":0,"enemies":"Nemesis","floor":46,"turns":4},{"damage":3,"enemies":"4 Shapes","floor":48,"turns":2},{"damage":36,"enemies":"Time Eater","floor":50,"turns":6}],"seed_played":"1452976335464492031","potions_obtained":[{"floor":1,"key":"Fire Potion"},{"floor":12,"key":"DuplicationPotion"},{"floor":14,"key":"Block Potion"},{"floor":16,"key":"Swift Potion"},{"floor":19,"key":"PowerPotion"},{"floor":21,"key":"Regen Potion"},{"floor":22,"key":"animator:GrowthPotion"},{"floor":23,"key":"Block Potion"},{"floor":25,"key":"Weak Potion"},{"floor":27,"key":"Strength Potion"},{"floor":31,"key":"BlessingOfTheForge"},{"floor":33,"key":"Dexterity Potion"},{"floor":36,"key":"FairyPotion"}],"is_trial":false,"path_per_floor":["M","?","?","M","T","E","R","M","T","$","R","M","?","E","R","B",null,"M","M","?","M","M","E","$","E","T","E","R","?","?","M","R","B",null,"M","M","?","M","$","E","M","$","T","M","$","E","?","M","R","B",null],"character_chosen":"THE_ANIMATOR","items_purchased":["Toxic Egg 2","animator:Sora+1","Vajra","Bottled Tornado"],"campfire_rested":1,"item_purchase_floors":[10,24,24,39],"current_hp_per_floor":[62,62,62,62,62,42,42,42,42,42,42,37,37,41,41,39,82,83,83,83,83,68,64,64,55,55,25,25,25,25,25,49,32,83,83,83,83,83,83,73,75,75,75,69,69,69,69,66,66,30],"gold":125,"neow_bonus":"RANDOM_COMMON_RELIC","is_daily":false,"chose_seed":false,"campfire_upgraded":5,"win_rate":0.0,"timestamp":1608857168,"path_taken":["M","?","?","M","?","E","R","M","T","$","R","M","?","E","R","BOSS","M","?","?","M","M","E","$","E","T","E","R","?","?","M","R","BOSS","M","M","?","M","$","E","M","?","T","M","$","E","?","M","R","BOSS"],"items_purchased_type":["Relic","Card","Relic","Relic"],"build_version":"2020-12-22","purchased_purges":1,"victory":true,"max_hp_per_floor":[66,66,66,66,66,67,67,67,67,67,67,68,68,82,82,82,82,83,83,83,83,83,83,83,83,83,83,83,83,83,83,83,83,83,83,83,83,83,83,83,85,85,85,85,85,85,85,85,85,85],"card_choices":[{"not_picked":["animator:YunYun","animator:ElricEdward"],"picked":"animator:YaoHaDucy","floor":1},{"not_picked":["animator:Hitei","animator:TsurugaMeisai"],"picked":"animator:Souei","floor":4},{"not_picked":["animator:Benimaru","animator:Bozes"],"picked":"animator:PinaCoLada","floor":6},{"not_picked":["animator:Kuribayashi","animator:TukaLunaMarceau"],"picked":"animator:Arpeggio","floor":8},{"not_picked":["animator:Shichika+1","animator:Kazuma+1"],"picked":"animator:Bozes","floor":12},{"not_picked":["animator:Hakurou","animator:Assassin"],"picked":"animator:Shiro","floor":14},{"not_picked":["animator:Eris+1","animator:Wiz+1"],"picked":"animator:Hans","floor":16},{"not_picked":["animator:DolaStephanie+1","animator:Hakurou"],"picked":"animator:Benimaru","floor":18},{"not_picked":["animator:Kuribayashi","animator:YaoHaDucy"],"picked":"animator:Tyuule+1","floor":19},{"not_picked":["animator:WinryRockbell","animator:DolaSchwi"],"picked":"animator:YunYun","floor":21},{"not_picked":["animator:ElricEdward","animator:DolaCouronne+1"],"picked":"animator:Millim","floor":22},{"not_picked":["animator:ElricAlphonse+1","animator:LeleiLaLalena+1","animator:TukaLunaMarceau+1"],"picked":"SKIP","floor":23},{"not_picked":["animator:Arpeggio","animator:Bozes"],"picked":"animator:TukaLunaMarceau+1","floor":25},{"not_picked":["animator:Vesta+1","animator:Sloth+1","animator:MaesHughes+1"],"picked":"SKIP","floor":27},{"not_picked":["animator:Mikaela","animator:Caster+1"],"picked":"animator:Tyuule+1","floor":31},{"not_picked":["animator:Gilgamesh","animator:Biyorigo"],"picked":"animator:Greed","floor":33},{"not_picked":["animator:Aisha"],"picked":"SKIP","floor":35},{"not_picked":[],"picked":"animator:Millim","floor":38},{"not_picked":[],"picked":"animator:Millim+1","floor":40},{"not_picked":[],"picked":"animator:RoryMercury+1","floor":41},{"not_picked":[],"picked":"animator:Millim","floor":46},{"not_picked":[],"picked":"animator:Bozes+1","floor":48}],"player_experience":254114,"relics_obtained":[{"floor":5,"key":"Mummified Hand"},{"floor":6,"key":"Bag of Marbles"},{"floor":9,"key":"White Beast Statue"},{"floor":14,"key":"Mango"},{"floor":23,"key":"animator:WornHelmet"},{"floor":25,"key":"Gambling Chip"},{"floor":26,"key":"animator:OldCoffin"},{"floor":27,"key":"Happy Flower"},{"floor":40,"key":"Boot"},{"floor":43,"key":"CloakClasp"},{"floor":46,"key":"Orichalcum"}],"event_choices":[{"damage_healed":0,"gold_gain":0,"cards_transformed":["animator:Defend"],"player_choice":"Change","damage_taken":0,"max_hp_gain":0,"max_hp_loss":0,"event_name":"Living Wall","floor":2,"gold_loss":0,"cards_obtained":["animator:Guren"]},{"damage_healed":0,"gold_gain":0,"player_choice":"Forge","damage_taken":0,"max_hp_gain":0,"max_hp_loss":0,"event_name":"Accursed Blacksmith","floor":13,"gold_loss":0,"cards_upgraded":["animator:Bozes"]},{"damage_healed":0,"gold_gain":0,"cards_transformed":["animator:Strike","animator:Defend"],"player_choice":"Became Test Subject","damage_taken":0,"max_hp_gain":0,"max_hp_loss":0,"event_name":"Drug Dealer","floor":20,"gold_loss":0,"cards_obtained":["animator:ChlammyZell","animator:Hitei"]},{"damage_healed":0,"gold_gain":0,"player_choice":"Smashed Altar","damage_taken":0,"max_hp_gain":0,"max_hp_loss":0,"event_name":"Forgotten Altar","floor":29,"gold_loss":0,"cards_obtained":["Decay"]},{"cards_removed":["animator:Strike"],"damage_healed":0,"gold_gain":0,"player_choice":"Gave Gold","damage_taken":0,"max_hp_gain":0,"max_hp_loss":0,"event_name":"Beggar","floor":30,"gold_loss":75},{"damage_healed":0,"gold_gain":100,"player_choice":"Pray","damage_taken":0,"max_hp_gain":0,"max_hp_loss":0,"event_name":"Golden Shrine","floor":37,"gold_loss":0},{"damage_healed":0,"gold_gain":0,"player_choice":"Bought 0 Potions","damage_taken":0,"max_hp_gain":0,"max_hp_loss":0,"event_name":"The Woman in Blue","floor":47,"gold_loss":0}],"is_beta":false,"boss_relics":[{"not_picked":["Velvet Choker","animator:CursedBlade"],"picked":"Cursed Key"},{"not_picked":["Calling Bell","Mark of Pain"],"picked":"Busted Crown"}],"items_purged_floors":[39],"is_endless":false,"potions_floor_spawned":[1,12,14,16,18,19,21,22,23,25,27,31,33,35,36,38,40,41,44,46,48],"ascension_level":1}}