{"host":"j019w4cyowrad0mf","time":1608859006,"event":{"mods":["2.2 Compatiblity","Act Like it!","BaseMod","CapriCore","Gensokyo","HololiveMod","Marisa????????","Minty Spire (QoL Compilation)","Reimu??????","StSLib","Waifu the Spire","WarShipGirlsR/????R mod"],"gold_per_floor":[110,122,133,63,63,77,89,89,89,89,17,17,185,195,195,195,195],"floor_reached":16,"playtime":1207,"items_purged":[],"score":94,"play_id":"9e46d254-09c4-4983-b8a6-e62658bd89ba","local_time":"20201224171646","is_ascension_mode":false,"campfire_choices":[{"data":"rmod:saltedfish","floor":8,"key":"SMITH"},{"data":"rmod:fuelsupply","floor":10,"key":"SMITH"},{"data":"rmod:chargemoney","floor":12,"key":"SMITH"},{"data":"rmod:fuelsupply","floor":15,"key":"SMITH"}],"circlet_count":0,"master_deck":["rmod:strick","rmod:strick","rmod:strick","rmod:strick","rmod:defend","rmod:defend","rmod:defend","rmod:defend","rmod:basicallowance","rmod:maingunfire","rmod:saltedfish+1","rmod:aluminumsupply","rmod:overbreakdown","rmod:fuelsupply+1","rmod:fuelsupply+1","rmod:aggressivemary","rmod:overbreakdown","rmod:ammunitionsupply","rmod:chargemoney+1","rmod:selfconfidence","rmod:fuelsupply"],"relics":["rmod:firstchargereward","Happy Flower","Bottled Lightning"],"acts_visited":["Exordium"],"potions_floor_usage":[13,16,16,16],"damage_taken":[{"damage":4,"enemies":"Gensokyo:Gryphon","floor":1,"turns":3},{"damage":5,"enemies":"Gensokyo:Python","floor":2,"turns":5},{"damage":0,"enemies":"Gensokyo:3_Fairies","floor":3,"turns":6},{"damage":11,"enemies":"Gensokyo:CorruptedTreant","floor":6,"turns":5},{"damage":50,"enemies":"Gensokyo:5_Fairies","floor":7,"turns":10},{"damage":5,"enemies":"Gensokyo:3_Kodama","floor":13,"turns":5},{"damage":0,"enemies":"Gensokyo:VengefulSpirit","floor":14,"turns":4},{"damage":14,"enemies":"Gensokyo:Kokoro","floor":16,"turns":3}],"seed_played":"188991846567330088","potions_obtained":[{"floor":6,"key":"SpeedPotion"},{"floor":7,"key":"Regen Potion"},{"floor":13,"key":"LiquidBronze"},{"floor":14,"key":"ZuzhouPotion:ReiMu"}],"is_trial":false,"path_per_floor":["M","M","M","COS","?","M","M","R","T","R","$","R","M","M","R","B"],"character_chosen":"PRAEFECT","items_purchased":["rmod:chargemoney"],"campfire_rested":0,"item_purchase_floors":[11],"current_hp_per_floor":[71,66,66,66,66,55,5,5,5,5,5,5,12,12,12,0,0],"gold":195,"neow_bonus":"ONE_RANDOM_RARE_CARD","is_daily":false,"chose_seed":false,"campfire_upgraded":4,"win_rate":0.0,"timestamp":1608859006,"path_taken":["M","M","M","COS","?","M","M","R","T","R","$","R","M","M","R","BOSS"],"items_purchased_type":["Card"],"build_version":"2020-12-22","purchased_purges":0,"victory":false,"max_hp_per_floor":[75,75,75,75,75,75,75,75,75,75,75,75,75,75,75,75,75],"card_choices":[{"not_picked":["rmod:luckystar","rmod:advancebysurprise"],"picked":"rmod:aluminumsupply","floor":1},{"not_picked":["rmod:highspeedshooting","rmod:luckystar"],"picked":"rmod:overbreakdown","floor":2},{"not_picked":["rmod:circuitoustactics","rmod:luckystar"],"picked":"rmod:fuelsupply","floor":3},{"not_picked":["rmod:highspeedmaneuver","rmod:concentratefire"],"picked":"rmod:fuelsupply","floor":5},{"not_picked":["rmod:highspeedshooting","rmod:intelligenceanalysis"],"picked":"rmod:aggressivemary","floor":5},{"not_picked":["rmod:victimresponsibility","rmod:slowdown"],"picked":"rmod:overbreakdown","floor":6},{"not_picked":["rmod:aviationdawn","rmod:fuelsupply"],"picked":"rmod:ammunitionsupply","floor":7},{"not_picked":["rmod:combined","rmod:shuttlebombing"],"picked":"rmod:selfconfidence","floor":13},{"not_picked":["rmod:supportescort","rmod:wife"],"picked":"rmod:fuelsupply","floor":14}],"player_experience":305560,"relics_obtained":[{"floor":9,"key":"Bottled Lightning"}],"event_choices":[],"is_beta":false,"boss_relics":[],"items_purged_floors":[],"is_endless":false,"potions_floor_spawned":[6,7,13,14],"killed_by":"Gensokyo:Kokoro","ascension_level":0}}