{"host":"hjkuipvvowcpo8la","time":1608937899,"event":{"mods":["AchievementEnabler","BaseMod","Block Reminder","CapriCore","Colored Map","Colored Powertips","Highlight Path","Minty Spire (QoL Compilation)","Permanent Neow","Quick Restart","Rare Cards Sparkle","StSLib"],"gold_per_floor":[113,113,123,93,103,115,134,134,134,134,162,172,172,206,219,219,320,320,339,22,22,41,41,68,68,88,112,112,140,140,150,150,150,246,246,265,313,323,323,339,364,40,67,142,142,152,152,187,206,206,206,206,206,63,88,88],"floor_reached":57,"playtime":3541,"items_purged":["Dualcast","Auto Shields"],"score":1552,"play_id":"20bd50ad-d66a-4897-aae2-45c5c4eb8a3f","local_time":"20201226001139","is_ascension_mode":true,"campfire_choices":[{"data":"Capacitor","floor":8.0,"key":"SMITH"},{"data":"Coolheaded","floor":13.0,"key":"SMITH"},{"data":"Consume","floor":16.0,"key":"SMITH"},{"data":"Biased Cognition","floor":25,"key":"SMITH"},{"data":"Creative AI","floor":28,"key":"SMITH"},{"data":"Reinforced Body","floor":30,"key":"SMITH"},{"floor":33,"key":"REST"},{"floor":45,"key":"RECALL"},{"floor":47,"key":"REST"},{"floor":50,"key":"REST"},{"floor":53,"key":"REST"}],"circlet_count":0,"master_deck":["Hologram+1","Seek+1","Ball Lightning+1","Ball Lightning","Capacitor+1","Creative AI+1","Cold Snap","Coolheaded+1","Doom and Gloom+1","Reinforced Body+1","Consume+1","Biased Cognition+1","FTL+1","Undo+1","Heatsinks+1","Force Field+1","Capacitor+1","Glacier","Defragment+1","Loop+1","Loop+1","Echo Form+1","Cold Snap+1"],"relics":["Astrolabe","HornCleat","Matryoshka","FossilizedHelix","Pantograph","Pandora\u0027s Box","Cables","Bottled Tornado","ClockworkSouvenir","Nunchaku","PreservedInsect","Enchiridion","Fusion Hammer","Mango","Frozen Egg 2","OrangePellets","Oddly Smooth Stone","Anchor","White Beast Statue","Strawberry","Orrery","Whetstone"],"acts_visited":["Exordium","TheCity","TheBeyond","TheEnding"],"potions_floor_usage":[56,56],"damage_taken":[{"damage":1.0,"enemies":"Jaw Worm","floor":1.0,"turns":3.0},{"damage":0.0,"enemies":"Small Slimes","floor":3.0,"turns":1.0},{"damage":0.0,"enemies":"Cultist","floor":5.0,"turns":2.0},{"damage":5.0,"enemies":"Looter","floor":6.0,"turns":3.0},{"damage":1.0,"enemies":"3 Louse","floor":7.0,"turns":3.0},{"damage":14.0,"enemies":"Gremlin Nob","floor":11.0,"turns":4.0},{"damage":0.0,"enemies":"Exordium Thugs","floor":12.0,"turns":4.0},{"damage":0.0,"enemies":"Lagavulin","floor":14.0,"turns":7.0},{"damage":0.0,"enemies":"Large Slime","floor":15.0,"turns":2.0},{"damage":4.0,"enemies":"The Guardian","floor":17.0,"turns":10.0},{"damage":6.0,"enemies":"3 Byrds","floor":19.0,"turns":5.0},{"damage":7.0,"enemies":"2 Thieves","floor":22.0,"turns":5.0},{"damage":26,"enemies":"Slavers","floor":24,"turns":6},{"damage":0,"enemies":"Snake Plant","floor":26,"turns":5},{"damage":0,"enemies":"Gremlin Leader","floor":29,"turns":6},{"damage":0,"enemies":"Centurion and Healer","floor":31,"turns":4},{"damage":0,"enemies":"Automaton","floor":34,"turns":6},{"damage":0,"enemies":"3 Darklings","floor":36,"turns":7},{"damage":15,"enemies":"2 Orb Walkers","floor":37,"turns":7},{"damage":0,"enemies":"Orb Walker","floor":38,"turns":3},{"damage":0,"enemies":"4 Shapes","floor":40,"turns":4},{"damage":8,"enemies":"Reptomancer","floor":41,"turns":6},{"damage":0,"enemies":"Giant Head","floor":43,"turns":8},{"damage":0,"enemies":"Jaw Worm Horde","floor":46,"turns":7},{"damage":4,"enemies":"Nemesis","floor":48,"turns":5},{"damage":0,"enemies":"Sphere and 2 Shapes","floor":49,"turns":4},{"damage":0,"enemies":"Time Eater","floor":51,"turns":20},{"damage":0,"enemies":"Shield and Spear","floor":55,"turns":8},{"damage":33,"enemies":"The Heart","floor":56,"turns":12}],"seed_played":"6107953294702890511","potions_obtained":[{"floor":3.0,"key":"SteroidPotion"},{"floor":4.0,"key":"SteroidPotion"},{"floor":4.0,"key":"SkillPotion"},{"floor":14.0,"key":"FocusPotion"},{"floor":15.0,"key":"GamblersBrew"},{"floor":24,"key":"DuplicationPotion"}],"is_trial":false,"path_per_floor":["M","?","M","?","M","M","M","R","T","T","E","M","R","E","M","R","B",null,"M","$","?","M","?","E","R","M","T","R","E","R","M","?","R","B",null,"M","?","M","?","M","E","$","E","T","R","M","R","E","M","R","B",null,"R","$","E","B",null],"character_chosen":"DEFECT","items_purchased":["Cables","OrangePellets","Glacier","Orrery"],"campfire_rested":4,"item_purchase_floors":[20,42,42,54],"current_hp_per_floor":[74,74,74,74,74,69,68,68,68,68,54,54,54,54,54,54,71,75,69,69,69,62,62,36,36,36,36,36,36,36,36,20,42,67,75,75,74,74,74,74,66,66,66,66,66,66,89,92,92,96,96,96,96,96,96,63],"gold":88,"neow_bonus":"BOSS_RELIC","is_daily":false,"chose_seed":false,"campfire_upgraded":6,"win_rate":0.0,"timestamp":1608937899,"path_taken":["M","?","M","?","?","M","M","R","T","T","E","M","R","E","M","R","BOSS","M","$","?","M","?","E","R","?","T","R","E","R","M","?","R","BOSS","M","?","M","?","?","E","$","E","T","R","M","R","E","M","R","BOSS","R","$","E","BOSS"],"items_purchased_type":["Relic","Relic","Card","Relic"],"build_version":"2020-12-22","purchased_purges":2,"victory":true,"max_hp_per_floor":[75,75,75,75,75,75,75,75,75,75,75,75,75,75,75,75,75,75,75,75,75,75,75,75,75,75,75,75,75,75,75,75,75,75,75,75,89,89,89,89,89,89,89,89,89,89,89,96,96,96,96,96,96,96,96,96],"card_choices":[{"not_picked":["Stack","Rebound"],"picked":"Ball Lightning","floor":1.0},{"not_picked":["Turbo","Lockon"],"picked":"Capacitor","floor":3.0},{"not_picked":["Tempest","Stack"],"picked":"Creative AI","floor":5.0},{"not_picked":["Redo","Barrage"],"picked":"Auto Shields","floor":6.0},{"not_picked":["Rip and Tear","Consume"],"picked":"Cold Snap","floor":7.0},{"not_picked":["Beam Cell","Ball Lightning"],"picked":"Coolheaded","floor":11.0},{"not_picked":["Rebound","Turbo"],"picked":"Doom and Gloom","floor":12.0},{"not_picked":["Beam Cell","Loop"],"picked":"Reinforced Body","floor":14.0},{"not_picked":["Ball Lightning","Redo"],"picked":"Consume","floor":15.0},{"not_picked":["Machine Learning","Amplify"],"picked":"Biased Cognition","floor":17.0},{"not_picked":["Doom and Gloom","Stack","Lockon"],"picked":"SKIP","floor":19.0},{"not_picked":["Go for the Eyes","Conserve Battery"],"picked":"FTL","floor":22.0},{"not_picked":["Stack","Scrape","Hologram+1"],"picked":"SKIP","floor":24},{"not_picked":["Lockon","Fusion"],"picked":"Undo+1","floor":26},{"not_picked":["Gash","Rebound","Aggregate"],"picked":"SKIP","floor":29},{"not_picked":["FTL+1","Force Field","Melter"],"picked":"SKIP","floor":31},{"not_picked":["Conserve Battery+1","Beam Cell"],"picked":"Heatsinks+1","floor":36},{"not_picked":["Consume+1","Tempest"],"picked":"Force Field+1","floor":37},{"not_picked":["Beam Cell+1","Stack","Leap+1"],"picked":"SKIP","floor":38},{"not_picked":["FTL","Storm","Steam+1"],"picked":"SKIP","floor":40},{"not_picked":["Heatsinks+1","Genetic Algorithm"],"picked":"Capacitor+1","floor":41},{"not_picked":["Go for the Eyes+1","Conserve Battery+1","Stack"],"picked":"SKIP","floor":43},{"not_picked":["Electrodynamics+1","Turbo"],"picked":"Defragment+1","floor":46},{"not_picked":["Steam Power+1","Compile Driver+1"],"picked":"Loop+1","floor":48},{"not_picked":["Reinforced Body","Conserve Battery+1"],"picked":"Loop+1","floor":49},{"not_picked":["Darkness+1","Beam Cell+1"],"picked":"Echo Form+1","floor":54},{"not_picked":["Meteor Strike","Chaos+1"],"picked":"Cold Snap+1","floor":54},{"not_picked":["Rip and Tear+1","Skim","Doom and Gloom+1"],"picked":"SKIP","floor":55}],"player_experience":247571,"relics_obtained":[{"floor":9.0,"key":"HornCleat"},{"floor":10.0,"key":"Matryoshka"},{"floor":11.0,"key":"FossilizedHelix"},{"floor":14.0,"key":"Pantograph"},{"floor":24,"key":"Bottled Tornado"},{"floor":27,"key":"Nunchaku"},{"floor":27,"key":"PreservedInsect"},{"floor":32,"key":"Enchiridion"},{"floor":37,"key":"Mango"},{"floor":41,"key":"Frozen Egg 2"},{"floor":43,"key":"Oddly Smooth Stone"},{"floor":44,"key":"Anchor"},{"floor":44,"key":"White Beast Statue"},{"floor":48,"key":"Strawberry"},{"floor":55,"key":"Whetstone"}],"event_choices":[{"damage_healed":0.0,"max_hp_gain":0.0,"max_hp_loss":0.0,"gold_gain":0.0,"event_name":"Living Wall","player_choice":"Grow","floor":2.0,"gold_loss":0.0,"damage_taken":0.0,"cards_upgraded":["Zap"]},{"damage_healed":0.0,"max_hp_gain":0.0,"max_hp_loss":0.0,"gold_gain":0.0,"event_name":"The Woman in Blue","player_choice":"Bought 2 Potions","floor":4.0,"gold_loss":0.0,"damage_taken":0.0},{"damage_healed":0.0,"max_hp_gain":0.0,"max_hp_loss":0.0,"gold_gain":0.0,"event_name":"Ghosts","player_choice":"Ignored","floor":21.0,"gold_loss":0.0,"damage_taken":0.0},{"cards_removed":["Zap"],"damage_healed":0.0,"max_hp_gain":0.0,"max_hp_loss":0.0,"gold_gain":0.0,"event_name":"Purifier","player_choice":"Purged","floor":23.0,"gold_loss":0.0,"damage_taken":0.0},{"damage_healed":0,"gold_gain":0,"player_choice":"Obtained Book","damage_taken":16,"max_hp_gain":0,"max_hp_loss":0,"event_name":"Cursed Tome","floor":32,"gold_loss":0},{"damage_healed":0,"gold_gain":0,"player_choice":"Fight","damage_taken":0,"max_hp_gain":0,"max_hp_loss":0,"event_name":"Mysterious Sphere","floor":37,"gold_loss":0},{"damage_healed":0,"gold_gain":0,"player_choice":"0 cards matched","damage_taken":0,"max_hp_gain":0,"max_hp_loss":0,"event_name":"Match and Keep!","floor":39,"gold_loss":0,"cards_obtained":[]}],"is_beta":false,"boss_relics":[{"not_picked":["Tiny House","Nuclear Battery"],"picked":"Pandora\u0027s Box"},{"not_picked":["Snecko Eye","Black Star"],"picked":"Fusion Hammer"}],"items_purged_floors":[20,42],"is_endless":false,"potions_floor_spawned":[3,7,11,14,15,22,24,26,29,38,40,46,48,49,55],"ascension_level":1}}