{"host":"5gc11emcm5chfr5t","time":1608900377,"event":{"mods":["2.2 Compatiblity","AchievementEnabler","BaseMod","Bestiary","Better Note","Colored Map","Colored Powertips","Downfall","Googly Eyes","Minty Spire (QoL Compilation)","Rare Cards Sparkle","StSLib"],"gold_per_floor":[99,119,129,143,143,68,68,100,115,132,232,247,172,187,197,274,274,274,289,11,11,25,25,25,172,97,116,130,158,172,200,217,295,595,595,624,26,26,55,55,80,114,114,114,138,48,48,95,132,132,132,179,6,6,6],"floor_reached":56,"playtime":3238,"items_purged":[],"score":2446,"play_id":"11891b18-5e54-45ed-8256-bdc9959a26aa","local_time":"20201225074617","is_ascension_mode":true,"campfire_choices":[{"floor":1,"key":"RECALL"},{"data":"sneckomod:Unknown","floor":6,"key":"SMITH"},{"data":"sneckomod:UnknownClassPURPLE","floor":13,"key":"SMITH"},{"data":"sneckomod:UnknownRarePower","floor":18,"key":"SMITH"},{"data":"sneckomod:ImprovisedAttack","floor":23,"key":"SMITH"},{"floor":26,"key":"REST"},{"data":"sneckomod:UnknownColorless","floor":35,"key":"SMITH"},{"floor":40,"key":"REST"},{"floor":47,"key":"REST"},{"floor":54,"key":"REST"}],"circlet_count":0,"master_deck":["AscendersBane","sneckomod:Defend","sneckomod:Defend","sneckomod:SnekBite+1","sneckomod:Unknown","sneckomod:Unknown+1","sneckomod:Unknown3Cost+1","sneckomod:SerpentIdol+1","sneckomod:QuickBite+1","sneckomod:QuickMove","sneckomod:ImprovisedGuard","sneckomod:ImprovisedAttack+1","sneckomod:UnknownClassGREEN","sneckomod:RainOfDice","sneckomod:UnknownClassPURPLE+1","sneckomod:UnknownVulnerable","sneckomod:SnekBeam","sneckomod:UnknownEthereal","sneckomod:UnknownRarePower+1","sneckomod:UnknownUncommonAttack","sneckomod:QuickMove+1","Apotheosis+1","sneckomod:SnakeSap","sneckomod:UnknownUncommonAttack","sneckomod:UnknownUncommonPower","sneckomod:UnknownRarePower+1","sneckomod:UnknownUncommonAttack","sneckomod:CheapStock","sneckomod:MorePower","sneckomod:Unknown2Cost+1","sneckomod:UnknownClassBLUE","sneckomod:Unknown0Cost+1","sneckomod:SerpentIdol+1","sneckomod:UnknownUncommonPower+1","sneckomod:UnknownRarePower+1","sneckomod:UnknownClassGUARDIAN","sneckomod:UnknownRareAttack+1","sneckomod:UnknownColorless+1","CurseOfTheBell","sneckomod:UnknownExhaust+1","sneckomod:QuickBite","sneckomod:UnknownRareAttack","sneckomod:Restock+1","sneckomod:UnknownUncommonAttack+1","sneckomod:DiceBlock+1","sneckomod:UnknownStrength+1","expansioncontent:YouAreMine+1","sneckomod:UnknownRarePower+1","sneckomod:SoulRoll+1","sneckomod:Unknown3Cost+1","sneckomod:UnknownRarePower","sneckomod:UnknownUncommonSkill+1","sneckomod:WideSting"],"relics":["Astrolabe","Toy Ornithopter","downfall:HeartBlessingRed","HornCleat","Darkstone Periapt","downfall:GremlinWheel","downfall:HeartBlessingGreen","Snecko Eye","DollysMirror","downfall:HeartBlessingBlue","PreservedInsect","Nunchaku","Calling Bell","CeramicFish","Toxic Egg 2","Old Coin","Turnip","Ancient Tea Set","Juzu Bracelet","sneckomod:LoadedDie","sneckomod:SleevedAce"],"acts_visited":["Exordium","TheCity","TheBeyond","TheEnding"],"potions_floor_usage":[9,16,22,29,31,32,32,37,42,45,52,55],"damage_taken":[{"damage":0,"enemies":"Jaw Worm","floor":2,"turns":2},{"damage":0,"enemies":"Cultist","floor":3,"turns":3},{"damage":0,"enemies":"2 Louse","floor":4,"turns":2},{"damage":4,"enemies":"Gremlin Nob","floor":8,"turns":3},{"damage":4,"enemies":"Exordium Thugs","floor":9,"turns":4},{"damage":0,"enemies":"Large Slime","floor":10,"turns":2},{"damage":0,"enemies":"Large Slime","floor":11,"turns":3},{"damage":0,"enemies":"Red Slaver","floor":12,"turns":3},{"damage":1,"enemies":"Exordium Wildlife","floor":14,"turns":3},{"damage":0,"enemies":"Exordium Thugs","floor":15,"turns":2},{"damage":31,"enemies":"downfall:Silent","floor":16,"turns":9},{"damage":0,"enemies":"Spheric Guardian","floor":19,"turns":3},{"damage":0,"enemies":"downfall:FleeingMerchant","floor":20,"turns":4},{"damage":7,"enemies":"Chosen and Byrds","floor":22,"turns":5},{"damage":7,"enemies":"downfall:FleeingMerchant","floor":25,"turns":4},{"damage":0,"enemies":"Centurion and Healer","floor":27,"turns":4},{"damage":0,"enemies":"Snecko","floor":28,"turns":3},{"damage":6,"enemies":"Gremlin Leader","floor":29,"turns":2},{"damage":0,"enemies":"Cultist and Chosen","floor":30,"turns":4},{"damage":3,"enemies":"Slavers","floor":31,"turns":3},{"damage":23,"enemies":"Chosen and Byrds","floor":32,"turns":6},{"damage":25,"enemies":"downfall:Watcher","floor":33,"turns":6},{"damage":33,"enemies":"Orb Walker","floor":36,"turns":5},{"damage":4,"enemies":"3 Shapes","floor":39,"turns":2},{"damage":17,"enemies":"3 Darklings","floor":42,"turns":4},{"damage":7,"enemies":"4 Shapes","floor":45,"turns":1},{"damage":28,"enemies":"Reptomancer","floor":48,"turns":5},{"damage":0,"enemies":"Jaw Worm Horde","floor":49,"turns":4},{"damage":40,"enemies":"downfall:Defect","floor":50,"turns":6},{"damage":48,"enemies":"downfall:CharBossMerchant","floor":52,"turns":5},{"damage":143,"enemies":"downfall:NeowBoss","floor":55,"turns":22}],"seed_played":"1760448079221675690","potions_obtained":[{"floor":3,"key":"Fire Potion"},{"floor":4,"key":"Block Potion"},{"floor":11,"key":"Weak Potion"},{"floor":22,"key":"LiquidBronze"},{"floor":28,"key":"SteroidPotion"},{"floor":30,"key":"ColorlessPotion"},{"floor":31,"key":"Block Potion"},{"floor":39,"key":"EssenceOfSteel"},{"floor":42,"key":"EssenceOfSteel"},{"floor":48,"key":"Block Potion"},{"floor":52,"key":"PowerPotion"}],"is_trial":false,"path_per_floor":["R","M","M","M","?","R","T","E","M","M","?","M","R","M","M","B",null,"R","M","$","?","M","R","T","$","R","M","M","E","M","E","M","B",null,"R","M","$","?","M","R","T","M","?","?","M","$","R","E","M","B",null,"E","$","R","B",null],"character_chosen":"THE_SNECKO","items_purchased":["Apotheosis","sneckomod:SnakeSap","DollysMirror","Turnip","sneckomod:UnknownRareAttack","Fruit Juice","expansioncontent:YouAreMine+1","sneckomod:SleevedAce"],"campfire_rested":4,"item_purchase_floors":[20,20,25,37,37,37,46,53],"current_hp_per_floor":[75,75,75,75,75,75,75,75,76,76,76,76,76,75,75,49,75,75,75,75,75,73,73,73,66,93,93,93,92,92,90,77,52,89,89,56,66,66,62,93,93,81,81,81,79,79,104,76,88,88,100,57,57,88,13],"gold":6,"neow_bonus":"BOSS_RELIC","is_daily":false,"chose_seed":false,"campfire_upgraded":5,"win_rate":0.0,"timestamp":1608900377,"path_taken":["R","M","M","M","?","R","T","E","M","M","?","?","R","?","M","BOSS","R","M","$","?","M","R","T","?","R","M","M","E","M","E","M","BOSS","R","M","$","?","?","R","T","M","?","?","M","?","R","E","M","BOSS","E","$","R","BOSS"],"items_purchased_type":["Card","Card","Relic","Relic","Card","Potion","Card","Relic"],"build_version":"2020-12-22","purchased_purges":0,"victory":true,"max_hp_per_floor":[83,83,83,83,83,83,83,83,83,83,83,83,83,83,83,83,83,83,83,83,83,83,83,83,83,93,93,93,93,93,93,93,93,99,99,99,104,104,104,104,104,104,104,104,104,104,104,104,104,104,104,104,104,104,104],"card_choices":[{"not_picked":["sneckomod:UnknownCommonSkill","sneckomod:UnknownClassHEXA_GHOST_PURPLE"],"picked":"sneckomod:QuickMove","floor":2},{"not_picked":["sneckomod:UnknownStrike","sneckomod:MixItUp"],"picked":"sneckomod:ImprovisedGuard","floor":3},{"not_picked":["sneckomod:UnknownClassGREEN","sneckomod:WideSting"],"picked":"sneckomod:ImprovisedAttack","floor":4},{"not_picked":["sneckomod:UnknownDexterity","sneckomod:QuickMove"],"picked":"sneckomod:UnknownClassGREEN","floor":8},{"not_picked":["sneckomod:DiceCrush","sneckomod:UnknownBlock"],"picked":"sneckomod:RainOfDice","floor":9},{"not_picked":["sneckomod:UnknownX","sneckomod:IronFang"],"picked":"sneckomod:UnknownClassPURPLE","floor":10},{"not_picked":["sneckomod:DiceBoulder","sneckomod:UnknownStrike"],"picked":"sneckomod:UnknownVulnerable","floor":12},{"not_picked":["sneckomod:UnknownVulnerable","sneckomod:Unknown1Cost"],"picked":"sneckomod:SnekBeam","floor":14},{"not_picked":["sneckomod:Unknown1Cost","sneckomod:DefensiveFlair"],"picked":"sneckomod:UnknownEthereal","floor":15},{"not_picked":["sneckomod:Restock","sneckomod:DangerNoodle"],"picked":"sneckomod:UnknownRarePower","floor":16},{"not_picked":["sneckomod:UnknownStrike","sneckomod:UnknownUncommonPower"],"picked":"sneckomod:UnknownUncommonAttack","floor":19},{"not_picked":["sneckomod:UnknownVulnerable","sneckomod:UnknownExhaust"],"picked":"sneckomod:QuickMove+1","floor":20},{"not_picked":["sneckomod:UnknownClassSLIMEBOUND","sneckomod:IronFang"],"picked":"sneckomod:UnknownUncommonAttack","floor":22},{"not_picked":["sneckomod:QuickMove","sneckomod:SoulDraw"],"picked":"sneckomod:UnknownUncommonPower","floor":25},{"not_picked":["sneckomod:TrashToTreasure","sneckomod:UnknownUncommonPower"],"picked":"sneckomod:UnknownUncommonAttack","floor":27},{"not_picked":["sneckomod:UnknownCommonAttack+1","sneckomod:UnknownBlock+1"],"picked":"sneckomod:CheapStock","floor":28},{"not_picked":["sneckomod:UnknownClassGREEN","sneckomod:SnekBeam"],"picked":"sneckomod:MorePower","floor":29},{"not_picked":["sneckomod:Unknown1Cost+1","sneckomod:UnknownUncommonPower+1"],"picked":"sneckomod:Unknown2Cost+1","floor":30},{"not_picked":["sneckomod:SnakeSap","sneckomod:DiceCrush"],"picked":"sneckomod:UnknownClassBLUE","floor":30},{"not_picked":["sneckomod:Unknown2Cost+1","sneckomod:UnknownClassHEXA_GHOST_PURPLE+1"],"picked":"sneckomod:Unknown0Cost+1","floor":31},{"not_picked":["sneckomod:UnknownClassTHE_CHAMP_GRAY","sneckomod:UnknownWeak"],"picked":"sneckomod:SerpentIdol+1","floor":31},{"not_picked":["sneckomod:Unknown+1","sneckomod:UnknownX+1"],"picked":"sneckomod:UnknownUncommonPower+1","floor":32},{"not_picked":["sneckomod:UnknownClassHEXA_GHOST_PURPLE+1","sneckomod:UnknownClassBLUE+1"],"picked":"sneckomod:UnknownRarePower+1","floor":32},{"not_picked":["sneckomod:UnknownClassBLUE+1","sneckomod:DiceCrush"],"picked":"sneckomod:UnknownClassGUARDIAN","floor":32},{"not_picked":["sneckomod:Unknown3Cost+1","sneckomod:UnknownClassBLUE+1"],"picked":"sneckomod:UnknownRareAttack+1","floor":33},{"not_picked":["sneckomod:DangerNoodle","sneckomod:Mudshield"],"picked":"sneckomod:UnknownColorless","floor":33},{"not_picked":["sneckomod:UnknownX+1","sneckomod:UnknownBlock+1"],"picked":"sneckomod:UnknownExhaust+1","floor":36},{"not_picked":["sneckomod:UnknownClassSLIMEBOUND+1","sneckomod:RainOfDice"],"picked":"sneckomod:QuickBite","floor":36},{"not_picked":["sneckomod:QuickMove+1","sneckomod:UnknownClassSLIMEBOUND+1"],"picked":"sneckomod:Restock+1","floor":39},{"not_picked":["sneckomod:UnknownUncommonPower+1","sneckomod:Unknown0Cost+1"],"picked":"sneckomod:UnknownUncommonAttack+1","floor":42},{"not_picked":["sneckomod:DiceCrush","sneckomod:PureSnecko+1"],"picked":"sneckomod:DiceBlock+1","floor":42},{"not_picked":["sneckomod:UnknownCommonAttack","sneckomod:DiceBlock+1"],"picked":"sneckomod:UnknownStrength+1","floor":45},{"not_picked":["sneckomod:UnknownEthereal+1","sneckomod:UnknownStrike+1"],"picked":"sneckomod:UnknownRarePower+1","floor":48},{"not_picked":["sneckomod:UnknownClassHEXA_GHOST_PURPLE+1","sneckomod:UnknownDexterity+1"],"picked":"sneckomod:SoulRoll+1","floor":48},{"not_picked":["sneckomod:UnknownClassPURPLE+1","sneckomod:UnknownEthereal+1"],"picked":"sneckomod:Unknown3Cost+1","floor":49},{"not_picked":["sneckomod:Unknown1Cost+1","sneckomod:RainOfDice"],"picked":"sneckomod:UnknownRarePower","floor":49},{"not_picked":["sneckomod:UnknownBlock+1","sneckomod:UnknownCommonSkill+1"],"picked":"sneckomod:UnknownUncommonSkill+1","floor":52},{"not_picked":["sneckomod:IronFang+1","sneckomod:UnknownUncommonSkill+1"],"picked":"sneckomod:WideSting","floor":52}],"player_experience":494788,"relics_obtained":[{"floor":7,"key":"HornCleat"},{"floor":8,"key":"Darkstone Periapt"},{"floor":11,"key":"downfall:GremlinWheel"},{"floor":29,"key":"PreservedInsect"},{"floor":31,"key":"Nunchaku"},{"floor":34,"key":"CeramicFish"},{"floor":34,"key":"Toxic Egg 2"},{"floor":34,"key":"Old Coin"},{"floor":41,"key":"Ancient Tea Set"},{"floor":48,"key":"Juzu Bracelet"},{"floor":52,"key":"sneckomod:LoadedDie"}],"event_choices":[{"damage_healed":0,"gold_gain":0,"player_choice":"Upgraded","damage_taken":0,"max_hp_gain":0,"max_hp_loss":0,"event_name":"Upgrade Shrine","floor":21,"gold_loss":0,"cards_upgraded":["Apotheosis"]},{"cards_removed":["sneckomod:Defend"],"damage_healed":0,"gold_gain":0,"player_choice":"Purged","damage_taken":0,"max_hp_gain":0,"max_hp_loss":0,"event_name":"Purifier","floor":38,"gold_loss":0},{"cards_removed":["sneckomod:TailWhip"],"damage_healed":0,"gold_gain":0,"player_choice":"Removed Attack","damage_taken":0,"max_hp_gain":0,"max_hp_loss":0,"event_name":"Falling","floor":44,"gold_loss":0},{"damage_healed":0,"gold_gain":0,"player_choice":"Gold","damage_taken":0,"max_hp_gain":0,"max_hp_loss":0,"event_name":"Wheel of Change","floor":54,"gold_loss":0}],"is_beta":false,"boss_relics":[{"not_picked":["Coffee Dripper","Philosopher\u0027s Stone"],"picked":"Snecko Eye"},{"not_picked":["Pandora\u0027s Box","Sozu"],"picked":"Calling Bell"}],"items_purged_floors":[],"is_endless":false,"potions_floor_spawned":[3,4,8,11,14,15,22,28,30,31,39,42,48,52],"ascension_level":20}}