{"host":"ywbsnexmk111etbw","time":1608871617,"event":{"mods":["Act Like it!","BaseMod","Beaked The Cultist","Colored Powertips","Curses Come First","Downfall","Hubris","Infinite Spire","Marisa????????","Minty Spire (QoL Compilation)","Pale of the Ancients","Permanent Neow","Replay The Spire","StSLib","The Cursed","The Dragon Tamer","The Mystic","The Necromancer","Wandering Minibosses"],"gold_per_floor":[110,12,27,27,40,72,89,89,158,178,178,198,198,238,238,361,361,384,384,384,395,365,365,380,380,451,461,489,489,489,499,499,596,596,610,628,341,341,341,341,341,341,341],"floor_reached":42,"playtime":1823,"items_purged":[],"score":525,"play_id":"dd0a21a0-45d2-4132-8dfa-7e608c3eb2e8","local_time":"20201224234657","is_ascension_mode":true,"campfire_choices":[{"floor":8,"key":"REST"},{"floor":13,"key":"REST"},{"floor":15,"key":"REST"},{"floor":23,"key":"REST"},{"data":"beaked:CrazyRituals","floor":25,"key":"SMITH"},{"floor":29,"key":"REST"},{"data":"infinitespire:TheBestDefense","floor":32,"key":"SMITH"}],"circlet_count":0,"master_deck":["beaked:Strike_Y","beaked:Strike_Y","beaked:Strike_Y","beaked:Strike_Y","beaked:Strike_Y","beaked:Strike_Y","beaked:Defend_Y","beaked:Defend_Y","beaked:Defend_Y","beaked:Defend_Y","beaked:Ceremony","beaked:Ceremony","beaked:Ceremony","beaked:FeelMyPain","Flash of Steel","beaked:DesperateSwing","beaked:TuckingFeathers","beaked:WildInstinct","Injury","beaked:Sacrifice","beaked:CrazyRituals+1","ReplayTheSpireMod:Wings of Steel+1","beaked:RuinSticks","infinitespire:TheBestDefense+1","beaked:DigDeep","beaked:MachineEssence","beaked:DigDeep","beaked:FullHouse"],"relics":["beaked:MendingPlumage","hubris:SlimyHat","Blood Vial","hubris:TinFlute","Bloody Idol","Pantograph","hubris:RunicObelisk","Ring of Panic","Pear","Darkstone Periapt","hubris:KleinBottle","hubris:MysteriousPyramids","Ring of Chaos","hubris:Spice","hubris:Towel"],"acts_visited":["Exordium","TheCity","TheBeyond"],"potions_floor_usage":[12,14,14,14,16,24,31,33,33,33,42],"damage_taken":[{"damage":16,"enemies":"Jaw Worm","floor":1,"turns":5},{"damage":5,"enemies":"Cultist","floor":3,"turns":4},{"damage":4,"enemies":"2 Louse","floor":5,"turns":3},{"damage":54,"enemies":"3 Sentries","floor":6,"turns":7},{"damage":23,"enemies":"Exordium Wildlife","floor":7,"turns":5},{"damage":8,"enemies":"2 Fungi Beasts","floor":10,"turns":4},{"damage":28,"enemies":"Lots of Slimes","floor":12,"turns":3},{"damage":41,"enemies":"Lagavulin","floor":14,"turns":8},{"damage":75,"enemies":"Fading Forest","floor":16,"turns":11},{"damage":48,"enemies":"Chosen","floor":18,"turns":7},{"damage":13,"enemies":"Spheric Guardian","floor":21,"turns":3},{"damage":0,"enemies":"Snake Plant","floor":24,"turns":7},{"damage":54,"enemies":"Snecko","floor":27,"turns":7},{"damage":30,"enemies":"Book of Stabbing","floor":28,"turns":6},{"damage":1,"enemies":"Centurion and Healer","floor":31,"turns":4},{"damage":72,"enemies":"Automaton","floor":33,"turns":6},{"damage":48,"enemies":"3 Shapes","floor":35,"turns":2},{"damage":37,"enemies":"3 Darklings","floor":36,"turns":5},{"damage":169,"enemies":"Giant Head","floor":42,"turns":6}],"seed_played":"4215905104207517963","potions_obtained":[{"floor":6,"key":"Adrenaline Potion"},{"floor":7,"key":"Languid Potion"},{"floor":10,"key":"SpeedPotion"},{"floor":12,"key":"Reflective Coating"},{"floor":14,"key":"SteroidPotion"},{"floor":21,"key":"PowerPotion"},{"floor":22,"key":"Explosive Potion"},{"floor":22,"key":"Block Potion"},{"floor":24,"key":"Ancient Potion"},{"floor":31,"key":"sneckomod:MuddlingPotion"},{"floor":33,"key":"Elixir"}],"is_trial":false,"path_per_floor":["M","$","M","?","M","E","M","R","T","M","?","M","R","E","R","B",null,"M","?","?","M","?","R","M","R","T","M","E","R","$","M","R","B",null,"M","M","$","?","PTL","PTL","?","E"],"character_chosen":"BEAKED_THE_CULTIST","items_purchased":["Flash of Steel","hubris:KleinBottle","hubris:MysteriousPyramids","hubris:Spice"],"campfire_rested":5,"item_purchase_floors":[2,30,30,37],"current_hp_per_floor":[44,44,49,49,47,13,8,23,23,28,28,9,24,9,24,17,50,16,16,16,25,25,40,56,56,66,34,35,54,18,38,38,59,66,39,45,53,56,56,56,56,0,0],"gold":341,"neow_bonus":"RANDOM_COMMON_RELIC","is_daily":false,"chose_seed":false,"campfire_upgraded":2,"win_rate":0.0,"timestamp":1608871617,"path_taken":["M","$","M","?","M","E","?","R","T","M","?","M","R","E","R","BOSS","M","?","?","M","?","R","?","R","T","M","E","R","?","M","R","BOSS","M","M","$","?","PTL","PTL","?","E"],"items_purchased_type":["Card","Relic","Relic","Relic"],"build_version":"2020-12-22","purchased_purges":0,"victory":false,"max_hp_per_floor":[50,50,50,50,50,50,50,50,50,50,50,50,50,50,50,50,50,50,50,50,53,53,53,56,56,66,66,66,66,66,66,66,66,66,66,66,74,77,77,77,77,77,77],"card_choices":[{"not_picked":["beaked:Brace","beaked:Windmill"],"picked":"beaked:FeelMyPain","floor":1},{"not_picked":["beaked:Foresight","beaked:Cower"],"picked":"beaked:DesperateSwing","floor":3},{"not_picked":["beaked:Evade","beaked:Daydream"],"picked":"beaked:TuckingFeathers","floor":5},{"not_picked":["beaked:Resilience","beaked:DigDeeper","beaked:FeelMyPain"],"picked":"SKIP","floor":6},{"not_picked":["beaked:Brace","beaked:Resilience"],"picked":"beaked:WildInstinct","floor":7},{"not_picked":["beaked:Resilience","beaked:Daydream","beaked:Replenish"],"picked":"SKIP","floor":10},{"not_picked":["beaked:FeelMyPain","beaked:Tradeoff","beaked:Struggle"],"picked":"SKIP","floor":12},{"not_picked":["beaked:ShadowFade","beaked:Resilience","beaked:Poke"],"picked":"SKIP","floor":14},{"not_picked":["beaked:Brainwash","beaked:AwakenedForm"],"picked":"beaked:Sacrifice","floor":16},{"not_picked":["beaked:Resilience","beaked:Flinch"],"picked":"beaked:CrazyRituals","floor":18},{"not_picked":["beaked:Poke","beaked:Evade"],"picked":"ReplayTheSpireMod:Wings of Steel+1","floor":21},{"not_picked":["beaked:HuntressEssence","beaked:Resilience","beaked:WarriorEssence"],"picked":"SKIP","floor":24},{"not_picked":["beaked:SacrificialAttack","beaked:Tradeoff","beaked:Resilience"],"picked":"SKIP","floor":27},{"not_picked":["beaked:Recite+1","beaked:Resilience"],"picked":"beaked:RuinSticks","floor":28},{"not_picked":["infinitespire:Punishment","infinitespire:Starlight"],"picked":"infinitespire:TheBestDefense","floor":30},{"not_picked":["beaked:Pecker","beaked:BraceForImpact"],"picked":"beaked:DigDeep","floor":31},{"not_picked":["beaked:ShadowFade","ReplayTheSpireMod:Owlgaze"],"picked":"beaked:MachineEssence","floor":33},{"not_picked":["beaked:Poke","beaked:Evade"],"picked":"beaked:DigDeep","floor":35},{"not_picked":["beaked:Insight+1","beaked:Poke+1"],"picked":"beaked:FullHouse","floor":36}],"player_experience":142985,"relics_obtained":[{"floor":6,"key":"Blood Vial"},{"floor":9,"key":"hubris:TinFlute"},{"floor":14,"key":"Pantograph"},{"floor":20,"key":"Ring of Panic"},{"floor":26,"key":"Pear"},{"floor":28,"key":"Darkstone Periapt"}],"event_choices":[{"damage_healed":0,"gold_gain":0,"player_choice":"Ignored","damage_taken":0,"max_hp_gain":0,"max_hp_loss":0,"event_name":"Purifier","floor":4,"gold_loss":0},{"damage_healed":0,"gold_gain":0,"player_choice":"Take Wound","damage_taken":0,"relics_obtained":["Golden Idol"],"max_hp_gain":0,"max_hp_loss":0,"event_name":"Golden Idol","floor":11,"gold_loss":0,"cards_obtained":["Injury"]},{"damage_healed":0,"gold_gain":0,"player_choice":"Gave Idol","damage_taken":0,"relics_obtained":["Bloody Idol"],"max_hp_gain":0,"max_hp_loss":0,"event_name":"Forgotten Altar","floor":19,"relics_lost":["Golden Idol"],"gold_loss":0},{"damage_healed":0,"gold_gain":0,"player_choice":"Bought 2 Potions","damage_taken":0,"max_hp_gain":0,"max_hp_loss":0,"event_name":"The Woman in Blue","floor":22,"gold_loss":0}],"is_beta":false,"boss_relics":[{"not_picked":["hubris:VirtuousBlindfold","Astrolabe"],"picked":"hubris:RunicObelisk"},{"not_picked":["Runic Pyramid","Replay:Wanted Poster"],"picked":"Ring of Chaos"}],"items_purged_floors":[],"is_endless":false,"potions_floor_spawned":[6,7,10,12,14,21,24,31,33],"killed_by":"Giant Head","ascension_level":1}}