{"host":"98ajcw3do3zsggh8","time":1608918313,"event":{"mods":["BaseMod","Minty Spire (QoL Compilation)","Replay The Spire","StSLib"],"gold_per_floor":[115,47,67,67,78,78,91,91,91,106,106,117,146,161,161,263,263,277,202,74,74,92,127,137,147,147,167,167,19,19,31,31,31,31],"floor_reached":33,"playtime":1067,"items_purged":["SignatureMove+1"],"score":446,"play_id":"107137c0-42d1-4d00-b13b-7f40f72105bc","local_time":"20201225184513","is_ascension_mode":false,"campfire_choices":[{"data":"Eruption","floor":6.0,"key":"SMITH"},{"data":"Consecrate","floor":8.0,"key":"SMITH"},{"data":"ReachHeaven","floor":11.0,"key":"SMITH"},{"data":"BowlingBash","floor":15.0,"key":"SMITH"},{"data":"TalkToTheHand","floor":30,"key":"SMITH"},{"floor":32,"key":"REST"}],"circlet_count":0,"master_deck":["Strike_P","Defend_P","Eruption+1","Vigilance","ReachHeaven+1","BowlingBash+1","Consecrate+1","Conclude+1","Perseverance+1","BattleHymn+1","TalkToTheHand+1","Judgement"],"relics":["Kintsugi","Matryoshka","Replay:Ringing Soul","Runic Pyramid","Dream Catcher","Letter Opener","Replay:Bottled Eggs"],"acts_visited":["Exordium","TheCity"],"potions_floor_usage":[24,33,33,33],"damage_taken":[{"damage":0.0,"enemies":"Small Slimes","floor":1.0,"turns":3.0},{"damage":0.0,"enemies":"Cultist","floor":3.0,"turns":2.0},{"damage":7.0,"enemies":"2 Louse","floor":5.0,"turns":2.0},{"damage":35.0,"enemies":"Gremlin Gang","floor":7.0,"turns":4.0},{"damage":0.0,"enemies":"2 Fungi Beasts","floor":10.0,"turns":2.0},{"damage":0.0,"enemies":"Exordium Wildlife","floor":12.0,"turns":1.0},{"damage":0.0,"enemies":"3 Sentries","floor":13.0,"turns":2.0},{"damage":0.0,"enemies":"3 Louse","floor":14.0,"turns":1.0},{"damage":20.0,"enemies":"Hexaghost","floor":16.0,"turns":9.0},{"damage":7.0,"enemies":"Shell Parasite","floor":18.0,"turns":3.0},{"damage":17,"enemies":"2 Thieves","floor":22,"turns":3},{"damage":0,"enemies":"Gremlin Leader","floor":23,"turns":3},{"damage":13,"enemies":"Shelled Parasite and Fungi","floor":24,"turns":3},{"damage":8,"enemies":"Cultist and Chosen","floor":25,"turns":4},{"damage":12,"enemies":"3 Cultists","floor":27,"turns":3},{"damage":7,"enemies":"Snecko","floor":31,"turns":4},{"damage":45,"enemies":"Pondfish","floor":33,"turns":3}],"seed_played":"-1967604673849557650","potions_obtained":[{"floor":1.0,"key":"Dexterity Potion"},{"floor":13.0,"key":"LiquidMemories"},{"floor":22,"key":"Cursed Concoction"},{"floor":24,"key":"AttackPotion"},{"floor":27,"key":"Ambrosia"},{"floor":31,"key":"Block Potion"}],"is_trial":false,"path_per_floor":["M","$","M","?","M","R","M","R","T","M","R","M","E","M","R","B",null,"M","?","$","?","M","E","M","M","T","M","?","$","R","M","R","B"],"character_chosen":"WATCHER","items_purchased":["ReachHeaven","SignatureMove+1","Conclude","TalkToTheHand"],"campfire_rested":1,"item_purchase_floors":[2,20,20,29],"current_hp_per_floor":[72,72,72,72,65,65,30,30,30,30,30,30,30,30,30,13,75,68,68,71,71,57,57,44,39,39,27,11,14,14,10,38,0,0],"gold":31,"neow_bonus":"BOSS_RELIC","is_daily":false,"chose_seed":false,"campfire_upgraded":5,"win_rate":0.0,"timestamp":1608918313,"path_taken":["M","$","M","?","?","R","M","R","T","M","R","M","E","M","R","BOSS","M","?","$","?","M","E","?","M","T","M","?","?","R","M","R","BOSS"],"items_purchased_type":["Card","Card","Card","Card"],"build_version":"2020-12-22","purchased_purges":1,"victory":false,"max_hp_per_floor":[72,72,72,72,72,72,72,72,72,72,72,72,72,72,72,75,75,75,75,78,78,81,81,81,84,84,84,89,92,92,95,95,95,95],"card_choices":[{"not_picked":["Pray","FlurryOfBlows","ThirdEye"],"picked":"SKIP","floor":1.0},{"not_picked":["Halt","Prostrate","Crescendo"],"picked":"SKIP","floor":3.0},{"not_picked":["Replay:AtTheReady","EmptyFist"],"picked":"BowlingBash","floor":5.0},{"not_picked":["JustLucky","FlurryOfBlows"],"picked":"Consecrate","floor":7.0},{"not_picked":["InnerPeace","ReachHeaven","Swivel"],"picked":"SKIP","floor":10.0},{"not_picked":["Replay:Battleflow","DeceiveReality","Protect"],"picked":"SKIP","floor":12.0},{"not_picked":["Vengeance","Replay:LoomingThreat","JustLucky"],"picked":"SKIP","floor":13.0},{"not_picked":["EmptyBody","FlurryOfBlows","ReachHeaven"],"picked":"SKIP","floor":14.0},{"not_picked":["Devotion","Ragnarok"],"picked":"DevaForm","floor":16.0},{"not_picked":["Collect","ThirdEye+1","Replay:AtTheReady+1"],"picked":"SKIP","floor":18.0},{"not_picked":["Meditate","ThirdEye"],"picked":"Perseverance+1","floor":22},{"not_picked":["CutThroughFate","Replay:Cycle+1","InnerPeace"],"picked":"SKIP","floor":23},{"not_picked":["LikeWater","JustLucky+1","EmptyFist"],"picked":"SKIP","floor":24},{"not_picked":["PathToVictory+1","Meditate"],"picked":"BattleHymn+1","floor":25},{"not_picked":["CrushJoints","ThirdEye","Pray"],"picked":"SKIP","floor":27},{"not_picked":["Replay:Cycle","Worship+1"],"picked":"Judgement","floor":31}],"player_experience":176120,"relics_obtained":[{"floor":9.0,"key":"Matryoshka"},{"floor":13.0,"key":"Replay:Ringing Soul"},{"floor":23,"key":"Dream Catcher"},{"floor":26,"key":"Letter Opener"},{"floor":26,"key":"Replay:Bottled Eggs"}],"event_choices":[{"cards_removed":["Strike_P"],"damage_healed":0.0,"max_hp_gain":0.0,"max_hp_loss":0.0,"gold_gain":0.0,"event_name":"Bonfire Elementals","player_choice":"Offered Basic","floor":4.0,"gold_loss":0.0,"damage_taken":0.0},{"cards_removed":["DevaForm"],"damage_healed":0.0,"max_hp_gain":0.0,"max_hp_loss":0.0,"gold_gain":0.0,"event_name":"Beggar","player_choice":"Gave Gold","floor":19.0,"gold_loss":75.0,"damage_taken":0.0},{"damage_healed":0.0,"max_hp_gain":0.0,"max_hp_loss":0.0,"gold_gain":0.0,"event_name":"Upgrade Shrine","player_choice":"Upgraded","floor":21.0,"gold_loss":0.0,"damage_taken":0.0,"cards_upgraded":["Conclude"]},{"damage_healed":0,"gold_gain":0,"player_choice":"Shed Blood","damage_taken":21,"max_hp_gain":5,"max_hp_loss":0,"event_name":"Forgotten Altar","floor":28,"gold_loss":0}],"is_beta":false,"boss_relics":[{"not_picked":["SacredBark","ChewingGum"],"picked":"Runic Pyramid"}],"items_purged_floors":[29],"is_endless":false,"potions_floor_spawned":[1,13,22,24,27,31],"killed_by":"Pondfish","ascension_level":0}}