{"host":"qmmd8zc7eqgl2j9h","time":1608938051,"event":{"mods":["AchievementEnabler","Aspiration","BaseMod","Better Altar","Better Note","Better Sensory Stone","Better Skull","BetterRewards","Colored Map","Conspire","Googly Eyes","Hermit","Highlight Path","Infinite Spire","Marisa????????","Minty Spire (QoL Compilation)","Permanent Neow","Replay The Spire","StSLib","The Hierophant","The Necromancer","The Servant 0.9.4","Unceasing Turn Reminder","everything is the same but u backflip on backflip","slay the spire mod where everything is the same but ironclad has a cowboy hat"],"gold_per_floor":[112,5,5,20,34,34,34,45,93,107,135,135,151,166,166,265,265,277,290,304,304,304],"floor_reached":21,"playtime":1439,"items_purged":[],"score":185,"play_id":"3cccab56-8976-4a29-ae7a-f400826cadef","local_time":"20201225151411","is_ascension_mode":false,"campfire_choices":[{"data":"Noxious Fumes","floor":6,"key":"SMITH"},{"floor":12,"key":"REST"},{"floor":15,"key":"REST"}],"circlet_count":0,"master_deck":["Strike_G","Strike_G","Strike_G","Strike_G","Strike_G","Defend_G","Defend_G","Defend_G","Defend_G","Defend_G","Survivor","Neutralize","Concentrate","Noxious Fumes+1","Dagger Throw+1","Fluid Movement","Cloak And Dagger","Poisoned Stab","conspire:PoisonWeapons","Prepared","Escape Plan","Corpse Explosion","Pray","Deadly Poison","Protect"],"relics":["Ring of the Snake","aspiration:Nostalgia","MiniHakkero","Smiling Mask","Snake Skull","aspiration:WatcherSkillbook"],"acts_visited":["Exordium","TheCity"],"potions_floor_usage":[3,10,16,16,21,21,21],"damage_taken":[{"damage":0,"enemies":"Small Slimes","floor":1,"turns":4},{"damage":1,"enemies":"Cultist","floor":4,"turns":3},{"damage":1,"enemies":"Jaw Worm","floor":5,"turns":5},{"damage":0,"enemies":"Blue Slaver","floor":8,"turns":5},{"damage":0,"enemies":"3 Louse","floor":10,"turns":2},{"damage":15,"enemies":"Lagavulin","floor":11,"turns":6},{"damage":15,"enemies":"Exordium Thugs","floor":13,"turns":4},{"damage":5,"enemies":"2 Fungi Beasts","floor":14,"turns":3},{"damage":26,"enemies":"The Guardian","floor":16,"turns":9},{"damage":6,"enemies":"Chosen","floor":18,"turns":5},{"damage":18,"enemies":"Shell Parasite","floor":19,"turns":5},{"damage":37,"enemies":"Snake Plant","floor":20,"turns":5},{"damage":25,"enemies":"Snecko","floor":21,"turns":5}],"seed_played":"5998146974783731345","potions_obtained":[{"floor":1,"key":"Swift Potion"},{"floor":3,"key":"Fruit Juice"},{"floor":3,"key":"Explosive Potion"},{"floor":3,"key":"LiquidMemories"},{"floor":13,"key":"Elixir"},{"floor":14,"key":"infinitespire:BlackPotion"},{"floor":16,"key":"BlessingOfTheForge"},{"floor":19,"key":"SteroidPotion"}],"is_trial":false,"path_per_floor":["M","$","?","M","M","R","$","M","T","M","E","R","M","M","R","B",null,"M","M","M","M"],"character_chosen":"THE_SILENT","items_purchased":["Noxious Fumes","Dagger Throw+1"],"campfire_rested":2,"item_purchase_floors":[2,2],"current_hp_per_floor":[70,70,75,74,73,73,73,73,73,73,58,75,60,55,75,49,75,69,51,14,0,0],"gold":304,"neow_bonus":"NOSTALGIA","is_daily":false,"chose_seed":false,"campfire_upgraded":1,"win_rate":0.0,"timestamp":1608938051,"path_taken":["M","$","?","?","M","R","$","?","T","M","E","R","M","M","R","BOSS","M","M","M","M"],"items_purchased_type":["Card","Card"],"build_version":"2020-12-22","purchased_purges":0,"victory":false,"max_hp_per_floor":[70,70,75,75,75,75,75,75,75,75,75,75,75,75,75,75,75,75,75,75,75,75],"card_choices":[{"not_picked":["Cloak And Dagger","PiercingWail"],"picked":"Concentrate","floor":1},{"not_picked":["Prepared","Slice"],"picked":"Fluid Movement","floor":4},{"not_picked":["Sucker Punch","Replay:Poison Smokescreen"],"picked":"Cloak And Dagger","floor":5},{"not_picked":["ReplayTheSpireMod:Necrosis","Replay:Poison Smokescreen"],"picked":"Poisoned Stab","floor":8},{"not_picked":["Underhanded Strike","Backflip"],"picked":"conspire:PoisonWeapons","floor":10},{"not_picked":["ReplayTheSpireMod:Exploit Weakness","Blur"],"picked":"Prepared","floor":11},{"not_picked":["PiercingWail","Concentrate"],"picked":"Escape Plan","floor":13},{"not_picked":["Reflex","Quick Slash","ReplayTheSpireMod:The Works"],"picked":"SKIP","floor":14},{"not_picked":["Die Die Die","Poison Darts"],"picked":"Corpse Explosion","floor":16},{"not_picked":["Dagger Throw","Halt","Replay:AtTheReady"],"picked":"Pray","floor":18},{"not_picked":["CrushJoints","FlurryOfBlows","Replay:LoomingThreat"],"picked":"Deadly Poison","floor":19},{"not_picked":["Dagger Throw","Consecrate","Deadly Poison"],"picked":"Protect","floor":20}],"player_experience":220708,"relics_obtained":[{"floor":9,"key":"Smiling Mask"},{"floor":11,"key":"Snake Skull"}],"event_choices":[{"damage_healed":0,"gold_gain":0,"player_choice":"Got Potions","damage_taken":0,"max_hp_gain":0,"max_hp_loss":0,"event_name":"Lab","floor":3,"gold_loss":0}],"is_beta":false,"boss_relics":[{"not_picked":["Kintsugi","Snecko Eye"],"picked":"aspiration:WatcherSkillbook"}],"items_purged_floors":[],"is_endless":false,"potions_floor_spawned":[1,13,14,16,19],"killed_by":"Snecko","ascension_level":0}}