{"host":"oy4pyvr762z5n0bb","time":1608930871,"event":{"mods":["AchievementEnabler","BaseMod","Colored Map","Colored Powertips","Googly Eyes","Key Reminder","Minty Spire (QoL Compilation)","Quick Restart","Relic Sorter","StSLib","SuperFastMode","Unceasing Turn Reminder","slay the spire mod where everything is the same but ironclad has a cowboy hat"],"gold_per_floor":[117,130,141,153,0,0,32,32,32,62,82,93,106,123,123,227,227,242,253,36,36,51,51,51,51],"floor_reached":24,"playtime":535,"items_purged":["Strike_R"],"score":254,"play_id":"881c6dc2-a499-4122-93c2-9af495b045c0","local_time":"20201225131431","is_ascension_mode":true,"campfire_choices":[{"data":"Bash","floor":6,"key":"SMITH"},{"data":"Anger","floor":8,"key":"SMITH"},{"data":"Demon Form","floor":15,"key":"SMITH"},{"floor":23,"key":"REST"}],"circlet_count":0,"master_deck":["Strike_R","Strike_R","Strike_R","Strike_R","Defend_R","Defend_R","Defend_R","Defend_R","Bash+1","Heavy Blade","Clothesline","Dropkick","Anger+1","Shrug It Off","Pommel Strike","Seeing Red","Demon Form+1","Headbutt","Double Tap","Armaments+1","True Grit","Swift Strike","Shrug It Off","Necronomicurse","Headbutt"],"relics":["Black Blood","Nunchaku","Lantern","StrikeDummy","Meat on the Bone","Necronomicon"],"acts_visited":["Exordium","TheCity"],"potions_floor_usage":[7,12,16],"damage_taken":[{"damage":11,"enemies":"Cultist","floor":1,"turns":4},{"damage":2,"enemies":"2 Louse","floor":2,"turns":3},{"damage":10,"enemies":"Small Slimes","floor":3,"turns":3},{"damage":12,"enemies":"3 Louse","floor":4,"turns":4},{"damage":16,"enemies":"Gremlin Nob","floor":7,"turns":3},{"damage":15,"enemies":"3 Sentries","floor":10,"turns":6},{"damage":9,"enemies":"2 Fungi Beasts","floor":11,"turns":2},{"damage":0,"enemies":"Large Slime","floor":12,"turns":3},{"damage":10,"enemies":"Lots of Slimes","floor":13,"turns":3},{"damage":11,"enemies":"Looter","floor":14,"turns":2},{"damage":13,"enemies":"Hexaghost","floor":16,"turns":6},{"damage":33,"enemies":"2 Thieves","floor":18,"turns":4},{"damage":30,"enemies":"Spheric Guardian","floor":19,"turns":4},{"damage":42,"enemies":"Shelled Parasite and Fungi","floor":22,"turns":6},{"damage":93,"enemies":"Gremlin Leader","floor":24,"turns":6}],"seed_played":"4975007923067227779","potions_obtained":[{"floor":2,"key":"Energy Potion"},{"floor":4,"key":"DistilledChaos"},{"floor":7,"key":"Ancient Potion"},{"floor":12,"key":"FairyPotion"},{"floor":13,"key":"Weak Potion"},{"floor":19,"key":"SpeedPotion"}],"is_trial":false,"path_per_floor":["M","M","M","M","$","R","E","R","T","E","M","M","M","M","R","B",null,"M","M","$","?","M","R","E"],"character_chosen":"IRONCLAD","items_purchased":["Nunchaku","Swift Strike","Shrug It Off"],"campfire_rested":1,"item_purchase_floors":[5,20,20],"current_hp_per_floor":[83,87,83,77,77,77,67,67,67,58,55,61,57,52,52,57,88,67,61,61,45,27,53,0,0],"gold":51,"neow_bonus":"TEN_PERCENT_HP_BONUS","is_daily":false,"chose_seed":false,"campfire_upgraded":3,"win_rate":0.0,"timestamp":1608930871,"path_taken":["M","M","M","?","$","R","E","R","T","E","M","M","M","M","R","BOSS","M","M","$","?","M","R","E"],"items_purchased_type":["Relic","Card","Card"],"build_version":"2020-12-22","purchased_purges":1,"victory":false,"max_hp_per_floor":[88,88,88,88,88,88,88,88,88,88,88,88,88,88,88,88,88,88,88,88,88,88,88,88,88],"card_choices":[{"not_picked":["Warcry","Battle Trance"],"picked":"Heavy Blade","floor":1},{"not_picked":["Sever Soul","True Grit"],"picked":"Clothesline","floor":2},{"not_picked":["Iron Wave","Rampage"],"picked":"Dropkick","floor":3},{"not_picked":["Armaments","Evolve"],"picked":"Anger","floor":4},{"not_picked":["Uppercut","Metallicize"],"picked":"Shrug It Off","floor":7},{"not_picked":["Iron Wave","Reaper"],"picked":"Pommel Strike","floor":10},{"not_picked":["Sever Soul","Feel No Pain"],"picked":"Seeing Red","floor":11},{"not_picked":["Clash","Cleave","Heavy Blade"],"picked":"SKIP","floor":12},{"not_picked":["Flex","Clothesline"],"picked":"Demon Form","floor":13},{"not_picked":["Body Slam","Pummel"],"picked":"Headbutt","floor":14},{"not_picked":["Feed","Fiend Fire"],"picked":"Double Tap","floor":16},{"not_picked":["Pommel Strike","Clothesline"],"picked":"Armaments+1","floor":18},{"not_picked":["Thunderclap","Heavy Blade"],"picked":"True Grit","floor":19},{"not_picked":["Infernal Blade","Feel No Pain"],"picked":"Headbutt","floor":22}],"player_experience":556524,"relics_obtained":[{"floor":7,"key":"Lantern"},{"floor":9,"key":"StrikeDummy"},{"floor":10,"key":"Meat on the Bone"},{"floor":21,"key":"Necronomicon"}],"event_choices":[{"damage_healed":0,"gold_gain":0,"player_choice":"Obtained Book","damage_taken":16,"max_hp_gain":0,"max_hp_loss":0,"event_name":"Cursed Tome","floor":21,"gold_loss":0}],"is_beta":false,"boss_relics":[{"not_picked":["Pandora\u0027s Box","Runic Dome"],"picked":"Black Blood"}],"items_purged_floors":[20],"is_endless":false,"potions_floor_spawned":[2,4,7,12,13,14,19,22],"killed_by":"Gremlin Leader","ascension_level":4}}