{"host":"e48gchmu8shm63ip","time":1608935427,"event":{"mods":["Abigail Mod","AchievementEnabler","Act Like it!","Bartender","BaseMod","Better Match","Better Note","Better Vampires","CapriCore","DeckTracker","Exacting","Fireblade Mod","Googly Eyes","Hallownest","Hermit","HololiveMod","Infinite Spire","Jorbs\u0027s Wanderer Trilogy","Koishi","Marisa????????","Minty Spire (QoL Compilation)","Railgun Mod","Rare Cards Sparkle","Relic Filter","Robot Space Explorer","Shade Mod","StSLib","The Animator","The Construct","The Death Knight","The Dragon Tamer","The Forsaken","The Immortal","The Judge","The Marked","The Poker Player","The Servant 0.9.4","TheFirefly","TheLocksmith","TheSwordswoman","Waifu the Spire"],"gold_per_floor":[115,125,125,140,156,156,176,206,260,260,277,277,291,315,315,417,417,431,431,431,431],"floor_reached":20,"playtime":756,"items_purged":[],"score":168,"play_id":"5fa8dbf1-a9f5-4a0f-a45c-81d2c3ac37ed","local_time":"20201225233027","is_ascension_mode":false,"campfire_choices":[{"data":"theMarked:SoldierOfQuellstein","floor":6,"key":"SMITH"},{"floor":10,"key":"REST"},{"floor":15,"key":"REST"}],"circlet_count":0,"master_deck":["theMarked:Strike","theMarked:Strike","theMarked:Strike","theMarked:Strike","theMarked:Strike","theMarked:Defend","theMarked:Defend","theMarked:Defend","theMarked:Defend","theMarked:SoldierOfQuellstein+1","theMarked:SwordAndMagic","theMarked:Seal","theMarked:EnhancedHearing","theMarked:EnhancedHearing","theMarked:ContemptForTheProud","theMarked:HeritageOfTheMarked","theMarked:BanishingStrike"],"relics":["theMarked:ArtifactOfAir","Oddly Smooth Stone","Omamori","Philosopher\u0027s Stone"],"acts_visited":["Exordium","TheCity"],"potions_floor_usage":[],"damage_taken":[{"damage":0,"enemies":"Cultist","floor":1,"turns":4},{"damage":2,"enemies":"2 Louse","floor":2,"turns":2},{"damage":3,"enemies":"Jaw Worm","floor":4,"turns":3},{"damage":17,"enemies":"Exordium Wildlife","floor":5,"turns":6},{"damage":10,"enemies":"Looter","floor":7,"turns":2},{"damage":34,"enemies":"Gremlin Gang","floor":8,"turns":6},{"damage":12,"enemies":"2 Fungi Beasts","floor":11,"turns":4},{"damage":6,"enemies":"Exordium Thugs","floor":13,"turns":4},{"damage":36,"enemies":"The Guardian","floor":16,"turns":12},{"damage":19,"enemies":"Shell Parasite","floor":18,"turns":5}],"seed_played":"-4490579688533690603","potions_obtained":[{"floor":2,"key":"Swift Potion"},{"floor":5,"key":"SteroidPotion"},{"floor":8,"key":"Swift Potion"}],"is_trial":false,"path_per_floor":["M","M","?","M","M","R","M","M","T","R","M","?","M","T","R","B",null,"M","?","$"],"character_chosen":"THE_DEFAULT","items_purchased":[],"campfire_rested":2,"item_purchase_floors":[],"current_hp_per_floor":[77,75,75,72,55,55,45,11,11,34,22,22,16,16,39,3,77,58,51,51,51],"gold":431,"neow_bonus":"TEN_PERCENT_HP_BONUS","is_daily":false,"chose_seed":false,"campfire_upgraded":1,"win_rate":0.0,"timestamp":1608935427,"path_taken":["M","M","?","?","M","R","M","M","T","R","?","?","M","?","R","BOSS","M","?","$"],"items_purchased_type":[],"build_version":"2020-12-22","purchased_purges":0,"victory":false,"max_hp_per_floor":[77,77,77,77,77,77,77,77,77,77,77,77,77,77,77,77,77,77,77,77,77],"card_choices":[{"not_picked":["theMarked:HeightenedSenses","theMarked:Overcharge"],"picked":"theMarked:SwordAndMagic","floor":1},{"not_picked":["theMarked:WastefulAttack","theMarked:WastefulDefense"],"picked":"theMarked:Seal","floor":2},{"not_picked":["theMarked:ShockingTouch","theMarked:WardOff"],"picked":"theMarked:EnhancedHearing","floor":4},{"not_picked":["theMarked:BanishingStrike","theMarked:ResourceFulStrike"],"picked":"theMarked:EnhancedHearing","floor":5},{"not_picked":["theMarked:ResourceFulStrike","theMarked:ChainLightning"],"picked":"theMarked:ContemptForTheProud","floor":7},{"not_picked":["theMarked:Reabsorb","theMarked:RepellingDischarge","theMarked:ShockingTouch"],"picked":"SKIP","floor":8},{"not_picked":["theMarked:ThrowWeapon","theMarked:SelfDefenseTraining"],"picked":"theMarked:HeritageOfTheMarked","floor":11},{"not_picked":["theMarked:Panic","theMarked:EnhancedHearing"],"picked":"theMarked:BanishingStrike","floor":13},{"not_picked":["theMarked:Improvise","theMarked:BanishingStrike","theMarked:WastefulDefense"],"picked":"SKIP","floor":18}],"player_experience":585765,"relics_obtained":[{"floor":9,"key":"Oddly Smooth Stone"},{"floor":14,"key":"Omamori"}],"event_choices":[{"damage_healed":0,"gold_gain":0,"player_choice":"Bought 0 Potions","damage_taken":0,"max_hp_gain":0,"max_hp_loss":0,"event_name":"The Woman in Blue","floor":3,"gold_loss":0},{"damage_healed":0,"gold_gain":0,"player_choice":"Damaged","damage_taken":7,"max_hp_gain":0,"max_hp_loss":0,"event_name":"Wheel of Change","floor":19,"gold_loss":0}],"is_beta":false,"boss_relics":[{"not_picked":["Coffee Dripper","Hololive_TopUpMoneyS"],"picked":"Philosopher\u0027s Stone"}],"items_purged_floors":[],"is_endless":false,"potions_floor_spawned":[2,5,8],"ascension_level":0}}