{"host":"nsxzlb359hv0da5z","time":1608873993,"event":{"mods":["BaseMod","Bestiary","Colored Map","Minty Spire (QoL Compilation)","Permanent Neow","Relic Stats","Slay the Relics Exporter","ojb\u0027s Info Mod"],"gold_per_floor":[216,228,228,248,248,281,281,29,56,75,75,75,114,114,114,114,114],"floor_reached":16,"playtime":1025,"items_purged":[],"score":216,"play_id":"7b341105-ff62-4fa4-96a9-8bbef79bd47d","local_time":"20201224212633","is_ascension_mode":true,"campfire_choices":[{"data":"Blade Dance","floor":7,"key":"SMITH"},{"floor":11,"key":"REST"},{"data":"Leg Sweep","floor":15,"key":"SMITH"}],"circlet_count":0,"master_deck":["AscendersBane","Strike_G","Strike_G","Strike_G","Strike_G","Strike_G","Defend_G","Defend_G","Defend_G","Defend_G","Defend_G","Survivor","Neutralize","Underhanded Strike","Blade Dance+1","Dagger Spray+1","Leg Sweep+1","Terror"],"relics":["Ring of the Snake","Golden Idol","Boot","Anchor","Omamori","Strawberry","CaptainsWheel"],"acts_visited":["Exordium"],"potions_floor_usage":[6,16],"damage_taken":[{"damage":15,"enemies":"Jaw Worm","floor":1,"turns":8},{"damage":2,"enemies":"2 Louse","floor":2,"turns":3},{"damage":0,"enemies":"Small Slimes","floor":4,"turns":4},{"damage":15,"enemies":"3 Sentries","floor":6,"turns":6},{"damage":1,"enemies":"3 Louse","floor":10,"turns":2},{"damage":9,"enemies":"Lagavulin","floor":13,"turns":5},{"damage":32,"enemies":"Hexaghost","floor":16,"turns":9}],"seed_played":"585457550838492554","potions_obtained":[{"floor":2,"key":"Fire Potion"},{"floor":4,"key":"Energy Potion"},{"floor":10,"key":"GamblersBrew"}],"is_trial":false,"path_per_floor":["M","M","?","M","?","E","R","$","T","M","R","?","E","?","R","B"],"character_chosen":"THE_SILENT","items_purchased":["Terror","Anchor"],"campfire_rested":1,"item_purchase_floors":[8,8],"current_hp_per_floor":[44,42,42,42,42,27,27,27,27,26,44,33,31,31,31,0,0],"gold":114,"neow_bonus":"HUNDRED_GOLD","is_daily":false,"chose_seed":false,"campfire_upgraded":2,"win_rate":0.0,"timestamp":1608873993,"path_taken":["M","M","?","M","?","E","R","$","T","M","R","?","E","?","R","BOSS"],"items_purchased_type":["Card","Relic"],"build_version":"2020-12-22","purchased_purges":0,"victory":false,"max_hp_per_floor":[66,66,60,60,60,60,60,60,60,60,60,60,67,67,67,67,67],"relic_stats":{"counters":[7,37],"Golden Idol":23,"Boot":[24],"obtain_stats":[{"Anchor":8,"CaptainsWheel":14,"Golden Idol":3,"Strawberry":13,"Omamori":9,"Boot":6,"Ring of the Snake":0},{"Anchor":4,"CaptainsWheel":6,"Golden Idol":2,"Strawberry":6,"Omamori":4,"Boot":4,"Ring of the Snake":0},{"Anchor":21,"CaptainsWheel":28,"Golden Idol":11,"Strawberry":28,"Omamori":21,"Boot":21,"Ring of the Snake":0}],"Ring of the Snake":[14]},"card_choices":[{"not_picked":["Prepared","Setup"],"picked":"Underhanded Strike","floor":1},{"not_picked":["Outmaneuver","Flying Knee"],"picked":"Blade Dance","floor":2},{"not_picked":["Blade Dance","Masterful Stab"],"picked":"Dagger Spray","floor":4},{"not_picked":["PiercingWail","Quick Slash"],"picked":"Leg Sweep","floor":6},{"not_picked":["Cloak And Dagger","Outmaneuver","Choke"],"picked":"SKIP","floor":10},{"not_picked":["Cloak And Dagger","Outmaneuver","Choke"],"picked":"SKIP","floor":10},{"not_picked":["Quick Slash","Poisoned Stab","Tactician"],"picked":"SKIP","floor":13}],"player_experience":1844292,"relics_obtained":[{"floor":6,"key":"Boot"},{"floor":9,"key":"Omamori"},{"floor":13,"key":"Strawberry"}],"event_choices":[{"damage_healed":0,"gold_gain":0,"player_choice":"Lose Max HP","damage_taken":0,"relics_obtained":["Golden Idol"],"max_hp_gain":0,"max_hp_loss":6,"event_name":"Golden Idol","floor":3,"gold_loss":0},{"damage_healed":0,"gold_gain":0,"player_choice":"Grow","damage_taken":0,"max_hp_gain":0,"max_hp_loss":0,"event_name":"Living Wall","floor":5,"gold_loss":0,"cards_upgraded":["Dagger Spray"]},{"damage_healed":0,"gold_gain":0,"player_choice":"Fled","damage_taken":11,"max_hp_gain":0,"max_hp_loss":0,"event_name":"Scrap Ooze","floor":12,"gold_loss":0},{"damage_healed":0,"gold_gain":0,"player_choice":"Box","damage_taken":0,"relics_obtained":["CaptainsWheel"],"max_hp_gain":0,"max_hp_loss":0,"event_name":"Big Fish","floor":14,"gold_loss":0,"cards_obtained":["Regret"]}],"is_beta":false,"boss_relics":[],"items_purged_floors":[],"is_endless":false,"potions_floor_spawned":[2,4,10],"killed_by":"Hexaghost","ascension_level":20}}