{"host":"337p6miwxbqfki03","time":1608857897,"event":{"mods":["BaseMod","Better Third Choice","Colored Map","Conspire","Downfall","Hermit","Hubris","Minty Spire (QoL Compilation)","Replay The Spire","StSLib","The Cursed","The Hierophant","The Marked","The Necromancer","The Poker Player","The Sage","The Valiant","Unceasing Turn Reminder"],"gold_per_floor":[118,18,35,78,102,102,202,214,285,285,314,13,5,5],"floor_reached":13,"playtime":373,"items_purged":[],"score":75,"play_id":"299f22f2-8b80-4a29-9f44-9de7dd35a3e5","local_time":"20201224185817","is_ascension_mode":false,"campfire_choices":[{"data":"hierophant:Punish","floor":6,"key":"SMITH"}],"circlet_count":0,"master_deck":["hierophant:Strike_Hierophant","hierophant:Strike_Hierophant","hierophant:Strike_Hierophant","hierophant:Strike_Hierophant","hierophant:Punish+1","hierophant:Defend_Hierophant","hierophant:Defend_Hierophant","hierophant:Defend_Hierophant","hierophant:Defend_Hierophant","hierophant:ChurchCoffers","hierophant:Shelter","Ghostly","hierophant:Doubloon","hierophant:Generosity","hierophant:OrnateBuckler","hierophant:Exaltation","hierophant:HammerAndAnvil","hierophant:FieryStrike","hierophant:RustyCrate","hierophant:Doubloon","hierophant:Doubloon","hierophant:MorningPrayer"],"relics":["hierophant:PropheticMaskRelic","NeowsBlessing","hubris:ToyBattleship","hubris:Reverence","Quantum Egg"],"acts_visited":["Exordium"],"potions_floor_usage":[],"damage_taken":[{"damage":0,"enemies":"Jaw Worm","floor":1,"turns":1},{"damage":0,"enemies":"Small Slimes","floor":3,"turns":1},{"damage":0,"enemies":"2 Louse","floor":5,"turns":1},{"damage":12,"enemies":"Gremlin Gang","floor":8,"turns":4},{"damage":2,"enemies":"Exordium Wildlife","floor":11,"turns":2},{"damage":5,"enemies":"Gremlin Nob","floor":13,"turns":5}],"seed_played":"-7087522293820125408","potions_obtained":[{"floor":4,"key":"hexamod:EctoCoolerPotion"},{"floor":5,"key":"Guardian:BlockOnCardUsePotion"},{"floor":8,"key":"FairyPotion"},{"floor":10,"key":"SneckoOil"}],"is_trial":false,"path_per_floor":["M","?","M","?","M","R","?","M","T","?","M","$","E"],"character_chosen":"HIEROPHANT","items_purchased":["Quantum Egg","hierophant:MorningPrayer"],"campfire_rested":0,"item_purchase_floors":[12,12],"current_hp_per_floor":[75,75,75,75,75,75,75,63,63,63,61,61,56,56],"gold":5,"neow_bonus":"THREE_ENEMY_KILL","is_daily":false,"chose_seed":false,"campfire_upgraded":1,"win_rate":0.0,"timestamp":1608857897,"path_taken":["M","?","M","?","M","R","?","?","T","?","M","?","E"],"items_purchased_type":["Relic","Card"],"build_version":"2020-12-22","purchased_purges":0,"victory":false,"max_hp_per_floor":[75,75,75,75,75,75,75,75,75,75,75,75,75,75],"card_choices":[{"not_picked":["hierophant:HolyVerse","hierophant:Community"],"picked":"hierophant:Shelter","floor":1},{"not_picked":["hierophant:ThreeLashes","hierophant:Purify"],"picked":"hierophant:Generosity","floor":3},{"not_picked":["hierophant:RepressedViolence","hierophant:PassingBell"],"picked":"hierophant:OrnateBuckler","floor":4},{"not_picked":["hierophant:HolyVerse","hierophant:Sermon"],"picked":"hierophant:Exaltation","floor":4},{"not_picked":["hierophant:DisplayOfPower","hierophant:Zeal"],"picked":"hierophant:HammerAndAnvil","floor":5},{"not_picked":["hierophant:DisplayOfPower","hierophant:AuricForm"],"picked":"hierophant:FieryStrike","floor":8},{"not_picked":["hierophant:Purify","hierophant:ThreeLashes"],"picked":"hierophant:RustyCrate","floor":11}],"player_experience":191600,"relics_obtained":[{"floor":4,"key":"hubris:ToyBattleship"},{"floor":9,"key":"hubris:Reverence"}],"event_choices":[{"damage_healed":0,"gold_gain":0,"player_choice":"Argue","damage_taken":0,"max_hp_gain":0,"max_hp_loss":0,"event_name":"conspire:LoneGhost","floor":2,"gold_loss":0},{"damage_healed":0,"gold_gain":100,"player_choice":"Pray","damage_taken":0,"max_hp_gain":0,"max_hp_loss":0,"event_name":"Golden Shrine","floor":7,"gold_loss":0},{"damage_healed":0,"gold_gain":0,"player_choice":"Got Potions","damage_taken":0,"max_hp_gain":0,"max_hp_loss":0,"event_name":"Lab","floor":10,"gold_loss":0}],"is_beta":false,"boss_relics":[],"items_purged_floors":[],"is_endless":false,"potions_floor_spawned":[5,8],"killed_by":"Gremlin Nob","ascension_level":0}}