{"host":"d9m9v0h6vo0edadb","time":1608879216,"event":{"mods":["BaseMod","Hermit","Keyboard Shortcuts","Minty Spire (QoL Compilation)","StSLib","SuperFastMode","The Cursed"],"gold_per_floor":[116,116,116,41,41,74,74,107,153,153,67,111,129,148,148,244,244,268,292,112,147,163,163,179,179,179],"floor_reached":25,"playtime":482,"items_purged":["Strike_G","Strike_G"],"score":538,"play_id":"5556c431-6d3b-4576-a3f0-75c81a435d0c","local_time":"20201225155336","is_ascension_mode":true,"campfire_choices":[{"data":"Blade Dance","floor":7.0,"key":"SMITH"},{"data":"Flechettes","floor":10.0,"key":"SMITH"},{"data":"Phantasmal Killer","floor":15.0,"key":"SMITH"},{"floor":23.0,"key":"REST"}],"circlet_count":0,"master_deck":["AscendersBane","Defend_G+1","Defend_G","Defend_G","Defend_G","Defend_G+1","Survivor","Neutralize","Flechettes+1","After Image","Blade Dance+1","After Image","Infinite Blades","Phantasmal Killer+1","PiercingWail","Storm of Steel","Acrobatics+1","Accuracy","Accuracy","Reflex"],"relics":["Ring of the Snake","NeowsBlessing","Golden Idol","Strawberry","Bag of Preparation","Juzu Bracelet","War Paint","Empty Cage","Red Mask"],"acts_visited":["Exordium","TheCity"],"potions_floor_usage":[25],"damage_taken":[{"damage":0.0,"enemies":"Small Slimes","floor":1.0,"turns":1.0},{"damage":0.0,"enemies":"Gremlin Nob","floor":6.0,"turns":1.0},{"damage":0.0,"enemies":"Lagavulin","floor":8.0,"turns":1.0},{"damage":12.0,"enemies":"3 Sentries","floor":12.0,"turns":8.0},{"damage":0.0,"enemies":"Jaw Worm","floor":13.0,"turns":1.0},{"damage":0.0,"enemies":"Cultist","floor":14.0,"turns":4.0},{"damage":14.0,"enemies":"The Guardian","floor":16.0,"turns":12.0},{"damage":16.0,"enemies":"3 Byrds","floor":18.0,"turns":9.0},{"damage":6.0,"enemies":"Chosen","floor":19.0,"turns":4.0},{"damage":20.0,"enemies":"Masked Bandits","floor":21.0,"turns":4.0},{"damage":18.0,"enemies":"Snecko","floor":22.0,"turns":6.0},{"damage":0.0,"enemies":"Snake Plant","floor":24.0,"turns":6.0},{"damage":32,"enemies":"Book of Stabbing","floor":25,"turns":5}],"seed_played":"8585173749391841029","potions_obtained":[{"floor":6.0,"key":"Ancient Potion"},{"floor":8.0,"key":"BlessingOfTheForge"},{"floor":18.0,"key":"Fruit Juice"},{"floor":19.0,"key":"SpeedPotion"}],"is_trial":false,"path_per_floor":["M","?","?","$","?","E","R","E","T","R","$","E","M","M","R","B",null,"M","M","$","?","M","R","M","E"],"character_chosen":"THE_SILENT","items_purchased":["Infinite Blades","Accuracy"],"campfire_rested":1,"item_purchase_floors":[11,20],"current_hp_per_floor":[59,59,59,59,59,66,66,66,66,66,66,54,54,54,54,40,60,44,43,43,23,5,26,26,0,0],"gold":179,"neow_bonus":"THREE_ENEMY_KILL","is_daily":false,"chose_seed":false,"campfire_upgraded":3,"win_rate":0.0,"timestamp":1608879216,"path_taken":["M","?","?","$","?","E","R","E","T","R","$","E","M","M","R","BOSS","M","M","$","?","M","R","M","E"],"items_purchased_type":["Card","Card"],"build_version":"2020-12-22","purchased_purges":2,"victory":false,"max_hp_per_floor":[66,66,60,60,60,67,67,67,67,67,67,67,67,67,67,67,67,67,72,72,72,72,72,72,72,72],"card_choices":[{"not_picked":["Deadly Poison","Quick Slash"],"picked":"Flechettes","floor":1.0},{"not_picked":["Backflip","Eviscerate"],"picked":"Blade Dance","floor":6.0},{"not_picked":["Blade Dance","Backflip"],"picked":"After Image","floor":8.0},{"not_picked":["Acrobatics","Outmaneuver"],"picked":"Phantasmal Killer","floor":12.0},{"not_picked":["Choke","Poisoned Stab","Dagger Throw"],"picked":"SKIP","floor":13.0},{"not_picked":["Masterful Stab","Outmaneuver"],"picked":"PiercingWail","floor":14.0},{"not_picked":["Phantasmal Killer","Tools of the Trade"],"picked":"Storm of Steel","floor":16.0},{"not_picked":["Quick Slash","Bane"],"picked":"Acrobatics+1","floor":18.0},{"not_picked":["Deflect","Footwork+1"],"picked":"Accuracy","floor":19.0},{"not_picked":["Flying Knee","Dagger Throw+1","Flechettes"],"picked":"SKIP","floor":22.0},{"not_picked":["Deflect","Acrobatics"],"picked":"Reflex","floor":24.0}],"player_experience":941647,"relics_obtained":[{"floor":6.0,"key":"Strawberry"},{"floor":8.0,"key":"Bag of Preparation"},{"floor":9.0,"key":"Juzu Bracelet"},{"floor":12.0,"key":"War Paint"},{"floor":21.0,"key":"Red Mask"}],"event_choices":[{"damage_healed":0.0,"max_hp_gain":0.0,"max_hp_loss":0.0,"gold_gain":0.0,"cards_transformed":["Strike_G"],"event_name":"Living Wall","player_choice":"Change","floor":2.0,"gold_loss":0.0,"damage_taken":0.0,"cards_obtained":["After Image"]},{"damage_healed":0.0,"max_hp_gain":0.0,"max_hp_loss":6.0,"gold_gain":0.0,"event_name":"Golden Idol","player_choice":"Lose Max HP","floor":3.0,"gold_loss":0.0,"damage_taken":0.0,"relics_obtained":["Golden Idol"]},{"damage_healed":0.0,"max_hp_gain":0.0,"max_hp_loss":0.0,"gold_gain":0.0,"event_name":"The Cleric","player_choice":"Leave","floor":5.0,"gold_loss":0.0,"damage_taken":0.0},{"damage_healed":0.0,"max_hp_gain":0.0,"max_hp_loss":0.0,"gold_gain":0.0,"event_name":"Masked Bandits","player_choice":"Fought Bandits","floor":21.0,"gold_loss":0.0,"damage_taken":0.0}],"is_beta":false,"boss_relics":[{"not_picked":["Runic Dome","Busted Crown"],"picked":"Empty Cage"}],"items_purged_floors":[4,20],"is_endless":false,"potions_floor_spawned":[6,8,18,19],"killed_by":"Book of Stabbing","ascension_level":20}}