{"host":"so437kwitdq4epbi","time":1608892576,"event":{"mods":["AchievementEnabler","BaseMod","Decade(王小明)","Friendly Minions","Gremlin Mod","KinomotoSakuraMod(木之本樱)","Koishi","KomeijiMod","Lobotomy","LobotomyExtend","Marisa（F雨　魔理沙）","Minty Spire (QoL Compilation)","Quick Restart","READ ME - Snecko Mod","Replay The Spire","StSLib","The Alterego","The Bladedancer","The Bug Knight","The Construct","The Hierophant","The Mystic","The Poker Player","The Runesmith","Yuyuko","[IsaacMod]以撒尖塔","vexMod"],"gold_per_floor":[113,133,148,128,138,138,171,48,48,68,86,101,161,181,181,285,285,271,291,309,309,71,71,71],"floor_reached":23,"playtime":2606,"items_purged":[],"score":197,"play_id":"1f198bcb-f399-4595-bdab-91013c1c3f92","local_time":"20201225183616","is_ascension_mode":false,"campfire_choices":[{"floor":6,"key":"RECALL"},{"floor":15,"key":"REST"}],"circlet_count":0,"master_deck":["Runesmith:Strike_RS","Runesmith:Strike_RS","Runesmith:Strike_RS","Runesmith:Strike_RS","Runesmith:Defend_RS","Runesmith:Defend_RS","Runesmith:Defend_RS","Runesmith:Defend_RS","Runesmith:CraftFirestone","Runesmith:Fortify","Runesmith:Duplicate","Runesmith:CraftProtectio","Runesmith:EnergizedChisel","Runesmith:HammerThrow","Runesmith:ChiselStab","Runesmith:BackupBattery","Runesmith:LithiumIon","Runesmith:HammerThrow","Runesmith:HammerAndChisel","Runesmith:CraftIncendium","Runesmith:HammerTime","Runesmith:Superposition","Runesmith:CraftPrismatica","Runesmith:UnlimitedPower","Runesmith:CraftVitae","Runesmith:EarthShield","Runesmith:EarthShield+1","Runesmith:Firestorm","Runesmith:Firewall"],"relics":["Runesmith:BrokenRuby","HushsDoor","HowToJump","LetterFromLob","BelialBook","Meat on the Bone","Potion Belt","Runic Pyramid","Replay:Wax Seal"],"acts_visited":["Exordium","TheCity"],"potions_floor_usage":[7,12],"damage_taken":[{"damage":1,"enemies":"2 Louse","floor":1,"turns":3},{"damage":9,"enemies":"Cultist","floor":2,"turns":4},{"damage":2,"enemies":"Small Slimes","floor":3,"turns":5},{"damage":7,"enemies":"2 Fungi Beasts","floor":5,"turns":4},{"damage":30,"enemies":"3 Sentries","floor":7,"turns":7},{"damage":0,"enemies":"Exordium Wildlife","floor":10,"turns":4},{"damage":12,"enemies":"Blue Slaver","floor":11,"turns":4},{"damage":4,"enemies":"3 Louse","floor":12,"turns":2},{"damage":13,"enemies":"Lagavulin Event","floor":13,"turns":5},{"damage":0,"enemies":"Exordium Wildlife","floor":14,"turns":2},{"damage":21,"enemies":"Slime Boss","floor":16,"turns":9},{"damage":17,"enemies":"2 Thieves","floor":18,"turns":4},{"damage":6,"enemies":"Chosen","floor":19,"turns":5},{"damage":15,"enemies":"Centurion and Healer","floor":20,"turns":9},{"damage":27,"enemies":"Book of Stabbing","floor":23,"turns":5}],"seed_played":"-1658282097456155142","potions_obtained":[{"floor":3,"key":"AttackPotion"},{"floor":4,"key":"SpeedPotion"},{"floor":5,"key":"Block Potion"},{"floor":10,"key":"Fire Potion"},{"floor":14,"key":"SpeedPotion"},{"floor":16,"key":"Explosive Potion"}],"is_trial":false,"path_per_floor":["M","M","M","?","M","R","E","$","T","M","M","M","?","M","R","B",null,"M","M","M","?","$","E"],"character_chosen":"RUNESMITH_CLASS","items_purchased":["Runesmith:LithiumIon","Runesmith:HammerThrow","Runesmith:Firestorm","Replay:Wax Seal","Runesmith:Firewall"],"campfire_rested":1,"item_purchase_floors":[8,8,22,22,22],"current_hp_per_floor":[69,60,58,58,51,51,21,21,21,33,33,41,40,40,61,40,70,53,47,44,44,44,17,17],"gold":71,"neow_bonus":"ONE_RANDOM_RARE_CARD","is_daily":false,"chose_seed":false,"campfire_upgraded":0,"win_rate":0.0,"timestamp":1608892576,"path_taken":["M","M","M","?","M","R","E","$","T","M","M","M","?","M","R","BOSS","M","M","M","?","$","E"],"items_purchased_type":["Card","Card","Card","Relic","Card"],"build_version":"2020-12-22","purchased_purges":0,"victory":false,"max_hp_per_floor":[70,70,70,70,70,70,70,70,70,70,70,70,70,70,70,70,70,70,70,70,70,70,70,70],"card_choices":[{"not_picked":[],"picked":"Bomb","floor":0},{"not_picked":["Runesmith:OneForEveryone","Runesmith:StaticCage"],"picked":"Runesmith:CraftProtectio","floor":1},{"not_picked":["Runesmith:Reinforce","Runesmith:CraftIncendium"],"picked":"Runesmith:EnergizedChisel","floor":2},{"not_picked":["Runesmith:MakeshiftArmor","Runesmith:CraftIncendium"],"picked":"Runesmith:HammerThrow","floor":3},{"not_picked":["Runesmith:Electrocute","Bomb"],"picked":"Runesmith:ChiselStab","floor":5},{"not_picked":["Runesmith:HeatExchange","Runesmith:FrozenChisel"],"picked":"Runesmith:BackupBattery","floor":7},{"not_picked":["Bomb","Runesmith:MakeshiftArmor"],"picked":"Runesmith:HammerAndChisel","floor":10},{"not_picked":["Runesmith:Prism","Runesmith:Overpower"],"picked":"Runesmith:CraftIncendium","floor":11},{"not_picked":["Runesmith:Retool","Runesmith:ShiftingStrike"],"picked":"Runesmith:HammerTime","floor":12},{"not_picked":["Runesmith:Augment","Runesmith:Overpower"],"picked":"Runesmith:Superposition","floor":13},{"not_picked":["Runesmith:RunicBlueprint","Runesmith:Discharge"],"picked":"Runesmith:CraftPrismatica","floor":14},{"not_picked":["Runesmith:CraftPrismatica","Runesmith:CraftIndustria"],"picked":"Runesmith:UnlimitedPower","floor":16},{"not_picked":["Runesmith:ChiselStab+1","Runesmith:HeatedChisel"],"picked":"Runesmith:CraftVitae","floor":18},{"not_picked":["Runesmith:ShiftingStrike","Runesmith:ChaoticBlast"],"picked":"Runesmith:EarthShield","floor":19},{"not_picked":["Runesmith:HeatExchange","Runesmith:HeatedChisel"],"picked":"Runesmith:EarthShield+1","floor":20}],"player_experience":109794,"relics_obtained":[{"floor":1,"key":"LetterFromLob"},{"floor":7,"key":"BelialBook"},{"floor":9,"key":"Meat on the Bone"},{"floor":13,"key":"Potion Belt"}],"event_choices":[{"damage_healed":0,"gold_gain":0,"player_choice":"Bought 1 Potion","damage_taken":0,"max_hp_gain":0,"max_hp_loss":0,"event_name":"The Woman in Blue","floor":4,"gold_loss":0},{"damage_healed":0,"gold_gain":0,"player_choice":"Searched \u00271\u0027 times","damage_taken":0,"max_hp_gain":0,"max_hp_loss":0,"event_name":"Dead Adventurer","floor":13,"gold_loss":0},{"damage_healed":0,"gold_gain":0,"player_choice":"Ignored","damage_taken":0,"max_hp_gain":0,"max_hp_loss":0,"event_name":"Ghosts","floor":21,"gold_loss":0}],"is_beta":false,"boss_relics":[{"not_picked":["Astrolabe","Fusion Hammer"],"picked":"Runic Pyramid"},{"not_picked":[]}],"items_purged_floors":[],"is_endless":false,"potions_floor_spawned":[3,5,10,11,14,16],"killed_by":"Book of Stabbing","ascension_level":0}}