{"host":"tiwza2kisyyrpq7h","time":1608914192,"event":{"mods":["BaseMod","Better-Laid Plans","BetterRewards","Colored Powertips","Downfall","Minty Spire (QoL Compilation)","Quick Restart","Rare Cards Sparkle","Shop Mod","StSLib","SuperFastMode","The Servant 0.9.4","óô»ðÖ¸ÄÏ"],"gold_per_floor":[99,116,116,135,235,235,259,109,128,147,159,159,186,206,220,322,322,73,93,93,106,106,5,56,67,96,96,129,129,129,129],"floor_reached":29,"playtime":1622,"items_purged":["Slimebound:Defend_Slimebound"],"score":348,"play_id":"c28fecb9-8fba-4eee-b1ba-a47ecf0b08ab","local_time":"20201226003632","is_ascension_mode":true,"campfire_choices":[{"data":"Slimebound:Split","floor":1,"key":"SMITH"},{"floor":6,"key":"RECALL"},{"data":"Slimebound:Chomp","floor":8,"key":"SMITH"},{"data":"Slimebound:DuplicatedForm","floor":12,"key":"SMITH"}],"circlet_count":0,"master_deck":["Slimebound:Tackle","Slimebound:Defend_Slimebound","Slimebound:Split+1","Slimebound:CorrosiveSpit","Slimebound:ForwardTackle","Slimebound:DisruptingSlam+1","Slimebound:Prepare","Slimebound:Chomp+1","Slimebound:DuplicatedForm+1","Slimebound:FirmFortitude","Slimebound:SelfFormingGoo","Slimebound:MegaLick","Slimebound:GoopSpray","Slimebound:MassFeed","Master of Strategy","Slimebound:LeechingTouch","Slimebound:CheckThePlaybook","Slimebound:Repurpose","Slimebound:HungryTackle+1","Panacea","Slimebound:RainOfGoop","Slimebound:AcidTongue+1","Slimebound:LeadByExample","Slimebound:Gluttony"],"relics":["Slimebound:AbsorbEndCombat","downfall:ShatteredFragment","downfall:HeartBlessingBlue","downfall:HeartBlessingRed","Bronze Scales","SlaversCollar","Toy Ornithopter","Bag of Preparation","Dream Catcher"],"acts_visited":["Exordium","TheCity"],"potions_floor_usage":[5,5,5,13,16,21,23,26,26,28],"damage_taken":[{"damage":12,"enemies":"Cultist","floor":2,"turns":4},{"damage":11,"enemies":"Jaw Worm","floor":4,"turns":3},{"damage":20,"enemies":"downfall:Heads","floor":5,"turns":3},{"damage":9,"enemies":"Small Slimes","floor":9,"turns":2},{"damage":15,"enemies":"Exordium Wildlife","floor":10,"turns":3},{"damage":14,"enemies":"3 Louse","floor":11,"turns":2},{"damage":8,"enemies":"Lagavulin","floor":13,"turns":5},{"damage":18,"enemies":"Large Slime","floor":14,"turns":3},{"damage":12,"enemies":"Gremlin Gang","floor":15,"turns":3},{"damage":18,"enemies":"downfall:Silent","floor":16,"turns":6},{"damage":11,"enemies":"Chosen","floor":19,"turns":3},{"damage":16,"enemies":"3 Byrds","floor":21,"turns":2},{"damage":21,"enemies":"downfall:FleeingMerchant","floor":23,"turns":4},{"damage":24,"enemies":"Cultist and Chosen","floor":25,"turns":4},{"damage":29,"enemies":"Slavers","floor":26,"turns":2},{"damage":53,"enemies":"Book of Stabbing","floor":28,"turns":4},{"damage":21,"enemies":"Centurion and Healer","floor":29,"turns":2}],"seed_played":"-3428263351876092045","potions_obtained":[{"floor":2,"key":"EntropicBrew"},{"floor":4,"key":"Fire Potion"},{"floor":11,"key":"Ancient Potion"},{"floor":15,"key":"GamblersBrew"},{"floor":16,"key":"Explosive Potion"},{"floor":21,"key":"Weak Potion"},{"floor":25,"key":"DistilledChaos"}],"is_trial":false,"path_per_floor":["R","M","?","M","?","R","T","R","M","M","M","R","E","M","M","B",null,"R","M","?","M","?","$","T","M","E","?","E","M"],"character_chosen":"SLIMEBOUND","items_purchased":["Master of Strategy","Panacea"],"campfire_rested":0,"item_purchase_floors":[18,23],"current_hp_per_floor":[42,44,26,31,21,21,21,31,32,29,25,25,31,25,29,36,70,70,70,46,42,42,64,64,48,43,43,15,0,0,0],"gold":129,"neow_bonus":"REMOVE_TWO","is_daily":false,"chose_seed":false,"campfire_upgraded":3,"win_rate":0.0,"timestamp":1608914192,"path_taken":["R","M","?","M","?","R","T","R","M","M","M","R","E","M","M","BOSS","R","M","?","M","?","?","T","M","E","?","E","?"],"items_purchased_type":["Card","Card"],"build_version":"2020-12-22","purchased_purges":1,"victory":false,"max_hp_per_floor":[60,60,60,60,60,60,60,70,70,70,70,70,70,70,70,70,70,70,70,70,70,70,70,70,70,70,70,70,70,70,70],"card_choices":[{"not_picked":["Slimebound:Equalize","Slimebound:Schlurp"],"picked":"Slimebound:ForwardTackle","floor":2},{"not_picked":["Slimebound:SplitBruiser","Slimebound:GrowthPunch"],"picked":"Slimebound:DisruptingSlam","floor":4},{"not_picked":["Slimebound:SamplingLick","Slimebound:SplitBruiser"],"picked":"Slimebound:Chomp","floor":5},{"not_picked":["Slimebound:Schlurp","Slimebound:TongueLash","Slimebound:ComboTackle"],"picked":"SKIP","floor":9},{"not_picked":["Slimebound:Schlurp","Slimebound:TongueLash","Slimebound:ComboTackle"],"picked":"SKIP","floor":9},{"not_picked":["Slimebound:SlimeTap","Slimebound:RollThrough"],"picked":"Slimebound:DuplicatedForm","floor":10},{"not_picked":["Slimebound:GoopSpray","Slimebound:Schlurp"],"picked":"Slimebound:FirmFortitude","floor":11},{"not_picked":["Slimebound:LivingWall","Slimebound:LeechingTouch"],"picked":"Slimebound:SelfFormingGoo","floor":13},{"not_picked":["Slimebound:GrowthPunch","Slimebound:FinishingTackle"],"picked":"Slimebound:MegaLick","floor":14},{"not_picked":["Slimebound:LeechingTouch","Slimebound:RollThrough"],"picked":"Slimebound:GoopSpray","floor":15},{"not_picked":["Slimebound:SlimeSlap","Slimebound:DouseInSlime"],"picked":"Slimebound:MassFeed","floor":16},{"not_picked":["Slimebound:PressTheAttack","Slimebound:Schlurp"],"picked":"Slimebound:LeechingTouch","floor":19},{"not_picked":["Slimebound:LeechEnergy","Slimebound:ProtectTheBoss"],"picked":"Slimebound:Repurpose","floor":21},{"not_picked":["Slimebound:DouseInSlime","Slimebound:PressTheAttack"],"picked":"Slimebound:HungryTackle+1","floor":23},{"not_picked":["Slimebound:FinishingTackle","Slimebound:Schlurp"],"picked":"Slimebound:RainOfGoop","floor":25},{"not_picked":["Slimebound:PressTheAttack+1","Slimebound:SplitAcid"],"picked":"Slimebound:AcidTongue+1","floor":26},{"not_picked":["Slimebound:SplitMire","Slimebound:SplitBruiser"],"picked":"Slimebound:Gluttony","floor":28}],"player_experience":930775,"relics_obtained":[{"floor":13,"key":"Bronze Scales"},{"floor":24,"key":"Toy Ornithopter"},{"floor":26,"key":"Bag of Preparation"},{"floor":28,"key":"Dream Catcher"}],"event_choices":[{"cards_removed":["Slimebound:Defend_Slimebound"],"damage_healed":0,"gold_gain":0,"player_choice":"Elegance","damage_taken":0,"max_hp_gain":0,"max_hp_loss":0,"event_name":"Back to Basics","floor":22,"gold_loss":0},{"damage_healed":0,"gold_gain":0,"player_choice":"Read","damage_taken":0,"max_hp_gain":0,"max_hp_loss":0,"event_name":"The Library","floor":27,"gold_loss":0,"cards_obtained":["Slimebound:LeadByExample"]}],"is_beta":false,"boss_relics":[{"not_picked":["Tiny House","Runic Dome"],"picked":"SlaversCollar"}],"items_purged_floors":[18],"is_endless":false,"potions_floor_spawned":[2,4,11,15,16,19,21,25],"killed_by":"Centurion and Healer","ascension_level":4}}