{"host":"obza8r4x8ovwwhn2","time":1608881121,"event":{"mods":["BaseMod","BetterRewards","Colored Map","Downfall","Highlight Path","Minty Spire (QoL Compilation)","Permanent Neow","Quick Restart","Replay The Spire","Shop Mod","StSLib","SuperFastMode"],"gold_per_floor":[99,114,132,132,3,3,27,27,44,29,40,40,40,40],"floor_reached":12,"playtime":840,"items_purged":["Regret"],"score":68,"play_id":"b0d3581e-49e8-4cbf-975b-f823a475d10f","local_time":"20201224232521","is_ascension_mode":false,"campfire_choices":[{"floor":6,"key":"RECALL"}],"circlet_count":0,"master_deck":["champ:Strike","champ:Strike","champ:Strike+1","champ:Defend","champ:Defend+1","champ:Defend","champ:Defend","champ:Execute","champ:Taunt+1","champ:DancingMaster+1","champ:FlashCut","champ:PreciseThrust","champ:IronFortress","champ:DeathBlow","champ:AdrenalArmor","champ:BerserkersShout","champ:CrookedStrike","champ:PerfectedStrike"],"relics":["champ:ChampionCrown"],"acts_visited":["Exordium"],"potions_floor_usage":[12],"damage_taken":[{"damage":8,"enemies":"Small Slimes","floor":2,"turns":6},{"damage":7,"enemies":"2 Louse","floor":3,"turns":4},{"damage":9,"enemies":"downfall:FleeingMerchant","floor":5,"turns":4},{"damage":5,"enemies":"Cultist","floor":9,"turns":4},{"damage":17,"enemies":"downfall:FleeingMerchant","floor":10,"turns":4},{"damage":15,"enemies":"Lots of Slimes","floor":11,"turns":2},{"damage":81,"enemies":"Gremlin Nob","floor":12,"turns":5}],"seed_played":"249436368727170224","potions_obtained":[{"floor":3,"key":"Weak Potion"},{"floor":9,"key":"Dexterity Potion"}],"is_trial":false,"path_per_floor":["R_BF","M","M","?","$","R","T","?","M","$","M","E"],"character_chosen":"THE_CHAMP","items_purchased":["champ:DeathBlow"],"campfire_rested":0,"item_purchase_floors":[5],"current_hp_per_floor":[90,87,85,85,81,81,81,81,80,80,75,0,0,0],"gold":40,"neow_bonus":"THREE_RARE_CARDS","is_daily":false,"chose_seed":false,"campfire_upgraded":0,"win_rate":0.0,"timestamp":1608881121,"path_taken":["R_BF","M","M","?","$","R","T","?","?","$","M","E"],"items_purchased_type":["Card"],"build_version":"2020-12-22","purchased_purges":1,"victory":false,"max_hp_per_floor":[90,90,90,90,90,90,90,90,90,90,90,90,90,90],"card_choices":[{"not_picked":["champ:VampiricStrike","champ:ShieldThrow"],"picked":"champ:DancingMaster","floor":0},{"not_picked":["champ:EndlessRage","champ:DefensiveShout"],"picked":"champ:FlashCut","floor":2},{"not_picked":["champ:FaceSlap","champ:Shatter"],"picked":"champ:PreciseThrust","floor":3},{"not_picked":["champ:BringItOn","champ:FlashCut"],"picked":"champ:IronFortress","floor":5},{"not_picked":["champ:FightOn","champ:IronFortress"],"picked":"champ:BerserkersShout","floor":9},{"not_picked":["champ:DefensiveShout","champ:AdrenalArmor"],"picked":"champ:CrookedStrike","floor":10},{"not_picked":["champ:EnragedBash","champ:BerserkersShout"],"picked":"champ:PerfectedStrike","floor":11}],"player_experience":596909,"relics_obtained":[],"event_choices":[{"damage_healed":0,"gold_gain":0,"cards_transformed":["champ:Strike"],"player_choice":"Transformed","damage_taken":0,"max_hp_gain":0,"max_hp_loss":0,"event_name":"Transmorgrifier","floor":8,"gold_loss":0,"cards_obtained":["champ:AdrenalArmor"]}],"is_beta":false,"boss_relics":[],"items_purged_floors":[5],"is_endless":false,"potions_floor_spawned":[3,9],"killed_by":"Gremlin Nob","ascension_level":0}}