{"host":"ec09novo68szpe7d","time":1608934273,"event":{"mods":["AchievementEnabler","BaseMod","Bestiary","Minty Spire (QoL Compilation)","StSLib"],"gold_per_floor":[114,114,129,144,159,189,204,234,234,264,279,309,309,324,324,424,424,439,439,71,71,24,24,54,69,119,158,257,296,320,359,359,468,468,483,258,258,258,258,288,303,342,367,367,397,222,252,52,52,52],"floor_reached":51,"playtime":3095,"items_purged":[],"score":1444,"play_id":"72a212ae-93bd-4504-8c82-869ab0bf1321","local_time":"20201225231113","daily_mods":["Draft","Hoarder","Elite Swarm"],"is_ascension_mode":false,"campfire_choices":[{"floor":13.0,"key":"REST"},{"data":"Limit Break","floor":15.0,"key":"SMITH"},{"data":"Limit Break","floor":23.0,"key":"SMITH"},{"floor":32.0,"key":"REST"},{"data":"Brutality","floor":44,"key":"SMITH"},{"data":"Brutality","floor":49,"key":"SMITH"}],"circlet_count":0,"master_deck":["Iron Wave+1","Iron Wave+1","Iron Wave+1","Seeing Red+1","Seeing Red+1","Seeing Red+1","Flame Barrier+1","Flame Barrier+1","Flame Barrier+1","Heavy Blade+1","Heavy Blade+1","Heavy Blade+1","Heavy Blade+1","Heavy Blade+1","Heavy Blade+1","Heavy Blade+1","Heavy Blade+1","Heavy Blade+1","Heavy Blade+1","Heavy Blade+1","Flex+1","Flex+1","Flex+1","Seeing Red+1","Seeing Red+1","Seeing Red+1","Armaments+1","Armaments+1","Armaments+1","Seeing Red+1","Seeing Red+1","Seeing Red+1","Dropkick+1","Dropkick+1","Dropkick+1","Havoc+1","Havoc+1","Havoc+1","Disarm+1","Disarm+1","Disarm+1","Rupture+1","Rupture+1","Rupture+1","Combust+1","Combust+1","Combust+1","Decay","Decay","Limit Break+1","Limit Break+1","Limit Break+1","Limit Break+1","Limit Break+1","Limit Break+1","Limit Break+1","Limit Break+1","Limit Break+1","Impervious+1","Impervious+1","Impervious+1","Flex+1","Flex+1","Flex+1","Limit Break+1","Limit Break+1","Limit Break+1","Bandage Up+1","Bandage Up+1","Bandage Up+1","Hemokinesis+1","Hemokinesis+1","Hemokinesis+1","Flex+1","Flex+1","Flex+1","Offering+1","Offering+1","Offering+1","Limit Break+1","Limit Break+1","Limit Break+1","Corruption+1","Corruption+1","Corruption+1","Shrug It Off+1","Shrug It Off+1","Shrug It Off+1","Limit Break+1","Limit Break+1","Limit Break+1","Offering+1","Offering+1","Offering+1","Brutality+1","Brutality+1","Brutality"],"relics":["Burning Blood","Vajra","Potion Belt","Pear","InkBottle","Red Skull","Black Star","Membership Card","Ancient Tea Set","Juzu Bracelet","Centennial Puzzle","HornCleat","CeramicFish","Magic Flower","CaptainsWheel","Blue Candle","Bronze Scales","Orichalcum","Du-Vu Doll","Busted Crown","Sling","Bag of Preparation","Toy Ornithopter","Mark of the Bloom","Torii","Anchor","Lizard Tail","Charon\u0027s Ashes","Whetstone","Strawberry","White Beast Statue","Self Forming Clay","Mummified Hand","Kunai","Bottled Lightning","OrangePellets"],"acts_visited":["Exordium","TheCity","TheBeyond"],"potions_floor_usage":[33,33,33,42],"damage_taken":[{"damage":0.0,"enemies":"Small Slimes","floor":1.0,"turns":3.0},{"damage":0.0,"enemies":"Cultist","floor":3.0,"turns":4.0},{"damage":0.0,"enemies":"2 Louse","floor":4.0,"turns":2.0},{"damage":9.0,"enemies":"Large Slime","floor":5.0,"turns":7.0},{"damage":25.0,"enemies":"3 Sentries","floor":6.0,"turns":6.0},{"damage":16.0,"enemies":"Exordium Wildlife","floor":7.0,"turns":4.0},{"damage":4.0,"enemies":"Gremlin Nob","floor":8.0,"turns":2.0},{"damage":28.0,"enemies":"Lagavulin","floor":10.0,"turns":8.0},{"damage":2.0,"enemies":"Blue Slaver","floor":11.0,"turns":5.0},{"damage":27.0,"enemies":"Gremlin Nob","floor":12.0,"turns":4.0},{"damage":13.0,"enemies":"Exordium Thugs","floor":14.0,"turns":5.0},{"damage":1.0,"enemies":"Slime Boss","floor":16.0,"turns":3.0},{"damage":10.0,"enemies":"Shell Parasite","floor":18.0,"turns":3.0},{"damage":18.0,"enemies":"Gremlin Leader","floor":24.0,"turns":5.0},{"damage":6.0,"enemies":"Spheric Guardian","floor":25.0,"turns":1.0},{"damage":44.0,"enemies":"Book of Stabbing","floor":27.0,"turns":5.0},{"damage":31.0,"enemies":"Slavers","floor":29.0,"turns":7.0},{"damage":8.0,"enemies":"3 Cultists","floor":30.0,"turns":5.0},{"damage":6.0,"enemies":"Book of Stabbing","floor":31.0,"turns":3.0},{"damage":6,"enemies":"Champ","floor":33,"turns":1},{"damage":18,"enemies":"3 Darklings","floor":35,"turns":6},{"damage":0,"enemies":"Reptomancer","floor":40,"turns":2},{"damage":0,"enemies":"Orb Walker","floor":41,"turns":1},{"damage":2,"enemies":"Nemesis","floor":42,"turns":3},{"damage":0,"enemies":"Reptomancer","floor":45,"turns":1},{"damage":9,"enemies":"Giant Head","floor":47,"turns":5},{"damage":6,"enemies":"Donu and Deca","floor":50,"turns":1}],"seed_played":"-567031674859551473","potions_obtained":[{"floor":4.0,"key":"SteroidPotion"},{"floor":5.0,"key":"ColorlessPotion"},{"floor":6.0,"key":"Energy Potion"},{"floor":10.0,"key":"FearPotion"},{"floor":11.0,"key":"Regen Potion"},{"floor":14.0,"key":"Block Potion"},{"floor":24.0,"key":"FearPotion"},{"floor":25.0,"key":"Strength Potion"},{"floor":29.0,"key":"Block Potion"},{"floor":33,"key":"SkillPotion"},{"floor":35,"key":"Swift Potion"},{"floor":42,"key":"EssenceOfSteel"}],"is_trial":false,"path_per_floor":["M","?","M","M","M","E","M","E","T","E","M","E","R","M","R","B",null,"M","?","$","?","$","R","E","M","T","E","?","E","M","E","R","B",null,"M","$","?","?","?","E","M","E","T","R","E","$","E","$","R","B",null],"character_chosen":"IRONCLAD","items_purchased":["Membership Card","Ancient Tea Set","Juzu Bracelet","SteroidPotion","Bandage Up","Hemokinesis","Flex","Sling","Bag of Preparation","Toy Ornithopter","Self Forming Clay","SteroidPotion","Strength Potion","Bottled Lightning","OrangePellets"],"campfire_rested":2,"item_purchase_floors":[20,20,20,20,20,22,22,36,36,36,46,46,46,48,48],"current_hp_per_floor":[80,80,80,80,77,58,48,50,60,38,42,21,48,41,41,46,90,86,86,86,86,86,86,78,78,78,54,54,38,48,51,78,81,90,87,87,87,87,85,85,85,83,83,83,83,83,74,74,74,68],"gold":52,"neow_bonus":"","is_daily":true,"chose_seed":false,"campfire_upgraded":4,"win_rate":0.0,"timestamp":1608934273,"path_taken":["M","?","M","M","?","E","M","E","T","E","M","E","R","M","R","BOSS","M","?","$","?","$","R","E","M","T","E","?","E","M","E","R","BOSS","M","$","?","?","?","E","M","E","T","R","E","$","E","?","R","BOSS"],"items_purchased_type":["Relic","Relic","Relic","Potion","Card","Card","Card","Relic","Relic","Relic","Relic","Potion","Potion","Relic","Relic"],"build_version":"2020-12-22","purchased_purges":0,"victory":true,"max_hp_per_floor":[80,80,80,80,80,80,80,80,90,90,90,90,90,90,90,90,90,90,90,90,90,90,90,90,90,90,90,90,90,90,90,90,90,90,90,90,90,90,85,85,85,85,85,85,92,92,92,92,92,92],"card_choices":[{"not_picked":["Havoc","Warcry"],"picked":"Iron Wave","floor":0.0},{"not_picked":["Reckless Charge","Pommel Strike"],"picked":"Seeing Red","floor":0.0},{"not_picked":["Searing Blow","Thunderclap"],"picked":"Flame Barrier","floor":0.0},{"not_picked":["Sentinel","Iron Wave"],"picked":"Heavy Blade","floor":0.0},{"not_picked":["Clothesline","Bloodletting"],"picked":"Heavy Blade","floor":0.0},{"not_picked":["Dual Wield","Cleave"],"picked":"Heavy Blade","floor":0.0},{"not_picked":["Cleave","Clash"],"picked":"Heavy Blade","floor":0.0},{"not_picked":["Power Through","Shrug It Off"],"picked":"Flex","floor":0.0},{"not_picked":["Heavy Blade","Combust"],"picked":"Seeing Red","floor":0.0},{"not_picked":["Clash","Sword Boomerang"],"picked":"Armaments","floor":0.0},{"not_picked":["Thunderclap","Perfected Strike"],"picked":"Seeing Red","floor":0.0},{"not_picked":["Wild Strike","Dual Wield"],"picked":"Dropkick","floor":0.0},{"not_picked":["Iron Wave","Cleave"],"picked":"Havoc","floor":0.0},{"not_picked":["Havoc","Body Slam"],"picked":"Disarm","floor":0.0},{"not_picked":["Armaments","Clash"],"picked":"Rupture","floor":0.0},{"not_picked":["Thunderclap","Sentinel"],"picked":"Combust","floor":1.0},{"not_picked":["Entrench","Shrug It Off","Heavy Blade"],"picked":"SKIP","floor":3.0},{"not_picked":["Shrug It Off","Seeing Red","Heavy Blade"],"picked":"SKIP","floor":4.0},{"not_picked":["Clothesline","Searing Blow","Heavy Blade"],"picked":"SKIP","floor":5.0},{"not_picked":["Impervious","Exhume"],"picked":"Limit Break","floor":6.0},{"not_picked":["Clash","Thunderclap","Wild Strike"],"picked":"SKIP","floor":7.0},{"not_picked":["Reaper","Feed"],"picked":"Limit Break","floor":8.0},{"not_picked":["Brutality","Impervious"],"picked":"Limit Break","floor":10.0},{"not_picked":["Clothesline","Whirlwind","Dark Embrace"],"picked":"SKIP","floor":11.0},{"not_picked":["Immolate","Juggernaut"],"picked":"Impervious","floor":12.0},{"not_picked":["Pommel Strike","Seeing Red"],"picked":"Flex","floor":14.0},{"not_picked":["Fiend Fire","Reaper"],"picked":"Limit Break","floor":16.0},{"not_picked":["Disarm","Dual Wield+1","Sword Boomerang"],"picked":"SKIP","floor":18.0},{"not_picked":["Impervious","Barricade"],"picked":"Offering","floor":24.0},{"not_picked":["Pommel Strike","Iron Wave+1","Twin Strike+1"],"picked":"SKIP","floor":25.0},{"not_picked":["Juggernaut","Bludgeon"],"picked":"Limit Break","floor":27.0},{"not_picked":["Juggernaut","Brutality"],"picked":"Corruption","floor":29.0},{"not_picked":["Iron Wave","Clothesline"],"picked":"Shrug It Off+1","floor":30.0},{"not_picked":["Juggernaut","Corruption"],"picked":"Limit Break","floor":31.0},{"not_picked":["Feed","Fiend Fire"],"picked":"Offering","floor":33},{"not_picked":["Anger+1"],"picked":"SKIP","floor":35},{"not_picked":["Berserk"],"picked":"SKIP","floor":40},{"not_picked":["Body Slam+1"],"picked":"SKIP","floor":41},{"not_picked":[],"picked":"Brutality","floor":42},{"not_picked":["Offering"],"picked":"SKIP","floor":45},{"not_picked":["Bludgeon"],"picked":"SKIP","floor":47}],"player_experience":198242,"relics_obtained":[{"floor":6.0,"key":"Vajra"},{"floor":8.0,"key":"Potion Belt"},{"floor":9.0,"key":"Pear"},{"floor":10.0,"key":"InkBottle"},{"floor":12.0,"key":"Red Skull"},{"floor":24.0,"key":"Centennial Puzzle"},{"floor":24.0,"key":"HornCleat"},{"floor":26.0,"key":"CeramicFish"},{"floor":27.0,"key":"Magic Flower"},{"floor":27.0,"key":"CaptainsWheel"},{"floor":29.0,"key":"Blue Candle"},{"floor":29.0,"key":"Bronze Scales"},{"floor":31.0,"key":"Orichalcum"},{"floor":31.0,"key":"Du-Vu Doll"},{"floor":40,"key":"Torii"},{"floor":40,"key":"Anchor"},{"floor":42,"key":"Lizard Tail"},{"floor":42,"key":"Charon\u0027s Ashes"},{"floor":43,"key":"Whetstone"},{"floor":45,"key":"Strawberry"},{"floor":45,"key":"White Beast Statue"},{"floor":47,"key":"Mummified Hand"},{"floor":47,"key":"Kunai"}],"event_choices":[{"damage_healed":0.0,"max_hp_gain":0.0,"max_hp_loss":0.0,"gold_gain":0.0,"event_name":"Wheel of Change","player_choice":"Cursed","floor":2.0,"gold_loss":0.0,"damage_taken":0.0,"cards_obtained":["Decay"]},{"cards_removed":["Decay"],"damage_healed":0.0,"max_hp_gain":0.0,"max_hp_loss":0.0,"gold_gain":0.0,"event_name":"Back to Basics","player_choice":"Elegance","floor":19.0,"gold_loss":0.0,"damage_taken":0.0},{"damage_healed":0.0,"max_hp_gain":0.0,"max_hp_loss":0.0,"gold_gain":99.0,"event_name":"Nest","player_choice":"Stole From Cult","floor":28.0,"gold_loss":0.0,"damage_taken":0.0},{"cards_removed":["Heavy Blade"],"damage_healed":0,"gold_gain":0,"player_choice":"Removed Attack","damage_taken":0,"max_hp_gain":0,"max_hp_loss":0,"event_name":"Falling","floor":37,"gold_loss":0},{"damage_healed":0,"gold_gain":0,"player_choice":"Upgrade","damage_taken":0,"relics_obtained":["Mark of the Bloom"],"max_hp_gain":0,"max_hp_loss":0,"event_name":"MindBloom","floor":38,"gold_loss":0,"cards_upgraded":["Iron Wave","Iron Wave","Iron Wave","Seeing Red","Seeing Red","Seeing Red","Flame Barrier","Flame Barrier","Flame Barrier","Heavy Blade","Heavy Blade","Heavy Blade","Heavy Blade","Heavy Blade","Heavy Blade","Heavy Blade","Heavy Blade","Heavy Blade","Heavy Blade","Heavy Blade","Flex","Flex","Flex","Seeing Red","Seeing Red","Seeing Red","Armaments","Armaments","Armaments","Seeing Red","Seeing Red","Seeing Red","Dropkick","Dropkick","Dropkick","Havoc","Havoc","Havoc","Disarm","Disarm","Disarm","Rupture","Rupture","Rupture","Combust","Combust","Combust","Limit Break","Limit Break","Limit Break","Limit Break","Limit Break","Limit Break","Limit Break","Impervious","Impervious","Impervious","Flex","Flex","Flex","Limit Break","Limit Break","Limit Break","Bandage Up","Bandage Up","Bandage Up","Hemokinesis","Hemokinesis","Hemokinesis","Flex","Flex","Flex","Offering","Offering","Offering","Limit Break","Limit Break","Limit Break","Corruption","Corruption","Corruption","Limit Break","Limit Break","Limit Break","Offering","Offering","Offering"]},{"damage_healed":0,"gold_gain":0,"player_choice":"Max HP","damage_taken":0,"max_hp_gain":0,"max_hp_loss":5,"event_name":"Winding Halls","floor":39,"gold_loss":0}],"is_beta":false,"boss_relics":[{"not_picked":["SacredBark","Astrolabe"],"picked":"Black Star"},{"not_picked":["Cursed Key","Coffee Dripper"],"picked":"Busted Crown"}],"items_purged_floors":[],"is_endless":false,"potions_floor_spawned":[4,5,6,10,11,14,24,25,29,33,35,42,47],"ascension_level":0}}