{"host":"bq4pt811tk9yrmjl","time":1608940560,"event":{"mods":["AchievementEnabler","BaseMod","Colored Map","Colored Powertips","Defuse TimeMaze Blight","Minty Spire (QoL Compilation)","StSLib","SuperFastMode","UnlockEverythingMod"],"gold_per_floor":[119,119,119,146,2,2,29,29,29,29,29,53,101,117,117,117,117],"floor_reached":16,"playtime":175,"items_purged":[],"score":105,"play_id":"0e5b65aa-4b2b-4bf7-ba99-099ad2bdd803","local_time":"20201225215600","is_ascension_mode":true,"campfire_choices":[{"data":"Zap","floor":6,"key":"SMITH"},{"data":"Defragment","floor":8,"key":"SMITH"},{"floor":15,"key":"REST"}],"circlet_count":0,"master_deck":["Strike_B","Strike_B","Strike_B","Strike_B","Defend_B","Defend_B","Defend_B","Defend_B","Zap+1","Dualcast","Conserve Battery","Barrage","Defragment+1","Beam Cell","Reinforced Body"],"relics":["Cracked Core","NeowsBlessing","Golden Idol","CeramicFish","Lee\u0027s Waffle","FossilizedHelix"],"acts_visited":["Exordium"],"potions_floor_usage":[7],"damage_taken":[{"damage":0,"enemies":"2 Louse","floor":1,"turns":1},{"damage":0,"enemies":"Jaw Worm","floor":4,"turns":1},{"damage":0,"enemies":"Cultist","floor":7,"turns":1},{"damage":16,"enemies":"Exordium Wildlife","floor":12,"turns":4},{"damage":36,"enemies":"Gremlin Nob","floor":13,"turns":5},{"damage":0,"enemies":"Looter","floor":14,"turns":3},{"damage":0,"enemies":"Slime Boss","floor":16,"turns":5}],"seed_played":"3284808785859126874","potions_obtained":[{"floor":4,"key":"FairyPotion"},{"floor":7,"key":"Fruit Juice"},{"floor":14,"key":"Ancient Potion"}],"is_trial":false,"path_per_floor":["M","?","?","M","$","R","M","R","T","$","?","M","E","M","R","B"],"character_chosen":"DEFECT","items_purchased":["Lee\u0027s Waffle"],"campfire_rested":1,"item_purchase_floors":[5],"current_hp_per_floor":[75,57,39,39,82,82,87,87,87,87,87,71,35,35,61,61,61],"gold":117,"neow_bonus":"THREE_ENEMY_KILL","is_daily":false,"chose_seed":false,"campfire_upgraded":2,"win_rate":0.0,"timestamp":1608940560,"path_taken":["M","?","?","M","?","R","?","R","T","$","?","M","E","M","R","BOSS"],"items_purchased_type":["Relic"],"build_version":"2020-12-22","purchased_purges":0,"victory":false,"max_hp_per_floor":[75,75,75,75,82,82,87,87,87,87,87,87,87,87,87,87,87],"card_choices":[{"not_picked":["Leap","Hologram"],"picked":"Conserve Battery","floor":1},{"not_picked":["Rebound","Reprogram"],"picked":"Barrage","floor":4},{"not_picked":["Rebound","White Noise"],"picked":"Defragment","floor":7},{"not_picked":["Hologram","Sweeping Beam"],"picked":"Beam Cell","floor":12},{"not_picked":["Compile Driver","Conserve Battery"],"picked":"Reinforced Body","floor":13},{"not_picked":["Chaos","Stack","Barrage"],"picked":"SKIP","floor":14}],"player_experience":115608,"relics_obtained":[{"floor":13,"key":"FossilizedHelix"}],"event_choices":[{"damage_healed":0,"gold_gain":0,"player_choice":"Take Damage","damage_taken":18,"relics_obtained":["Golden Idol"],"max_hp_gain":0,"max_hp_loss":0,"event_name":"Golden Idol","floor":2,"gold_loss":0},{"damage_healed":0,"gold_gain":0,"player_choice":"Success","damage_taken":18,"relics_obtained":["CeramicFish"],"max_hp_gain":0,"max_hp_loss":0,"event_name":"Scrap Ooze","floor":3,"gold_loss":0},{"damage_healed":0,"gold_gain":0,"player_choice":"Ignored","damage_taken":0,"max_hp_gain":0,"max_hp_loss":0,"event_name":"Liars Game","floor":11,"gold_loss":0}],"is_beta":false,"boss_relics":[],"items_purged_floors":[],"is_endless":false,"potions_floor_spawned":[4,7,14],"killed_by":"Slime Boss","ascension_level":1}}