{"host":"h7xtspmc2x3i8s2i","time":1608926773,"event":{"mods":["2.2 Compatiblity","AchievementEnabler","Act Like it!","AlwaysNeverKeys","Aspiration","Astrologer","BaseMod","Beaked The Cultist","Bestiary","Better Match","Better Sensory Stone","Better Third Choice","Better Vampires","BetterRewards","Challenge The Spire","Colored Map","Colored Powertips","Colorless Booster Pack","Curses Come First","Defuse TimeMaze Blight","Dio Mod","Downfall","Duelist Mod","EXCEPTION","Energized Spire","Friendly Minions","GifTheSpireLib","Gold Saver","Gremlin Skip","Halation","Hubris","Jedi Mod","Key Reminder","Marked Mod","Minty Spire (QoL Compilation)","Permanent Neow","Potion Indicator Mod","Random Character Button","Random Character Mod","Rare Cards Sparkle","Relic Filter","Relic Stats","Replay The Spire","SacredBarkPlus","Shop Mod","Somnambulant","Spicy Shops","Spikes Relics","Spire Birthday Party","StSLib","Steal the Spire","Stuff the Spire","SuperFastMode","The Awakened One except there are too many feathers","The Blue Laboratory","The Cursed","The Death Knight","The Dragon Tamer","The Edgeheg","The Hierophant","The Problem Sleuth","The Wild Card","Transform Curses","Unceasing Turn Reminder","everything is the same but u backflip on backflip","slay the spire mod where everything is the same but ironclad has a cowboy hat","vexMod"],"gold_per_floor":[829,840,856,867,867,877,901,915,933,783,802,12,12,0,14,112,112,204,218,230,248,98,117,117,2,2,30,30,41,41,71,71,71],"floor_reached":32,"playtime":1194,"items_purged":["champ:Strike","champ:Strike"],"score":315,"play_id":"48c6462a-25a4-4551-a2c2-6467cf51c72f","local_time":"20201225150613","is_ascension_mode":true,"campfire_choices":[{"floor":1.0,"key":"RECALL"},{"data":"champ:Taunt","floor":10.0,"key":"SMITH"},{"floor":13.0,"key":"REST"},{"floor":26,"key":"REST"}],"circlet_count":0,"master_deck":["champ:Defend","champ:Defend","champ:Defend","champ:Defend","champ:Execute","champ:Taunt+1","champ:FanOfKnives","champ:FaceSlap","champ:Riposte","champ:FanOfKnives","champ:FaceSlap","champ:StanceDance+1","Madness","champ:FlashCut","champ:IronFortress","champ:StrikeOfGenius","champ:FlashCut","champ:StanceDance","champ:Backstep+1","champ:FlashCut","champ:DefensiveStyle","Bite","Midas Touch","PlatinumSkin","champ:DefensiveStyle+1"],"relics":["champ:ChampionCrown","downfall:HeartBlessingRed","downfall:HeartBlessingBlue","Shuriken","MerchantsRug","Replay:Wax Seal","hubris:GlazedTorus","hubris:Metronome","StuffTheSpire:CocoNut"],"acts_visited":["Exordium","TheCity"],"potions_floor_usage":[31],"damage_taken":[{"damage":5.0,"enemies":"Cultist","floor":2.0,"turns":3.0},{"damage":16.0,"enemies":"Jaw Worm","floor":3.0,"turns":6.0},{"damage":5.0,"enemies":"2 Louse","floor":4.0,"turns":2.0},{"damage":18.0,"enemies":"Exordium Wildlife","floor":6.0,"turns":4.0},{"damage":13.0,"enemies":"Lots of Slimes","floor":8.0,"turns":4.0},{"damage":8.0,"enemies":"3 Louse","floor":9.0,"turns":3.0},{"damage":4.0,"enemies":"Blue Slaver","floor":11.0,"turns":2.0},{"damage":10.0,"enemies":"downfall:FleeingMerchant","floor":12.0,"turns":4.0},{"damage":15.0,"enemies":"downfall:FleeingMerchant","floor":14.0,"turns":4.0},{"damage":18.0,"enemies":"Large Slime","floor":15.0,"turns":4.0},{"damage":55.0,"enemies":"downfall:Defect","floor":16.0,"turns":6.0},{"damage":23.0,"enemies":"Shell Parasite","floor":19.0,"turns":3.0},{"damage":5.0,"enemies":"3 Byrds","floor":20.0,"turns":3.0},{"damage":31,"enemies":"Snake Plant","floor":21,"turns":5},{"damage":47,"enemies":"3 Cultists","floor":23,"turns":5},{"damage":24,"enemies":"downfall:FleeingMerchant","floor":25,"turns":4},{"damage":51,"enemies":"Book of Stabbing","floor":27,"turns":5},{"damage":29,"enemies":"Snecko","floor":29,"turns":4},{"damage":17,"enemies":"Gremlin Leader","floor":31,"turns":5},{"damage":20,"enemies":"Chosen and Byrds","floor":32,"turns":4}],"seed_played":"1724618321310359911","potions_obtained":[{"floor":3.0,"key":"Weak Potion"},{"floor":4.0,"key":"blueLaboratory:BottleOfVodka"},{"floor":9.0,"key":"SpeedPotion"},{"floor":15.0,"key":"jedi:StrikingPotion"},{"floor":16.0,"key":"Adrenaline Potion"},{"floor":19.0,"key":"blueLaboratory:AbyssPotion"},{"floor":21,"key":"blueLaboratory:BottleOfRum"},{"floor":29,"key":"DistilledChaos"},{"floor":31,"key":"blueLaboratory:RememoryPotion"}],"is_trial":false,"path_per_floor":["R","M","M","M","?","M","T","M","M","R","M","$","R","$","M","B",null,"R_BF","M","M","M","?","M","T","$","R","E","?","M","?","E","M"],"character_chosen":"THE_CHAMP","items_purchased":["Shuriken","hubris:HerbalPaste","MerchantsRug","champ:StanceDance+1","Madness","Replay:Wax Seal"],"campfire_rested":2,"item_purchase_floors":[12,12,12,12,12,12],"current_hp_per_floor":[90,90,87,87,87,74,74,69,66,76,72,67,97,87,74,27,100,100,82,82,59,110,74,74,59,92,46,46,25,25,18,0,0],"gold":71,"neow_bonus":"THREE_CARDS","is_daily":false,"chose_seed":false,"campfire_upgraded":1,"win_rate":0.0,"timestamp":1608926773,"path_taken":["R","M","M","M","?","?","T","M","?","R","M","$","R","?","M","BOSS","R_BF","M","M","M","?","?","T","$","R","E","?","M","?","E","M"],"items_purchased_type":["Relic","Relic","Relic","Card","Card","Relic"],"build_version":"2020-12-22","purchased_purges":2,"victory":false,"max_hp_per_floor":[90,90,90,90,90,90,90,90,90,100,100,100,100,100,100,100,100,100,100,100,100,110,110,110,110,110,110,103,103,103,110,110,110],"relic_stats":{"counters":[20,80],"Shuriken":[16],"obtain_stats":[{"keyreminder:keyreminder":1,"MerchantsRug":12,"hubris:Metronome":27,"hubris:HerbalPaste":12,"downfall:HeartBlessingRed":10,"downfall:HeartBlessingBlue":10,"Shuriken":12,"champ:ChampionCrown":0,"StuffTheSpire:CocoNut":31,"Replay:Wax Seal":12,"hubris:GlazedTorus":24},{"keyreminder:keyreminder":0,"MerchantsRug":8,"hubris:Metronome":17,"hubris:HerbalPaste":8,"downfall:HeartBlessingRed":6,"downfall:HeartBlessingBlue":6,"Shuriken":8,"champ:ChampionCrown":0,"StuffTheSpire:CocoNut":19,"Replay:Wax Seal":8,"hubris:GlazedTorus":15},{"keyreminder:keyreminder":0,"MerchantsRug":28,"hubris:Metronome":67,"hubris:HerbalPaste":28,"downfall:HeartBlessingRed":22,"downfall:HeartBlessingBlue":22,"Shuriken":28,"champ:ChampionCrown":0,"StuffTheSpire:CocoNut":76,"Replay:Wax Seal":28,"hubris:GlazedTorus":58}]},"card_choices":[{"not_picked":["champ:SkillfulDodge","champ:Circumvent"],"picked":"champ:FanOfKnives","floor":0.0},{"not_picked":["champ:Circumvent","champ:RecklessLeap"],"picked":"champ:FaceSlap","floor":2.0},{"not_picked":["champ:DefensiveShout","champ:BringItOn","champ:Lariat"],"picked":"SKIP","floor":3.0},{"not_picked":["champ:BringItOn","champ:HoldFirm","champ:AdrenalArmor"],"picked":"SKIP","floor":4.0},{"not_picked":["champ:FocusedBerserking","champ:ShieldSigil"],"picked":"champ:Riposte","floor":6.0},{"not_picked":["champ:Duel","champ:FocusedBerserking"],"picked":"champ:FanOfKnives","floor":8.0},{"not_picked":["champ:BringItOn","champ:SwordSigil","champ:DefensiveShout"],"picked":"SKIP","floor":9.0},{"not_picked":["champ:PreciseThrust","champ:GladiatorsShout","champ:EnchantSword"],"picked":"SKIP","floor":11.0},{"not_picked":["champ:BringItOn","champ:Circumvent"],"picked":"champ:FaceSlap","floor":12.0},{"not_picked":["champ:BerserkersShout","champ:Haymaker"],"picked":"champ:FlashCut","floor":14.0},{"not_picked":["champ:BladeFlurry","champ:FocusedBerserking"],"picked":"champ:IronFortress","floor":15.0},{"not_picked":["champ:SwordThrow","champ:LastStand"],"picked":"champ:StrikeOfGenius","floor":16.0},{"not_picked":["champ:HeartStrike","champ:RageSigil+1"],"picked":"champ:FlashCut","floor":19.0},{"not_picked":["champ:AdrenalArmor+1","champ:TornadoPunch","champ:ViciousMockery"],"picked":"SKIP","floor":20.0},{"not_picked":["champ:FocusedDefense","champ:AdrenalArmor+1"],"picked":"champ:StanceDance","floor":21},{"not_picked":["champ:DefensiveShout","champ:TornadoPunch+1"],"picked":"champ:Backstep+1","floor":23},{"not_picked":["champ:Encircle","champ:Control"],"picked":"champ:FlashCut","floor":25},{"not_picked":["champ:Shatter","champ:BerserkersShout+1"],"picked":"champ:DefensiveStyle","floor":27},{"not_picked":["champ:HoldFirm","champ:ArenaPreparation","champ:BerserkersShout+1"],"picked":"SKIP","floor":29},{"not_picked":["Replay:Parry","Replay:Sssssssssstrike"],"picked":"Midas Touch","floor":30},{"not_picked":["expansioncontent:QuickStudy","Violence"],"picked":"PlatinumSkin","floor":30},{"not_picked":["champ:GladiatorStyle","champ:PerfectedStrike"],"picked":"champ:DefensiveStyle+1","floor":31}],"player_experience":569459,"relics_obtained":[{"floor":24,"key":"hubris:GlazedTorus"},{"floor":27,"key":"hubris:Metronome"},{"floor":31,"key":"StuffTheSpire:CocoNut"}],"event_choices":[{"damage_healed":0,"gold_gain":0,"player_choice":"Became a vampire","damage_taken":0,"max_hp_gain":0,"max_hp_loss":7,"event_name":"Vampires","floor":28,"gold_loss":0,"cards_obtained":["Bite"]},{"damage_healed":0,"gold_gain":2,"player_choice":"1","damage_taken":0,"max_hp_gain":0,"max_hp_loss":0,"event_name":"betterStone:BetterStone","floor":30,"gold_loss":0}],"is_beta":false,"boss_relics":[{"not_picked":["energizedSpire:CursedPentagram","jedi:battlestandard","energizedSpire:SpiderWeb"]}],"items_purged_floors":[12,25],"is_endless":false,"potions_floor_spawned":[3,4,9,15,16,19,21,29,31],"killed_by":"Chosen and Byrds","ascension_level":1}}