{"host":"tknto047uabgu3zm","time":1608930151,"event":{"mods":["AchievementEnabler","BaseMod","Block Reminder","Colored Map","Colored Powertips","Highlight Path","Minty Spire (QoL Compilation)","MonsterHotkey","Permanent Neow","Random Character Button","Rare Cards Sparkle","Relic Sorter","StSLib"],"gold_per_floor":[112,112,112,112,124,124,144,177,177,191,191,191,216,235,235,312,312,326,12,62,79,79,112,112,131,200,250,169,169,188,205,205,280,280,295,314,333,333,4,4,39,52,104,104,138,153,167,0,0,0],"floor_reached":51,"playtime":2188,"items_purged":["Doubt"],"score":1407,"play_id":"9e9a6c62-8fc5-4bea-9dda-a9c9cd078153","local_time":"20201225130231","is_ascension_mode":true,"campfire_choices":[{"data":"Carnage","floor":6,"key":"SMITH"},{"floor":12,"key":"REST"},{"floor":15,"key":"REST"},{"floor":24,"key":"REST"},{"floor":29,"key":"REST"},{"floor":32,"key":"REST"},{"data":"Armaments","floor":40,"key":"SMITH"},{"data":"Uppercut","floor":44,"key":"SMITH"},{"floor":49,"key":"REST"}],"circlet_count":0,"master_deck":["AscendersBane","Bash+1","Carnage+1","Power Through","Shrug It Off","Combust+1","Ghostly Armor","True Grit","Fire Breathing","Feed","Hemokinesis","Impervious","Clash","Whirlwind","Havoc","Bludgeon","Entrench","Fire Breathing","Sever Soul","Feel No Pain","Immolate","Blood for Blood","Evolve+1","Uppercut+1","Anger","Corruption+1","Battle Trance","Dark Embrace+1","Armaments+1","Metallicize+1","Battle Trance","Impervious","Writhe","Limit Break","Dual Wield+1"],"relics":["Burning Blood","Ornamental Fan","Ancient Tea Set","Gremlin Horn","Mummified Hand","Pandora\u0027s Box","Anchor","Brimstone","Tiny Chest","Frozen Egg 2","Cursed Key","Pear","PreservedInsect","Peace Pipe","Regal Pillow","Kunai","Red Mask"],"acts_visited":["Exordium","TheCity","TheBeyond"],"potions_floor_usage":[8,16,16,21,23,30,33,41,46,50,50],"damage_taken":[{"damage":11,"enemies":"Cultist","floor":1,"turns":4},{"damage":11,"enemies":"Jaw Worm","floor":5,"turns":4},{"damage":2,"enemies":"2 Louse","floor":7,"turns":3},{"damage":16,"enemies":"Gremlin Nob","floor":8,"turns":3},{"damage":12,"enemies":"Lots of Slimes","floor":10,"turns":3},{"damage":22,"enemies":"Lagavulin","floor":13,"turns":5},{"damage":1,"enemies":"Blue Slaver","floor":14,"turns":3},{"damage":46,"enemies":"The Guardian","floor":16,"turns":10},{"damage":17,"enemies":"Shell Parasite","floor":18,"turns":6},{"damage":2,"enemies":"Spheric Guardian","floor":21,"turns":3},{"damage":32,"enemies":"Book of Stabbing","floor":23,"turns":5},{"damage":4,"enemies":"Centurion and Healer","floor":25,"turns":6},{"damage":24,"enemies":"3 Cultists","floor":30,"turns":4},{"damage":19,"enemies":"Shelled Parasite and Fungi","floor":31,"turns":5},{"damage":45,"enemies":"Collector","floor":33,"turns":7},{"damage":2,"enemies":"3 Shapes","floor":35,"turns":5},{"damage":8,"enemies":"Orb Walker","floor":36,"turns":2},{"damage":21,"enemies":"Writhing Mass","floor":37,"turns":4},{"damage":4,"enemies":"Nemesis","floor":41,"turns":5},{"damage":16,"enemies":"Sphere and 2 Shapes","floor":42,"turns":4},{"damage":9,"enemies":"Giant Head","floor":45,"turns":6},{"damage":5,"enemies":"Transient","floor":46,"turns":5},{"damage":49,"enemies":"3 Darklings","floor":47,"turns":4},{"damage":64,"enemies":"Donu and Deca","floor":50,"turns":7}],"seed_played":"5315360995774066715","potions_obtained":[{"floor":1,"key":"AttackPotion"},{"floor":5,"key":"Fire Potion"},{"floor":10,"key":"Energy Potion"},{"floor":18,"key":"EntropicBrew"},{"floor":30,"key":"Weak Potion"},{"floor":33,"key":"Ancient Potion"},{"floor":36,"key":"Strength Potion"},{"floor":37,"key":"SkillPotion"},{"floor":42,"key":"Weak Potion"},{"floor":47,"key":"Dexterity Potion"}],"is_trial":false,"path_per_floor":["M","?","T","?","M","R","M","E","T","M","?","R","E","M","R","B",null,"M","$","?","M","?","E","R","M","T","?","$","R","M","M","R","B",null,"M","M","M","T","$","R","E","M","T","R","E","M","M","?","R","B",null],"character_chosen":"IRONCLAD","items_purchased":["Anchor","Brimstone","Evolve+1","PreservedInsect","Metallicize+1"],"campfire_rested":6,"item_purchase_floors":[19,19,28,39,39],"current_hp_per_floor":[77,70,70,70,65,65,69,59,59,53,26,52,36,41,67,27,74,63,63,55,59,33,25,53,58,58,58,58,87,72,59,89,50,88,92,90,75,85,85,85,87,80,80,80,80,81,38,38,87,29],"gold":0,"neow_bonus":"TWENTY_PERCENT_HP_BONUS","is_daily":false,"chose_seed":false,"campfire_upgraded":3,"win_rate":0.0,"timestamp":1608930151,"path_taken":["M","?","?","?","?","R","M","E","T","M","?","R","E","M","R","BOSS","M","$","?","?","?","E","R","M","T","?","?","R","M","?","R","BOSS","M","M","M","?","$","R","E","M","T","R","E","?","M","?","R","BOSS"],"items_purchased_type":["Relic","Relic","Card","Relic","Card"],"build_version":"2020-12-22","purchased_purges":1,"victory":true,"max_hp_per_floor":[89,89,89,89,89,89,89,89,89,89,89,89,89,89,89,89,89,89,89,89,89,94,94,94,97,97,97,97,97,100,100,100,100,100,100,100,100,110,110,110,110,113,113,113,116,116,116,116,116,116],"card_choices":[{"not_picked":["Infernal Blade","Entrench"],"picked":"Carnage","floor":1},{"not_picked":["Dual Wield","Hemokinesis"],"picked":"Power Through","floor":5},{"not_picked":["Dark Embrace","Carnage"],"picked":"Shrug It Off","floor":7},{"not_picked":["Clash","Pommel Strike"],"picked":"Combust","floor":8},{"not_picked":["Warcry","Clothesline"],"picked":"Ghostly Armor","floor":10},{"not_picked":["Perfected Strike","Anger"],"picked":"True Grit","floor":13},{"not_picked":["Warcry","Metallicize"],"picked":"Fire Breathing","floor":14},{"not_picked":["Berserk","Impervious"],"picked":"Feed","floor":16},{"not_picked":["Cleave","Iron Wave","Twin Strike"],"picked":"SKIP","floor":18},{"not_picked":["Immolate","Rupture"],"picked":"Feel No Pain","floor":21},{"not_picked":["Flex","Sword Boomerang"],"picked":"Immolate","floor":23},{"not_picked":["Havoc","Thunderclap"],"picked":"Blood for Blood","floor":25},{"not_picked":["Dual Wield","Havoc"],"picked":"Uppercut","floor":30},{"not_picked":["Sever Soul","Shrug It Off"],"picked":"Anger","floor":31},{"not_picked":["Double Tap","Barricade+1"],"picked":"Corruption+1","floor":33},{"not_picked":["Havoc","Body Slam"],"picked":"Battle Trance","floor":35},{"not_picked":["Perfected Strike","Wild Strike"],"picked":"Dark Embrace+1","floor":36},{"not_picked":["Thunderclap+1","Warcry"],"picked":"Armaments","floor":37},{"not_picked":["Sword Boomerang+1","Shrug It Off"],"picked":"Battle Trance","floor":41},{"not_picked":["Entrench","Flex"],"picked":"Impervious","floor":42},{"not_picked":["Burning Pact","Body Slam"],"picked":"Limit Break","floor":45},{"not_picked":["Headbutt","Pummel","Reckless Charge"],"picked":"SKIP","floor":46},{"not_picked":["Dual Wield+1","Flex","Twin Strike"],"picked":"SKIP","floor":47},{"not_picked":["Flex","Twin Strike"],"picked":"Dual Wield+1","floor":47}],"player_experience":467693,"relics_obtained":[{"floor":3,"key":"Ornamental Fan"},{"floor":8,"key":"Ancient Tea Set"},{"floor":9,"key":"Gremlin Horn"},{"floor":13,"key":"Mummified Hand"},{"floor":23,"key":"Tiny Chest"},{"floor":26,"key":"Frozen Egg 2"},{"floor":38,"key":"Pear"},{"floor":41,"key":"Peace Pipe"},{"floor":43,"key":"Regal Pillow"},{"floor":45,"key":"Kunai"}],"event_choices":[{"cards_removed":["Clumsy"],"damage_healed":0,"gold_gain":0,"player_choice":"Card Removal","damage_taken":7,"max_hp_gain":0,"max_hp_loss":0,"event_name":"Golden Wing","floor":2,"gold_loss":0},{"damage_healed":0,"gold_gain":0,"player_choice":"Upgraded","damage_taken":0,"max_hp_gain":0,"max_hp_loss":0,"event_name":"Upgrade Shrine","floor":4,"gold_loss":0,"cards_upgraded":["Bash"]},{"damage_healed":0,"gold_gain":0,"player_choice":"Entered Light","damage_taken":27,"max_hp_gain":0,"max_hp_loss":0,"event_name":"Shining Light","floor":11,"gold_loss":0,"cards_upgraded":["Defend_R","Combust"]},{"damage_healed":0,"gold_gain":50,"player_choice":"Touch","damage_taken":8,"max_hp_gain":0,"max_hp_loss":0,"event_name":"FaceTrader","floor":20,"gold_loss":0},{"damage_healed":0,"gold_gain":0,"player_choice":"Shed Blood","damage_taken":31,"max_hp_gain":5,"max_hp_loss":0,"event_name":"Forgotten Altar","floor":22,"gold_loss":0},{"damage_healed":0,"gold_gain":50,"player_choice":"Stole From Cult","damage_taken":0,"max_hp_gain":0,"max_hp_loss":0,"event_name":"Nest","floor":27,"gold_loss":0},{"damage_healed":0,"gold_gain":0,"player_choice":"Paid","damage_taken":0,"relics_obtained":["Red Mask"],"max_hp_gain":0,"max_hp_loss":0,"event_name":"Tomb of Lord Red Mask","floor":48,"gold_loss":167}],"is_beta":false,"boss_relics":[{"not_picked":["Calling Bell","SacredBark"],"picked":"Pandora\u0027s Box"},{"not_picked":["Black Blood","Velvet Choker"],"picked":"Cursed Key"}],"items_purged_floors":[39],"is_endless":false,"potions_floor_spawned":[1,5,10,14,18,21,30,33,36,37,42,45,47],"ascension_level":16}}