{"host":"e48gchmu8shm63ip","time":1608934607,"event":{"mods":["Abigail Mod","AchievementEnabler","Act Like it!","Bartender","BaseMod","Better Match","Better Note","Better Vampires","CapriCore","DeckTracker","Exacting","Fireblade Mod","Googly Eyes","Hallownest","Hermit","HololiveMod","Infinite Spire","Jorbs\u0027s Wanderer Trilogy","Koishi","Marisa????????","Minty Spire (QoL Compilation)","Railgun Mod","Rare Cards Sparkle","Relic Filter","Robot Space Explorer","Shade Mod","StSLib","The Animator","The Construct","The Death Knight","The Dragon Tamer","The Forsaken","The Immortal","The Judge","The Marked","The Poker Player","The Servant 0.9.4","TheFirefly","TheLocksmith","TheSwordswoman","Waifu the Spire"],"gold_per_floor":[115,115,130,130,144,175,125,46,46,63,83,83,16,32,32,135,135,146,146,160,170,184,184,219,219,294,294,294,323,238,156,156,156,156,156],"floor_reached":33,"playtime":1584,"items_purged":[],"score":285,"play_id":"74e35514-cf54-4724-9c97-c7db911fca20","local_time":"20201225231647","is_ascension_mode":false,"metric_token":2643,"campfire_choices":[{"data":"DTMod:Training","floor":15,"key":"SMITH"},{"floor":23,"key":"REST"},{"floor":25,"key":"REST"},{"floor":27,"key":"REST"},{"floor":32,"key":"REST"}],"dtmod_dragon_data":[0,50,3,-1,10,0],"circlet_count":0,"master_deck":["DTMod:Strike","DTMod:Strike","DTMod:Strike","DTMod:DoubleHit","DTMod:TargetDefense","DTMod:TargetDefense","DTMod:TargetDefense","DTMod:TargetDefense","DTMod:SwitchingTactic","DTMod:FlameSlash+1","DTMod:Feint","DTMod:DarkBreath","DTMod:ForkedFire","DTMod:MagicField","DTMod:ComboAttack","DTMod:CrossStep","DTMod:Training+1","DTMod:Harmonize","DTMod:WarmUp","DTMod:MaximumCharge+1","DTMod:CleansingStrike+1","DTMod:MagicField","DTMod:HeatWave","DTMod:DragonDance"],"relics":["DTMod:PactStone","NeowsBlessing","theForsaken:ScaryMask","PreservedInsect","Potion Belt","Philosopher\u0027s Stone","Question Card","Matryoshka","Ornamental Fan","Blood Vial"],"acts_visited":["Exordium","TheCity"],"potions_floor_usage":[21,29,33],"damage_taken":[{"damage":0,"enemies":"Jaw Worm","floor":1,"turns":1},{"damage":0,"enemies":"Cultist","floor":3,"turns":1},{"damage":0,"enemies":"Small Slimes","floor":5,"turns":2},{"damage":7,"enemies":"Lagavulin","floor":6,"turns":5},{"damage":0,"enemies":"Looter","floor":10,"turns":3},{"damage":0,"enemies":"Blue Slaver","floor":11,"turns":2},{"damage":0,"enemies":"Red Slaver","floor":14,"turns":2},{"damage":9,"enemies":"The Guardian","floor":16,"turns":10},{"damage":0,"enemies":"Chosen","floor":18,"turns":5},{"damage":0,"enemies":"2 Thieves","floor":20,"turns":4},{"damage":0,"enemies":"Chosen and Byrds","floor":21,"turns":7},{"damage":2,"enemies":"Snecko","floor":22,"turns":4},{"damage":15,"enemies":"Gremlin Leader","floor":24,"turns":5},{"damage":31,"enemies":"Slavers","floor":29,"turns":7},{"damage":40,"enemies":"Automaton","floor":33,"turns":10}],"seed_played":"-6717878902655628045","potions_obtained":[{"floor":3,"key":"EssenceOfSteel"},{"floor":6,"key":"DeathKnight:RimePotion"},{"floor":11,"key":"PowerPotion"},{"floor":24,"key":"infinitespire:BlackPotion"},{"floor":29,"key":"SmokeBomb"}],"is_trial":false,"path_per_floor":["M","?","M","T","M","E","?","$","T","M","M","?","$","M","R","B",null,"M","?","M","M","M","R","E","R","T","R","?","E","?","$","R","B"],"character_chosen":"THE_DT","items_purchased":["DTMod:ForkedFire","DTMod:CrossStep","DTMod:DragonDance"],"campfire_rested":4,"item_purchase_floors":[8,13,31],"current_hp_per_floor":[45,45,45,45,45,44,44,44,44,44,44,44,44,44,44,35,45,45,45,45,45,43,45,30,43,43,45,45,14,14,14,27,0,0,0],"gold":156,"neow_bonus":"THREE_ENEMY_KILL","is_daily":false,"chose_seed":false,"campfire_upgraded":1,"win_rate":0.0,"timestamp":1608934607,"path_taken":["M","?","?","?","M","E","?","$","T","M","M","?","?","M","R","BOSS","M","?","M","?","M","R","E","R","T","R","?","E","?","?","R","BOSS"],"items_purchased_type":["Card","Card","Card"],"build_version":"2020-12-22","purchased_purges":0,"victory":false,"max_hp_per_floor":[45,45,45,45,45,45,45,45,45,45,45,45,45,45,45,45,45,45,45,45,45,45,45,45,45,45,45,45,45,45,45,45,45,45,45],"card_choices":[{"not_picked":["DTMod:Feint","DTMod:BurningEnergy"],"picked":"DTMod:FlameSlash","floor":1},{"not_picked":["DTMod:Punisher","DTMod:FlameSlash","DTMod:BizarreTactic"],"picked":"SKIP","floor":3},{"not_picked":["DTMod:FlameSlash","DTMod:CleansingStrike"],"picked":"DTMod:Feint","floor":5},{"not_picked":["DTMod:Coolant","DTMod:Hide"],"picked":"DTMod:DarkBreath","floor":6},{"not_picked":["DTMod:Cover","DTMod:MasterPlan"],"picked":"DTMod:MagicField","floor":10},{"not_picked":["DTMod:MagicField","DTMod:BuildUp"],"picked":"DTMod:ComboAttack","floor":11},{"not_picked":["DTMod:MagicField","DTMod:FlameSlash"],"picked":"DTMod:Training","floor":14},{"not_picked":["DTMod:StunTrap","DTMod:TriAttack"],"picked":"DTMod:Harmonize","floor":16},{"not_picked":["DTMod:Hide","DTMod:QuickFly"],"picked":"DTMod:WarmUp","floor":18},{"not_picked":["DTMod:Conduct","DTMod:Cover"],"picked":"DTMod:MaximumCharge+1","floor":20},{"not_picked":["DTMod:Punisher+1","DTMod:LastStand"],"picked":"DTMod:CleansingStrike+1","floor":21},{"not_picked":["DTMod:BlazingStrike","DTMod:Cover+1","DTMod:BurningEnergy"],"picked":"SKIP","floor":22},{"not_picked":["DTMod:Weaken","DTMod:Outburst"],"picked":"DTMod:MagicField","floor":24},{"not_picked":["DTMod:BurningForce","DTMod:TagTeam","DTMod:RunningTactic+1"],"picked":"DTMod:HeatWave","floor":29}],"player_experience":584181,"relics_obtained":[{"floor":4,"key":"theForsaken:ScaryMask"},{"floor":6,"key":"PreservedInsect"},{"floor":12,"key":"Potion Belt"},{"floor":24,"key":"Question Card"},{"floor":26,"key":"Matryoshka"},{"floor":29,"key":"Ornamental Fan"}],"event_choices":[{"damage_healed":0,"gold_gain":0,"player_choice":"Forge","damage_taken":0,"max_hp_gain":0,"max_hp_loss":0,"event_name":"Accursed Blacksmith","floor":2,"gold_loss":0,"cards_upgraded":["DTMod:FlameSlash"]},{"cards_removed":["DTMod:Strike"],"damage_healed":0,"gold_gain":0,"player_choice":"Card Removal","damage_taken":0,"max_hp_gain":0,"max_hp_loss":0,"event_name":"The Cleric","floor":7,"gold_loss":50},{"damage_healed":0,"gold_gain":0,"player_choice":"Ignored","damage_taken":0,"max_hp_gain":0,"max_hp_loss":0,"event_name":"betterNote:BetterNote","floor":19,"gold_loss":0,"cards_obtained":["Iron Wave"]},{"damage_healed":0,"gold_gain":0,"player_choice":"Obtained Relic","damage_taken":0,"relics_obtained":["Blood Vial"],"max_hp_gain":0,"max_hp_loss":0,"event_name":"Addict","floor":30,"gold_loss":85}],"is_beta":false,"boss_relics":[{"not_picked":["Runic Dome","Astrolabe"],"picked":"Philosopher\u0027s Stone"}],"items_purged_floors":[],"is_endless":false,"potions_floor_spawned":[3,6,11,24,29],"killed_by":"Automaton","ascension_level":0}}