{"host":"qy1e0kd24tpj3i2m","time":1608927371,"event":{"mods":["Act Like it!","Alarm Clock","BaseMod","Better Skull","Better Vampires","Colored Map","Colored Powertips","Custom Start","Faster Ascension Climbing","Friendly Minions","GifTheSpireLib","Gremlin Skip","Highlight Path","Minty Spire (QoL Compilation)","Permanent Neow","Quick Restart","Red Circlet Mod","Relic Sorter","Reorder Act Four","SacredBarkPlus","Shop Mod","StSLib","SuperFastMode","Transform Curses","没有小屋子和绿帽子啦"],"gold_per_floor":[113,113,128,278,353,370,370,385,434,434,461,1,26,26,26,99,99,114,114,29,48,48,48,62,62,88,123,137,156,256,45,45,124,124,142,142,159,159,109,109,137,137,137],"floor_reached":42,"playtime":1343,"items_purged":["Doubt","Writhe","Defend_R"],"score":979,"play_id":"971c255e-d3cf-4a61-8223-2d4d6714c9e4","local_time":"20201226051611","is_ascension_mode":true,"campfire_choices":[{"data":"Searing Blow+1","floor":7.0,"key":"SMITH"},{"data":"Searing Blow+2","floor":10.0,"key":"SMITH"},{"data":"Armaments","floor":15.0,"key":"SMITH"},{"data":"Searing Blow+3","floor":23.0,"key":"SMITH"},{"data":"Searing Blow+4","floor":25.0,"key":"SMITH"},{"data":"Searing Blow+5","floor":32.0,"key":"SMITH"},{"floor":40.0,"key":"RECALL"}],"circlet_count":0,"master_deck":["AscendersBane","Defend_R+1","Defend_R","Defend_R+1","Limit Break","Searing Blow+6","Evolve","Uppercut","Fire Breathing","Armaments+1","Impervious","Combust","Bite","Bite","Bite","Bite","Flex+1","Shrug It Off","Metallicize+1","Pommel Strike","Whirlwind"],"relics":["Burning Blood","Orichalcum","Nunchaku","Letter Opener","Toy Ornithopter","Sozu","War Paint","Blood Vial","Smiling Mask","Kunai","Incense Burner","Paper Frog","Pen Nib","Busted Crown","The Courier"],"acts_visited":["Exordium","TheCity","TheBeyond"],"potions_floor_usage":[],"damage_taken":[{"damage":7.0,"enemies":"2 Louse","floor":1.0,"turns":3.0},{"damage":1.0,"enemies":"Cultist","floor":3.0,"turns":3.0},{"damage":9.0,"enemies":"Jaw Worm","floor":6.0,"turns":3.0},{"damage":5.0,"enemies":"3 Louse","floor":8.0,"turns":4.0},{"damage":38.0,"enemies":"Gremlin Nob","floor":11.0,"turns":5.0},{"damage":23.0,"enemies":"Lagavulin","floor":13.0,"turns":6.0},{"damage":16.0,"enemies":"Slime Boss","floor":16.0,"turns":7.0},{"damage":27.0,"enemies":"Shell Parasite","floor":18.0,"turns":4.0},{"damage":22.0,"enemies":"Spheric Guardian","floor":21.0,"turns":4.0},{"damage":18.0,"enemies":"3 Cultists","floor":24.0,"turns":5.0},{"damage":39.0,"enemies":"Gremlin Leader","floor":27.0,"turns":7.0},{"damage":6.0,"enemies":"Cultist and Chosen","floor":28.0,"turns":5.0},{"damage":4.0,"enemies":"Snecko","floor":29.0,"turns":4.0},{"damage":9.0,"enemies":"Colosseum Slavers","floor":30.0,"turns":5.0},{"damage":1.0,"enemies":"Colosseum Nobs","floor":30.0,"turns":5.0},{"damage":39.0,"enemies":"Automaton","floor":33.0,"turns":11.0},{"damage":0.0,"enemies":"Orb Walker","floor":35.0,"turns":1.0},{"damage":15.0,"enemies":"3 Shapes","floor":37.0,"turns":6.0},{"damage":40,"enemies":"Reptomancer","floor":41,"turns":5},{"damage":34,"enemies":"Spire Growth","floor":42,"turns":3}],"seed_played":"-5985152872489439633","potions_obtained":[{"floor":3.0,"key":"Energy Potion"},{"floor":8.0,"key":"Energy Potion"}],"is_trial":false,"path_per_floor":["M","?","M","?","?","M","R","M","T","R","E","$","E","?","R","B",null,"M","?","?","M","?","R","M","R","T","E","M","M","?","$","R","B",null,"M","?","M","?","$","R","E","M"],"character_chosen":"IRONCLAD","items_purchased":["Armaments","Letter Opener","Regen Potion","Pen Nib"],"campfire_rested":0,"item_purchase_floors":[12,12,12,31],"current_hp_per_floor":[67,67,72,72,61,58,58,59,59,59,27,27,25,18,18,13,60,39,39,39,31,31,31,37,37,37,24,38,52,52,52,52,44,50,52,52,46,46,46,46,20,0,0],"gold":137,"neow_bonus":"THREE_RARE_CARDS","is_daily":false,"chose_seed":false,"campfire_upgraded":6,"win_rate":0.0,"timestamp":1608927371,"path_taken":["M","?","?","?","?","M","R","M","T","R","E","$","E","?","R","BOSS","M","?","?","M","?","R","M","R","T","E","M","M","?","?","R","BOSS","M","?","M","?","$","R","E","M"],"items_purchased_type":["Card","Relic","Potion","Relic"],"build_version":"2020-12-22","purchased_purges":3,"victory":false,"max_hp_per_floor":[75,75,75,75,75,75,75,75,75,75,75,75,75,75,75,75,75,75,52,52,52,52,52,52,52,52,52,52,52,52,52,52,52,52,52,52,52,52,52,52,52,52,52],"card_choices":[{"not_picked":["Juggernaut","Fiend Fire"],"picked":"Limit Break","floor":0.0},{"not_picked":["Cleave","Dropkick"],"picked":"Searing Blow","floor":1.0},{"not_picked":["Flex","Fire Breathing"],"picked":"Evolve","floor":3.0},{"not_picked":["Shrug It Off","Warcry"],"picked":"Uppercut","floor":6.0},{"not_picked":["Bloodletting","Second Wind"],"picked":"Fire Breathing","floor":8.0},{"not_picked":["Perfected Strike","Heavy Blade","Clash"],"picked":"SKIP","floor":11.0},{"not_picked":["Havoc","Infernal Blade","Intimidate"],"picked":"SKIP","floor":13.0},{"not_picked":["Barricade","Limit Break"],"picked":"Impervious","floor":16.0},{"not_picked":["Sword Boomerang","Uppercut"],"picked":"Combust","floor":18.0},{"not_picked":["Entrench","Thunderclap","Second Wind+1"],"picked":"SKIP","floor":21.0},{"not_picked":["Searing Blow","Sword Boomerang"],"picked":"Flex+1","floor":24.0},{"not_picked":["Thunderclap","Disarm"],"picked":"Shrug It Off","floor":27.0},{"not_picked":["Infernal Blade","Pummel","Power Through"],"picked":"SKIP","floor":28.0},{"not_picked":["Twin Strike","Perfected Strike"],"picked":"Metallicize+1","floor":29.0},{"not_picked":["Warcry","Ghostly Armor"],"picked":"Pommel Strike","floor":30.0},{"not_picked":[],"picked":"Whirlwind","floor":35.0},{"not_picked":["Clothesline+1"],"picked":"SKIP","floor":37.0},{"not_picked":["Clothesline"],"picked":"SKIP","floor":41}],"player_experience":913183,"relics_obtained":[{"floor":9.0,"key":"Orichalcum"},{"floor":11.0,"key":"Nunchaku"},{"floor":13.0,"key":"Toy Ornithopter"},{"floor":26.0,"key":"Smiling Mask"},{"floor":27.0,"key":"Kunai"},{"floor":30.0,"key":"Incense Burner"},{"floor":30.0,"key":"Paper Frog"},{"floor":41,"key":"The Courier"}],"event_choices":[{"damage_healed":0.0,"max_hp_gain":0.0,"max_hp_loss":0.0,"gold_gain":0.0,"event_name":"Upgrade Shrine","player_choice":"Upgraded","floor":2.0,"gold_loss":0.0,"damage_taken":0.0,"cards_upgraded":["Searing Blow"]},{"damage_healed":0.0,"max_hp_gain":0.0,"max_hp_loss":0.0,"gold_gain":150.0,"event_name":"Liars Game","player_choice":"AGREE","floor":4.0,"gold_loss":0.0,"damage_taken":0.0,"cards_obtained":["Doubt"]},{"damage_healed":0.0,"max_hp_gain":0.0,"max_hp_loss":0.0,"gold_gain":75.0,"event_name":"World of Goop","player_choice":"Gather Gold","floor":5.0,"gold_loss":0.0,"damage_taken":11.0},{"cards_removed":["Injury"],"damage_healed":0.0,"max_hp_gain":0.0,"max_hp_loss":0.0,"gold_gain":0.0,"event_name":"Golden Wing","player_choice":"Card Removal","floor":14.0,"gold_loss":0.0,"damage_taken":7.0},{"damage_healed":0.0,"max_hp_gain":0.0,"max_hp_loss":23.0,"gold_gain":0.0,"event_name":"Vampires","player_choice":"Became a vampire","floor":19.0,"gold_loss":0.0,"damage_taken":0.0,"cards_obtained":["Bite","Bite","Bite","Bite","Bite"]},{"damage_healed":0.0,"max_hp_gain":0.0,"max_hp_loss":0.0,"gold_gain":0.0,"event_name":"Addict","player_choice":"Obtained Relic","floor":20.0,"gold_loss":85.0,"damage_taken":0.0,"relics_obtained":["War Paint"]},{"damage_healed":0.0,"max_hp_gain":0.0,"max_hp_loss":0.0,"gold_gain":0.0,"event_name":"The Mausoleum","player_choice":"Opened","floor":22.0,"gold_loss":0.0,"damage_taken":0.0,"relics_obtained":["Blood Vial"],"cards_obtained":["Writhe"]},{"damage_healed":0.0,"max_hp_gain":0.0,"max_hp_loss":0.0,"gold_gain":0.0,"event_name":"Colosseum","player_choice":"Fight","floor":30.0,"gold_loss":0.0,"damage_taken":0.0},{"damage_healed":0.0,"max_hp_gain":0.0,"max_hp_loss":0.0,"gold_gain":0.0,"event_name":"Colosseum","player_choice":"Fought Nobs","floor":30.0,"gold_loss":0.0,"damage_taken":0.0},{"cards_removed":["Bite"],"damage_healed":0.0,"max_hp_gain":0.0,"max_hp_loss":0.0,"gold_gain":0.0,"event_name":"Falling","player_choice":"Removed Attack","floor":36.0,"gold_loss":0.0,"damage_taken":0.0},{"cards_removed":["Bash"],"damage_healed":0.0,"max_hp_gain":0.0,"max_hp_loss":0.0,"gold_gain":0.0,"event_name":"Bonfire Elementals","player_choice":"Offered Basic","floor":38.0,"gold_loss":0.0,"damage_taken":0.0}],"is_beta":false,"boss_relics":[{"not_picked":["Pandora\u0027s Box","Fusion Hammer"],"picked":"Sozu"},{"not_picked":["Black Star","Runic Pyramid"],"picked":"Busted Crown"}],"items_purged_floors":[12,31,39],"is_endless":false,"potions_floor_spawned":[3,8,18,24,27,33,41],"killed_by":"Spire Growth","ascension_level":20}}