{"host":"p9ipwvgp8zk1gu4u","time":1608876476,"event":{"mods":["Act Like it!","BaseMod","BetterRewards","Block Reminder","Colored Map","Colored Powertips","DeckTracker","Downfall","Gensokyo","Gold Saver","Hermit","Marisa????????","Minty Spire (QoL Compilation)","Nova Terra(??·??)","Relic Filter","Replay The Spire","StSLib","The Alterego","The Bladedancer","The Hierophant","The Servant 0.9.4","TheSwordswoman","Yuri Mod","???????????mod"],"gold_per_floor":[933,933,950,238,254,254,267,301,383,383,412,431,466,478,478,577,577,594,223,238,258,106,106,120,135,158,158,158,158,178,191,191,286,286,297,297,297,311,325,358,358,385,385,385,385,385,385,395,395,395],"floor_reached":51,"playtime":3886,"items_purged":[],"score":704,"play_id":"fd232497-760e-467c-937a-e19946d923b0","local_time":"20201225010756","is_ascension_mode":false,"campfire_choices":[{"data":"Bash","floor":6.0,"key":"SMITH"},{"data":"Toxin Wave","floor":10.0,"key":"SMITH"},{"floor":15.0,"key":"REST"},{"data":"Draining Mist","floor":23,"key":"SMITH"},{"floor":28,"key":"REST"},{"floor":32,"key":"REST"},{"floor":41,"key":"REST"},{"data":"Deflect","floor":44,"key":"SMITH"},{"data":"Spreading Infection","floor":46,"key":"PURGE"},{"floor":49,"key":"RECALL"}],"circlet_count":0,"master_deck":["Strike_G+1","Strike_G+1","Defend_G+1","Defend_G+1","Defend_G+1","Defend_G+1","Defend_G+1","Survivor+1","Neutralize+1","Dagger Throw+1","Dagger Throw+1","All Out Attack+1","Endless Agony+1","Toxin Wave+1","Toxin Wave+1","Deadly Poison+1","Bane+1","Corpse Explosion+1","Slice+1","Draining Mist+1","Poisoned Stab+1","Deadly Poison+1","Deadly Poison+1","Draining Mist+1","Dodge and Roll+1","Deflect+1","Deflect+1","Bane+1","Envenom+1","Deflect+1"],"relics":["Ring of the Snake","ReplayTheSpireMod:Ninjato","Toolbox","Frozen Egg 2","Replay:Bottled Snecko","Paper Crane","Divine Protection","Potion Belt","SlaversCollar","Meat on the Bone","Dream Catcher","Lantern","Kintsugi","Mark of the Bloom","Anchor","Peace Pipe","Snake Skull"],"acts_visited":["Exordium","TheCity","TheBeyond"],"potions_floor_usage":[33,33,33,33,40,40,40,50,50,50],"damage_taken":[{"damage":4.0,"enemies":"Small Slimes","floor":1.0,"turns":5.0},{"damage":1.0,"enemies":"Cultist","floor":3.0,"turns":3.0},{"damage":0.0,"enemies":"Jaw Worm","floor":5.0,"turns":3.0},{"damage":6.0,"enemies":"2 Fungi Beasts","floor":7.0,"turns":3.0},{"damage":11.0,"enemies":"3 Sentries","floor":8.0,"turns":7.0},{"damage":0.0,"enemies":"Replay:BlueRogue","floor":11.0,"turns":3.0},{"damage":0.0,"enemies":"3 Louse","floor":12.0,"turns":2.0},{"damage":7.0,"enemies":"Lagavulin","floor":13.0,"turns":6.0},{"damage":0.0,"enemies":"Looter","floor":14.0,"turns":2.0},{"damage":52.0,"enemies":"The Guardian","floor":16.0,"turns":12.0},{"damage":2.0,"enemies":"3 Byrds","floor":18.0,"turns":2.0},{"damage":7.0,"enemies":"Shell Parasite","floor":20.0,"turns":4.0},{"damage":4,"enemies":"Snake Plant","floor":21,"turns":4},{"damage":29,"enemies":"Centurion and Healer","floor":24,"turns":7},{"damage":28,"enemies":"Chosen and Byrds","floor":25,"turns":6},{"damage":25,"enemies":"Shelled Parasite and Fungi","floor":30,"turns":6},{"damage":0,"enemies":"Snecko","floor":31,"turns":3},{"damage":59,"enemies":"Collector","floor":33,"turns":7},{"damage":7,"enemies":"3 Shapes","floor":35,"turns":4},{"damage":0,"enemies":"3 Shapes","floor":36,"turns":3},{"damage":0,"enemies":"Orb Walker","floor":38,"turns":3},{"damage":1,"enemies":"3 Darklings","floor":39,"turns":3},{"damage":5,"enemies":"R_Hoarder","floor":40,"turns":6},{"damage":6,"enemies":"Reptomancer","floor":42,"turns":7},{"damage":0,"enemies":"Transient","floor":48,"turns":5},{"damage":46,"enemies":"Awakened One","floor":50,"turns":14}],"seed_played":"-8608063101938464058","potions_obtained":[{"floor":3.0,"key":"hexamod:EctoCoolerPotion"},{"floor":8.0,"key":"Energy Potion"},{"floor":11.0,"key":"sneckomod:MuddlingPotion"},{"floor":13.0,"key":"LiquidBronze"},{"floor":18.0,"key":"Energy Potion"},{"floor":20.0,"key":"SteroidPotion"},{"floor":35,"key":"champ:CounterPotion"},{"floor":36,"key":"LiquidMemories"},{"floor":40,"key":"SteroidPotion"},{"floor":42,"key":"SkillPotion"},{"floor":48,"key":"Swift Potion"}],"is_trial":false,"path_per_floor":["M","?","M","$","M","R","M","E","T","R","E","M","E","M","R","B",null,"M","$","M","M","$","R","M","M","T","?","R","?","M","M","R","B",null,"M","?","?","M","M","E","R","E","T","R","?","R","?","M","R","B",null],"character_chosen":"THE_SILENT","items_purchased":["ReplayTheSpireMod:Ninjato","Toolbox","Frozen Egg 2","All Out Attack","Draining Mist","Poisoned Stab","Meat on the Bone","Dream Catcher"],"campfire_rested":4,"item_purchase_floors":[4,4,4,4,19,19,19,22],"current_hp_per_floor":[66,66,65,65,65,65,59,48,48,48,48,48,41,41,62,10,70,68,68,61,57,57,57,40,24,24,24,45,45,32,44,65,18,70,63,63,63,63,62,57,57,51,51,51,51,51,51,51,51,5],"gold":395,"neow_bonus":"TWO_FIFTY_GOLD","is_daily":false,"chose_seed":false,"campfire_upgraded":4,"win_rate":0.0,"timestamp":1608876476,"path_taken":["M","?","M","$","M","R","M","E","T","R","E","M","E","M","R","BOSS","M","$","M","M","?","R","?","M","T","?","R","?","M","M","R","BOSS","M","?","?","M","M","E","R","E","T","R","?","R","?","?","R","BOSS"],"items_purchased_type":["Relic","Relic","Relic","Card","Card","Card","Relic","Relic"],"build_version":"2020-12-22","purchased_purges":0,"victory":true,"max_hp_per_floor":[70,70,70,70,70,70,70,70,70,70,70,70,70,70,70,70,70,70,70,70,70,70,70,70,70,70,70,70,70,70,70,70,70,70,70,70,70,70,70,70,70,70,70,70,70,70,70,70,70,70],"card_choices":[{"not_picked":["Dodge and Roll","Outmaneuver"],"picked":"Dagger Throw","floor":1.0},{"not_picked":["Outmaneuver","Expertise"],"picked":"Dagger Throw","floor":3.0},{"not_picked":["ReplayTheSpireMod:The Works","Flying Knee","Finisher"],"picked":"SKIP","floor":5.0},{"not_picked":["Sucker Punch","Dagger Spray"],"picked":"Endless Agony","floor":7.0},{"not_picked":["Backflip","Flying Knee"],"picked":"Toxin Wave","floor":8.0},{"not_picked":["PiercingWail","Underhanded Strike"],"picked":"Toxin Wave","floor":11.0},{"not_picked":["Cloak And Dagger","Acrobatics"],"picked":"Deadly Poison","floor":12.0},{"not_picked":["ReplayTheSpireMod:Scrap Shanks+1","Catalyst"],"picked":"Bane","floor":13.0},{"not_picked":["Skewer","Dash"],"picked":"Corpse Explosion","floor":14.0},{"not_picked":["Doppelganger","Unload"],"picked":"Burst","floor":16.0},{"not_picked":["Footwork+1","Dagger Spray"],"picked":"Slice+1","floor":18.0},{"not_picked":["Flying Knee","Infinite Blades+1"],"picked":"Deadly Poison","floor":20.0},{"not_picked":["Well Laid Plans+1","Dodge and Roll"],"picked":"Deadly Poison","floor":21},{"not_picked":["Outmaneuver+1","Acrobatics"],"picked":"Draining Mist","floor":24},{"not_picked":["Fluid Movement+1","Unload"],"picked":"Dodge and Roll+1","floor":25},{"not_picked":["Quick Slash","Heel Hook"],"picked":"Deflect+1","floor":28},{"not_picked":["Poisoned Stab","Calculated Gamble","Masterful Stab"],"picked":"SKIP","floor":30},{"not_picked":["Sneak Up+1","Quick Slash"],"picked":"Deflect+1","floor":31},{"not_picked":["Hidden Blade","Footwork+1","Deadly Poison"],"picked":"SKIP","floor":35},{"not_picked":["Underhanded Strike","Prepared+1"],"picked":"Bane+1","floor":38},{"not_picked":["Sucker Punch+1","Hidden Blade"],"picked":"Envenom+1","floor":39},{"not_picked":["Flying Knee+1","Quick Slash","Deadly Poison"],"picked":"SKIP","floor":40},{"not_picked":["Flying Knee+1","Quick Slash","Deadly Poison"],"picked":"SKIP","floor":40},{"not_picked":["PiercingWail","Well Laid Plans+1"],"picked":"Deflect","floor":42},{"not_picked":["Flying Knee","ReplayTheSpireMod:Shiv Toss","Hidden Blade+1"],"picked":"SKIP","floor":48}],"player_experience":212360,"relics_obtained":[{"floor":8.0,"key":"Replay:Bottled Snecko"},{"floor":9.0,"key":"Paper Crane"},{"floor":11.0,"key":"Divine Protection"},{"floor":13.0,"key":"Potion Belt"},{"floor":26,"key":"Lantern"},{"floor":40,"key":"Anchor"},{"floor":42,"key":"Peace Pipe"},{"floor":43,"key":"Snake Skull"}],"event_choices":[{"cards_removed":["Defend_G"],"damage_healed":0.0,"max_hp_gain":0.0,"max_hp_loss":0.0,"gold_gain":0.0,"event_name":"Purifier","player_choice":"Purged","floor":2.0,"gold_loss":0.0,"damage_taken":0.0},{"damage_healed":0,"gold_gain":0,"player_choice":"Ignored","damage_taken":0,"max_hp_gain":0,"max_hp_loss":0,"event_name":"The Mausoleum","floor":27,"gold_loss":0},{"damage_healed":0,"gold_gain":0,"player_choice":"Upgrade","damage_taken":0,"relics_obtained":["Mark of the Bloom"],"max_hp_gain":0,"max_hp_loss":0,"event_name":"MindBloom","floor":37,"gold_loss":0,"cards_upgraded":["Strike_G","Strike_G","Defend_G","Defend_G","Defend_G","Defend_G","Defend_G","Survivor","Neutralize","Dagger Throw","Dagger Throw","All Out Attack","Endless Agony","Toxin Wave","Deadly Poison","Bane","Corpse Explosion","Poisoned Stab","Deadly Poison","Deadly Poison","Draining Mist"]},{"damage_healed":0,"gold_gain":0,"player_choice":"Ignored","damage_taken":0,"max_hp_gain":0,"max_hp_loss":0,"event_name":"Tomb of Lord Red Mask","floor":45,"gold_loss":0},{"damage_healed":0,"gold_gain":0,"player_choice":"Ignored","damage_taken":0,"max_hp_gain":0,"max_hp_loss":0,"event_name":"Transmorgrifier","floor":47,"gold_loss":0}],"is_beta":false,"boss_relics":[{"not_picked":["Pandora\u0027s Box","Black Star"],"picked":"SlaversCollar"},{"not_picked":["Calling Bell","Astrolabe"],"picked":"Kintsugi"}],"items_purged_floors":[],"is_endless":false,"potions_floor_spawned":[3,8,11,12,13,18,20,31,35,36,40,42,48],"ascension_level":0}}