{"host":"uzj3qtz06dzkgpll","time":1608939132,"event":{"mods":["BaseMod","Better Altar","Better Match","Better Note","Better Sensory Stone","Better Skull","Better Third Choice","Colored Map","Custom Start","Minty Spire (QoL Compilation)","Permanent Neow","Shop Mod","Spicy Shops","StSLib"],"gold_per_floor":[118,118,118,118,128,158,74,101,126,126,126,146,162,189,189,291,291,307,232,232,84,84,114,213,239,262,292,49,49,76,90,90,188,188,198,42,60,60,73,106,106,133,133,133,165,210,224,236,236,236,236],"floor_reached":50,"playtime":3870,"items_purged":[],"score":964,"play_id":"5d3be7f1-0cde-471f-9fdb-ea5e98dea10d","local_time":"20201225153212","is_ascension_mode":true,"campfire_choices":[{"floor":10.0,"key":"REST"},{"data":"Armaments","floor":15.0,"key":"SMITH"},{"floor":32.0,"key":"RECALL"},{"floor":44,"key":"REST"},{"floor":49,"key":"REST"}],"circlet_count":0,"master_deck":["Strike_R+1","Strike_R+1","Defend_R+1","Defend_R+1","Defend_R+1","Bash","Armaments+1","Flex","Shockwave","Body Slam","Shrug It Off","Body Slam","Metallicize","Offering","Flame Barrier","CurseOfTheBell","Shrug It Off","Battle Trance+1","Writhe","Evolve+1","Flame Barrier"],"relics":["Burning Blood","NeowsBlessing","Regal Pillow","Centennial Puzzle","PreservedInsect","Anchor","Bottled Tornado","Fusion Hammer","Medical Kit","WingedGreaves","Meat on the Bone","Pen Nib","Du-Vu Doll","Letter Opener","Torii","Calling Bell","Bag of Marbles","Gremlin Horn","StoneCalendar","Sling","Nunchaku","Red Skull","Blue Candle","Happy Flower"],"acts_visited":["Exordium","TheCity","TheBeyond"],"potions_floor_usage":[39,40],"damage_taken":[{"damage":0.0,"enemies":"Jaw Worm","floor":1.0,"turns":1.0},{"damage":0.0,"enemies":"2 Louse","floor":5.0,"turns":1.0},{"damage":0.0,"enemies":"Lagavulin","floor":6.0,"turns":1.0},{"damage":51.0,"enemies":"Gremlin Nob","floor":8.0,"turns":6.0},{"damage":0.0,"enemies":"Small Slimes","floor":12.0,"turns":3.0},{"damage":1.0,"enemies":"Exordium Thugs","floor":13.0,"turns":4.0},{"damage":10.0,"enemies":"3 Sentries","floor":14.0,"turns":9.0},{"damage":6.0,"enemies":"The Guardian","floor":16.0,"turns":10.0},{"damage":6.0,"enemies":"2 Thieves","floor":18.0,"turns":3.0},{"damage":6.0,"enemies":"Book of Stabbing","floor":23.0,"turns":2.0},{"damage":7.0,"enemies":"Slavers","floor":25.0,"turns":3.0},{"damage":9.0,"enemies":"Gremlin Leader","floor":27.0,"turns":4.0},{"damage":6.0,"enemies":"Book of Stabbing","floor":30.0,"turns":3.0},{"damage":6.0,"enemies":"Chosen","floor":31.0,"turns":3.0},{"damage":80.0,"enemies":"Automaton","floor":33.0,"turns":9.0},{"damage":7,"enemies":"Orb Walker","floor":35,"turns":3},{"damage":6,"enemies":"3 Shapes","floor":37,"turns":2},{"damage":19,"enemies":"Writhing Mass","floor":39,"turns":3},{"damage":42,"enemies":"Nemesis","floor":40,"turns":7},{"damage":6,"enemies":"Giant Head","floor":42,"turns":4},{"damage":21,"enemies":"Nemesis","floor":45,"turns":5},{"damage":20,"enemies":"Maw","floor":47,"turns":7},{"damage":8,"enemies":"Sphere and 2 Shapes","floor":48,"turns":4},{"damage":91,"enemies":"Time Eater","floor":50,"turns":12}],"seed_played":"-50432784894965207","potions_obtained":[{"floor":8.0,"key":"SpeedPotion"},{"floor":12.0,"key":"Strength Potion"},{"floor":13.0,"key":"GamblersBrew"},{"floor":16.0,"key":"ElixirPotion"},{"floor":27.0,"key":"CultistPotion"},{"floor":30.0,"key":"Fire Potion"},{"floor":33.0,"key":"PowerPotion"},{"floor":37,"key":"Explosive Potion"},{"floor":39,"key":"LiquidBronze"},{"floor":45,"key":"DuplicationPotion"}],"is_trial":false,"path_per_floor":["M","?","?","?","M","E","$","E","T","R","?","M","M","E","R","B",null,"M","?","?","$","?","E","?","E","T","E","$","?","E","M","R","B",null,"M","$","M","?","M","E","?","E","T","R","E","T","M","M","R","B"],"character_chosen":"IRONCLAD","items_purchased":["Body Slam","Shrug It Off","Medical Kit","Letter Opener","Sling"],"campfire_rested":3,"item_purchase_floors":[7,7,21,28,36],"current_hp_per_floor":[78,71,76,43,49,55,55,10,10,50,50,56,61,57,57,57,78,78,78,78,78,78,78,78,77,77,74,74,85,85,85,85,23,70,69,69,69,69,56,32,53,53,53,85,70,70,56,54,85,0,0],"gold":236,"neow_bonus":"THREE_ENEMY_KILL","is_daily":false,"chose_seed":false,"campfire_upgraded":1,"win_rate":0.0,"timestamp":1608939132,"path_taken":["M","?","?","?","?","E","$","E","T","R","?","?","M","E","R","BOSS","M","?","?","$","?","E","?","E","T","E","$","?","E","M","R","BOSS","M","$","?","?","M","E","?","E","T","R","E","?","?","M","R","BOSS"],"items_purchased_type":["Card","Card","Relic","Relic","Relic"],"build_version":"2020-12-22","purchased_purges":0,"victory":false,"max_hp_per_floor":[80,80,85,85,85,85,85,85,85,85,85,85,85,85,85,85,85,85,85,85,85,85,85,85,85,85,85,85,85,85,85,85,85,85,85,85,85,85,85,85,85,85,85,85,85,85,85,85,85,85,85],"card_choices":[{"not_picked":["Pommel Strike","Sentinel"],"picked":"Armaments","floor":1.0},{"not_picked":["Headbutt","Carnage"],"picked":"Flex","floor":5.0},{"not_picked":["Warcry","Feel No Pain"],"picked":"Shockwave","floor":6.0},{"not_picked":["Ghostly Armor","Wild Strike","Sever Soul"],"picked":"SKIP","floor":8.0},{"not_picked":["Perfected Strike","Wild Strike"],"picked":"Body Slam","floor":12.0},{"not_picked":["Cleave","Reaper"],"picked":"Metallicize","floor":13.0},{"not_picked":["Sword Boomerang","Headbutt"],"picked":"Metallicize","floor":14.0},{"not_picked":["Fiend Fire","Limit Break"],"picked":"Offering","floor":16.0},{"not_picked":["Burning Pact+1","Hemokinesis+1","Cleave"],"picked":"SKIP","floor":18.0},{"not_picked":["Clash","Flex","Sword Boomerang"],"picked":"SKIP","floor":23.0},{"not_picked":["Heavy Blade","Cleave+1","Intimidate"],"picked":"SKIP","floor":25.0},{"not_picked":["Warcry","Pommel Strike","Sever Soul"],"picked":"SKIP","floor":27.0},{"not_picked":["Rupture","Wild Strike","Rage+1"],"picked":"SKIP","floor":30.0},{"not_picked":["Armaments","Sword Boomerang","Fire Breathing+1"],"picked":"SKIP","floor":31.0},{"not_picked":["Anger","Fiend Fire"],"picked":"Shrug It Off","floor":35},{"not_picked":["Pommel Strike","Wild Strike+1","Heavy Blade+1"],"picked":"SKIP","floor":37},{"not_picked":["Iron Wave+1","Combust+1","Twin Strike+1"],"picked":"SKIP","floor":39},{"not_picked":["Searing Blow+1","Juggernaut"],"picked":"Battle Trance+1","floor":40},{"not_picked":["Shrug It Off","Spot Weakness"],"picked":"Evolve+1","floor":42},{"not_picked":["Uppercut+1","Inflame+1","Second Wind"],"picked":"SKIP","floor":45},{"not_picked":["Anger+1","Shockwave","Dark Embrace+1"],"picked":"SKIP","floor":47},{"not_picked":["Havoc+1","Heavy Blade"],"picked":"Flame Barrier","floor":48}],"player_experience":315584,"relics_obtained":[{"floor":6.0,"key":"Centennial Puzzle"},{"floor":8.0,"key":"PreservedInsect"},{"floor":9.0,"key":"Anchor"},{"floor":14.0,"key":"Bottled Tornado"},{"floor":23.0,"key":"WingedGreaves"},{"floor":25.0,"key":"Meat on the Bone"},{"floor":26.0,"key":"Pen Nib"},{"floor":27.0,"key":"Du-Vu Doll"},{"floor":30.0,"key":"Torii"},{"floor":34,"key":"Bag of Marbles"},{"floor":34,"key":"Gremlin Horn"},{"floor":34,"key":"StoneCalendar"},{"floor":40,"key":"Nunchaku"},{"floor":42,"key":"Red Skull"},{"floor":45,"key":"Blue Candle"},{"floor":46,"key":"Happy Flower"}],"event_choices":[{"cards_removed":["Defend_R"],"damage_healed":0.0,"max_hp_gain":0.0,"max_hp_loss":0.0,"gold_gain":0.0,"event_name":"Golden Wing","player_choice":"Card Removal","floor":2.0,"gold_loss":0.0,"damage_taken":7.0},{"damage_healed":0.0,"max_hp_gain":5.0,"max_hp_loss":0.0,"gold_gain":0.0,"event_name":"Big Fish","player_choice":"Donut","floor":3.0,"gold_loss":0.0,"damage_taken":0.0},{"damage_healed":0.0,"max_hp_gain":0.0,"max_hp_loss":0.0,"gold_gain":0.0,"event_name":"betterThird:BetterScrap","player_choice":"Relic ","floor":4.0,"gold_loss":0.0,"damage_taken":33.0,"cards_obtained":["Reboot"]},{"cards_removed":["Strike_R"],"damage_healed":0.0,"max_hp_gain":0.0,"max_hp_loss":0.0,"gold_gain":0.0,"event_name":"Purifier","player_choice":"Purged","floor":11.0,"gold_loss":0.0,"damage_taken":0.0},{"cards_removed":["Strike_R"],"damage_healed":0.0,"max_hp_gain":0.0,"max_hp_loss":0.0,"gold_gain":0.0,"event_name":"Beggar","player_choice":"Gave Gold","floor":19.0,"gold_loss":75.0,"damage_taken":0.0},{"damage_healed":0.0,"max_hp_gain":0.0,"max_hp_loss":6.0,"gold_gain":0.0,"event_name":"betterThird:BetterWriting","player_choice":"Simplicity","floor":20.0,"gold_loss":0.0,"damage_taken":0.0},{"damage_healed":0.0,"max_hp_gain":0.0,"max_hp_loss":0.0,"gold_gain":0.0,"event_name":"The Library","player_choice":"Read","floor":22.0,"gold_loss":0.0,"damage_taken":0.0,"cards_obtained":["Flame Barrier"]},{"damage_healed":0.0,"max_hp_gain":0.0,"max_hp_loss":0.0,"gold_gain":99.0,"event_name":"betterThird:BetterNest","player_choice":"Steal","floor":24.0,"gold_loss":0.0,"damage_taken":0.0},{"cards_removed":["Metallicize"],"damage_healed":11.0,"max_hp_gain":0.0,"max_hp_loss":0.0,"gold_gain":0.0,"event_name":"Bonfire Elementals","player_choice":"Offered Uncommon","floor":29.0,"gold_loss":0.0,"damage_taken":0.0},{"cards_removed":["Strike_R"],"damage_healed":0,"gold_gain":0,"player_choice":"Removed Attack","damage_taken":0,"max_hp_gain":0,"max_hp_loss":0,"event_name":"Falling","floor":38,"gold_loss":0},{"damage_healed":21,"gold_gain":0,"player_choice":"Writhe","damage_taken":0,"max_hp_gain":0,"max_hp_loss":0,"event_name":"Winding Halls","floor":41,"gold_loss":0,"cards_obtained":["Writhe"]}],"is_beta":false,"boss_relics":[{"not_picked":["Philosopher\u0027s Stone","Pandora\u0027s Box"],"picked":"Fusion Hammer"},{"not_picked":["Velvet Choker","Mark of Pain"],"picked":"Calling Bell"}],"items_purged_floors":[],"is_endless":false,"potions_floor_spawned":[8,12,13,16,27,30,33,37,39,45],"killed_by":"Time Eater","ascension_level":6}}