{"host":"BK","time":1608870601,"event":{"mods":["BaseMod","Highlight Path","Minty Spire (QoL Compilation)","StSLib"],"gold_per_floor":[115,127,127,51,74,74,108,108,131,131,131,175,175,196,196,196,196],"floor_reached":16,"playtime":719,"items_purged":[],"score":216,"play_id":"34d7582a-e5bd-4297-a8dd-9557bc2d2289","local_time":"20201224213001","is_ascension_mode":true,"campfire_choices":[{"data":"Defragment","floor":6,"key":"SMITH"},{"floor":11,"key":"REST"},{"data":"Ball Lightning","floor":15,"key":"SMITH"}],"circlet_count":0,"master_deck":["AscendersBane","Strike_B","Strike_B","Strike_B","Strike_B","Defend_B","Defend_B","Defend_B","Defend_B","Zap","Dualcast","Ball Lightning+1","Glacier","Defragment+1","Sweeping Beam"],"relics":["Cracked Core","Golden Idol","Centennial Puzzle","Regal Pillow","InkBottle","HornCleat"],"acts_visited":["Exordium"],"potions_floor_usage":[0,16],"damage_taken":[{"damage":5,"enemies":"2 Louse","floor":1,"turns":3},{"damage":6,"enemies":"Jaw Worm","floor":2,"turns":4},{"damage":0,"enemies":"Cultist","floor":5,"turns":4},{"damage":20,"enemies":"Gremlin Nob","floor":7,"turns":4},{"damage":2,"enemies":"Lagavulin","floor":12,"turns":8},{"damage":1,"enemies":"Looter","floor":14,"turns":5},{"damage":62,"enemies":"Hexaghost","floor":16,"turns":15}],"seed_played":"-91008521192777987","potions_obtained":[{"floor":0,"key":"Fruit Juice"},{"floor":0,"key":"SkillPotion"},{"floor":0,"key":"Strength Potion"}],"is_trial":false,"path_per_floor":["M","M","?","$","M","R","E","?","T","?","R","E","T","M","R","B"],"character_chosen":"DEFECT","items_purchased":["Defragment"],"campfire_rested":1,"item_purchase_floors":[4],"current_hp_per_floor":[64,58,58,58,58,58,38,27,27,27,62,60,60,59,59,0,0],"gold":196,"neow_bonus":"THREE_SMALL_POTIONS","is_daily":false,"chose_seed":false,"campfire_upgraded":2,"win_rate":0.0,"timestamp":1608870601,"path_taken":["M","M","?","$","M","R","E","?","T","?","R","E","?","?","R","BOSS"],"items_purchased_type":["Card"],"build_version":"2020-12-18","purchased_purges":0,"victory":false,"max_hp_per_floor":[76,76,69,69,69,69,69,69,69,69,69,69,69,69,69,69,69],"card_choices":[{"not_picked":["Blizzard","Reinforced Body"],"picked":"Ball Lightning","floor":1},{"not_picked":["Go for the Eyes","Redo"],"picked":"Glacier","floor":2},{"not_picked":["Ball Lightning","Gash","Go for the Eyes"],"picked":"SKIP","floor":5},{"not_picked":["Compile Driver","Consume"],"picked":"Sweeping Beam","floor":7},{"not_picked":["Static Discharge","Meteor Strike","Barrage"],"picked":"SKIP","floor":12},{"not_picked":["Cold Snap","Conserve Battery","Redo"],"picked":"SKIP","floor":14}],"player_experience":2416988,"relics_obtained":[{"floor":7,"key":"Centennial Puzzle"},{"floor":9,"key":"Regal Pillow"},{"floor":12,"key":"InkBottle"},{"floor":13,"key":"HornCleat"}],"event_choices":[{"damage_healed":0,"gold_gain":0,"player_choice":"Lose Max HP","damage_taken":0,"relics_obtained":["Golden Idol"],"max_hp_gain":0,"max_hp_loss":7,"event_name":"Golden Idol","floor":3,"gold_loss":0},{"damage_healed":0,"gold_gain":0,"player_choice":"Fled","damage_taken":11,"max_hp_gain":0,"max_hp_loss":0,"event_name":"Scrap Ooze","floor":8,"gold_loss":0},{"damage_healed":0,"gold_gain":0,"player_choice":"Ignored","damage_taken":0,"max_hp_gain":0,"max_hp_loss":0,"event_name":"Liars Game","floor":10,"gold_loss":0}],"is_beta":true,"boss_relics":[],"items_purged_floors":[],"is_endless":false,"potions_floor_spawned":[1,5],"killed_by":"Hexaghost","ascension_level":20}}