{"host":"vm8b3ptwl81uq21f","time":1608860370,"event":{"mods":["BaseMod","BetterRewards","Colored Powertips","Downfall","GifTheSpireLib","Googly Eyes","GungeonMod","Halation","Hubris","Minty Spire (QoL Compilation)","Quick Restart","Rare Cards Sparkle","Replay The Spire","Shop Mod","StSLib","Stuff the Spire","The Bug Knight","The IronCluck","[IsaacMod]????"],"gold_per_floor":[110,35,55,55,55,90,90,90,90,102,102,118,201,215,215,314,314,330,344,361,361,361,361,389,389,389,389,403,403,403,403,78,88,88,183,183,197,211,230,0,11,11,44,56,56,76,86,105,115,130,130,130,130,130,48,77,77,77],"floor_reached":57,"playtime":2171,"items_purged":["hubris:Gluttony","Pain"],"score":995,"play_id":"2452695e-2f57-4ee8-a91d-d36467ad5c39","local_time":"20201224203930","is_ascension_mode":false,"campfire_choices":[{"data":"Go for the Eyes","floor":7,"key":"SMITH"},{"data":"Coolheaded","floor":11,"key":"SMITH"},{"data":"Zap","floor":15,"key":"SMITH"},{"data":"StuffTheSpire:BrainWave","floor":23,"key":"SMITH"},{"data":"Scrape","floor":25,"key":"SMITH"},{"data":"Dualcast","floor":31,"key":"SMITH"},{"data":"Hologram","floor":34,"key":"SMITH"},{"floor":42,"key":"RECALL"},{"data":"Echo Form","floor":51,"key":"SMITH"},{"data":"Hologram","floor":54,"key":"SMITH"}],"circlet_count":0,"master_deck":["Strike_B","Strike_B","Strike_B","Strike_B","Defend_B","Defend_B","Defend_B","Defend_B","Zap+1","Dualcast+1","BettingIsNotGood","Hologram+1","Coolheaded+1","Go for the Eyes+1","Hologram+1","Echo Form+1","Sunder","Scrape+1","Machine Learning","All For One","Coolheaded+1","Scrape+1","FTL+1","StuffTheSpire:BrainWave+1","Beam Cell+1","Stack","Turbo","Steam","Coolheaded+1","Stack+1","Go for the Eyes+1","Time Bomb+1","Steam+1","Rebound","Parasite","Gash+1","Steam+1","Rebound","Compile Driver","Steam Power","Hello World+1"],"relics":["Cracked Core","HushsDoor","BFFS","DemoMod:GundromedaStrain","StuffTheSpire:GrapeVine","StuffTheSpire:DarkSteelAnvil","WarpedTongs","halation:SelfBoilingWater","MagicMushroom","RottenBaby","MutagenicStrength","Pet Ghost","halation:Thesaurus","UnicornStump","Replay:Wax Seal","Coffee Dripper","GuppysHairball","Red Mask","Symbiotic Virus","StuffTheSpire:Tea"],"acts_visited":["Exordium","TheCity","TheBeyond","TheEnding"],"potions_floor_usage":[13,35,35,57,57,57],"damage_taken":[{"damage":2,"enemies":"2 Louse","floor":1,"turns":2},{"damage":3,"enemies":"Cultist","floor":3,"turns":2},{"damage":15,"enemies":"Lagavulin","floor":6,"turns":5},{"damage":0,"enemies":"Small Slimes","floor":10,"turns":2},{"damage":0,"enemies":"3 Louse","floor":12,"turns":1},{"damage":17,"enemies":"3 Sentries","floor":13,"turns":7},{"damage":0,"enemies":"Red Slaver","floor":14,"turns":1},{"damage":0,"enemies":"Slime Boss","floor":16,"turns":3},{"damage":0,"enemies":"Spheric Guardian","floor":18,"turns":1},{"damage":0,"enemies":"3 Byrds","floor":19,"turns":2},{"damage":1,"enemies":"Cultist and Chosen","floor":20,"turns":2},{"damage":9,"enemies":"HollowMod:Nosk","floor":24,"turns":3},{"damage":8,"enemies":"3 Cultists","floor":28,"turns":1},{"damage":0,"enemies":"Snake Plant","floor":33,"turns":1},{"damage":12,"enemies":"hubris:MusketHawk","floor":35,"turns":4},{"damage":0,"enemies":"3 Shapes","floor":37,"turns":1},{"damage":0,"enemies":"Orb Walker","floor":38,"turns":1},{"damage":0,"enemies":"Spire Growth","floor":39,"turns":1},{"damage":0,"enemies":"Jaw Worm Horde","floor":41,"turns":2},{"damage":0,"enemies":"R_Hoarder","floor":43,"turns":2},{"damage":0,"enemies":"Maw","floor":44,"turns":1},{"damage":0,"enemies":"3 Darklings","floor":46,"turns":1},{"damage":0,"enemies":"Writhing Mass","floor":47,"turns":3},{"damage":3,"enemies":"Transient","floor":48,"turns":5},{"damage":0,"enemies":"HollowMod:SlobberingHusk","floor":49,"turns":2},{"damage":0,"enemies":"Maw","floor":50,"turns":1},{"damage":0,"enemies":"hubris:GrandSnecko","floor":52,"turns":3},{"damage":0,"enemies":"Shield and Spear","floor":56,"turns":2},{"damage":64,"enemies":"Delirium","floor":57,"turns":7}],"seed_played":"-6136997487850119109","potions_obtained":[{"floor":1,"key":"PotionOfCapacity"},{"floor":6,"key":"Guardian:BlockOnCardUsePotion"},{"floor":14,"key":"Fire Potion"},{"floor":16,"key":"Dexterity Potion"},{"floor":20,"key":"FocusPotion"},{"floor":28,"key":"Block Potion"},{"floor":38,"key":"Block Potion"},{"floor":39,"key":"Block Potion"},{"floor":44,"key":"Guardian:BlockOnCardUsePotion"},{"floor":56,"key":"BlessingOfTheForge"}],"is_trial":false,"path_per_floor":["M","$","M","?","?","E","R","?","T","M","R","M","E","M","R","B",null,"M","M","M","?","?","R","E","R","T","?","M","PTL","PTL","R","$","M","R","B",null,"M","M","M","?","M","R","E","M","T","M","M","M","M","M","R","B",null,"R","$","E","B"],"character_chosen":"DEFECT","items_purchased":["All For One","RottenBaby","halation:Thesaurus","Replay:Wax Seal","GuppysHairball","Steam Power"],"campfire_rested":0,"item_purchase_floors":[17,17,32,32,36,55],"current_hp_per_floor":[75,75,72,72,69,54,54,54,54,54,54,54,57,57,57,57,63,63,63,62,62,62,62,59,59,59,59,51,51,51,51,51,51,51,40,53,53,53,53,53,53,53,53,53,53,53,53,50,51,51,51,52,53,53,53,53,0,0],"gold":77,"neow_bonus":"ONE_RARE_RELIC","is_daily":false,"chose_seed":false,"campfire_upgraded":9,"win_rate":0.0,"timestamp":1608860370,"path_taken":["M","$","M","?","?","E","R","?","T","?","R","M","E","M","R","BOSS","M","M","M","?","?","R","E","R","T","?","M","PTL","PTL","R","$","M","R","BOSS","M","M","?","?","M","R","E","M","T","M","M","M","M","M","R","BOSS","R","$","E","BOSS"],"items_purchased_type":["Card","Relic","Relic","Relic","Relic","Card"],"build_version":"2020-12-22","purchased_purges":2,"victory":false,"max_hp_per_floor":[75,75,75,75,75,75,75,75,75,75,75,75,75,75,75,75,63,63,63,63,63,63,63,63,63,63,63,63,63,63,63,63,63,63,63,53,53,53,53,53,53,53,53,53,53,53,53,53,53,53,53,53,53,53,53,53,53,53],"card_choices":[{"not_picked":[],"picked":"BettingIsNotGood","floor":0},{"not_picked":["Fusion","Reprogram"],"picked":"Hologram","floor":1},{"not_picked":["Defragment","FIFO Queue"],"picked":"Coolheaded","floor":3},{"not_picked":["Panic Button","Stack"],"picked":"Go for the Eyes","floor":6},{"not_picked":["BasicCrystalCard","ReplayTheSpireMod:Repulse"],"picked":"Hologram","floor":10},{"not_picked":["Pulse","Time Bomb"],"picked":"Echo Form","floor":12},{"not_picked":["Cold Snap","Bomb"],"picked":"Sunder","floor":13},{"not_picked":["Darkness","Hologram"],"picked":"Scrape","floor":14},{"not_picked":["Thunder Strike","Mirror Shield"],"picked":"Machine Learning","floor":16},{"not_picked":["StuffTheSpire:Synthwave+1","ReplaySort+1"],"picked":"Coolheaded+1","floor":18},{"not_picked":["Cold Snap","Barrage"],"picked":"Scrape+1","floor":19},{"not_picked":["Ball Lightning","Leap"],"picked":"FTL+1","floor":20},{"not_picked":["StuffTheSpire:Perfection","StuffTheSpire:Harmony"],"picked":"StuffTheSpire:BrainWave","floor":22},{"not_picked":["Meteor Strike","Rip and Tear+1"],"picked":"Beam Cell+1","floor":24},{"not_picked":["Tempest","StuffTheSpire:NuclearReactor"],"picked":"Stack","floor":28},{"not_picked":["Conserve Battery+1","Doom and Gloom"],"picked":"Turbo","floor":33},{"not_picked":["Barrage","Coolheaded"],"picked":"Steam","floor":37},{"not_picked":["Panic Button","Cold Snap"],"picked":"Coolheaded+1","floor":38},{"not_picked":["Cold Snap","Barrage"],"picked":"Stack+1","floor":39},{"not_picked":["ReplayTheSpireMod:GoodbyeWorld","Reprogram+1"],"picked":"Go for the Eyes+1","floor":41},{"not_picked":["ReplayTheSpireMod:Reroute Power","Capacitor"],"picked":"Time Bomb+1","floor":43},{"not_picked":["StuffTheSpire:LoadUp","ReplayTheSpireMod:Repulse"],"picked":"Steam+1","floor":44},{"not_picked":["StuffTheSpire:Plugnplay+1","StuffTheSpire:Purify"],"picked":"Rebound","floor":46},{"not_picked":["Barrage+1","Sweeping Beam"],"picked":"Gash+1","floor":47},{"not_picked":["Cold Snap","Compile Driver"],"picked":"Steam+1","floor":48},{"not_picked":["Leap","StuffTheSpire:LoadUp+1"],"picked":"Rebound","floor":49},{"not_picked":["ReplaySort","Go for the Eyes"],"picked":"Compile Driver","floor":50},{"not_picked":["Ball Lightning+1","Recycle"],"picked":"Hello World+1","floor":56}],"player_experience":303708,"relics_obtained":[{"floor":6,"key":"StuffTheSpire:DarkSteelAnvil"},{"floor":9,"key":"halation:SelfBoilingWater"},{"floor":13,"key":"hubris:SlimyHat"},{"floor":24,"key":"Pet Ghost"},{"floor":26,"key":"Replay:WaspNest"},{"floor":43,"key":"Symbiotic Virus"},{"floor":56,"key":"StuffTheSpire:Tea"}],"event_choices":[{"damage_healed":0,"gold_gain":0,"player_choice":"Success","damage_taken":3,"relics_obtained":["StuffTheSpire:GrapeVine"],"max_hp_gain":0,"max_hp_loss":0,"event_name":"Scrap Ooze","floor":5,"gold_loss":0},{"damage_healed":0,"gold_gain":0,"player_choice":"Rummage","damage_taken":0,"relics_obtained":["WarpedTongs"],"max_hp_gain":0,"max_hp_loss":0,"event_name":"Accursed Blacksmith","floor":8,"gold_loss":0,"cards_obtained":["Pain"]},{"damage_healed":0,"gold_gain":0,"player_choice":"Inject Mutagens","damage_taken":0,"relics_obtained":["MutagenicStrength"],"max_hp_gain":0,"max_hp_loss":0,"event_name":"Drug Dealer","floor":21,"gold_loss":0},{"damage_healed":0,"gold_gain":0,"player_choice":"Paid","damage_taken":0,"relics_obtained":["Red Mask"],"max_hp_gain":0,"max_hp_loss":0,"event_name":"Tomb of Lord Red Mask","floor":40,"gold_loss":230}],"is_beta":false,"boss_relics":[{"not_picked":["Runic Pyramid","Honey Jar"],"picked":"MagicMushroom"},{"not_picked":[]},{"not_picked":["hubris:Stopwatch","Astrolabe"],"picked":"Coffee Dripper"},{"not_picked":[]}],"items_purged_floors":[2,32],"is_endless":false,"potions_floor_spawned":[1,6,14,16,20,28,33,38,39,41,44,56],"killed_by":"Delirium","ascension_level":0}}