{"host":"Fun","time":1608904690,"event":{"mods":["BaseMod","Colored Map","Filter the Spire","Minty Spire (QoL Compilation)","Relic Stats","StSLib"],"gold_per_floor":[212,64,64,64,78,110,135,161,161,161,171,198,55,67,67,141,141,160,179,23,23,23,50,50,50,97,110,110,110,110,144,144,221,221,238,238,238,258,258,285,285,300,327,39,39,19,19,0,0,0,0],"floor_reached":50,"playtime":2105,"items_purged":["Strike_R","Hemokinesis+1"],"score":884,"play_id":"25d7c6e0-007a-4fb5-baf3-f767f1e819e2","local_time":"20201225085810","is_ascension_mode":true,"campfire_choices":[{"data":"Hemokinesis","floor":10,"key":"SMITH"},{"data":"Disarm","floor":15,"key":"SMITH"},{"floor":24,"key":"REST"},{"data":"Barricade","floor":28,"key":"SMITH"},{"floor":32,"key":"REST"},{"data":"Apotheosis","floor":41,"key":"SMITH"},{"floor":45,"key":"REST"},{"data":"Demon Form","floor":49,"key":"SMITH"}],"circlet_count":0,"master_deck":["AscendersBane","Defend_R+1","Defend_R+1","Defend_R+1","Defend_R+1","Bash","Combust+1","Pommel Strike","Clothesline","Sword Boomerang","Berserk","Disarm+1","Barricade+1","Shrug It Off","True Grit","Feel No Pain","Fiend Fire","Battle Trance","Cleave","Shrug It Off+1","Apotheosis+1","Demon Form+1","Shrug It Off","Inflame"],"relics":["Burning Blood","WarpedTongs","Bronze Scales","Red Skull","Omamori","Regal Pillow","Juzu Bracelet","PreservedInsect","Runic Dome","Membership Card","Mercury Hourglass","Boot","Bag of Preparation","Sozu","Darkstone Periapt","Gambling Chip","Potion Belt","CaptainsWheel","Red Mask"],"acts_visited":["Exordium","TheCity","TheBeyond"],"potions_floor_usage":[6,6,27,50],"damage_taken":[{"damage":2,"enemies":"Jaw Worm","floor":1,"turns":5},{"damage":3,"enemies":"Small Slimes","floor":5,"turns":2},{"damage":19,"enemies":"3 Sentries","floor":6,"turns":5},{"damage":20,"enemies":"Lagavulin","floor":8,"turns":6},{"damage":0,"enemies":"Cultist","floor":11,"turns":3},{"damage":16,"enemies":"3 Sentries","floor":12,"turns":4},{"damage":8,"enemies":"Blue Slaver","floor":14,"turns":3},{"damage":9,"enemies":"The Guardian","floor":16,"turns":10},{"damage":8,"enemies":"3 Byrds","floor":18,"turns":2},{"damage":36,"enemies":"2 Thieves","floor":19,"turns":3},{"damage":23,"enemies":"Gremlin Leader","floor":23,"turns":7},{"damage":0,"enemies":"Snake Plant","floor":27,"turns":5},{"damage":30,"enemies":"Slavers","floor":31,"turns":3},{"damage":57,"enemies":"Collector","floor":33,"turns":13},{"damage":8,"enemies":"3 Shapes","floor":35,"turns":4},{"damage":2,"enemies":"Orb Walker","floor":38,"turns":3},{"damage":10,"enemies":"Nemesis","floor":40,"turns":7},{"damage":25,"enemies":"Sphere and 2 Shapes","floor":42,"turns":4},{"damage":84,"enemies":"Donu and Deca","floor":50,"turns":9}],"seed_played":"7664797844722471787","potions_obtained":[{"floor":1,"key":"BlessingOfTheForge"},{"floor":5,"key":"Block Potion"},{"floor":6,"key":"DuplicationPotion"},{"floor":14,"key":"GamblersBrew"},{"floor":23,"key":"Regen Potion"},{"floor":27,"key":"BlessingOfTheForge"}],"is_trial":false,"path_per_floor":["M","$","?","?","M","E","T","E","T","R","M","E","$","M","R","B",null,"M","M","$","?","?","E","R","?","T","M","R","?","?","E","R","B",null,"M","?","?","M","?","E","R","M","T","$","R","$","?","?","R","B"],"character_chosen":"IRONCLAD","items_purchased":["Combust","PreservedInsect","Membership Card","Demon Form","Shrug It Off","CaptainsWheel","Inflame"],"campfire_rested":3,"item_purchase_floors":[2,13,20,44,44,44,46],"current_hp_per_floor":[72,72,72,65,68,55,55,41,41,41,47,37,37,35,35,32,64,62,32,32,32,57,40,75,61,61,79,79,79,79,55,80,29,67,65,65,80,80,70,66,66,47,47,47,80,80,80,80,80,0,0],"gold":0,"neow_bonus":"HUNDRED_GOLD","is_daily":false,"chose_seed":false,"campfire_upgraded":5,"win_rate":0.0,"timestamp":1608904690,"path_taken":["M","$","?","?","M","E","?","E","T","R","?","E","$","M","R","BOSS","M","M","$","?","?","E","R","?","T","M","R","?","?","E","R","BOSS","M","?","?","M","?","E","R","M","T","$","R","$","?","?","R","BOSS"],"items_purchased_type":["Card","Relic","Relic","Card","Card","Relic","Card"],"build_version":"2020-12-18","purchased_purges":2,"victory":false,"max_hp_per_floor":[75,75,75,75,75,75,75,75,75,75,75,75,75,75,75,75,75,75,75,75,75,75,75,75,80,80,80,80,80,80,80,80,80,80,80,80,80,80,80,80,80,80,80,80,80,80,80,80,80,80,80],"relic_stats":{"Darkstone Periapt":0,"Regal Pillow":23,"counters":[19,98],"PreservedInsect":135,"Juzu Bracelet":2,"Bag of Preparation":[12],"Boot":[82],"Burning Blood":104,"WarpedTongs":[82],"Mercury Hourglass":[207],"Sozu":1,"Bronze Scales":[284],"Gambling Chip":[4],"obtain_stats":[{"Darkstone Periapt":36,"Potion Belt":43,"Regal Pillow":9,"PreservedInsect":13,"Omamori":8,"Juzu Bracelet":12,"Bag of Preparation":31,"Boot":26,"Burning Blood":0,"WarpedTongs":1,"Mercury Hourglass":23,"Sozu":34,"Runic Dome":17,"CaptainsWheel":44,"Bronze Scales":6,"Gambling Chip":40,"Red Mask":48,"Membership Card":20,"Red Skull":7},{"Darkstone Periapt":15,"Potion Belt":18,"Regal Pillow":4,"PreservedInsect":6,"Omamori":4,"Juzu Bracelet":6,"Bag of Preparation":13,"Boot":11,"Burning Blood":0,"WarpedTongs":1,"Mercury Hourglass":11,"Sozu":14,"Runic Dome":8,"CaptainsWheel":18,"Bronze Scales":3,"Gambling Chip":17,"Red Mask":18,"Membership Card":10,"Red Skull":3},{"Darkstone Periapt":75,"Potion Belt":89,"Regal Pillow":18,"PreservedInsect":25,"Omamori":18,"Juzu Bracelet":25,"Bag of Preparation":58,"Boot":50,"Burning Blood":0,"WarpedTongs":1,"Mercury Hourglass":50,"Sozu":71,"Runic Dome":38,"CaptainsWheel":89,"Bronze Scales":12,"Gambling Chip":85,"Red Mask":89,"Membership Card":43,"Red Skull":12}]},"card_choices":[{"not_picked":["Shrug It Off","Ghostly Armor"],"picked":"Hemokinesis","floor":1},{"not_picked":["Power Through","Infernal Blade"],"picked":"Pommel Strike","floor":5},{"not_picked":["Iron Wave","Dark Embrace"],"picked":"Clothesline","floor":6},{"not_picked":["Infernal Blade","Uppercut"],"picked":"Sword Boomerang","floor":8},{"not_picked":["Combust","Dropkick","Hemokinesis"],"picked":"SKIP","floor":11},{"not_picked":["Armaments","Flex"],"picked":"Berserk","floor":12},{"not_picked":["True Grit","Body Slam"],"picked":"Disarm","floor":14},{"not_picked":["Berserk","Offering"],"picked":"Barricade","floor":16},{"not_picked":["Pommel Strike","Ghostly Armor"],"picked":"Shrug It Off","floor":18},{"not_picked":["Thunderclap","Clothesline"],"picked":"True Grit","floor":19},{"not_picked":["Headbutt","Iron Wave"],"picked":"Feel No Pain","floor":23},{"not_picked":["Rampage","Cleave","Pommel Strike"],"picked":"SKIP","floor":27},{"not_picked":["Combust","Uppercut","Perfected Strike"],"picked":"SKIP","floor":31},{"not_picked":["True Grit+1","Clash"],"picked":"Cleave","floor":35},{"not_picked":["Whirlwind","Thunderclap+1"],"picked":"Shrug It Off+1","floor":38},{"not_picked":["PanicButton","Jack Of All Trades"],"picked":"Apotheosis","floor":39},{"not_picked":["HandOfGreed","Enlightenment"],"picked":"Flash of Steel","floor":39},{"not_picked":["Armaments","Clash","Flex"],"picked":"SKIP","floor":40},{"not_picked":["Twin Strike+1","Sword Boomerang","Warcry"],"picked":"SKIP","floor":42}],"player_experience":113686,"relics_obtained":[{"floor":6,"key":"Bronze Scales"},{"floor":7,"key":"Red Skull"},{"floor":8,"key":"Omamori"},{"floor":9,"key":"Regal Pillow"},{"floor":12,"key":"Juzu Bracelet"},{"floor":23,"key":"Mercury Hourglass"},{"floor":26,"key":"Boot"},{"floor":31,"key":"Bag of Preparation"},{"floor":36,"key":"Darkstone Periapt"},{"floor":40,"key":"Gambling Chip"},{"floor":43,"key":"Potion Belt"}],"event_choices":[{"damage_healed":0,"gold_gain":0,"player_choice":"Grow","damage_taken":0,"max_hp_gain":0,"max_hp_loss":0,"event_name":"Living Wall","floor":3,"gold_loss":0,"cards_upgraded":["Combust"]},{"cards_removed":["Strike_R"],"damage_healed":0,"gold_gain":0,"player_choice":"Card Removal","damage_taken":7,"max_hp_gain":0,"max_hp_loss":0,"event_name":"Golden Wing","floor":4,"gold_loss":0},{"damage_healed":0,"gold_gain":0,"player_choice":"Simplicity","damage_taken":0,"max_hp_gain":0,"max_hp_loss":0,"event_name":"Back to Basics","floor":21,"gold_loss":0,"cards_upgraded":["Strike_R","Strike_R","Strike_R","Defend_R","Defend_R","Defend_R","Defend_R"]},{"damage_healed":25,"gold_gain":0,"player_choice":"Heal","damage_taken":0,"max_hp_gain":0,"max_hp_loss":0,"event_name":"The Library","floor":22,"gold_loss":0},{"damage_healed":0,"gold_gain":0,"player_choice":"Shed Blood","damage_taken":19,"max_hp_gain":5,"max_hp_loss":0,"event_name":"Forgotten Altar","floor":25,"gold_loss":0},{"damage_healed":0,"gold_gain":0,"cards_transformed":["Strike_R","Strike_R"],"player_choice":"Became Test Subject","damage_taken":0,"max_hp_gain":0,"max_hp_loss":0,"event_name":"Drug Dealer","floor":29,"gold_loss":0,"cards_obtained":["Fiend Fire","Battle Trance"]},{"cards_removed":["Strike_R"],"damage_healed":0,"gold_gain":0,"player_choice":"Purged","damage_taken":0,"max_hp_gain":0,"max_hp_loss":0,"event_name":"Purifier","floor":30,"gold_loss":0},{"damage_healed":0,"gold_gain":0,"player_choice":"Relic","damage_taken":0,"max_hp_gain":0,"max_hp_loss":0,"event_name":"Wheel of Change","floor":36,"gold_loss":0},{"damage_healed":20,"gold_gain":0,"player_choice":"Writhe","damage_taken":0,"max_hp_gain":0,"max_hp_loss":0,"event_name":"Winding Halls","floor":37,"gold_loss":0,"cards_obtained":["Writhe"]},{"damage_healed":0,"gold_gain":0,"player_choice":"Memory 3","damage_taken":10,"max_hp_gain":0,"max_hp_loss":0,"event_name":"SensoryStone","floor":39,"gold_loss":0},{"cards_removed":["Flash of Steel"],"damage_healed":0,"gold_gain":0,"player_choice":"Removed Attack","damage_taken":0,"max_hp_gain":0,"max_hp_loss":0,"event_name":"Falling","floor":47,"gold_loss":0},{"damage_healed":0,"gold_gain":0,"player_choice":"Paid","damage_taken":0,"relics_obtained":["Red Mask"],"max_hp_gain":0,"max_hp_loss":0,"event_name":"Tomb of Lord Red Mask","floor":48,"gold_loss":19}],"is_beta":true,"boss_relics":[{"not_picked":["Black Star","SacredBark"],"picked":"Runic Dome"},{"not_picked":["Coffee Dripper","Pandora\u0027s Box"],"picked":"Sozu"}],"items_purged_floors":[2,44],"is_endless":false,"potions_floor_spawned":[1,5,6,14,23,27,38],"killed_by":"Donu and Deca","ascension_level":14}}