{"host":"¿à÷økuyou","time":1608907457,"event":{"mods":["ATMod(°¢èªMod)","Act Like it!","BaseMod","Lobotomy","Minty Spire (QoL Compilation)","Quick Restart","StSLib"],"gold_per_floor":[118,49,49,49,62,88,88,188,188,220,240,268,288,213,213,315,315,329,345,345,102,122,153,153,166,191,223,223,256,171,221,221,326,326,343,355,355,6,6,6,38,38,85,138,177,290,290,423,423,548],"floor_reached":51,"playtime":1400,"items_purged":["Strike_G","Strike_G","Outmaneuver"],"score":1260,"play_id":"e288dc72-86b3-4d4c-a1f2-c494a2545243","local_time":"20201225224417","is_ascension_mode":true,"campfire_choices":[{"data":"Acrobatics","floor":7.0,"key":"SMITH"},{"data":"Blade Dance","floor":15.0,"key":"SMITH"},{"data":"Footwork","floor":24.0,"key":"SMITH"},{"data":"Tactician","floor":28,"key":"SMITH"},{"floor":32,"key":"REST"},{"data":"Reflex","floor":40,"key":"SMITH"},{"data":"Wraith Form v2","floor":47,"key":"SMITH"},{"data":"Calculated Gamble","floor":49,"key":"SMITH"}],"circlet_count":0,"master_deck":["Survivor","Neutralize","AT_FamilyPortrait+1","Acrobatics+1","AT_Desolate+1","Tactician+1","Blade Dance+1","Terror","Footwork+1","Calculated Gamble+1","AT_KneejerkReflex","Bouncing Flask+1","Tactician+1","Noxious Fumes+1","After Image+1","Footwork+1","Reflex+1","Expertise","Predator+1","Accuracy","Concentrate+1","Wraith Form v2+1","Acrobatics"],"relics":["AT_ATBox","AT_TrinityForce","AT_LudenTempest","AT_BellowingDragoncrestRing","Centennial Puzzle","Omamori","Runic Dome","AT_SunfireAegis","Anchor","AT_BellDemon","Oddly Smooth Stone","The Courier","Bronze Scales","Molten Egg 2","War Paint","Pandora\u0027s Box","Blood Vial","Vajra","Membership Card","AT_SilvercatRing","Juzu Bracelet","AT_MibuBalloonWealth","Nunchaku","Mango","Pen Nib","Snake Skull","Incense Burner","Bottled Lightning","Ancient Tea Set"],"acts_visited":["Exordium","TheCity","TheBeyond"],"potions_floor_usage":[33,48,50,50],"damage_taken":[{"damage":0.0,"enemies":"Cultist","floor":1.0,"turns":2.0},{"damage":0.0,"enemies":"Jaw Worm","floor":5.0,"turns":3.0},{"damage":0.0,"enemies":"Gremlin Nob","floor":6.0,"turns":2.0},{"damage":0.0,"enemies":"Lagavulin","floor":10.0,"turns":2.0},{"damage":0.0,"enemies":"2 Louse","floor":11.0,"turns":2.0},{"damage":11.0,"enemies":"3 Sentries","floor":12.0,"turns":3.0},{"damage":0.0,"enemies":"Lots of Slimes","floor":13.0,"turns":3.0},{"damage":0.0,"enemies":"The Guardian","floor":16.0,"turns":3.0},{"damage":0.0,"enemies":"3 Byrds","floor":18.0,"turns":2.0},{"damage":0.0,"enemies":"Chosen","floor":19.0,"turns":2.0},{"damage":0.0,"enemies":"Snake Plant","floor":22.0,"turns":2.0},{"damage":22.0,"enemies":"Slavers","floor":23.0,"turns":3.0},{"damage":0.0,"enemies":"Sentry and Sphere","floor":25.0,"turns":3.0},{"damage":18.0,"enemies":"Gremlin Leader","floor":27.0,"turns":3.0},{"damage":17,"enemies":"Slavers","floor":29,"turns":2},{"damage":8,"enemies":"Collector","floor":33,"turns":3},{"damage":8,"enemies":"3 Shapes","floor":35,"turns":4},{"damage":25,"enemies":"3 Darklings","floor":36,"turns":3},{"damage":0,"enemies":"Reptomancer","floor":41,"turns":2},{"damage":3,"enemies":"Nemesis","floor":44,"turns":3},{"damage":0,"enemies":"Maw","floor":45,"turns":3},{"damage":0,"enemies":"4 Shapes","floor":46,"turns":3},{"damage":0,"enemies":"Reptomancer","floor":48,"turns":2},{"damage":0,"enemies":"Awakened One","floor":50,"turns":3}],"seed_played":"-4356021218407052508","potions_obtained":[{"floor":5.0,"key":"DistilledChaos"},{"floor":6.0,"key":"BlessingOfTheForge"},{"floor":11.0,"key":"SteroidPotion"},{"floor":41,"key":"CunningPotion"},{"floor":48,"key":"Regen Potion"}],"is_trial":false,"path_per_floor":["M","$","?","?","M","E","R","?","T","E","M","E","M","$","R","B",null,"M","M","?","$","M","E","R","M","T","E","R","E","?","?","R","B",null,"M","M","?","$","?","R","E","?","T","E","M","M","R","E","R","B",null],"character_chosen":"THE_SILENT","items_purchased":["AT_Desolate","AT_SunfireAegis","Membership Card","AT_SilvercatRing","Juzu Bracelet"],"campfire_rested":1,"item_purchase_floors":[2,21,38,38,38],"current_hp_per_floor":[70,70,56,56,56,56,56,56,56,56,56,45,45,45,45,45,70,70,70,70,70,70,48,48,48,48,30,30,13,13,13,34,26,70,62,39,39,39,39,39,41,80,80,91,93,94,94,94,94,94],"gold":548,"neow_bonus":"BOSS_RELIC","is_daily":false,"chose_seed":false,"campfire_upgraded":7,"win_rate":0.0,"timestamp":1608907457,"path_taken":["M","$","?","?","M","E","R","?","T","E","M","E","?","?","R","BOSS","M","M","?","$","M","E","R","M","T","E","R","E","?","?","R","BOSS","M","M","?","$","?","R","E","?","T","E","M","M","R","E","R","BOSS"],"items_purchased_type":["Card","Relic","Relic","Relic","Relic"],"build_version":"2020-12-18","purchased_purges":3,"victory":true,"max_hp_per_floor":[70,70,70,70,70,70,70,70,70,70,70,70,70,70,70,70,70,70,70,70,70,70,70,70,70,70,70,70,70,70,70,70,70,70,70,70,70,70,70,70,70,80,80,94,94,94,94,94,94,94],"card_choices":[{"not_picked":["Poisoned Stab","Backflip"],"picked":"Acrobatics","floor":1.0},{"not_picked":["Dagger Throw","Outmaneuver"],"picked":"Tactician","floor":5.0},{"not_picked":["Flying Knee","Prepared","Night Terror"],"picked":"SKIP","floor":6.0},{"not_picked":["Terror","AT_ShadowStep"],"picked":"Blade Dance","floor":10.0},{"not_picked":["Bane","Well Laid Plans","Quick Slash"],"picked":"SKIP","floor":11.0},{"not_picked":["Escape Plan","Outmaneuver"],"picked":"Terror","floor":12.0},{"not_picked":["Deadly Poison","Outmaneuver","Dagger Spray"],"picked":"SKIP","floor":13.0},{"not_picked":["Tactician+1","Quick Slash"],"picked":"Footwork","floor":18.0},{"not_picked":["Bouncing Flask+1","Backflip+1"],"picked":"Calculated Gamble","floor":19.0},{"not_picked":["Bane","Deadly Poison","PiercingWail"],"picked":"SKIP","floor":22.0},{"not_picked":["Poisoned Stab+1","Dash","AT_WomanClash+1"],"picked":"SKIP","floor":23.0},{"not_picked":["Quick Slash","Eviscerate"],"picked":"Bouncing Flask","floor":25.0},{"not_picked":["Prepared+1","Slice"],"picked":"Tactician+1","floor":27},{"not_picked":["Phantasmal Killer","Blur+1"],"picked":"Noxious Fumes+1","floor":29},{"not_picked":["Tools of the Trade","Night Terror"],"picked":"After Image","floor":33},{"not_picked":["Deflect","Sucker Punch+1"],"picked":"Concentrate+1","floor":35},{"not_picked":["Backstab+1","Deflect","Dagger Throw+1"],"picked":"SKIP","floor":36},{"not_picked":["Underhanded Strike+1","Finisher+1"],"picked":"Wraith Form v2","floor":41},{"not_picked":["Underhanded Strike+1","Expertise","Flying Knee+1"],"picked":"SKIP","floor":44},{"not_picked":["Deadly Poison+1","Quick Slash+1","Footwork+1"],"picked":"SKIP","floor":45},{"not_picked":["Phantasmal Killer","Dagger Spray+1"],"picked":"Acrobatics","floor":46},{"not_picked":["AT_TinkerSharpsword","Backstab+1","Sucker Punch+1"],"picked":"SKIP","floor":48}],"player_experience":145442,"relics_obtained":[{"floor":6.0,"key":"AT_LudenTempest"},{"floor":9.0,"key":"AT_BellowingDragoncrestRing"},{"floor":10.0,"key":"Centennial Puzzle"},{"floor":12.0,"key":"Omamori"},{"floor":23.0,"key":"Anchor"},{"floor":26.0,"key":"AT_BellDemon"},{"floor":27,"key":"Oddly Smooth Stone"},{"floor":29,"key":"The Courier"},{"floor":29,"key":"Bronze Scales"},{"floor":33,"key":"War Paint"},{"floor":35,"key":"Blood Vial"},{"floor":36,"key":"Vajra"},{"floor":41,"key":"AT_MibuBalloonWealth"},{"floor":41,"key":"Nunchaku"},{"floor":44,"key":"Mango"},{"floor":44,"key":"Pen Nib"},{"floor":45,"key":"Snake Skull"},{"floor":46,"key":"Incense Burner"},{"floor":48,"key":"Bottled Lightning"},{"floor":48,"key":"Ancient Tea Set"}],"event_choices":[{"damage_healed":0.0,"max_hp_gain":0.0,"max_hp_loss":0.0,"gold_gain":0.0,"event_name":"Shining Light","player_choice":"Entered Light","floor":3.0,"gold_loss":0.0,"damage_taken":14.0,"cards_upgraded":["Defend_G","AT_Desolate"]},{"damage_healed":0.0,"max_hp_gain":0.0,"max_hp_loss":0.0,"gold_gain":0.0,"cards_transformed":["Strike_G"],"event_name":"Living Wall","player_choice":"Change","floor":4.0,"gold_loss":0.0,"damage_taken":0.0,"cards_obtained":["Grand Finale"]},{"damage_healed":0.0,"max_hp_gain":0.0,"max_hp_loss":0.0,"gold_gain":100.0,"event_name":"Golden Shrine","player_choice":"Pray","floor":8.0,"gold_loss":0.0,"damage_taken":0.0},{"damage_healed":0.0,"max_hp_gain":0.0,"max_hp_loss":0.0,"gold_gain":0.0,"event_name":"The Library","player_choice":"Read","floor":20.0,"gold_loss":0.0,"damage_taken":0.0,"cards_obtained":["AT_KneejerkReflex"]},{"damage_healed":0,"gold_gain":0,"player_choice":"Obtained Relic","damage_taken":0,"relics_obtained":["Molten Egg 2"],"max_hp_gain":0,"max_hp_loss":0,"event_name":"Addict","floor":30,"gold_loss":85},{"damage_healed":0,"gold_gain":100,"player_choice":"Bet on Murderer","damage_taken":0,"max_hp_gain":0,"max_hp_loss":0,"event_name":"The Joust","floor":31,"gold_loss":50},{"damage_healed":0,"gold_gain":0,"player_choice":"Ignored","damage_taken":0,"max_hp_gain":0,"max_hp_loss":0,"event_name":"Tomb of Lord Red Mask","floor":37,"gold_loss":0},{"cards_removed":["Footwork"],"damage_healed":0,"gold_gain":0,"player_choice":"Purged","damage_taken":0,"max_hp_gain":0,"max_hp_loss":0,"event_name":"Purifier","floor":39,"gold_loss":0},{"cards_removed":["Grand Finale"],"damage_healed":29,"gold_gain":0,"player_choice":"Offered Rare","damage_taken":0,"max_hp_gain":10,"max_hp_loss":0,"event_name":"Bonfire Elementals","floor":42,"gold_loss":0}],"is_beta":true,"boss_relics":[{"not_picked":["Tiny House","Busted Crown"],"picked":"Runic Dome"},{"not_picked":["Runic Pyramid","Astrolabe"],"picked":"Pandora\u0027s Box"}],"items_purged_floors":[14,21,38],"is_endless":false,"potions_floor_spawned":[5,6,11,13,18,22,23,41,44,46,48],"ascension_level":2}}