{"host":"g200jza2br9hmesm","time":1608910207,"event":{"mods":["AchievementEnabler","BaseMod","Colored Map","Minty Spire (QoL Compilation)","Quick Restart","Relic Stats","StSLib"],"gold_per_floor":[118,118,118,131,81,81,6,6,58,8,41,57,71,86,86,183,183,195,195,207,207,207,242,242,242,242,12,30,30,30],"floor_reached":29,"playtime":1073,"items_purged":["Strike_G","Strike_G","Strike_G"],"score":325,"play_id":"61d12113-db46-4b68-9636-4454de88f5a8","local_time":"20201225103007","is_ascension_mode":true,"campfire_choices":[{"data":"Neutralize","floor":6,"key":"SMITH"},{"data":"Deadly Poison","floor":8,"key":"SMITH"},{"data":"Cloak And Dagger","floor":15,"key":"SMITH"},{"data":"RitualDagger","floor":25,"key":"SMITH"}],"circlet_count":0,"master_deck":["Defend_G","Defend_G","Defend_G","Defend_G","Defend_G","Survivor","Neutralize+1","Deadly Poison+1","Underhanded Strike","Cloak And Dagger+1","RitualDagger+1","Caltrops+1"],"relics":["Busted Crown","StrikeDummy","Smiling Mask","Strawberry","Ornamental Fan","Empty Cage","Nilry\u0027s Codex","Blood Vial","Gremlin Horn","Frozen Egg 2","Membership Card"],"acts_visited":["Exordium","TheCity"],"potions_floor_usage":[23,23,23,23],"damage_taken":[{"damage":4,"enemies":"Cultist","floor":1,"turns":5},{"damage":2,"enemies":"Small Slimes","floor":4,"turns":4},{"damage":35,"enemies":"Gremlin Nob","floor":11,"turns":5},{"damage":0,"enemies":"2 Louse","floor":12,"turns":3},{"damage":2,"enemies":"Large Slime","floor":13,"turns":5},{"damage":1,"enemies":"2 Fungi Beasts","floor":14,"turns":3},{"damage":3,"enemies":"Hexaghost","floor":16,"turns":9},{"damage":4,"enemies":"Shell Parasite","floor":18,"turns":6},{"damage":0,"enemies":"3 Byrds","floor":20,"turns":6},{"damage":9,"enemies":"Book of Stabbing","floor":23,"turns":7},{"damage":18,"enemies":"Snake Plant","floor":28,"turns":4},{"damage":16,"enemies":"Chosen and Byrds","floor":29,"turns":1}],"seed_played":"-3533943290784704266","potions_obtained":[{"floor":11,"key":"SteroidPotion"},{"floor":12,"key":"EntropicBrew"},{"floor":14,"key":"GhostInAJar"},{"floor":23,"key":"ColorlessPotion"}],"is_trial":false,"path_per_floor":["M","T","?","M","?","R","$","R","T","$","E","M","M","M","R","B",null,"M","?","M","?","?","E","T","R","T","$","M","M"],"character_chosen":"THE_SILENT","items_purchased":["Deadly Poison","Membership Card","Caltrops+1"],"campfire_rested":0,"item_purchase_floors":[7,27,27],"current_hp_per_floor":[59,59,59,57,57,57,57,57,64,64,29,29,27,26,26,23,64,60,60,60,54,38,29,29,29,29,29,13,0,0],"gold":30,"neow_bonus":"BOSS_RELIC","is_daily":false,"chose_seed":false,"campfire_upgraded":4,"win_rate":0.0,"timestamp":1608910207,"path_taken":["M","?","?","M","?","R","?","R","T","$","E","M","M","M","R","BOSS","M","?","M","?","?","E","?","R","T","$","M","M"],"items_purchased_type":["Card","Relic","Card"],"build_version":"2020-12-22","purchased_purges":3,"victory":false,"max_hp_per_floor":[70,70,70,70,70,70,70,70,77,77,77,77,77,77,77,77,77,77,77,77,77,77,77,77,77,77,77,77,77,77],"relic_stats":{"Blood Vial":4,"Busted Crown":22,"Gremlin Horn":[1,1],"counters":[12,58],"Ornamental Fan":[52],"Smiling Mask":88,"obtain_stats":[{"Blood Vial":23,"Busted Crown":0,"Gremlin Horn":24,"Ornamental Fan":11,"Nilry\u0027s Codex":22,"Strawberry":9,"Membership Card":27,"Frozen Egg 2":26,"StrikeDummy":2,"Smiling Mask":3,"Empty Cage":17,"Ring of the Snake":0},{"Blood Vial":10,"Busted Crown":0,"Gremlin Horn":10,"Ornamental Fan":3,"Nilry\u0027s Codex":9,"Strawberry":2,"Membership Card":10,"Frozen Egg 2":10,"StrikeDummy":1,"Smiling Mask":1,"Empty Cage":7,"Ring of the Snake":0},{"Blood Vial":53,"Busted Crown":0,"Gremlin Horn":53,"Ornamental Fan":14,"Nilry\u0027s Codex":46,"Strawberry":9,"Membership Card":53,"Frozen Egg 2":53,"StrikeDummy":5,"Smiling Mask":5,"Empty Cage":34,"Ring of the Snake":0}]},"card_choices":[{"not_picked":["Outmaneuver"],"picked":"SKIP","floor":1},{"not_picked":["Blade Dance"],"picked":"SKIP","floor":4},{"not_picked":["Dagger Spray"],"picked":"SKIP","floor":11},{"not_picked":[],"picked":"Underhanded Strike","floor":12},{"not_picked":["Dodge and Roll"],"picked":"SKIP","floor":13},{"not_picked":[],"picked":"Cloak And Dagger","floor":14},{"not_picked":["Tactician+1"],"picked":"SKIP","floor":18},{"not_picked":["Deflect+1"],"picked":"SKIP","floor":20},{"not_picked":["Outmaneuver"],"picked":"SKIP","floor":23},{"not_picked":["Eviscerate"],"picked":"SKIP","floor":28}],"player_experience":487742,"relics_obtained":[{"floor":2,"key":"StrikeDummy"},{"floor":9,"key":"Strawberry"},{"floor":11,"key":"Ornamental Fan"},{"floor":22,"key":"Nilry\u0027s Codex"},{"floor":23,"key":"Blood Vial"},{"floor":24,"key":"Gremlin Horn"},{"floor":26,"key":"Frozen Egg 2"}],"event_choices":[{"damage_healed":0,"gold_gain":0,"player_choice":"Box","damage_taken":0,"relics_obtained":["Smiling Mask"],"max_hp_gain":0,"max_hp_loss":0,"event_name":"Big Fish","floor":3,"gold_loss":0,"cards_obtained":["Regret"]},{"cards_removed":["Regret"],"damage_healed":0,"gold_gain":0,"player_choice":"Card Removal","damage_taken":0,"max_hp_gain":0,"max_hp_loss":0,"event_name":"The Cleric","floor":5,"gold_loss":50},{"damage_healed":0,"gold_gain":0,"player_choice":"Ignored","damage_taken":0,"max_hp_gain":0,"max_hp_loss":0,"event_name":"Vampires","floor":19,"gold_loss":0},{"damage_healed":0,"gold_gain":0,"player_choice":"Joined the Cult","damage_taken":6,"max_hp_gain":0,"max_hp_loss":0,"event_name":"Nest","floor":21,"gold_loss":0,"cards_obtained":["RitualDagger"]},{"damage_healed":0,"gold_gain":0,"player_choice":"Obtained Book","damage_taken":16,"max_hp_gain":0,"max_hp_loss":0,"event_name":"Cursed Tome","floor":22,"gold_loss":0}],"is_beta":false,"boss_relics":[{"not_picked":["SlaversCollar","Black Star"],"picked":"Empty Cage"}],"items_purged_floors":[7,10,27],"is_endless":false,"potions_floor_spawned":[11,12,14,20,23],"killed_by":"Chosen and Byrds","ascension_level":7}}