{"host":"nwjx7hbomubpmo86","time":1608924698,"event":{"mods":["AchievementEnabler","BaseMod","Better Note","Better Third Choice","Downfall","Hermit","Hubris","Minty Spire (QoL Compilation)","Replay The Spire","StSLib","The Blackbeard","The Necromancer","slay the spire mod where everything is the same but ironclad has a cowboy hat"],"gold_per_floor":[117,43,5,5,22,57,57,11,11,28,28,62,79,112,112,215,215,240,240,240,21,34,34,61,83,108,108,126,126,152,199,199,206,206],"floor_reached":33,"playtime":1874,"items_purged":[],"score":360,"play_id":"64fa5a9c-99c9-4a6e-8a61-30b029c83a75","local_time":"20201225203138","is_ascension_mode":false,"campfire_choices":[{"data":"hermit:CursedWeapon","floor":15.0,"key":"SMITH"},{"data":"hermit:Maintenance","floor":15.0,"key":"SMITH"},{"data":"hermit:Dive","floor":23.0,"key":"SMITH"},{"data":"hermit:Scavenge","floor":23.0,"key":"SMITH"},{"data":"hermit:Vantage","floor":27.0,"key":"SMITH"},{"data":"hermit:Strike_Hermit","floor":27.0,"key":"SMITH"},{"data":"hermit:GoldenBullet","floor":29.0,"key":"SMITH"},{"data":"hermit:Defend_Hermit","floor":29.0,"key":"SMITH"},{"floor":32,"key":"REST"}],"circlet_count":0,"master_deck":["hermit:Strike_Hermit","hermit:Strike_Hermit+1","hermit:Strike_Hermit","hermit:Defend_Hermit+1","hermit:Defend_Hermit","hermit:Defend_Hermit+1","hermit:Defend_Hermit","hermit:Snapshot","hermit:Covet","hermit:Dive+1","hermit:ShadowCloak","hermit:Scavenge+1","hermit:Maintenance+1","hermit:Quickdraw","hermit:Deadeye","hermit:HighCaliber+1","hermit:Snipe","hermit:Desperado","hermit:CursedWeapon+1","hermit:Reprieve","hermit:Quickdraw+1","hermit:Maintenance+1","hermit:Determination","hermit:Virtue","hermit:Scavenge+1","hermit:Showdown+1","hermit:Roughhouse","hermit:Vantage+1","hermit:GoldenBullet+1","hermit:SprayPray","hermit:Deadeye"],"relics":["hermit:Momento","NeowsBlessing","Replay:Arrowhead","War Paint","Meat on the Bone","Eternal Feather","Regal Pillow","hermit:DentedPlate","hubris:SlimyHat","ReplayTheSpireMod:Lightbulb"],"acts_visited":["Exordium","TheCity"],"potions_floor_usage":[],"damage_taken":[{"damage":0.0,"enemies":"Cultist","floor":1.0,"turns":1.0},{"damage":0.0,"enemies":"Jaw Worm","floor":5.0,"turns":1.0},{"damage":0.0,"enemies":"3 Sentries","floor":6.0,"turns":2.0},{"damage":0.0,"enemies":"Small Slimes","floor":10.0,"turns":4.0},{"damage":12.0,"enemies":"Lagavulin","floor":12.0,"turns":8.0},{"damage":0.0,"enemies":"Blue Slaver","floor":13.0,"turns":3.0},{"damage":6.0,"enemies":"Gremlin Nob","floor":14.0,"turns":3.0},{"damage":22.0,"enemies":"Hexaghost","floor":16.0,"turns":12.0},{"damage":15.0,"enemies":"3 Byrds","floor":18.0,"turns":7.0},{"damage":11.0,"enemies":"Shell Parasite","floor":22.0,"turns":8.0},{"damage":8.0,"enemies":"Centurion and Healer","floor":24.0,"turns":7.0},{"damage":18.0,"enemies":"Cultist and Chosen","floor":25.0,"turns":8.0},{"damage":12.0,"enemies":"Snecko","floor":28.0,"turns":5.0},{"damage":22.0,"enemies":"Shelled Parasite and Fungi","floor":30.0,"turns":9.0},{"damage":47,"enemies":"Slavers","floor":31,"turns":7},{"damage":94,"enemies":"Pondfish","floor":33,"turns":19}],"seed_played":"-1595473583731397828","potions_obtained":[{"floor":1.0,"key":"AttackPotion"},{"floor":12.0,"key":"SmokeBomb"},{"floor":14.0,"key":"BlessingOfTheForge"},{"floor":16.0,"key":"Adrenaline Potion"},{"floor":18.0,"key":"DuplicationPotion"},{"floor":22.0,"key":"Explosive Potion"},{"floor":31,"key":"Elixir"}],"is_trial":false,"path_per_floor":["M","$","?","$","M","E","?","$","T","M","?","E","M","E","R","B",null,"M","?","?","$","M","R","M","M","T","R","M","R","M","E","R","B"],"character_chosen":"HERMIT","items_purchased":["hermit:ShadowCloak","hermit:Quickdraw","hermit:Determination","hermit:Virtue","hermit:Scavenge"],"campfire_rested":1,"item_purchase_floors":[2,8,21,21,21],"current_hp_per_floor":[75,75,75,75,75,75,68,68,68,68,68,56,56,50,59,49,81,70,70,70,70,63,78,70,56,56,71,59,74,56,21,86,0,0],"gold":206,"neow_bonus":"THREE_ENEMY_KILL","is_daily":false,"chose_seed":false,"campfire_upgraded":8,"win_rate":0.0,"timestamp":1608924698,"path_taken":["M","?","?","$","M","E","?","?","T","M","?","E","?","E","R","BOSS","M","?","?","$","?","R","M","?","T","R","M","R","M","E","R","BOSS"],"items_purchased_type":["Card","Card","Card","Card","Card"],"build_version":"2020-12-22","purchased_purges":0,"victory":false,"max_hp_per_floor":[75,75,75,75,75,75,75,75,75,75,75,75,75,75,75,75,107,107,107,107,107,107,107,107,107,107,107,107,107,107,107,107,107,107],"card_choices":[{"not_picked":["hermit:Combo","hermit:CalledShot"],"picked":"hermit:Dive","floor":1.0},{"not_picked":["hermit:NoHoldsBarred","hermit:CalledShot"],"picked":"hermit:Scavenge","floor":5.0},{"not_picked":["hermit:ShadowCloak","hermit:Vantage"],"picked":"hermit:Maintenance","floor":6.0},{"not_picked":["hermit:LuckOfTheDraw","hermit:Gestalt"],"picked":"hermit:Deadeye","floor":10.0},{"not_picked":["hermit:SprayPray","hermit:Midnight"],"picked":"hermit:Snipe","floor":12.0},{"not_picked":["hermit:HoleUp","hermit:Misfire"],"picked":"hermit:Desperado","floor":13.0},{"not_picked":["hermit:Manifest","hermit:LowProfile"],"picked":"hermit:CursedWeapon","floor":14.0},{"not_picked":["hermit:EternalForm","hermit:FinalCanter"],"picked":"hermit:Reprieve","floor":16.0},{"not_picked":["hermit:LoneWolf","hermit:ItchyTrigger"],"picked":"hermit:Quickdraw+1","floor":18.0},{"not_picked":["hermit:Headshot","hermit:HoleUp"],"picked":"hermit:Showdown+1","floor":22.0},{"not_picked":["hermit:Manifest","hermit:Ricochet"],"picked":"hermit:Roughhouse","floor":24.0},{"not_picked":["hermit:Determination+1","hermit:ItchyTrigger"],"picked":"hermit:Vantage","floor":25.0},{"not_picked":["hermit:Headshot","hermit:Spite"],"picked":"hermit:GoldenBullet","floor":28.0},{"not_picked":["hermit:GoldenBullet","hermit:Malice"],"picked":"hermit:SprayPray","floor":30.0},{"not_picked":["hermit:Spite","hermit:TrackingShot"],"picked":"hermit:Deadeye","floor":31}],"player_experience":577315,"relics_obtained":[{"floor":6.0,"key":"Replay:Arrowhead"},{"floor":9.0,"key":"Meat on the Bone"},{"floor":12.0,"key":"Eternal Feather"},{"floor":14.0,"key":"Regal Pillow"},{"floor":26.0,"key":"hubris:SlimyHat"},{"floor":31,"key":"ReplayTheSpireMod:Lightbulb"}],"event_choices":[{"damage_healed":0.0,"max_hp_gain":0.0,"max_hp_loss":0.0,"gold_gain":0.0,"event_name":"betterThird:BetterGoop","player_choice":"Left","floor":3.0,"gold_loss":38.0,"damage_taken":0.0},{"damage_healed":0.0,"max_hp_gain":0.0,"max_hp_loss":0.0,"gold_gain":0.0,"event_name":"betterThird:BetterScrap","player_choice":"Relic ","floor":7.0,"gold_loss":0.0,"damage_taken":7.0,"cards_obtained":["hubris:Ukulele"]},{"damage_healed":0.0,"max_hp_gain":0.0,"max_hp_loss":0.0,"gold_gain":0.0,"event_name":"betterNote:BetterNote","player_choice":"Ignored","floor":19.0,"gold_loss":0.0,"damage_taken":0.0,"cards_obtained":["Strike_B"]},{"damage_healed":0.0,"max_hp_gain":0.0,"max_hp_loss":0.0,"gold_gain":0.0,"event_name":"Duplicator","player_choice":"Copied","floor":20.0,"gold_loss":0.0,"damage_taken":0.0,"cards_obtained":["hermit:Maintenance"]}],"is_beta":false,"boss_relics":[{"not_picked":["SlaversCollar","Fusion Hammer"],"picked":"hermit:DentedPlate"}],"items_purged_floors":[],"is_endless":false,"potions_floor_spawned":[1,12,14,16,18,22,31],"killed_by":"Pondfish","ascension_level":0}}