{"host":"z5ys1wbqpsyqmecy","time":1608927864,"event":{"mods":["BaseMod","Colored Map","Colored Powertips","Minty Spire (QoL Compilation)","Relic Stats"],"gold_per_floor":[117,127,139,158,173,248,258,258,258,223,242,270,282,306,318,426,438,467,479,491,0,0,25,25,57,57,57,77,77,176,24,24,24,24],"floor_reached":33,"playtime":1884,"items_purged":[],"score":310,"play_id":"4b19472a-a5e6-46ff-ba1c-cb07a072c8b3","local_time":"20201225122424","is_ascension_mode":false,"campfire_choices":[{"data":"Tactician","floor":13,"key":"SMITH"},{"data":"Accuracy","floor":15,"key":"SMITH"},{"data":"Distraction","floor":24,"key":"SMITH"},{"data":"Ghostly","floor":27,"key":"SMITH"},{"data":"Ghostly","floor":29,"key":"SMITH"},{"data":"Terror","floor":32,"key":"SMITH"}],"circlet_count":0,"master_deck":["Strike_G+1","Strike_G+1","Strike_G+1","Strike_G+1","Strike_G+1","Defend_G+1","Defend_G+1","Defend_G+1","Defend_G+1","Defend_G+1","Survivor","Neutralize","Cloak And Dagger","Blade Dance+1","All Out Attack","Cloak And Dagger","Dagger Throw","Dagger Throw","Dagger Throw","Tactician+1","Accuracy+1","Corpse Explosion","Cloak And Dagger","Bandage Up","Ghostly+1","Ghostly+1","Ghostly","Ghostly","Ghostly","Distraction+1","Masterful Stab","Terror+1"],"relics":["Ring of the Snake","NeowsBlessing","Pen Nib","MawBank","Philosopher\u0027s Stone","Bottled Tornado","ClockworkSouvenir","Lantern","Frozen Egg 2","Mummified Hand"],"acts_visited":["Exordium","TheCity"],"potions_floor_usage":[4,12,12,12,16,16,23,33,33,33],"damage_taken":[{"damage":0,"enemies":"Jaw Worm","floor":1,"turns":1},{"damage":0,"enemies":"Small Slimes","floor":2,"turns":1},{"damage":0,"enemies":"2 Louse","floor":3,"turns":1},{"damage":0,"enemies":"Looter","floor":4,"turns":2},{"damage":12,"enemies":"Large Slime","floor":5,"turns":8},{"damage":0,"enemies":"3 Louse","floor":7,"turns":3},{"damage":0,"enemies":"Blue Slaver","floor":11,"turns":2},{"damage":9,"enemies":"3 Sentries","floor":12,"turns":4},{"damage":0,"enemies":"2 Fungi Beasts","floor":14,"turns":2},{"damage":25,"enemies":"The Guardian","floor":16,"turns":11},{"damage":0,"enemies":"Chosen","floor":18,"turns":3},{"damage":22,"enemies":"Book of Stabbing","floor":23,"turns":5},{"damage":3,"enemies":"Slavers","floor":25,"turns":4},{"damage":0,"enemies":"Spheric Guardian","floor":28,"turns":1},{"damage":52,"enemies":"Automaton","floor":33,"turns":6}],"seed_played":"-942330671847157420","potions_obtained":[{"floor":2,"key":"SmokeBomb"},{"floor":3,"key":"Fire Potion"},{"floor":7,"key":"EntropicBrew"},{"floor":12,"key":"SpeedPotion"},{"floor":14,"key":"SneckoOil"},{"floor":18,"key":"PowerPotion"},{"floor":23,"key":"SteroidPotion"}],"is_trial":false,"path_per_floor":["M","M","M","M","M","?","M","?","T","?","M","E","R","M","R","B",null,"M","?","?","$","?","E","R","E","T","R","M","R","?","$","R","B"],"character_chosen":"THE_SILENT","items_purchased":["Bottled Tornado","ClockworkSouvenir","Bandage Up","Terror","Regen Potion"],"campfire_rested":0,"item_purchase_floors":[21,21,21,31,31],"current_hp_per_floor":[70,70,70,70,58,47,47,47,47,64,64,55,55,55,55,30,70,70,70,57,57,37,19,19,20,20,20,20,20,20,20,20,0,0],"gold":24,"neow_bonus":"THREE_ENEMY_KILL","is_daily":false,"chose_seed":false,"campfire_upgraded":6,"win_rate":0.0,"timestamp":1608927864,"path_taken":["M","M","M","M","M","?","M","?","T","?","M","E","R","M","R","BOSS","M","?","?","$","?","E","R","E","T","R","M","R","?","?","R","BOSS"],"items_purchased_type":["Relic","Relic","Card","Card","Potion"],"build_version":"2020-12-22","purchased_purges":0,"victory":false,"max_hp_per_floor":[70,70,70,70,70,70,70,70,70,70,70,70,70,70,70,70,70,70,70,75,75,37,37,37,37,37,37,37,37,37,37,37,37,37],"relic_stats":{"counters":[15,54],"Mummified Hand":[2],"Pen Nib":[11],"MawBank":108,"obtain_stats":[{"Lantern":23,"NeowsBlessing":0,"Mummified Hand":26,"Philosopher\u0027s Stone":17,"Pen Nib":9,"Bottled Tornado":21,"Frozen Egg 2":25,"MawBank":12,"Ring of the Snake":0,"ClockworkSouvenir":21},{"Lantern":12,"NeowsBlessing":0,"Mummified Hand":13,"Philosopher\u0027s Stone":10,"Pen Nib":6,"Bottled Tornado":11,"Frozen Egg 2":13,"MawBank":8,"Ring of the Snake":0,"ClockworkSouvenir":11},{"Lantern":43,"NeowsBlessing":0,"Mummified Hand":47,"Philosopher\u0027s Stone":35,"Pen Nib":16,"Bottled Tornado":38,"Frozen Egg 2":47,"MawBank":22,"Ring of the Snake":0,"ClockworkSouvenir":38}],"Ring of the Snake":[30]},"card_choices":[{"not_picked":["Blade Dance","Heel Hook"],"picked":"Cloak And Dagger","floor":1},{"not_picked":["Flying Knee","Acrobatics"],"picked":"Blade Dance","floor":2},{"not_picked":["Poisoned Stab","PiercingWail"],"picked":"All Out Attack","floor":3},{"not_picked":["Burst","Choke"],"picked":"Cloak And Dagger","floor":4},{"not_picked":["Bouncing Flask","Skewer"],"picked":"Dagger Throw","floor":5},{"not_picked":["Skewer","Predator"],"picked":"Dagger Throw","floor":7},{"not_picked":["Quick Slash","Blade Dance"],"picked":"Dagger Throw","floor":11},{"not_picked":["Deflect","Bouncing Flask"],"picked":"Tactician","floor":12},{"not_picked":["Flying Knee","Prepared"],"picked":"Accuracy","floor":14},{"not_picked":["Phantasmal Killer","Doppelganger"],"picked":"Corpse Explosion","floor":16},{"not_picked":["Caltrops+1","Deadly Poison"],"picked":"Cloak And Dagger","floor":18},{"not_picked":["Masterful Stab","Dodge and Roll+1"],"picked":"Distraction","floor":23},{"not_picked":["Backflip","PiercingWail","Flying Knee"],"picked":"SKIP","floor":25},{"not_picked":["Skewer","Heel Hook+1"],"picked":"Masterful Stab","floor":28}],"player_experience":33330,"relics_obtained":[{"floor":9,"key":"Pen Nib"},{"floor":12,"key":"MawBank"},{"floor":23,"key":"Lantern"},{"floor":25,"key":"Frozen Egg 2"},{"floor":26,"key":"Mummified Hand"}],"event_choices":[{"damage_healed":0,"gold_gain":75,"player_choice":"Gather Gold","damage_taken":11,"max_hp_gain":0,"max_hp_loss":0,"event_name":"World of Goop","floor":6,"gold_loss":0},{"damage_healed":0,"gold_gain":0,"player_choice":"Grow","damage_taken":0,"max_hp_gain":0,"max_hp_loss":0,"event_name":"Living Wall","floor":8,"gold_loss":0,"cards_upgraded":["Blade Dance"]},{"damage_healed":17,"gold_gain":0,"player_choice":"Healed","damage_taken":0,"max_hp_gain":0,"max_hp_loss":0,"event_name":"The Cleric","floor":10,"gold_loss":35},{"damage_healed":0,"gold_gain":0,"player_choice":"Simplicity","damage_taken":0,"max_hp_gain":0,"max_hp_loss":0,"event_name":"Back to Basics","floor":19,"gold_loss":0,"cards_upgraded":["Strike_G","Strike_G","Strike_G","Strike_G","Strike_G","Defend_G","Defend_G","Defend_G","Defend_G","Defend_G"]},{"damage_healed":0,"gold_gain":0,"player_choice":"Shed Blood","damage_taken":18,"max_hp_gain":5,"max_hp_loss":0,"event_name":"Forgotten Altar","floor":20,"gold_loss":0},{"damage_healed":0,"gold_gain":0,"player_choice":"Became a Ghost","damage_taken":0,"max_hp_gain":0,"max_hp_loss":38,"event_name":"Ghosts","floor":22,"gold_loss":0,"cards_obtained":["Ghostly","Ghostly","Ghostly","Ghostly","Ghostly"]},{"damage_healed":0,"gold_gain":99,"player_choice":"Stole From Cult","damage_taken":0,"max_hp_gain":0,"max_hp_loss":0,"event_name":"Nest","floor":30,"gold_loss":0}],"is_beta":false,"boss_relics":[{"not_picked":["Ring of the Serpent","Ectoplasm"],"picked":"Philosopher\u0027s Stone"}],"items_purged_floors":[],"is_endless":false,"potions_floor_spawned":[2,3,7,12,14,18,23],"killed_by":"Automaton","ascension_level":0}}