{"host":"2461dio7vetlq1z3","time":1608867260,"event":{"mods":["2.2 Compatiblity","AchievementEnabler","Aspiration","BaseMod","Better Third Choice","Downfall","Hermit","Minty Spire (QoL Compilation)","Relic Stats","Spicy Shops","StSLib","The Runesmith","Waifu the Spire"],"gold_per_floor":[116,134,134,58,70,70,95,95,95,95,128,144,156,156,156,257,257,257,257,257,257,257,257,257,257,257,25,25,25,25,25,25,25,25,25,25],"floor_reached":34,"playtime":1914,"items_purged":["Guardian:Strike_Guardian"],"score":506,"play_id":"f6ffa20e-23b8-4fa5-b4f8-6511703d27ff","local_time":"20201225043420","is_ascension_mode":true,"campfire_choices":[{"data":"Guardian:SpikerProtocol","floor":6,"key":"SMITH"},{"data":"Guardian:StasisStrike","floor":10,"key":"SMITH"},{"data":"Panacea","floor":15,"key":"SMITH"},{"floor":32,"key":"REST"}],"circlet_count":0,"master_deck":["Guardian:Strike_Guardian","Guardian:Strike_Guardian","Guardian:Strike_Guardian","Guardian:Defend_Guardian","Guardian:Defend_Guardian","Guardian:Defend_Guardian","Guardian:Defend_Guardian","Guardian:CurlUp","Guardian:TwinSlam","Guardian:GemFinder","Guardian:RollAttack","Guardian:SpikerProtocol+1","Guardian:PiercingHide","Guardian:PiercingHide","Guardian:StasisStrike+1","Guardian:SpikerProtocol","Guardian:ChargeCore","Panacea+1","Guardian:StasisField","Guardian:FierceBash","Guardian:Gem_Cyan","Guardian:Incinerate","Guardian:Gem_Red","Guardian:EvasiveProtocol+1","Guardian:Gem_Crimson","Guardian:BronzeArmor","Guardian:ArmoredProtocol+1","Guardian:Repulse+1","Guardian:Gem_Yellow","Guardian:FastForward"],"relics":["Guardian:ModeShifter","Guardian:PickAxe","White Beast Statue","aspiration:Lifesprig","Ectoplasm","Ginger","aspiration:FrozenJewel","Guardian:BottledStasis","Oddly Smooth Stone","Bag of Marbles","Cursed Key"],"acts_visited":["Exordium","TheCity","TheBeyond"],"potions_floor_usage":[7,11,16,20,33,33],"damage_taken":[{"damage":3,"enemies":"Jaw Worm","floor":1,"turns":5},{"damage":3,"enemies":"Cultist","floor":2,"turns":4},{"damage":0,"enemies":"2 Louse","floor":5,"turns":1},{"damage":23,"enemies":"Lagavulin","floor":7,"turns":7},{"damage":6,"enemies":"3 Sentries","floor":11,"turns":5},{"damage":3,"enemies":"Exordium Thugs","floor":12,"turns":3},{"damage":0,"enemies":"Lots of Slimes","floor":13,"turns":3},{"damage":14,"enemies":"Hexaghost","floor":16,"turns":8},{"damage":0,"enemies":"3 Byrds","floor":18,"turns":1},{"damage":6,"enemies":"Spheric Guardian","floor":19,"turns":4},{"damage":16,"enemies":"Snake Plant","floor":20,"turns":3},{"damage":4,"enemies":"3 Cultists","floor":22,"turns":5},{"damage":12,"enemies":"Book of Stabbing","floor":23,"turns":5},{"damage":23,"enemies":"Cultist and Chosen","floor":25,"turns":5},{"damage":1,"enemies":"Centurion and Healer","floor":28,"turns":7},{"damage":11,"enemies":"Slavers","floor":29,"turns":4},{"damage":3,"enemies":"Gremlin Leader","floor":31,"turns":7},{"damage":25,"enemies":"Collector","floor":33,"turns":10}],"seed_played":"-6138233867697434401","potions_obtained":[{"floor":2,"key":"Fire Potion"},{"floor":3,"key":"FearPotion"},{"floor":3,"key":"LiquidBronze"},{"floor":7,"key":"Ancient Potion"},{"floor":11,"key":"Guardian:DefensiveModePotion"},{"floor":12,"key":"SkillPotion"},{"floor":16,"key":"EssenceOfSteel"},{"floor":20,"key":"Guardian:StasisDiscoveryPotion"},{"floor":28,"key":"SteroidPotion"},{"floor":31,"key":"EntropicBrew"},{"floor":33,"key":"SkillPotion"}],"is_trial":false,"path_per_floor":["M","M","?","$","M","R","E","R","T","R","E","M","M","?","R","B",null,"M","M","M","?","M","E","R","M","T","$","M","E","$","E","R","B",null],"character_chosen":"GUARDIAN","items_purchased":["Guardian:PiercingHide","Guardian:BottledStasis"],"campfire_rested":1,"item_purchase_floors":[4,27],"current_hp_per_floor":[77,74,74,74,74,74,51,51,51,51,45,42,42,42,42,28,80,80,74,58,58,54,42,42,19,19,19,18,7,7,4,28,3,80,80,80],"gold":25,"neow_bonus":"ONE_RANDOM_RARE_CARD","is_daily":false,"chose_seed":false,"campfire_upgraded":3,"win_rate":0.0,"timestamp":1608867260,"path_taken":["M","M","?","$","?","R","E","R","T","R","E","?","M","?","R","BOSS","M","M","M","?","M","E","R","M","T","?","M","E","$","E","R","BOSS"],"items_purchased_type":["Card","Relic"],"build_version":"2020-12-22","purchased_purges":1,"victory":false,"max_hp_per_floor":[80,80,80,80,80,80,80,80,80,80,80,80,80,80,80,80,80,80,80,80,80,80,80,80,80,80,80,80,80,80,80,80,80,80,80,80],"relic_stats":{"counters":[18,87],"Ectoplasm":342,"Ginger":[7],"Cursed Key":0,"obtain_stats":[{"Guardian:PickAxe":7,"Guardian:BottledStasis":27,"aspiration:Lifesprig":11,"Guardian:ModeShifter":0,"Oddly Smooth Stone":29,"Ectoplasm":17,"Bag of Marbles":31,"Ginger":23,"Cursed Key":34,"White Beast Statue":9,"aspiration:FrozenJewel":26},{"Guardian:PickAxe":4,"Guardian:BottledStasis":14,"aspiration:Lifesprig":5,"Guardian:ModeShifter":0,"Oddly Smooth Stone":16,"Ectoplasm":8,"Bag of Marbles":17,"Ginger":13,"Cursed Key":18,"White Beast Statue":4,"aspiration:FrozenJewel":14},{"Guardian:PickAxe":17,"Guardian:BottledStasis":59,"aspiration:Lifesprig":22,"Guardian:ModeShifter":0,"Oddly Smooth Stone":70,"Ectoplasm":36,"Bag of Marbles":77,"Ginger":54,"Cursed Key":87,"White Beast Statue":17,"aspiration:FrozenJewel":59}]},"card_choices":[{"not_picked":["Guardian:Gem_Green","Guardian:Gem_Red"],"picked":"Guardian:Gem_Cyan","floor":1},{"not_picked":["Guardian:TemporalShield","Guardian:Gem_Fragmented"],"picked":"Guardian:RollAttack","floor":1},{"not_picked":["Guardian:Gem_Lightblue","Guardian:Gem_Green"],"picked":"Guardian:Gem_Cyan","floor":2},{"not_picked":["Guardian:Recover","Guardian:WalkerClaw"],"picked":"Guardian:SpikerProtocol","floor":2},{"not_picked":["Guardian:Gem_Yellow","Guardian:Gem_Red"],"picked":"Guardian:PiercingHide","floor":5},{"not_picked":["Guardian:Gem_Lightblue","Guardian:Gem_Cyan"],"picked":"Guardian:Gem_Green","floor":7},{"not_picked":["Guardian:VentSteam","Guardian:Gem_Fragmented"],"picked":"Guardian:StasisStrike","floor":7},{"not_picked":["Guardian:PolyBeam","Guardian:Incinerate"],"picked":"Guardian:SpikerProtocol","floor":11},{"not_picked":["Guardian:PrimingBeam","Guardian:RollAttack"],"picked":"Guardian:ChargeCore","floor":12},{"not_picked":["Guardian:Gem_Red","Guardian:Gem_Lightblue"],"picked":"Guardian:Gem_Green","floor":13},{"not_picked":["Guardian:ShieldCharger","Guardian:Planning","Guardian:PrimingBeam"],"picked":"SKIP","floor":13},{"not_picked":["Guardian:StasisStrike","Guardian:GemFinder"],"picked":"Guardian:FierceBash","floor":16},{"not_picked":["Guardian:Gem_Red","Guardian:Gem_Lightblue"],"picked":"Guardian:Gem_Cyan","floor":16},{"not_picked":["Guardian:Suspension","Guardian:WalkerClaw"],"picked":"Guardian:Incinerate","floor":18},{"not_picked":["Guardian:Gem_Green","Guardian:Gem_Lightblue"],"picked":"Guardian:Gem_Red","floor":19},{"not_picked":["Guardian:Reroute+1","Guardian:PiercingHide"],"picked":"Guardian:EvasiveProtocol+1","floor":19},{"not_picked":["Guardian:ShieldCharger","Guardian:PiercingHide+1"],"picked":"Guardian:Gem_Crimson","floor":20},{"not_picked":["Guardian:TimeCapacitor+1","Guardian:Planning+1"],"picked":"Guardian:Gem_Blue","floor":22},{"not_picked":["Guardian:Gem_Red","Guardian:TemporalShield"],"picked":"Guardian:BronzeArmor","floor":23},{"not_picked":["Guardian:WalkerClaw","Guardian:EvasiveProtocol"],"picked":"Guardian:ArmoredProtocol+1","floor":25},{"not_picked":["Guardian:RollAttack","Guardian:WalkerClaw"],"picked":"Guardian:Repulse+1","floor":28},{"not_picked":["Guardian:SentryBeam","Guardian:Gem_Lightblue","Guardian:FloatingOrbs+1"],"picked":"SKIP","floor":29},{"not_picked":["Guardian:StasisField","Guardian:EvasiveProtocol+1"],"picked":"Guardian:Gem_Yellow","floor":31},{"not_picked":["Guardian:FierceBash","Guardian:Gem_Orange"],"picked":"Guardian:FastForward","floor":33}],"player_experience":1010796,"relics_obtained":[{"floor":7,"key":"Guardian:PickAxe"},{"floor":9,"key":"White Beast Statue"},{"floor":11,"key":"aspiration:Lifesprig"},{"floor":23,"key":"Ginger"},{"floor":26,"key":"aspiration:FrozenJewel"},{"floor":29,"key":"Oddly Smooth Stone"},{"floor":31,"key":"Bag of Marbles"}],"event_choices":[{"damage_healed":0,"gold_gain":0,"player_choice":"Got Potions","damage_taken":0,"max_hp_gain":0,"max_hp_loss":0,"event_name":"Lab","floor":3,"gold_loss":0},{"damage_healed":0,"gold_gain":0,"player_choice":"2 cards matched","damage_taken":0,"max_hp_gain":0,"max_hp_loss":0,"event_name":"Match and Keep!","floor":14,"gold_loss":0,"cards_obtained":["Panacea","Guardian:StasisField"]},{"damage_healed":0,"gold_gain":0,"player_choice":"Read","damage_taken":0,"max_hp_gain":0,"max_hp_loss":0,"event_name":"The Library","floor":21,"gold_loss":0,"cards_obtained":["Guardian:Gem_Blue"]}],"is_beta":false,"boss_relics":[{"not_picked":["aspiration:IroncladSkillbook","aspiration:RunicSpoon"],"picked":"Ectoplasm"},{"not_picked":["Velvet Choker","Runic Dome"],"picked":"Cursed Key"}],"items_purged_floors":[27],"is_endless":false,"potions_floor_spawned":[2,7,11,12,13,16,18,19,20,22,23,25,28,29,31,33],"ascension_level":4}}