{"host":"mal0jdk4f6ubgyb8","time":1608922143,"event":{"mods":["Act Like it!","Aspiration","BaseMod","Gensokyo","Hallownest","Koishi","Luminous","Marisa£®ÏF”Í°°ƒß¿Ì…≥£©","Minty Spire (QoL Compilation)","Quick Restart","Reimu£®≤©¿ˆ¡È√Œ£©","Relic Stats","Remilia£®¿Ÿ√◊¿Ú—«£©","StSLib","The Bug Knight","WarShipGirlsR/’ΩΩ¢…Ÿ≈ÆR mod","Yakumo Yukari mod","Youmu£®ªÍ∆«—˝√Œ£©","Yuri Mod","Yuyuko"],"gold_per_floor":[118,129,32,32,65,65,65,65],"floor_reached":7,"playtime":408,"items_purged":[],"score":51,"play_id":"4207a02f-0511-4343-ac34-d029376d77bb","local_time":"20201226024903","is_ascension_mode":true,"campfire_choices":[{"floor":6,"key":"REST"}],"circlet_count":0,"master_deck":["rmod:strick","rmod:strick","rmod:defend","rmod:defend","rmod:defend","rmod:basicallowance","rmod:maingunfire","rmod:diaomin","rmod:goodsister","rmod:aviationdawn"],"relics":["rmod:firstchargereward","aspiration:Nostalgia","Coronal","Potion Belt"],"acts_visited":["Exordium"],"potions_floor_usage":[3,5],"damage_taken":[{"damage":0,"enemies":"Gensokyo:3_Fairies","floor":1,"turns":5},{"damage":0,"enemies":"Gensokyo:Gryphon","floor":2,"turns":4},{"damage":28,"enemies":"Gensokyo:Cirno","floor":5,"turns":7},{"damage":18,"enemies":"Gensokyo:Cirno","floor":7,"turns":3}],"seed_played":"7318296323219184075","potions_obtained":[{"floor":2,"key":"LiquidBronze"}],"is_trial":false,"path_per_floor":["M","M","$","?","?","R","E"],"character_chosen":"PRAEFECT","items_purchased":["Fruit Juice"],"campfire_rested":1,"item_purchase_floors":[3],"current_hp_per_floor":[75,75,80,48,20,44,26,26],"gold":65,"neow_bonus":"NOSTALGIA","is_daily":false,"chose_seed":false,"campfire_upgraded":0,"win_rate":0.0,"timestamp":1608922143,"path_taken":["M","?","?","?","?","R","E"],"items_purchased_type":["Potion"],"build_version":"2020-12-22","purchased_purges":0,"victory":false,"max_hp_per_floor":[75,75,80,80,80,80,80,80],"relic_stats":{"counters":[4,19],"obtain_stats":[{"Potion Belt":5,"aspiration:Nostalgia":0,"Coronal":0,"rmod:firstchargereward":0},{"Potion Belt":3,"aspiration:Nostalgia":0,"Coronal":0,"rmod:firstchargereward":0},{"Potion Belt":16,"aspiration:Nostalgia":0,"Coronal":0,"rmod:firstchargereward":0}]},"card_choices":[{"not_picked":["rmod:ammunitionsupply","rmod:aluminumsupply"],"picked":"rmod:diaomin","floor":1},{"not_picked":["rmod:ring","rmod:intelligenceanalysis"],"picked":"rmod:goodsister","floor":2},{"not_picked":["rmod:advancebysurprise","rmod:wolves"],"picked":"rmod:aviationdawn","floor":5}],"player_experience":286543,"relics_obtained":[{"floor":5,"key":"Potion Belt"}],"event_choices":[],"is_beta":false,"boss_relics":[],"items_purged_floors":[],"is_endless":false,"potions_floor_spawned":[2],"killed_by":"Gensokyo:Cirno","ascension_level":1}}