{"host":"lreod2rejfd0az5i","time":1608884665,"event":{"mods":["AchievementEnabler","Aspiration","BaseMod","Colored Powertips","Conspire","Downfall","Highlight Path","Hubris","Infinite Spire","Mad Scientist","Minty Spire (QoL Compilation)","Rare Cards Sparkle","Relic Stats","Replay The Spire","StSLib","The Bug Knight","The Jungle"],"gold_per_floor":[115,265,225,238,253,278,290,302,314,326,350,26,53,64,64,64,64],"floor_reached":16,"playtime":493,"items_purged":["Looming Evil"],"score":215,"play_id":"458d3295-3902-4e3d-ac57-4957f2eeee60","local_time":"20201225012425","is_ascension_mode":true,"campfire_choices":[{"floor":8,"key":"REST"},{"data":"Rip and Tear","floor":10,"key":"SMITH"},{"data":"hubris:EnhanceAbility","floor":15,"key":"SMITH"}],"circlet_count":0,"master_deck":["AscendersBane","Strike_B+1","Strike_B","Strike_B+1","Defend_B","Defend_B","Defend_B","Defend_B+1","Zap","Dualcast+1","Rip and Tear+1","Reinforced Body","Cold Snap","Lockon","Defragment","hubris:EnhanceAbility+1","Conserve Battery"],"relics":["Cracked Core","NeowsBlessing","Whetstone","aspiration:HummingbirdHeart","ReplayTheSpireMod:CursedCoin","MawBank","War Paint","conspire:DeflatedDodgeball"],"acts_visited":["Exordium"],"potions_floor_usage":[3,6,6,16,16],"damage_taken":[{"damage":0,"enemies":"Cultist","floor":1,"turns":1},{"damage":0,"enemies":"Jaw Worm","floor":4,"turns":1},{"damage":0,"enemies":"2 Louse","floor":5,"turns":1},{"damage":17,"enemies":"Lagavulin","floor":6,"turns":7},{"damage":0,"enemies":"Gremlin Gang","floor":11,"turns":3},{"damage":7,"enemies":"3 Sentries","floor":13,"turns":5},{"damage":0,"enemies":"Exordium Thugs","floor":14,"turns":4},{"damage":45,"enemies":"Fading Forest","floor":16,"turns":8}],"seed_played":"-2294438031201892442","potions_obtained":[{"floor":3,"key":"Fruit Juice"},{"floor":3,"key":"SkillPotion"},{"floor":3,"key":"PotionOfCapacity"},{"floor":6,"key":"champ:CounterPotion"},{"floor":13,"key":"champ:CounterPotion"}],"is_trial":false,"path_per_floor":["M","$","?","M","M","E","?","R","T","R","M","$","E","M","R","B"],"character_chosen":"DEFECT","items_purchased":["Whetstone","aspiration:HummingbirdHeart","ReplayTheSpireMod:CursedCoin","Defragment","hubris:EnhanceAbility","Conserve Battery"],"campfire_rested":1,"item_purchase_floors":[2,2,2,12,12,12],"current_hp_per_floor":[64,34,39,39,39,22,22,44,44,44,44,44,37,37,37,0,0],"gold":64,"neow_bonus":"THREE_ENEMY_KILL","is_daily":false,"chose_seed":false,"campfire_upgraded":2,"win_rate":0.0,"timestamp":1608884665,"path_taken":["M","?","?","M","?","E","?","R","T","R","M","?","E","M","R","BOSS"],"items_purchased_type":["Relic","Relic","Relic","Card","Card","Card"],"build_version":"2020-12-22","purchased_purges":1,"victory":false,"max_hp_per_floor":[71,71,76,76,76,76,76,76,76,76,76,76,76,76,76,76,76],"relic_stats":{"counters":[8,30],"Whetstone":["Strike_B","Strike_B"],"War Paint":["Dualcast","Defend_B"],"MawBank":72,"obtain_stats":[{"NeowsBlessing":0,"ReplayTheSpireMod:CursedCoin":2,"aspiration:HummingbirdHeart":2,"Whetstone":2,"War Paint":9,"conspire:DeflatedDodgeball":13,"Cracked Core":0,"MawBank":6},{"NeowsBlessing":0,"ReplayTheSpireMod:CursedCoin":1,"aspiration:HummingbirdHeart":1,"Whetstone":1,"War Paint":4,"conspire:DeflatedDodgeball":6,"Cracked Core":0,"MawBank":4},{"NeowsBlessing":0,"ReplayTheSpireMod:CursedCoin":1,"aspiration:HummingbirdHeart":1,"Whetstone":1,"War Paint":10,"conspire:DeflatedDodgeball":18,"Cracked Core":0,"MawBank":10}]},"card_choices":[{"not_picked":["ReplayTheSpireMod:System Scan","Panic Button"],"picked":"Rip and Tear","floor":1},{"not_picked":["Barrage","Rebound"],"picked":"Reinforced Body","floor":4},{"not_picked":["Streamline","Lockon"],"picked":"Cold Snap","floor":5},{"not_picked":["ReplayTheSpireMod:System Scan","Streamline","Rebound"],"picked":"SKIP","floor":6},{"not_picked":["Reinforced Body","Streamline","Rebound"],"picked":"SKIP","floor":11},{"not_picked":["Stack","Steam Power","Compile Driver"],"picked":"SKIP","floor":13},{"not_picked":["Lockon","Rip and Tear","Panic Button"],"picked":"SKIP","floor":14}],"player_experience":863903,"relics_obtained":[{"floor":6,"key":"MawBank"},{"floor":9,"key":"War Paint"},{"floor":13,"key":"conspire:DeflatedDodgeball"}],"event_choices":[{"damage_healed":0,"gold_gain":0,"player_choice":"Bought 3 Potions","damage_taken":0,"max_hp_gain":0,"max_hp_loss":0,"event_name":"The Woman in Blue","floor":3,"gold_loss":0},{"damage_healed":0,"gold_gain":0,"cards_transformed":["Strike_B"],"player_choice":"Transformed","damage_taken":0,"max_hp_gain":0,"max_hp_loss":0,"event_name":"Transmorgrifier","floor":7,"gold_loss":0,"cards_obtained":["Lockon"]}],"is_beta":false,"boss_relics":[],"items_purged_floors":[2],"is_endless":false,"potions_floor_spawned":[4,6,13],"killed_by":"Fading Forest","ascension_level":19}}