{"host":"jv6ql3rcplqr94ru","time":1608867425,"event":{"mods":["AchievementEnabler","Act Like it!","BaseMod","Colored Map","Downfall","Hermit","Minty Spire (QoL Compilation)","Rare Cards Sparkle","Robot Space Explorer","StSLib","The Poker Player","everything is the same but u backflip on backflip","slay the spire mod where everything is the same but ironclad has a cowboy hat"],"gold_per_floor":[113,113,129,204,214,214,229,229,280,305,305,321,321,333,333,430,430,447,447,368,368,388,388,398,431,480,480,480,505,523,369,369,473,473,484,72,121,136,136,162,162,189,189,205,219,246,262,278,278,278],"floor_reached":51,"playtime":2768,"items_purged":[],"score":808,"play_id":"683327e6-a375-4755-a25c-4a8fc3a83c96","local_time":"20201225043705","is_ascension_mode":true,"campfire_choices":[{"data":"hermit:Ricochet","floor":6,"key":"SMITH"},{"data":"hermit:Showdown","floor":8,"key":"SMITH"},{"floor":11,"key":"REST"},{"floor":15,"key":"REST"},{"data":"hermit:Maintenance","floor":23,"key":"SMITH"},{"data":"hermit:RoundhouseKick","floor":27,"key":"SMITH"},{"data":"hermit:Snapshot","floor":32,"key":"SMITH"},{"floor":41,"key":"REST"},{"floor":49,"key":"REST"}],"circlet_count":0,"master_deck":["hermit:Strike_Hermit+1","hermit:Strike_Hermit+1","hermit:Strike_Hermit+1","hermit:Strike_Hermit+1","hermit:Defend_Hermit+1","hermit:Defend_Hermit+1","hermit:Defend_Hermit+1","hermit:Defend_Hermit+1","hermit:Snapshot+1","hermit:Covet","hermit:Ricochet+1","hermit:Showdown+1","hermit:Headshot+1","hermit:RoundhouseKick+1","hermit:Maintenance+1","hermit:Maintenance+1","hermit:BlackWind","hermit:BigShot","Injury","sneckomod:Bewildered","hermit:Brawl+1"],"relics":["hermit:Momento","Tiny Chest","MealTicket","SlaversCollar","Toxic Egg 2","Singing Bowl","Centennial Puzzle","InkBottle","Lee\u0027s Waffle","Cursed Key","Mercury Hourglass","TheAbacus","Gambling Chip","Question Card","Sundial","HornCleat","Ancient Tea Set"],"acts_visited":["Exordium","TheCity","TheBeyond"],"potions_floor_usage":[10,16,25,30,38,42,42,47,48,50,50],"damage_taken":[{"damage":5,"enemies":"2 Louse","floor":1,"turns":3},{"damage":0,"enemies":"Small Slimes","floor":3,"turns":4},{"damage":3,"enemies":"Jaw Worm","floor":5,"turns":3},{"damage":4,"enemies":"2 Fungi Beasts","floor":7,"turns":3},{"damage":18,"enemies":"3 Sentries","floor":10,"turns":6},{"damage":0,"enemies":"Large Slime","floor":12,"turns":2},{"damage":0,"enemies":"Exordium Thugs","floor":14,"turns":4},{"damage":62,"enemies":"The Guardian","floor":16,"turns":8},{"damage":22,"enemies":"Shell Parasite","floor":18,"turns":4},{"damage":2,"enemies":"Spheric Guardian","floor":22,"turns":3},{"damage":0,"enemies":"Centurion and Healer","floor":24,"turns":4},{"damage":19,"enemies":"Book of Stabbing","floor":25,"turns":4},{"damage":0,"enemies":"Gremlin Leader","floor":29,"turns":6},{"damage":13,"enemies":"Snake Plant","floor":30,"turns":4},{"damage":31,"enemies":"Champ","floor":33,"turns":9},{"damage":15,"enemies":"Orb Walker","floor":35,"turns":3},{"damage":34,"enemies":"2 Orb Walkers","floor":37,"turns":4},{"damage":16,"enemies":"3 Darklings","floor":38,"turns":3},{"damage":40,"enemies":"Giant Head","floor":40,"turns":8},{"damage":3,"enemies":"Nemesis","floor":42,"turns":4},{"damage":10,"enemies":"Jaw Worm Horde","floor":44,"turns":3},{"damage":3,"enemies":"Maw","floor":45,"turns":6},{"damage":1,"enemies":"3 Darklings","floor":47,"turns":5},{"damage":18,"enemies":"Spire Growth","floor":48,"turns":4},{"damage":46,"enemies":"Awakened One","floor":50,"turns":13}],"seed_played":"-5296798667930975261","potions_obtained":[{"floor":0,"key":"Guardian:BlockOnCardUsePotion"},{"floor":0,"key":"EssenceOfSteel"},{"floor":0,"key":"Strength Potion"},{"floor":1,"key":"LiquidMemories"},{"floor":10,"key":"champ:CounterPotion"},{"floor":14,"key":"SpeedPotion"},{"floor":18,"key":"SpeedPotion"},{"floor":22,"key":"Explosive Potion"},{"floor":40,"key":"EntropicBrew"},{"floor":44,"key":"hermit:Tonic"},{"floor":48,"key":"Regen Potion"}],"is_trial":false,"path_per_floor":["M","?","M","?","M","R","M","R","T","E","R","M","?","M","R","B",null,"M","?","$","T","M","R","M","E","T","R","?","E","M","$","R","B",null,"M","$","?","M","?","E","R","E","T","M","M","T","M","M","R","B",null],"character_chosen":"HERMIT","items_purchased":["hermit:Maintenance","Lee\u0027s Waffle","Mercury Hourglass","TheAbacus"],"campfire_rested":4,"item_purchase_floors":[20,31,36,36],"current_hp_per_floor":[70,55,55,44,41,41,37,37,37,19,41,41,41,41,63,1,75,53,53,68,68,66,66,66,49,49,49,49,51,40,88,88,57,88,75,90,58,44,46,8,37,34,34,26,25,25,24,8,39,8],"gold":278,"neow_bonus":"THREE_SMALL_POTIONS","is_daily":false,"chose_seed":false,"campfire_upgraded":5,"win_rate":0.0,"timestamp":1608867425,"path_taken":["M","?","M","?","M","R","M","R","T","E","R","M","?","M","R","BOSS","M","?","?","?","M","R","M","E","T","R","?","E","M","$","R","BOSS","M","$","?","M","?","E","R","E","T","M","M","?","M","M","R","BOSS"],"items_purchased_type":["Card","Relic","Relic","Relic"],"build_version":"2020-12-22","purchased_purges":0,"victory":true,"max_hp_per_floor":[75,75,75,75,75,75,75,75,75,75,75,75,75,75,75,75,75,75,75,75,75,75,75,75,77,77,77,77,79,81,88,88,88,88,90,90,92,94,96,98,98,98,98,100,102,102,102,104,104,104],"card_choices":[{"not_picked":["hermit:Feint","hermit:Misfire","hermit:Manifest"],"picked":"SKIP","floor":1},{"not_picked":["hermit:Midnight","hermit:Misfire","hermit:Virtue"],"picked":"SKIP","floor":3},{"not_picked":["hermit:Grudge","hermit:Midnight"],"picked":"hermit:Ricochet","floor":5},{"not_picked":["hermit:CalledShot","hermit:Virtue"],"picked":"hermit:Showdown","floor":7},{"not_picked":["hermit:Misfire","hermit:Grudge"],"picked":"hermit:Headshot","floor":10},{"not_picked":["hermit:Manifest","hermit:HoleUp","hermit:Glare"],"picked":"SKIP","floor":12},{"not_picked":["hermit:Snipe","hermit:SprayPray","hermit:Headshot"],"picked":"SKIP","floor":14},{"not_picked":["hermit:Dissolve","hermit:EternalForm"],"picked":"hermit:RoundhouseKick","floor":16},{"not_picked":["hermit:CalledShot","hermit:Scavenge","hermit:Spite"],"picked":"SKIP","floor":18},{"not_picked":["hermit:Dive+1","hermit:ShadowCloak+1","hermit:Snipe+1"],"picked":"SKIP","floor":22},{"not_picked":["hermit:CalledShot","hermit:HoleUp+1","hermit:Misfire+1"],"picked":"SKIP","floor":24},{"not_picked":["hermit:HighCaliber","hermit:Maintenance+1","hermit:ItchyTrigger"],"picked":"Singing Bowl","floor":25},{"not_picked":["hermit:Horror+1","hermit:Vantage+1","hermit:Ricochet"],"picked":"Singing Bowl","floor":29},{"not_picked":["hermit:Dive+1","hermit:Ricochet+1","hermit:HighCaliber+1"],"picked":"Singing Bowl","floor":30},{"not_picked":["hermit:Gambit+1","hermit:Purgatory"],"picked":"hermit:BlackWind","floor":33},{"not_picked":["hermit:Dive+1","hermit:HighCaliber","hermit:Horror+1"],"picked":"Singing Bowl","floor":35},{"not_picked":["hermit:TrackingShot","hermit:Scavenge+1","hermit:Showdown+1"],"picked":"Singing Bowl","floor":37},{"not_picked":["hermit:Feint+1","hermit:TrackingShot+1","hermit:LowProfile+1"],"picked":"Singing Bowl","floor":38},{"not_picked":["expansioncontent:Chronoboost","expansioncontent:TimeRipple","expansioncontent:GuardianWhirl"],"picked":"Singing Bowl","floor":39},{"not_picked":["hermit:Coalescence+1","hermit:OverwhelmingPower","hermit:SprayPray+1"],"picked":"Singing Bowl","floor":40},{"not_picked":["hermit:PistolWhip+1","hermit:Malice+1","hermit:NoHoldsBarred+1"],"picked":"hermit:BigShot","floor":42},{"not_picked":["hermit:SprayPray+1","hermit:ItchyTrigger","hermit:HighCaliber","hermit:Desperado"],"picked":"Singing Bowl","floor":44},{"not_picked":["hermit:Grudge","hermit:Desperado+1","hermit:Feint+1","hermit:Spite"],"picked":"Singing Bowl","floor":45},{"not_picked":["hermit:Dive+1","hermit:LowProfile+1","hermit:Gestalt+1"],"picked":"hermit:Brawl+1","floor":47},{"not_picked":["hermit:BodyArmor+1","hermit:WideOpen+1","hermit:LowProfile+1","hermit:Midnight+1"],"picked":"Singing Bowl","floor":48}],"player_experience":348498,"relics_obtained":[{"floor":9,"key":"Tiny Chest"},{"floor":10,"key":"MealTicket"},{"floor":21,"key":"Toxic Egg 2"},{"floor":25,"key":"Singing Bowl"},{"floor":26,"key":"Centennial Puzzle"},{"floor":29,"key":"InkBottle"},{"floor":37,"key":"Gambling Chip"},{"floor":40,"key":"Question Card"},{"floor":42,"key":"Sundial"},{"floor":43,"key":"HornCleat"},{"floor":46,"key":"Ancient Tea Set"}],"event_choices":[{"damage_healed":0,"gold_gain":0,"player_choice":"Entered Light","damage_taken":15,"max_hp_gain":0,"max_hp_loss":0,"event_name":"Shining Light","floor":2,"gold_loss":0,"cards_upgraded":["hermit:Strike_Hermit","hermit:Strike_Hermit"]},{"damage_healed":0,"gold_gain":75,"player_choice":"Gather Gold","damage_taken":11,"max_hp_gain":0,"max_hp_loss":0,"event_name":"World of Goop","floor":4,"gold_loss":0},{"damage_healed":0,"gold_gain":0,"player_choice":"Grow","damage_taken":0,"max_hp_gain":0,"max_hp_loss":0,"event_name":"Living Wall","floor":13,"gold_loss":0,"cards_upgraded":["hermit:Headshot"]},{"damage_healed":0,"gold_gain":0,"player_choice":"Simplicity","damage_taken":0,"max_hp_gain":0,"max_hp_loss":0,"event_name":"Back to Basics","floor":19,"gold_loss":0,"cards_upgraded":["hermit:Strike_Hermit","hermit:Strike_Hermit","hermit:Defend_Hermit","hermit:Defend_Hermit","hermit:Defend_Hermit","hermit:Defend_Hermit"]},{"damage_healed":0,"gold_gain":0,"player_choice":"Copied","damage_taken":0,"max_hp_gain":0,"max_hp_loss":0,"event_name":"Duplicator","floor":28,"gold_loss":0,"cards_obtained":["hermit:Maintenance"]},{"damage_healed":0,"gold_gain":0,"player_choice":"Fight","damage_taken":0,"max_hp_gain":0,"max_hp_loss":0,"event_name":"Mysterious Sphere","floor":37,"gold_loss":0},{"damage_healed":0,"gold_gain":0,"player_choice":"Memory 1","damage_taken":0,"max_hp_gain":0,"max_hp_loss":0,"event_name":"SensoryStone","floor":39,"gold_loss":0}],"is_beta":false,"boss_relics":[{"not_picked":["Ectoplasm","hermit:BartenderGlass"],"picked":"SlaversCollar"},{"not_picked":["Runic Dome","Black Star"],"picked":"Cursed Key"}],"items_purged_floors":[],"is_endless":false,"potions_floor_spawned":[1,10,14,18,22,40,44,45,48],"ascension_level":1}}