{"host":"pu81sch6k9sz3dc3","time":1608899207,"event":{"mods":["AchievementEnabler","Ascension Reborn","Aspiration","BaseMod","Better Match","Better Note","BetterRewards","Card Forge","Colored Powertips","Downfall","Energized Spire","Halation","Infinite Spire","Jorbs\u0027s Wanderer Trilogy","Minty Spire (QoL Compilation)","Permanent Neow","Quick Restart","Replay The Spire","StSLib","vexMod"],"gold_per_floor":[99,119,139,163,82,82,82,82,104,104,120,120,139,179,199,323,323,312,335,358,478,500,500,500,520,520,534,547,547,292,311,337,462,462,462,485,498,498,200,232,232,157,179,179,322,364,384,384,403,403],"floor_reached":51,"playtime":6066,"items_purged":[],"score":840,"play_id":"a73432b8-5f90-48a3-b5a1-e4793326b0d3","local_time":"20201225032647","is_ascension_mode":true,"campfire_choices":[{"floor":8.0,"key":"RECALL"},{"floor":23.0,"key":"REST"},{"floor":29.0,"key":"REST"},{"floor":35,"key":"DIG"},{"floor":42,"key":"REST"}],"circlet_count":0,"master_deck":["hexamod:Strike+1","hexamod:Strike+1","hexamod:Strike+1","hexamod:Strike+1","hexamod:Defend+1","hexamod:Defend+1","hexamod:Defend+1","hexamod:Defend+1","hexamod:Sear+1","hexamod:Float+1","Defragment+1","Outmaneuver+1","sneckomod:UnknownUncommonPower+1","Coolheaded+1","hexamod:SpectersWail+1","Meteor Strike+1","hexamod:SkipABeat+1","hexamod:GhostOfSpirePresent+1","Guardian:Incinerate+1","champ:FlashCut+1","Rebound+1","DeusExMachina+1","stsjorbsmod:ChatteringStrike+1","Twin Strike+1","sneckomod:CheapStock+1","Guardian:DecasProtection+1","Conserve Battery+1","stsjorbsmod:Prestidigitation+1","hexamod:HauntingEcho+1","Expertise+1","Shrug It Off+1","Turbo+1","Iron Wave+1","MasterReality+1","Mayhem+1","JustLucky+1","sneckomod:WideSting+1","sneckomod:UnknownVulnerable+1","Magnetism+1","expansioncontent:ChargeUp+1","expansioncontent:QuickStudy+1","stsjorbsmod:Hurt+1","Dagger Throw+1","Fire Breathing+1","hexamod:FastForward+1","Double Tap+1","Outmaneuver+1","expansioncontent:AwakenDeath+1","stsjorbsmod:Mania+1"],"relics":["hexamod:SpiritBrand","Hammer of Thor","Seething Fire","Anvil of the Gods","Smiling Mask","PrismaticShard","vexMod:ScavengeHelm","Potion Belt","Pondfish Scales","vexMod:PlasmaPancake","aspiration:WatcherSkillbook","downfall:HeartBlessingRed","Lantern","downfall:GremlinWheel","Eternal Feather","Question Card","Ginger","aspiration:StickyExplosives_weak","hexamod:TheBrokenSeal","Replay:Arrowhead","Calipers","infinitespire:PuzzleCube","ReplayTheSpireMod:ShopPack","Pear","PreservedInsect","vexMod:CardConverter","downfall:HeartBlessingBlue","infinitespire:CursedDice","Du-Vu Doll"],"acts_visited":["Exordium","TheCity","TheBeyond"],"potions_floor_usage":[45,45],"damage_taken":[{"damage":0.0,"enemies":"2 Louse","floor":2.0,"turns":2.0},{"damage":0.0,"enemies":"Cultist","floor":3.0,"turns":3.0},{"damage":0.0,"enemies":"Small Slimes","floor":4.0,"turns":4.0},{"damage":0.0,"enemies":"downfall:FleeingMerchant","floor":5.0,"turns":4.0},{"damage":5.0,"enemies":"Gremlin Gang","floor":9.0,"turns":4.0},{"damage":9.0,"enemies":"Large Slime","floor":11.0,"turns":6.0},{"damage":7.0,"enemies":"2 Fungi Beasts","floor":13.0,"turns":4.0},{"damage":10.0,"enemies":"Replay:BlueRogue","floor":14.0,"turns":6.0},{"damage":0.0,"enemies":"Gremlin Gang","floor":15.0,"turns":3.0},{"damage":17.0,"enemies":"downfall:Ironclad","floor":16.0,"turns":9.0},{"damage":5.0,"enemies":"3 Byrds","floor":19.0,"turns":3.0},{"damage":2.0,"enemies":"Shell Parasite","floor":20.0,"turns":4.0},{"damage":0.0,"enemies":"Shell Parasite","floor":21.0,"turns":3.0},{"damage":12.0,"enemies":"Centurion and Healer","floor":22.0,"turns":6.0},{"damage":20.0,"enemies":"Chosen and Byrds","floor":25.0,"turns":6.0},{"damage":0.0,"enemies":"Snecko","floor":27.0,"turns":4.0},{"damage":16.0,"enemies":"3 Cultists","floor":28.0,"turns":6.0},{"damage":4.0,"enemies":"downfall:FleeingMerchant","floor":30.0,"turns":4.0},{"damage":13.0,"enemies":"Centurion and Healer","floor":31.0,"turns":8.0},{"damage":18.0,"enemies":"Snake Plant","floor":32.0,"turns":5.0},{"damage":33.0,"enemies":"downfall:Silent","floor":33.0,"turns":10.0},{"damage":15,"enemies":"3 Darklings","floor":36,"turns":5},{"damage":4,"enemies":"Orb Walker","floor":37,"turns":2},{"damage":0,"enemies":"downfall:FleeingMerchant","floor":39,"turns":4},{"damage":6,"enemies":"Nightmare","floor":40,"turns":8},{"damage":1,"enemies":"Sphere and 2 Shapes","floor":43,"turns":5},{"damage":2,"enemies":"downfall:FleeingMerchant","floor":45,"turns":4},{"damage":0,"enemies":"Reptomancer","floor":46,"turns":3},{"damage":20,"enemies":"3 Darklings","floor":47,"turns":4},{"damage":16,"enemies":"Maw","floor":49,"turns":6},{"damage":9,"enemies":"downfall:Watcher","floor":50,"turns":7}],"seed_played":"-7176179967525164611","potions_obtained":[{"floor":3.0,"key":"ColorlessPotion"},{"floor":9.0,"key":"ColorlessPotion"},{"floor":11.0,"key":"Adrenaline Potion"},{"floor":14.0,"key":"Block Potion"},{"floor":20.0,"key":"Fruit Juice"},{"floor":21.0,"key":"Elixir"},{"floor":26.0,"key":"FairyPotion"},{"floor":32.0,"key":"Energy Potion"},{"floor":47,"key":"Adrenaline Potion"}],"is_trial":false,"path_per_floor":["R","M","M","M","$","?","T","R","M","?","M","?","M","E","M","B",null,"R","M","M","?","M","R","T","M","?","M","M","R","$","M","M","B",null,"R","M","M","?","$","NM","T","R","M","?","$","E","M","?","M","B",null],"character_chosen":"THE_SPIRIT","items_purchased":["hexamod:GhostOfSpirePresent","hexamod:SpectersWail","aspiration:StickyExplosives_weak","hexamod:FourthSeal","ReplayTheSpireMod:ShopPack","Pear","infinitespire:CursedDice","hexamod:FastForward"],"campfire_rested":3,"item_purchase_floors":[5,5,30,30,39,39,45,45],"current_hp_per_floor":[70,70,70,70,70,70,70,70,65,65,56,56,49,39,39,28,76,76,71,74,74,62,81,81,61,61,61,45,81,77,71,53,76,91,91,76,72,81,91,85,85,111,111,111,111,111,94,97,84,75],"gold":403,"neow_bonus":"RANDOM_COMMON_RELIC","is_daily":false,"chose_seed":false,"campfire_upgraded":0,"win_rate":0.0,"timestamp":1608899207,"path_taken":["R","M","M","M","$","?","T","R","M","?","?","?","M","E","M","BOSS","R","M","M","?","?","R","T","M","?","?","M","R","?","M","M","BOSS","R","M","M","?","$","NM","T","R","M","?","$","E","M","?","M","BOSS"],"items_purchased_type":["Card","Card","Relic","Card","Relic","Relic","Relic","Card"],"build_version":"2020-12-22","purchased_purges":0,"victory":true,"max_hp_per_floor":[70,70,70,70,70,70,70,70,70,70,70,70,70,70,70,76,76,76,76,81,81,81,81,81,81,81,81,81,81,81,81,81,91,91,91,91,91,91,101,101,101,111,111,111,111,111,111,111,111,111],"card_choices":[{"not_picked":["stsjorbsmod:Commune+1","EmptyFist+1"],"picked":"Defragment","floor":2.0},{"not_picked":["Guardian:Reroute","Prostrate+1"],"picked":"Outmaneuver","floor":3.0},{"not_picked":["Guardian:PrimingBeam","Beam Cell"],"picked":"sneckomod:UnknownUncommonPower+1","floor":4.0},{"not_picked":["Conserve Battery","sneckomod:UnknownClassRED"],"picked":"Coolheaded","floor":5.0},{"not_picked":["champ:ArenaPreparation","Perfected Strike"],"picked":"Meteor Strike","floor":9.0},{"not_picked":["ReplayTheSpireMod:Trickstab+1","Feel No Pain"],"picked":"hexamod:SkipABeat","floor":11.0},{"not_picked":["Slimebound:FinishingTackle+1","Slimebound:Repurpose+1"],"picked":"Guardian:Incinerate+1","floor":13.0},{"not_picked":["Guardian:TemporalShield+1","Slimebound:SplitAcid"],"picked":"champ:FlashCut","floor":14.0},{"not_picked":["stsjorbsmod:Haunt","Blood for Blood"],"picked":"Rebound","floor":15.0},{"not_picked":["champ:CheapShot","Guardian:BaubleBeam"],"picked":"DeusExMachina","floor":16.0},{"not_picked":["champ:BringItOn+1","sneckomod:UnknownCommonSkill","Skewer"],"picked":"stsjorbsmod:ChatteringStrike+1","floor":19.0},{"not_picked":["hexamod:InspiringFlames","hexamod:RainOfEmbers+1","stsjorbsmod:Haunt"],"picked":"Twin Strike","floor":20.0},{"not_picked":["Reflex","champ:EnGarde","Slimebound:GrowthPunch"],"picked":"sneckomod:CheapStock+1","floor":22.0},{"not_picked":["stsjorbsmod:ColorSpray","Slimebound:SplitLeeching","Perseverance+1","stsjorbsmod:Firebolt"],"picked":"Guardian:DecasProtection+1","floor":25.0},{"not_picked":["Slimebound:ViciousTackle+1","Blade Dance+1","stsjorbsmod:Mending+1","stsjorbsmod:ChatteringStrike"],"picked":"Conserve Battery","floor":27.0},{"not_picked":["Steam Power+1","Reckless Charge+1","hexamod:UnleashSpirits","Anger"],"picked":"stsjorbsmod:Prestidigitation","floor":28.0},{"not_picked":["Guardian:FloatingOrbs+1","Armaments","Guardian:Gem_Cyan","sneckomod:QuickMove"],"picked":"hexamod:HauntingEcho+1","floor":30.0},{"not_picked":["Warcry+1","stsjorbsmod:Will","stsjorbsmod:Toil","expansioncontent:GoopSpray+1"],"picked":"Expertise","floor":31.0},{"not_picked":["Replay:ManipulateFuture","champ:FlashCut","Slimebound:Replication","Dramatic Entrance+1"],"picked":"Shrug It Off","floor":31.0},{"not_picked":["hexamod:SixthSeal","hexamod:FirstSeal","hexamod:FourthSeal","hexamod:SecondSeal","hexamod:ThirdSeal"],"picked":"SKIP","floor":31.0},{"not_picked":["sneckomod:Nope","Skim","Capacitor","Escape Plan+1"],"picked":"Turbo","floor":32.0},{"not_picked":["ClearTheMind","Guardian:ShieldCharger","Slimebound:RainOfGoop+1","Pommel Strike+1"],"picked":"Iron Wave","floor":32.0},{"not_picked":["hexamod:ThirdSeal","hexamod:FirstSeal","hexamod:FourthSeal","hexamod:SecondSeal","hexamod:SixthSeal"],"picked":"SKIP","floor":32.0},{"not_picked":["stsjorbsmod:Fireball","Die Die Die","ReplayTheSpireMod:Omega Cannon","champ:IgnorePain"],"picked":"MasterReality","floor":33.0},{"not_picked":["champ:CheapShot","stsjorbsmod:PurgeMind","Alpha","ReplayTheSpireMod:Fabricate Wheel"],"picked":"Mayhem","floor":33.0},{"not_picked":["hexamod:Hexaguard","stsjorbsmod:Mindworm+1","Poisoned Stab","Acrobatics+1"],"picked":"JustLucky+1","floor":36},{"not_picked":["stsjorbsmod:WeightOfMemory+1","sneckomod:SoulDraw+1","ClearTheMind+1","Consume+1"],"picked":"sneckomod:WideSting","floor":37},{"not_picked":["stsjorbsmod:Shake+1","hexamod:ThermalTransfer+1","stsjorbsmod:Channeling","Slimebound:Nibble"],"picked":"sneckomod:UnknownVulnerable+1","floor":39},{"not_picked":["expansioncontent:StudyTheSpire","expansioncontent:Corrupt","Secret Weapon","HandOfGreed"],"picked":"Magnetism","floor":39},{"not_picked":["Violence","Transmutation","Swift Strike","Replay:Bootleg Shield Generator"],"picked":"expansioncontent:ChargeUp","floor":39},{"not_picked":["expansioncontent:Chronoboost","Replay:Sssssssssshield","expansioncontent:DefensiveStance","Secret Technique"],"picked":"expansioncontent:QuickStudy","floor":39},{"not_picked":["stsjorbsmod:Ritual+1","ReplayTheSpireMod:Tripwire","Bane+1","Guardian:Reroute+1"],"picked":"stsjorbsmod:Hurt+1","floor":40},{"not_picked":["hexamod:GhostLash+1","ReplaySolidLightProjector","ClearTheMind","stsjorbsmod:BlackTentacles_Cull+1"],"picked":"Dagger Throw+1","floor":43},{"not_picked":["Slimebound:RejuvenatingLick+1","champ:FaceSlap","champ:BerserkersShout+1","Seek"],"picked":"Fire Breathing+1","floor":45},{"not_picked":["FollowUp","champ:CalledShot+1","Rupture+1","WaveOfTheHand+1"],"picked":"Double Tap","floor":46},{"not_picked":["hexamod:RainOfEmbers+1","stsjorbsmod:Miracle_Cull","Guardian:TimeBomb+1","Crescendo+1"],"picked":"Outmaneuver+1","floor":47},{"not_picked":["Replay:SS_fish_2","expansioncontent:Chronoboost","expansioncontent:DarkVoid","expansioncontent:LastStand"],"picked":"expansioncontent:AwakenDeath","floor":48},{"not_picked":["stsjorbsmod:Godsbane+1","expansioncontent:ManipulateTime+1","Slice+1","Cold Snap"],"picked":"stsjorbsmod:Mania","floor":49}],"player_experience":200970,"relics_obtained":[{"floor":7.0,"key":"vexMod:ScavengeHelm"},{"floor":7.0,"key":"Potion Belt"},{"floor":14.0,"key":"Pondfish Scales"},{"floor":16.0,"key":"vexMod:PlasmaPancake"},{"floor":19.0,"key":"Lantern"},{"floor":21.0,"key":"downfall:GremlinWheel"},{"floor":24.0,"key":"Eternal Feather"},{"floor":24.0,"key":"Question Card"},{"floor":29.0,"key":"Ginger"},{"floor":33.0,"key":"Replay:Arrowhead"},{"floor":35,"key":"Calipers"},{"floor":37,"key":"infinitespire:PuzzleCube"},{"floor":40,"key":"PreservedInsect"},{"floor":41,"key":"vexMod:CardConverter"},{"floor":46,"key":"Du-Vu Doll"}],"event_choices":[{"cards_removed":["Outmaneuver"],"damage_healed":0.0,"max_hp_gain":0.0,"max_hp_loss":0.0,"gold_gain":0.0,"event_name":"betterNote:BetterNote","player_choice":"Give","floor":10.0,"gold_loss":0.0,"damage_taken":0.0,"cards_obtained":["None"]},{"damage_healed":0.0,"max_hp_gain":0.0,"max_hp_loss":0.0,"gold_gain":0.0,"event_name":"Lab","player_choice":"Got Potions","floor":26.0,"gold_loss":0.0,"damage_taken":0.0},{"damage_healed":0.0,"max_hp_gain":0.0,"max_hp_loss":0.0,"gold_gain":0.0,"event_name":"Wheel of Change","player_choice":"Relic","floor":29.0,"gold_loss":0.0,"damage_taken":0.0}],"is_beta":false,"boss_relics":[{"not_picked":["Philosopher\u0027s Stone","vexMod:NewClearReactor"],"picked":"aspiration:WatcherSkillbook"},{"not_picked":["energizedSpire:RedRose","Replay:Drink Me","Kintsugi"]}],"items_purged_floors":[],"is_endless":false,"potions_floor_spawned":[3,9,11,14,20,21,25,32,40,43,47],"ascension_level":0}}