{"host":"f1miojwxaupu79sp","time":1608882133,"event":{"mods":["BaseMod","Better Vampires","Minty Spire (QoL Compilation)","Shop Mod"],"gold_per_floor":[212,137,151,168,179,205,221,221,221,221,171,171,171,183,183,256,256,270,270,323,68,87,87,122,122,122,149,349,349,365,376,376,376,376],"floor_reached":33,"playtime":6050,"items_purged":["Strike_G","Strike_G"],"score":499,"play_id":"593c53ce-91d8-49a5-bb9a-11aef9612078","local_time":"20201225024213","is_ascension_mode":true,"campfire_choices":[{"data":"Dash","floor":8,"key":"SMITH"},{"floor":13,"key":"REST"},{"data":"Deadly Poison","floor":15,"key":"SMITH"},{"data":"Catalyst","floor":23,"key":"SMITH"},{"data":"After Image","floor":25,"key":"SMITH"},{"floor":29,"key":"REST"},{"floor":32,"key":"REST"}],"circlet_count":0,"master_deck":["AscendersBane","Strike_G","Strike_G","Defend_G+1","Defend_G+1","Defend_G","Defend_G","Defend_G+1","Survivor","Neutralize","Deadly Poison+1","Deadly Poison+1","Dash+1","Deflect+1","Die Die Die","Catalyst+1","Deflect","Deflect","Deflect","Deadly Poison","Distraction+1","Calculated Gamble","After Image+1","Backstab+1"],"relics":["Ring of the Serpent","Matryoshka","Tiny Chest","Question Card","Happy Flower","War Paint","Orrery","Darkstone Periapt","Tingsha","Meat on the Bone"],"acts_visited":["Exordium","TheCity"],"potions_floor_usage":[6,19,24,33],"damage_taken":[{"damage":3,"enemies":"Jaw Worm","floor":1,"turns":7},{"damage":1,"enemies":"Small Slimes","floor":3,"turns":4},{"damage":0,"enemies":"Cultist","floor":4,"turns":4},{"damage":0,"enemies":"Blue Slaver","floor":5,"turns":5},{"damage":24,"enemies":"3 Sentries","floor":6,"turns":10},{"damage":3,"enemies":"Exordium Wildlife","floor":7,"turns":5},{"damage":1,"enemies":"2 Fungi Beasts","floor":14,"turns":4},{"damage":16,"enemies":"Hexaghost","floor":16,"turns":10},{"damage":11,"enemies":"Spheric Guardian","floor":18,"turns":5},{"damage":0,"enemies":"3 Byrds","floor":19,"turns":2},{"damage":9,"enemies":"Centurion and Healer","floor":22,"turns":8},{"damage":42,"enemies":"Book of Stabbing","floor":24,"turns":6},{"damage":19,"enemies":"Slavers","floor":27,"turns":10},{"damage":13,"enemies":"Chosen and Byrds","floor":30,"turns":6},{"damage":16,"enemies":"Snake Plant","floor":31,"turns":4},{"damage":43,"enemies":"Collector","floor":33,"turns":8}],"seed_played":"-4154314787880335017","potions_obtained":[{"floor":4,"key":"AttackPotion"},{"floor":6,"key":"SmokeBomb"},{"floor":16,"key":"FairyPotion"},{"floor":22,"key":"Explosive Potion"},{"floor":30,"key":"Dexterity Potion"}],"is_trial":false,"path_per_floor":["M","$","M","M","M","E","M","R","T","?","?","?","R","M","R","B",null,"M","M","T","$","M","R","E","R","T","E","?","R","M","M","R","B"],"character_chosen":"THE_SILENT","items_purchased":["Orrery"],"campfire_rested":3,"item_purchase_floors":[21],"current_hp_per_floor":[60,60,59,59,59,35,32,32,32,32,32,18,39,38,38,22,58,47,47,47,47,38,38,21,21,21,2,2,23,22,18,39,0,0],"gold":376,"neow_bonus":"HUNDRED_GOLD","is_daily":false,"chose_seed":false,"campfire_upgraded":4,"win_rate":0.0,"timestamp":1608882133,"path_taken":["M","$","M","M","M","E","M","R","T","?","?","?","R","M","R","BOSS","M","M","?","$","M","R","E","R","T","E","?","R","M","M","R","BOSS"],"items_purchased_type":["Relic"],"build_version":"2020-12-22","purchased_purges":2,"victory":false,"max_hp_per_floor":[70,70,70,70,70,70,70,70,70,70,70,70,70,70,70,70,70,70,70,70,70,70,70,70,70,70,70,70,70,70,70,70,70,70],"card_choices":[{"not_picked":["Blade Dance","Calculated Gamble"],"picked":"Deadly Poison","floor":1},{"not_picked":["Dodge and Roll","Outmaneuver"],"picked":"Deadly Poison","floor":3},{"not_picked":["Dagger Spray","Poisoned Stab","Backflip"],"picked":"SKIP","floor":4},{"not_picked":["Riddle With Holes","All Out Attack","PiercingWail"],"picked":"SKIP","floor":5},{"not_picked":["Flying Knee","Endless Agony"],"picked":"Dash","floor":6},{"not_picked":["Deadly Poison","Caltrops"],"picked":"Deflect","floor":7},{"not_picked":["Backflip","Dagger Throw","Outmaneuver","Expertise"],"picked":"SKIP","floor":14},{"not_picked":["Unload","Malaise","Glass Knife"],"picked":"Die Die Die","floor":16},{"not_picked":["Concentrate","Flying Knee+1","Outmaneuver"],"picked":"Catalyst","floor":18},{"not_picked":["Skewer","Slice","Dagger Spray"],"picked":"Deflect","floor":21},{"not_picked":["Dagger Spray","Poisoned Stab","Underhanded Strike"],"picked":"Deflect","floor":21},{"not_picked":["Flechettes","Dagger Spray","Blade Dance"],"picked":"Deflect","floor":21},{"not_picked":["Endless Agony","Accuracy","Infinite Blades+1"],"picked":"Deadly Poison","floor":21},{"not_picked":["Tactician+1","Dagger Spray","Bane"],"picked":"Distraction+1","floor":21},{"not_picked":["Poisoned Stab","Distraction","Slice"],"picked":"Calculated Gamble","floor":22},{"not_picked":["Deadly Poison","Acrobatics","Setup"],"picked":"After Image","floor":24},{"not_picked":["Expertise","Well Laid Plans","Terror","Outmaneuver"],"picked":"SKIP","floor":27},{"not_picked":["Blade Dance","Dagger Spray","Outmaneuver"],"picked":"Backstab+1","floor":30},{"not_picked":["Flying Knee+1","Poisoned Stab","Prepared","Accuracy"],"picked":"SKIP","floor":31}],"player_experience":815009,"relics_obtained":[{"floor":6,"key":"Matryoshka"},{"floor":9,"key":"Tiny Chest"},{"floor":9,"key":"Question Card"},{"floor":20,"key":"Happy Flower"},{"floor":20,"key":"War Paint"},{"floor":24,"key":"Darkstone Periapt"},{"floor":26,"key":"Tingsha"},{"floor":27,"key":"Meat on the Bone"}],"event_choices":[{"damage_healed":0,"gold_gain":0,"player_choice":"Grow","damage_taken":0,"max_hp_gain":0,"max_hp_loss":0,"event_name":"Living Wall","floor":10,"gold_loss":0,"cards_upgraded":["Deflect"]},{"cards_removed":["Strike_G"],"damage_healed":0,"gold_gain":0,"player_choice":"Card Removal","damage_taken":0,"max_hp_gain":0,"max_hp_loss":0,"event_name":"The Cleric","floor":11,"gold_loss":50},{"damage_healed":0,"gold_gain":0,"player_choice":"Entered Light","damage_taken":14,"max_hp_gain":0,"max_hp_loss":0,"event_name":"Shining Light","floor":12,"gold_loss":0,"cards_upgraded":["Deadly Poison","Defend_G"]},{"damage_healed":0,"gold_gain":250,"player_choice":"Bet on Owner","damage_taken":0,"max_hp_gain":0,"max_hp_loss":0,"event_name":"The Joust","floor":28,"gold_loss":50}],"is_beta":false,"boss_relics":[{"not_picked":["Sozu","Runic Pyramid"],"picked":"Ring of the Serpent"}],"items_purged_floors":[2,21],"is_endless":false,"potions_floor_spawned":[4,6,16,19,22,30],"killed_by":"Collector","ascension_level":13}}