{"host":"dntw6kil9p09eemm","time":1608886867,"event":{"mods":["Alarm Clock","Aspiration","BaseMod","Colored Powertips","Downfall","Hermit","Hubris","Minty Spire (QoL Compilation)","Permanent Neow","Shop Mod","Spicy Shops","StSLib","The Runesmith"],"gold_per_floor":[117,117,134,145,159,159,85,105,105,125,140,151,151,164,164,261,261,275,130,142,142,157,157,21,21,44,56,67,86,96,96,96,96],"floor_reached":31,"playtime":1684,"items_purged":[],"score":237,"play_id":"f29d2064-fb77-40ce-8eb1-afdf2dea5a5d","local_time":"20201225180107","is_ascension_mode":false,"campfire_choices":[{"floor":6.0,"key":"REST"},{"floor":13.0,"key":"REST"},{"floor":15.0,"key":"REST"},{"floor":23.0,"key":"REST"},{"data":"Guardian:TimeBomb","floor":25.0,"key":"SMITH"}],"circlet_count":0,"master_deck":["Guardian:Strike_Guardian","Guardian:Strike_Guardian","Guardian:Strike_Guardian","Guardian:Defend_Guardian","Guardian:Defend_Guardian","Guardian:Defend_Guardian","Guardian:CurlUp","Guardian:TwinSlam","Guardian:FloatingOrbs","Guardian:PrimingBeam","Guardian:TimeBomb+1","Guardian:PiercingHide","Guardian:VentSteam","Guardian:Harden","Guardian:TimeSifter","Guardian:RollAttack","Guardian:ShieldCharger","Guardian:ShieldSpikes","Guardian:Gem_Purple","Guardian:StasisEngine","Guardian:Gem_Yellow","Guardian:GuardianWhirl","Guardian:Gem_Lightblue","Guardian:Gem_Orange","Guardian:PolyBeam","Guardian:FloatingOrbs"],"relics":["Guardian:ModeShifter","hubris:Towel","Blood Vial","Question Card","aspiration:SilentSkillbook","MerchantsRug","Guardian:BottledStasis","aspiration:Lifesprig"],"acts_visited":["Exordium","TheCity"],"potions_floor_usage":[],"damage_taken":[{"damage":0.0,"enemies":"Jaw Worm","floor":1.0,"turns":3.0},{"damage":0.0,"enemies":"2 Louse","floor":3.0,"turns":2.0},{"damage":5.0,"enemies":"Cultist","floor":4.0,"turns":5.0},{"damage":25.0,"enemies":"Gremlin Gang","floor":5.0,"turns":4.0},{"damage":3.0,"enemies":"2 Fungi Beasts","floor":8.0,"turns":4.0},{"damage":5.0,"enemies":"Looter","floor":10.0,"turns":3.0},{"damage":15.0,"enemies":"Exordium Thugs","floor":11.0,"turns":4.0},{"damage":25.0,"enemies":"Large Slime","floor":12.0,"turns":5.0},{"damage":8.0,"enemies":"2 Fungi Beasts","floor":14.0,"turns":4.0},{"damage":44.0,"enemies":"Hexaghost","floor":16.0,"turns":11.0},{"damage":33.0,"enemies":"Spheric Guardian","floor":18.0,"turns":8.0},{"damage":11.0,"enemies":"Shell Parasite","floor":20.0,"turns":7.0},{"damage":0.0,"enemies":"Snecko","floor":22.0,"turns":4.0},{"damage":18.0,"enemies":"Centurion and Healer","floor":27.0,"turns":4.0},{"damage":20,"enemies":"Snake Plant","floor":28,"turns":4},{"damage":11,"enemies":"Shelled Parasite and Fungi","floor":29,"turns":4},{"damage":0,"enemies":"3 Cultists","floor":30,"turns":3},{"damage":25,"enemies":"Centurion and Healer","floor":31,"turns":5}],"seed_played":"8447496747169615392","potions_obtained":[{"floor":1.0,"key":"BlessingOfTheForge"},{"floor":3.0,"key":"SneckoOil"},{"floor":8.0,"key":"SmokeBomb"},{"floor":12.0,"key":"Swift Potion"},{"floor":20.0,"key":"BlessingOfTheForge"},{"floor":29,"key":"Energy Potion"}],"is_trial":false,"path_per_floor":["M","?","M","M","M","R","$","M","T","M","M","M","R","M","R","B",null,"M","$","M","?","M","R","$","R","T","M","M","M","M","M"],"character_chosen":"GUARDIAN","items_purchased":["Blood Vial","MerchantsRug","Guardian:GuardianWhirl","Guardian:BottledStasis"],"campfire_rested":4,"item_purchase_floors":[7,19,19,24],"current_hp_per_floor":[56,56,56,51,26,50,50,49,49,46,33,10,34,28,52,10,80,47,47,38,38,40,64,64,64,64,48,30,21,23,0,0,0],"gold":96,"neow_bonus":"TRANSFORM_TWO_CARDS","is_daily":false,"chose_seed":false,"campfire_upgraded":1,"win_rate":0.0,"timestamp":1608886867,"path_taken":["M","?","M","M","M","R","$","M","T","M","M","M","R","M","R","BOSS","M","$","M","?","M","R","$","R","T","M","M","?","M","M"],"items_purchased_type":["Relic","Relic","Card","Relic"],"build_version":"2020-12-22","purchased_purges":0,"victory":false,"max_hp_per_floor":[80,80,80,80,80,80,80,80,80,80,80,80,80,80,80,80,80,80,80,80,80,80,80,80,80,80,80,80,80,80,80,80,80],"card_choices":[{"not_picked":["Guardian:RefractedBeam","Guardian:Recover"],"picked":"Guardian:TimeBomb","floor":1.0},{"not_picked":["Guardian:Planning","Guardian:RefractedBeam"],"picked":"Guardian:PiercingHide","floor":3.0},{"not_picked":["Guardian:BronzeOrb","Guardian:WalkerClaw"],"picked":"Guardian:VentSteam","floor":4.0},{"not_picked":["Guardian:Gem_Red","Guardian:PiercingHide"],"picked":"Guardian:Harden","floor":5.0},{"not_picked":["Guardian:Suspension","Guardian:Gem_Cyan"],"picked":"Guardian:TimeSifter","floor":8.0},{"not_picked":["Guardian:PiercingHide","Guardian:Incinerate","Guardian:VentSteam"],"picked":"Guardian:RollAttack","floor":10.0},{"not_picked":["Guardian:Incinerate","Guardian:RefractedBeam","Guardian:Clone"],"picked":"Guardian:ShieldCharger","floor":11.0},{"not_picked":["Guardian:Gem_Cyan","Guardian:Gem_Lightblue","Guardian:Recover"],"picked":"Guardian:ShieldSpikes","floor":12.0},{"not_picked":["Guardian:Gem_Fragmented","Guardian:TimeBomb","Guardian:VentSteam"],"picked":"Guardian:Gem_Purple","floor":14.0},{"not_picked":["Guardian:CompilePackage","Guardian:StasisStrike","Guardian:ConstructionForm"],"picked":"Guardian:StasisEngine","floor":16.0},{"not_picked":["Guardian:VentSteam","Guardian:CrystalBeam","Guardian:Planning","Guardian:TemporalShield"],"picked":"Guardian:Gem_Yellow","floor":18.0},{"not_picked":["Guardian:RefractedBeam","Guardian:TimeCapacitor","Reflex","Masterful Stab","Doppelganger"],"picked":"SKIP","floor":20.0},{"not_picked":["Quick Slash+1","Cloak And Dagger","Poisoned Stab","Guardian:MultiBeam"],"picked":"Guardian:PolyBeam","floor":22.0},{"not_picked":["Guardian:Recover+1","Poisoned Stab","Quick Slash","Dodge and Roll","Guardian:Reroute"],"picked":"SKIP","floor":27.0},{"not_picked":["hubris:Sniper","Deadly Poison","Guardian:SphericShield","Slice","hubris:SlightOfHand"],"picked":"SKIP","floor":28},{"not_picked":["Guardian:RollAttack+1","Bane","Guardian:VentSteam+1","PiercingWail+1"],"picked":"Guardian:FloatingOrbs","floor":29},{"not_picked":["Dodge and Roll+1","Dagger Spray","Poisoned Stab+1","Prepared+1","Flechettes"],"picked":"SKIP","floor":30}],"player_experience":456132,"relics_obtained":[{"floor":9.0,"key":"Question Card"},{"floor":26.0,"key":"aspiration:Lifesprig"}],"event_choices":[],"is_beta":false,"boss_relics":[{"not_picked":["Fusion Hammer","Runic Dome"],"picked":"aspiration:SilentSkillbook"}],"items_purged_floors":[],"is_endless":false,"potions_floor_spawned":[1,3,8,12,16,20,29],"killed_by":"Centurion and Healer","ascension_level":0}}