{"host":"w3q5ijqu8eoknil3","time":1608934687,"event":{"mods":["BaseMod","Block Reminder","Colored Powertips","Minty Spire (QoL Compilation)","Quick Restart","Relic Stats","ojb\u0027s Better Paths Mod","ojb\u0027s Info Mod","slay the spire mod where everything is the same but ironclad has a cowboy hat"],"gold_per_floor":[115,128,7,7,7,38,38,51,74,74,101,114,144,155,155,232,232,190,207,207,207,207],"floor_reached":21,"playtime":547,"items_purged":[],"score":498,"play_id":"1ec1dc3c-7ab7-4a3a-8700-6c292066ab30","local_time":"20201225221807","is_ascension_mode":true,"campfire_choices":[{"data":"Demon Form","floor":7,"key":"SMITH"},{"data":"Heavy Blade","floor":10,"key":"SMITH"},{"data":"Juggernaut","floor":15,"key":"SMITH"}],"circlet_count":0,"master_deck":["AscendersBane","Strike_R","Strike_R","Strike_R","Strike_R","Defend_R","Defend_R","Defend_R","Defend_R","Bash","True Grit","Clothesline","Power Through","Evolve","Demon Form+1","Heavy Blade+1","Thunderclap","Spot Weakness","Havoc","Juggernaut+1","Uppercut","Limit Break","Spot Weakness","Inflame+1","Metallicize"],"relics":["Black Blood","NeowsBlessing","Strawberry","Vajra","Bronze Scales","Ginger"],"acts_visited":["Exordium","TheCity"],"potions_floor_usage":[12,13,16,16],"damage_taken":[{"damage":0,"enemies":"Jaw Worm","floor":1,"turns":1},{"damage":0,"enemies":"Small Slimes","floor":2,"turns":1},{"damage":0,"enemies":"3 Sentries","floor":6,"turns":2},{"damage":10,"enemies":"2 Louse","floor":8,"turns":4},{"damage":0,"enemies":"Lagavulin","floor":11,"turns":4},{"damage":4,"enemies":"Exordium Wildlife","floor":12,"turns":3},{"damage":25,"enemies":"3 Sentries","floor":13,"turns":5},{"damage":5,"enemies":"3 Louse","floor":14,"turns":4},{"damage":43,"enemies":"Hexaghost","floor":16,"turns":7},{"damage":41,"enemies":"2 Thieves","floor":18,"turns":5},{"damage":31,"enemies":"Spheric Guardian","floor":19,"turns":5},{"damage":30,"enemies":"Shelled Parasite and Fungi","floor":21,"turns":2}],"seed_played":"-5378345947303189697","potions_obtained":[{"floor":11,"key":"SpeedPotion"},{"floor":12,"key":"Energy Potion"},{"floor":13,"key":"Strength Potion"},{"floor":14,"key":"FearPotion"}],"is_trial":false,"path_per_floor":["M","M","$","?","?","E","R","M","T","R","E","M","E","M","R","B",null,"M","M","?","M"],"character_chosen":"IRONCLAD","items_purchased":["Power Through","Evolve"],"campfire_rested":0,"item_purchase_floors":[3,3],"current_hp_per_floor":[74,75,75,75,77,82,82,78,78,78,82,82,63,64,64,27,68,39,20,20,0,0],"gold":207,"neow_bonus":"THREE_ENEMY_KILL","is_daily":false,"chose_seed":false,"campfire_upgraded":3,"win_rate":0.0,"timestamp":1608934687,"path_taken":["M","M","$","?","?","E","R","M","T","R","E","M","E","M","R","BOSS","M","M","?","M"],"items_purchased_type":["Card","Card"],"build_version":"2020-12-22","purchased_purges":0,"victory":false,"max_hp_per_floor":[75,75,75,75,82,82,82,82,82,82,82,82,82,82,82,82,82,82,82,82,82,82],"relic_stats":{"counters":[12,43],"Bronze Scales":[87],"Black Blood":68,"Ginger":[0],"obtain_stats":[{"NeowsBlessing":0,"Strawberry":5,"Bronze Scales":11,"Vajra":9,"Black Blood":17,"Ginger":13,"Burning Blood":0},{"NeowsBlessing":0,"Strawberry":2,"Bronze Scales":5,"Vajra":4,"Black Blood":9,"Ginger":7,"Burning Blood":0},{"NeowsBlessing":0,"Strawberry":2,"Bronze Scales":12,"Vajra":8,"Black Blood":31,"Ginger":20,"Burning Blood":0}]},"card_choices":[{"not_picked":["Perfected Strike","Searing Blow"],"picked":"True Grit","floor":1},{"not_picked":["Seeing Red","Pummel"],"picked":"Clothesline","floor":2},{"not_picked":["Cleave","Clash"],"picked":"Heavy Blade","floor":6},{"not_picked":["Pummel","Power Through"],"picked":"Thunderclap","floor":8},{"not_picked":["Pommel Strike","Carnage"],"picked":"Spot Weakness","floor":11},{"not_picked":["Warcry","True Grit"],"picked":"Havoc","floor":12},{"not_picked":["Body Slam","Corruption"],"picked":"Juggernaut","floor":13},{"not_picked":["Anger","Rampage"],"picked":"Uppercut","floor":14},{"not_picked":["Exhume","Barricade"],"picked":"Limit Break","floor":16},{"not_picked":["Shockwave","True Grit"],"picked":"Spot Weakness","floor":18},{"not_picked":["Iron Wave","Fire Breathing"],"picked":"Inflame+1","floor":19}],"player_experience":946162,"relics_obtained":[{"floor":9,"key":"Vajra"},{"floor":11,"key":"Bronze Scales"},{"floor":13,"key":"Ginger"}],"event_choices":[{"damage_healed":0,"gold_gain":0,"cards_transformed":["Strike_R"],"player_choice":"Change","damage_taken":0,"max_hp_gain":0,"max_hp_loss":0,"event_name":"Living Wall","floor":4,"gold_loss":0,"cards_obtained":["Demon Form"]},{"damage_healed":0,"gold_gain":0,"player_choice":"Success","damage_taken":5,"relics_obtained":["Strawberry"],"max_hp_gain":0,"max_hp_loss":0,"event_name":"Scrap Ooze","floor":5,"gold_loss":0},{"damage_healed":0,"gold_gain":0,"player_choice":"Read","damage_taken":0,"max_hp_gain":0,"max_hp_loss":0,"event_name":"The Library","floor":20,"gold_loss":0,"cards_obtained":["Metallicize"]}],"is_beta":false,"boss_relics":[{"not_picked":["Cursed Key","Runic Cube"],"picked":"Black Blood"}],"items_purged_floors":[],"is_endless":false,"potions_floor_spawned":[11,12,13,14],"killed_by":"Shelled Parasite and Fungi","ascension_level":20}}