{"host":"5fasz840ryq7obdf","time":1608861014,"event":{"mods":["AchievementEnabler","BaseMod","Bestiary","Better Altar","Better Skull","Better Third Choice","BetterRewards","Block Reminder","Colored Powertips","Curses Come First","Minty Spire (QoL Compilation)","Quick Restart","Relic Stats","Shop Mod","Spicy Shops","StSLib"],"gold_per_floor":[116,116,116,130,2,29,16,43,70,101,101,251,286,296,296,373,373,392,1,62,2,60,135,135,205,205,260,326,357,357,435,435,553,553,573,573,637,662,27,27,62,62,62,62,146,146,228,246,246,246,296,296,296,5,38,38],"floor_reached":57,"playtime":4557,"items_purged":["Defend_P","Pain","Doubt"],"score":3923,"play_id":"ccbd8ba8-2bb7-488b-8f8d-be3a0d0c2a9d","local_time":"20201225015014","is_ascension_mode":true,"campfire_choices":[{"data":"Eruption","floor":11.0,"key":"SMITH"},{"data":"Secret Weapon","floor":15.0,"key":"SMITH"},{"data":"Offering","floor":24.0,"key":"SMITH"},{"data":"1","floor":32.0,"key":"LIFT"},{"floor":40.0,"key":"RECALL"},{"data":"2","floor":49.0,"key":"LIFT"},{"data":"3","floor":53.0,"key":"LIFT"}],"circlet_count":0,"master_deck":["AscendersBane","Strike_P","Strike_P","Strike_P","Strike_P","Defend_P","Defend_P","Defend_P","Eruption+1","Vigilance","CrushJoints+1","Wallop","EmptyMind","DevaForm","TalkToTheHand+1","EmptyBody","Collect","Thinking Ahead","Pummel+1","ReachHeaven+1","Secret Weapon+1","Worship","LikeWater","Prostrate","Brilliance+1","Undo","Regret","Poisoned Stab+1","Judgement","TalkToTheHand+1","Unload+1","ClearTheMind","Reinforced Body","Sunder+1","Worship","Offering+1","CurseOfTheBell","CrushJoints+1","HandOfGreed+1","Regret","Wireheading","Halt","FlurryOfBlows+1","ThirdEye","Inflame","ThirdEye","Deep Breath","MentalFortress","Limit Break","WreathOfFlame","Crescendo","Adaptation","Tantrum+1","Dark Shackles","Trip","Deep Breath","Prostrate+1","BootSequence+1","Parasite","Reprogram+1","Protect+1","Worship+1","Adaptation","Barricade"],"relics":["PureWater","PrismaticShard","Meat on the Bone","Art of War","Sling","Damaru","Mummified Hand","Molten Egg 2","Lee\u0027s Waffle","PreservedInsect","Girya","Orrery","Centennial Puzzle","Membership Card","Oddly Smooth Stone","Ornamental Fan","Akabeko","Juzu Bracelet","Orichalcum","Bag of Marbles","Pantograph","Happy Flower","Calling Bell","Bag of Preparation","Blue Candle","Lizard Tail","Pen Nib","Thread and Needle","Pear","Kunai","Gremlin Horn","GremlinMask","White Beast Statue","Black Star","WarpedTongs","Incense Burner","Frozen Eye","Gambling Chip","Potion Belt","Toy Ornithopter","Dream Catcher","Vajra","StrikeDummy","Calipers","Toxic Egg 2","Boot","Smiling Mask","Anchor","HornCleat","TeardropLocket","InkBottle","Bird Faced Urn"],"acts_visited":["Exordium","TheCity","TheBeyond","TheEnding"],"potions_floor_usage":[56],"damage_taken":[{"damage":0.0,"enemies":"Small Slimes","floor":1.0,"turns":3.0},{"damage":0.0,"enemies":"2 Louse","floor":4.0,"turns":1.0},{"damage":0.0,"enemies":"Lagavulin","floor":6.0,"turns":2.0},{"damage":2.0,"enemies":"Gremlin Nob","floor":8.0,"turns":3.0},{"damage":13.0,"enemies":"Lagavulin","floor":10.0,"turns":3.0},{"damage":0.0,"enemies":"Gremlin Nob","floor":13.0,"turns":1.0},{"damage":0.0,"enemies":"Cultist","floor":14.0,"turns":1.0},{"damage":24.0,"enemies":"Hexaghost","floor":16.0,"turns":8.0},{"damage":6.0,"enemies":"3 Byrds","floor":18.0,"turns":5.0},{"damage":0.0,"enemies":"2 Thieves","floor":20.0,"turns":2.0},{"damage":4.0,"enemies":"3 Cultists","floor":22.0,"turns":5.0},{"damage":15.0,"enemies":"Slavers","floor":23.0,"turns":3.0},{"damage":6.0,"enemies":"Centurion and Healer","floor":25.0,"turns":2.0},{"damage":0.0,"enemies":"Sentry and Sphere","floor":27.0,"turns":3.0},{"damage":19.0,"enemies":"Snake Plant","floor":28.0,"turns":5.0},{"damage":0.0,"enemies":"Book of Stabbing","floor":29.0,"turns":1.0},{"damage":8.0,"enemies":"Gremlin Leader","floor":31.0,"turns":2.0},{"damage":16.0,"enemies":"Automaton","floor":33.0,"turns":4.0},{"damage":14.0,"enemies":"3 Darklings","floor":35.0,"turns":6.0},{"damage":10.0,"enemies":"3 Shapes","floor":37.0,"turns":5.0},{"damage":0.0,"enemies":"Mind Bloom Boss Battle","floor":38.0,"turns":2.0},{"damage":0.0,"enemies":"Reptomancer","floor":41.0,"turns":1.0},{"damage":31.0,"enemies":"Giant Head","floor":45.0,"turns":6.0},{"damage":10.0,"enemies":"Nemesis","floor":47.0,"turns":5.0},{"damage":15.0,"enemies":"Writhing Mass","floor":48.0,"turns":5.0},{"damage":1.0,"enemies":"Time Eater","floor":50.0,"turns":5.0},{"damage":35.0,"enemies":"Donu and Deca","floor":51.0,"turns":6.0},{"damage":13,"enemies":"Shield and Spear","floor":55,"turns":6},{"damage":26,"enemies":"The Heart","floor":56,"turns":7}],"seed_played":"-8540826142651283530","potions_obtained":[{"floor":13.0,"key":"DistilledChaos"},{"floor":14.0,"key":"ColorlessPotion"},{"floor":22.0,"key":"LiquidMemories"},{"floor":25.0,"key":"Dexterity Potion"},{"floor":27.0,"key":"DuplicationPotion"},{"floor":33.0,"key":"Fire Potion"},{"floor":41.0,"key":"LiquidMemories"},{"floor":45.0,"key":"ColorlessPotion"},{"floor":47.0,"key":"ColorlessPotion"},{"floor":55,"key":"Weak Potion"}],"is_trial":false,"path_per_floor":["M","?","?","M","$","E","$","E","T","E","R","?","E","M","R","B",null,"M","$","M","$","M","E","R","M","T","M","M","E","?","E","R","B",null,"M","?","M","?","$","R","E","?","T","?","E","?","E","M","R","B","B",null,"R","$","E","B",null],"character_chosen":"WATCHER","items_purchased":["PrismaticShard","CrushJoints","Wallop","EmptyMind","Meat on the Bone","Art of War","Sling","Damaru","Mummified Hand","Molten Egg 2","Lee\u0027s Waffle","DevaForm","PreservedInsect","Girya","TalkToTheHand+1","EmptyBody","Orrery","Secret Weapon","Centennial Puzzle","Membership Card","Oddly Smooth Stone","Ornamental Fan","Worship","LikeWater","Prostrate","Brilliance+1","Judgement","TalkToTheHand+1","ClearTheMind","HandOfGreed+1","Pen Nib","Thread and Needle","Wireheading","Halt","FlurryOfBlows+1","ThirdEye","Frozen Eye","Gambling Chip","WreathOfFlame","Crescendo","Adaptation","Potion Belt","Toy Ornithopter","Tantrum+1","TeardropLocket","Protect+1","Worship+1","Adaptation"],"campfire_rested":0,"item_purchase_floors":[0,0,0,0,0,0,0,0,0,0,0,0,0,0,0,0,0,0,0,0,0,0,0,0,0,0,5,5,7,19,19,19,19,19,21,21,39,39,39,39,39,39,39,39,54,54,54,54],"current_hp_per_floor":[75,75,75,75,75,75,75,73,73,60,60,60,60,60,60,51,69,63,63,63,63,59,54,54,48,48,48,41,53,53,45,45,54,77,63,63,53,78,78,78,78,78,78,68,49,11,23,25,25,54,44,75,75,75,62,76],"gold":38,"neow_bonus":"","is_daily":false,"chose_seed":false,"campfire_upgraded":3,"win_rate":0.0,"timestamp":1608861014,"path_taken":["M","?","?","M","$","E","$","E","T","E","R","?","E","M","R","BOSS","M","$","M","$","M","E","R","M","T","M","M","E","?","E","R","BOSS","M","?","M","?","$","R","E","?","T","?","E","?","E","M","R","BOSS","BOSS","R","$","E","BOSS"],"items_purchased_type":["Relic","Card","Card","Card","Relic","Relic","Relic","Relic","Relic","Relic","Relic","Card","Relic","Relic","Card","Card","Relic","Card","Relic","Relic","Relic","Relic","Card","Card","Card","Card","Card","Card","Card","Card","Relic","Relic","Card","Card","Card","Card","Relic","Relic","Card","Card","Card","Relic","Relic","Card","Relic","Card","Card","Card"],"build_version":"2020-12-22","purchased_purges":3,"victory":true,"max_hp_per_floor":[75,75,75,75,75,75,75,75,75,75,75,75,75,75,75,75,75,75,75,75,75,75,85,85,85,85,85,85,85,85,85,85,85,85,85,85,85,85,85,85,85,85,85,85,85,85,85,85,85,85,85,85,85,85,85,85],"relic_stats":{"Gremlin Horn":[11,11],"Juzu Bracelet":3,"Bag of Preparation":[42],"Boot":[16],"Smiling Mask":0,"Centennial Puzzle":[86],"Lizard Tail":0,"Dream Catcher":0,"Mummified Hand":[66],"Pantograph":138,"Gambling Chip":[98],"Kunai":[97],"InkBottle":[21],"Lee\u0027s Waffle":93,"Happy Flower":[119],"counters":[196,631],"Blue Candle":[44],"PreservedInsect":550,"Pen Nib":[41],"Orichalcum":[24],"WarpedTongs":[48],"Ornamental Fan":[144],"Bird Faced Urn":[12],"Art of War":[10],"Black Star":4,"obtain_stats":[{"Spirit Poop":11,"Whetstone":37,"Bottled Tornado":6,"Sling":0,"Boot":0,"Blood Vial":3,"Sundial":25,"MealTicket":8,"HandDrill":45,"Kunai":46,"Pear":23,"betterAltar:BloodRelic":22,"Blue Candle":25,"Eternal Feather":26,"Pen Nib":14,"Akabeko":0,"SlaversCollar":34,"Bird Faced Urn":55,"Pandora\u0027s Box":34,"StrikeDummy":8,"Unceasing Top":20,"Lantern":14,"Regal Pillow":40,"Singing Bowl":23,"Torii":48,"GremlinMask":30,"Bag of Preparation":13,"Smiling Mask":40,"Shovel":12,"Matryoshka":0,"Toolbox":0,"WingedGreaves":25,"InkBottle":9,"Potion Belt":0,"Lee\u0027s Waffle":0,"NeowsBlessing":0,"Golden Idol":5,"Damaru":45,"Thread and Needle":54,"The Courier":9,"PreservedInsect":0,"Frozen Egg 2":14,"GoldenEye":42,"Ornamental Fan":0,"Bloody Idol":22,"Orrery":0,"Turnip":0,"Art of War":41,"Bottled Lightning":28,"Toy Ornithopter":39,"Ice Cream":8,"Tiny House":34,"Calipers":34,"Gremlin Horn":44,"CeramicFish":14,"Vajra":37,"Sozu":17,"Centennial Puzzle":37,"Lizard Tail":6,"HornCleat":9,"Strawberry":31,"Prayer Wheel":29,"VioletLotus":17,"Toxic Egg 2":29,"Girya":0,"Happy Flower":45,"Astrolabe":34,"Oddly Smooth Stone":0,"Letter Opener":0,"War Paint":34,"Question Card":40,"WarpedTongs":36,"OrangePellets":54,"Bottled Flame":53,"Shuriken":6,"Bronze Scales":23,"Molten Egg 2":0,"Black Star":34,"Meat on the Bone":0,"Darkstone Periapt":34,"Yang":55,"CloakClasp":0,"Incense Burner":45,"Juzu Bracelet":6,"TeardropLocket":0,"PrismaticShard":0,"ClockworkSouvenir":41,"Frozen Eye":39,"Nunchaku":9,"Dream Catcher":44,"TheAbacus":19,"Mummified Hand":0,"Pantograph":6,"Gambling Chip":0,"Orichalcum":8,"White Beast Statue":4,"Mercury Hourglass":26,"Calling Bell":34,"Strange Spoon":41,"Anchor":37,"Bag of Marbles":10,"Coffee Dripper":17,"Membership Card":0,"PureWater":0,"TungstenRod":55},{"Spirit Poop":19,"Whetstone":33,"Bottled Tornado":76,"Sling":41,"Boot":41,"Blood Vial":11,"Sundial":87,"MealTicket":77,"HandDrill":38,"Kunai":99,"Pear":179,"betterAltar:BloodRelic":23,"Blue Candle":55,"Eternal Feather":87,"Pen Nib":21,"Akabeko":9,"SlaversCollar":122,"Bird Faced Urn":195,"Pandora\u0027s Box":31,"StrikeDummy":18,"Unceasing Top":51,"Lantern":21,"Regal Pillow":127,"Singing Bowl":24,"Torii":68,"GremlinMask":183,"Bag of Preparation":48,"Smiling Mask":35,"Shovel":8,"Matryoshka":41,"Toolbox":41,"WingedGreaves":25,"InkBottle":45,"Potion Belt":72,"Lee\u0027s Waffle":12,"NeowsBlessing":0,"Golden Idol":108,"Damaru":38,"Thread and Needle":134,"The Courier":7,"PreservedInsect":9,"Frozen Egg 2":21,"GoldenEye":65,"Ornamental Fan":41,"Bloody Idol":23,"Orrery":72,"Turnip":9,"Art of War":96,"Bottled Lightning":56,"Toy Ornithopter":188,"Ice Cream":7,"Tiny House":59,"Calipers":91,"Gremlin Horn":129,"CeramicFish":21,"Vajra":33,"Sozu":22,"Centennial Puzzle":33,"Lizard Tail":109,"HornCleat":77,"Strawberry":121,"Prayer Wheel":28,"VioletLotus":50,"Toxic Egg 2":88,"Girya":105,"Happy Flower":38,"Astrolabe":155,"Oddly Smooth Stone":9,"Letter Opener":9,"War Paint":91,"Question Card":96,"WarpedTongs":186,"OrangePellets":70,"Bottled Flame":165,"Shuriken":5,"Bronze Scales":117,"Molten Egg 2":9,"Black Star":185,"Meat on the Bone":72,"Darkstone Periapt":91,"Yang":71,"CloakClasp":9,"Incense Burner":38,"Juzu Bracelet":170,"TeardropLocket":12,"PrismaticShard":136,"ClockworkSouvenir":96,"Frozen Eye":188,"Nunchaku":18,"Dream Catcher":38,"TheAbacus":150,"Mummified Hand":9,"Pantograph":17,"Gambling Chip":136,"Orichalcum":171,"White Beast Statue":42,"Mercury Hourglass":25,"Calling Bell":91,"Strange Spoon":96,"Anchor":33,"Bag of Marbles":7,"Coffee Dripper":149,"Membership Card":12,"PureWater":0,"TungstenRod":166},{"Spirit Poop":53,"Whetstone":113,"Bottled Tornado":271,"Sling":152,"Boot":152,"Blood Vial":31,"Sundial":315,"MealTicket":275,"HandDrill":134,"Kunai":333,"Pear":560,"betterAltar:BloodRelic":68,"Blue Candle":191,"Eternal Feather":315,"Pen Nib":57,"Akabeko":26,"SlaversCollar":381,"Bird Faced Urn":624,"Pandora\u0027s Box":104,"StrikeDummy":51,"Unceasing Top":179,"Lantern":57,"Regal Pillow":386,"Singing Bowl":73,"Torii":233,"GremlinMask":571,"Bag of Preparation":170,"Smiling Mask":119,"Shovel":25,"Matryoshka":152,"Toolbox":152,"WingedGreaves":77,"InkBottle":162,"Potion Belt":255,"Lee\u0027s Waffle":34,"NeowsBlessing":0,"Golden Idol":359,"Damaru":134,"Thread and Needle":395,"The Courier":19,"PreservedInsect":26,"Frozen Egg 2":57,"GoldenEye":221,"Ornamental Fan":152,"Bloody Idol":68,"Orrery":255,"Turnip":26,"Art of War":330,"Bottled Lightning":193,"Toy Ornithopter":590,"Ice Cream":19,"Tiny House":203,"Calipers":324,"Gremlin Horn":388,"CeramicFish":57,"Vajra":113,"Sozu":64,"Centennial Puzzle":113,"Lizard Tail":361,"HornCleat":275,"Strawberry":378,"Prayer Wheel":89,"VioletLotus":177,"Toxic Egg 2":316,"Girya":353,"Happy Flower":134,"Astrolabe":469,"Oddly Smooth Stone":26,"Letter Opener":26,"War Paint":324,"Question Card":330,"WarpedTongs":583,"OrangePellets":243,"Bottled Flame":514,"Shuriken":11,"Bronze Scales":373,"Molten Egg 2":26,"Black Star":577,"Meat on the Bone":255,"Darkstone Periapt":324,"Yang":246,"CloakClasp":26,"Incense Burner":134,"Juzu Bracelet":529,"TeardropLocket":34,"PrismaticShard":402,"ClockworkSouvenir":330,"Frozen Eye":590,"Nunchaku":51,"Dream Catcher":134,"TheAbacus":448,"Mummified Hand":26,"Pantograph":49,"Gambling Chip":402,"Orichalcum":532,"White Beast Statue":154,"Mercury Hourglass":77,"Calling Bell":324,"Strange Spoon":330,"Anchor":113,"Bag of Marbles":19,"Coffee Dripper":442,"Membership Card":34,"PureWater":0,"TungstenRod":517}],"Toy Ornithopter":25,"Meat on the Bone":264},"card_choices":[{"not_picked":["Deadly Poison","Hello World"],"picked":"Collect","floor":0.0},{"not_picked":["Steam Power","FlurryOfBlows+1"],"picked":"Thinking Ahead","floor":0.0},{"not_picked":["Deadly Poison","Underhanded Strike+1"],"picked":"Pummel+1","floor":0.0},{"not_picked":["Coolheaded","Redo"],"picked":"ReachHeaven+1","floor":0.0},{"not_picked":["Burning Pact","Accuracy"],"picked":"Undo","floor":1.0},{"not_picked":["Underhanded Strike+1","Leap"],"picked":"Poisoned Stab+1","floor":4.0},{"not_picked":["Flame Barrier","Shrug It Off"],"picked":"Unload+1","floor":6.0},{"not_picked":["Blade Dance","True Grit"],"picked":"Reinforced Body","floor":8.0},{"not_picked":["Pray","Dagger Spray+1"],"picked":"Sunder+1","floor":10.0},{"not_picked":["Poisoned Stab+1","Iron Wave+1","The Bomb"],"picked":"SKIP","floor":13.0},{"not_picked":["EmptyBody","Self Repair"],"picked":"Worship","floor":14.0},{"not_picked":["Establishment","Adrenaline"],"picked":"Offering","floor":16.0},{"not_picked":["Conclude+1","Dodge and Roll"],"picked":"CrushJoints+1","floor":18.0},{"not_picked":["PiercingWail","Body Slam+1","Sunder+1"],"picked":"SKIP","floor":20.0},{"not_picked":["Havoc","Body Slam+1","FTL+1"],"picked":"SKIP","floor":22.0},{"not_picked":["Iron Wave+1","Meditate"],"picked":"Inflame","floor":23.0},{"not_picked":["Static Discharge","Pummel+1","Crippling Poison"],"picked":"SKIP","floor":25.0},{"not_picked":["Armaments+1","Perfected Strike+1"],"picked":"ThirdEye","floor":27.0},{"not_picked":["Chill","Riddle With Holes+1"],"picked":"Deep Breath","floor":28.0},{"not_picked":["HandOfGreed+1","Pray"],"picked":"MentalFortress","floor":29.0},{"not_picked":["Outmaneuver","Fission","Glacier"],"picked":"SKIP","floor":31.0},{"not_picked":["Chrysalis","Reaper+1"],"picked":"Limit Break","floor":33.0},{"not_picked":["Blade Dance","Finisher+1","FollowUp+1"],"picked":"SKIP","floor":35.0},{"not_picked":["Blade Dance","Ball Lightning+1","Loop"],"picked":"SKIP","floor":37.0},{"not_picked":["Sever Soul+1","FearNoEvil+1","Catalyst"],"picked":"SKIP","floor":41.0},{"not_picked":["Impatience","PanicButton"],"picked":"Dark Shackles","floor":44.0},{"not_picked":["Secret Technique","Good Instincts"],"picked":"Trip","floor":44.0},{"not_picked":["Flash of Steel+1","Good Instincts"],"picked":"Deep Breath","floor":44.0},{"not_picked":["Quick Slash+1","Infernal Blade+1"],"picked":"Prostrate+1","floor":45.0},{"not_picked":["Coolheaded+1","Evaluate+1"],"picked":"BootSequence+1","floor":47.0},{"not_picked":["FearNoEvil+1","Whirlwind+1"],"picked":"Reprogram+1","floor":48.0},{"not_picked":["Evaluate+1","Headbutt+1"],"picked":"Barricade","floor":55}],"player_experience":1056179,"relics_obtained":[{"floor":6.0,"key":"Juzu Bracelet"},{"floor":8.0,"key":"Orichalcum"},{"floor":9.0,"key":"Bag of Marbles"},{"floor":10.0,"key":"Pantograph"},{"floor":13.0,"key":"Happy Flower"},{"floor":17.0,"key":"Bag of Preparation"},{"floor":17.0,"key":"Blue Candle"},{"floor":17.0,"key":"Lizard Tail"},{"floor":23.0,"key":"Pear"},{"floor":26.0,"key":"Kunai"},{"floor":29.0,"key":"Gremlin Horn"},{"floor":31.0,"key":"White Beast Statue"},{"floor":38.0,"key":"Incense Burner"},{"floor":41.0,"key":"Dream Catcher"},{"floor":41.0,"key":"Vajra"},{"floor":45.0,"key":"Calipers"},{"floor":45.0,"key":"Toxic Egg 2"},{"floor":47.0,"key":"Anchor"},{"floor":47.0,"key":"HornCleat"},{"floor":55,"key":"InkBottle"},{"floor":55,"key":"Bird Faced Urn"}],"event_choices":[{"damage_healed":0.0,"max_hp_gain":0.0,"max_hp_loss":0.0,"gold_gain":0.0,"event_name":"Big Fish","player_choice":"Box","floor":2.0,"gold_loss":0.0,"damage_taken":0.0,"relics_obtained":["Akabeko"],"cards_obtained":["Regret"]},{"damage_healed":0.0,"max_hp_gain":0.0,"max_hp_loss":0.0,"gold_gain":0.0,"event_name":"Upgrade Shrine","player_choice":"Upgraded","floor":3.0,"gold_loss":0.0,"damage_taken":0.0,"cards_upgraded":["CrushJoints"]},{"damage_healed":0.0,"max_hp_gain":0.0,"max_hp_loss":0.0,"gold_gain":150.0,"event_name":"betterThird:BetterSerpent","player_choice":"AGREE","floor":12.0,"gold_loss":0.0,"damage_taken":101.0},{"damage_healed":0.0,"max_hp_gain":0.0,"max_hp_loss":0.0,"gold_gain":0.0,"event_name":"FaceTrader","player_choice":"Trade","floor":30.0,"gold_loss":0.0,"damage_taken":0.0,"relics_obtained":["GremlinMask"]},{"damage_healed":0.0,"max_hp_gain":0.0,"max_hp_loss":0.0,"gold_gain":0.0,"event_name":"Accursed Blacksmith","player_choice":"Rummage","floor":36.0,"gold_loss":0.0,"damage_taken":0.0,"relics_obtained":["WarpedTongs"],"cards_obtained":["Pain"]},{"damage_healed":0.0,"max_hp_gain":0.0,"max_hp_loss":0.0,"gold_gain":0.0,"event_name":"MindBloom","player_choice":"Fight","floor":38.0,"gold_loss":0.0,"damage_taken":0.0},{"damage_healed":0.0,"max_hp_gain":0.0,"max_hp_loss":0.0,"gold_gain":0.0,"event_name":"WeMeetAgain","player_choice":"Gave Potion","floor":42.0,"gold_loss":0.0,"damage_taken":0.0,"relics_obtained":["StrikeDummy"]},{"damage_healed":0.0,"max_hp_gain":0.0,"max_hp_loss":0.0,"gold_gain":0.0,"event_name":"SensoryStone","player_choice":"Memory 3","floor":44.0,"gold_loss":0.0,"damage_taken":10.0},{"damage_healed":0.0,"max_hp_gain":0.0,"max_hp_loss":0.0,"gold_gain":0.0,"event_name":"betterSkull:BetterSkull","player_choice":"RE RE ","floor":46.0,"gold_loss":0.0,"damage_taken":42.0,"cards_upgraded":[],"relics_obtained":["Boot","Smiling Mask"]}],"is_beta":false,"boss_relics":[{"not_picked":["Runic Dome","Ectoplasm"],"picked":"Calling Bell"},{"not_picked":["Astrolabe","Snecko Eye"],"picked":"Black Star"}],"items_purged_floors":[0,39,39],"is_endless":false,"potions_floor_spawned":[13,14,22,25,27,31,33,35,37,38,41,45,47,48,55],"ascension_level":20}}