{"host":"kiauivt48syq9iz6","time":1608894825,"event":{"mods":["BaseMod","Conspire","Downfall","Hermit","Minty Spire (QoL Compilation)","Replay The Spire","SIMod","StSLib","The Animator","The Construct","The Cursed","The Runesmith","The Servant 0.9.4"],"gold_per_floor":[109,32,45,220,57,91,103,135,186,162,162,177,194,207,207,311,311,292,217,234,35,35,52,52,52,52],"floor_reached":25,"playtime":1332,"items_purged":[],"score":213,"play_id":"f12170ec-8c35-42d0-807d-e260196b5f65","local_time":"20201225041345","is_ascension_mode":false,"campfire_choices":[{"floor":11,"key":"REST"},{"floor":15,"key":"REST"},{"floor":24,"key":"REST"}],"circlet_count":0,"master_deck":["hermit:Strike_Hermit","hermit:Strike_Hermit","hermit:Strike_Hermit","hermit:Defend_Hermit","hermit:Defend_Hermit","hermit:Defend_Hermit","hermit:Defend_Hermit","hermit:Snapshot","hermit:Covet","hermit:Vantage","hermit:LuckOfTheDraw","hermit:Determination","hermit:Manifest","Doubt","hermit:ShadowCloak","hermit:LowProfile","hermit:Enervate","hermit:FromBeyond","hermit:BodyArmor","Pot Of Greed","Pot Of Greed","hermit:Glare","hermit:NoHoldsBarred","hermit:TakeAim","hermit:Dive","Pot Of Greed","hermit:Magnum","hermit:Roulette","hermit:CalledShot+1","Decay","hermit:LowProfile+1"],"relics":["hermit:Momento","ReplayTheSpireMod:Shallot","Grinning Jar","Happy Flower","Philosopher\u0027s Stone","ReplayTheSpireMod:Lightbulb"],"acts_visited":["Exordium","TheCity"],"potions_floor_usage":[8,8,16,16,16,23,25],"damage_taken":[{"damage":0,"enemies":"Jaw Worm","floor":1,"turns":6},{"damage":2,"enemies":"2 Louse","floor":3,"turns":3},{"damage":47,"enemies":"3 Sentries","floor":6,"turns":16},{"damage":7,"enemies":"Cultist","floor":7,"turns":5},{"damage":12,"enemies":"Lagavulin","floor":8,"turns":11},{"damage":0,"enemies":"Exordium Wildlife","floor":12,"turns":5},{"damage":0,"enemies":"Large Slime","floor":13,"turns":6},{"damage":0,"enemies":"3 Louse","floor":14,"turns":4},{"damage":50,"enemies":"Fading Forest","floor":16,"turns":11},{"damage":16,"enemies":"2 Thieves","floor":18,"turns":4},{"damage":46,"enemies":"3 Byrds","floor":20,"turns":7},{"damage":2,"enemies":"Centurion and Healer","floor":23,"turns":4},{"damage":37,"enemies":"Gremlin Leader","floor":25,"turns":5}],"seed_played":"4010770208594603309","potions_obtained":[{"floor":1,"key":"Ancient Potion"},{"floor":3,"key":"FearPotion"},{"floor":8,"key":"Weak Potion"},{"floor":12,"key":"PowerPotion"},{"floor":14,"key":"Fire Potion"},{"floor":20,"key":"AttackPotion"},{"floor":23,"key":"LifebloodPotion"}],"is_trial":false,"path_per_floor":["M","$","M","?","$","E","M","E","T","?","R","M","M","M","R","B",null,"M","?","M","$","?","M","R","E"],"character_chosen":"HERMIT","items_purchased":["hermit:Determination","hermit:ShadowCloak","hermit:LowProfile","hermit:Enervate","ReplayTheSpireMod:Lightbulb"],"campfire_rested":3,"item_purchase_floors":[2,5,5,5,21],"current_hp_per_floor":[75,75,73,73,73,26,19,7,7,7,29,29,29,29,51,11,75,59,59,13,13,13,11,33,0,0],"gold":52,"neow_bonus":"THREE_CARDS","is_daily":false,"chose_seed":false,"campfire_upgraded":0,"win_rate":0.0,"timestamp":1608894825,"path_taken":["M","$","M","?","$","E","M","E","T","?","R","M","M","M","R","BOSS","M","?","M","$","?","M","R","E"],"items_purchased_type":["Card","Card","Card","Card","Relic"],"build_version":"2020-12-22","purchased_purges":0,"victory":false,"max_hp_per_floor":[75,75,75,75,75,75,75,75,75,75,75,75,75,75,75,75,75,75,75,75,75,75,75,75,75,75],"card_choices":[{"not_picked":["hermit:BigShot","hermit:HoleUp"],"picked":"hermit:Vantage","floor":0},{"not_picked":["hermit:Horror","hermit:PistolWhip"],"picked":"hermit:LuckOfTheDraw","floor":1},{"not_picked":["hermit:BodyArmor","hermit:Headshot"],"picked":"hermit:Manifest","floor":3},{"not_picked":["hermit:Ricochet","hermit:HighCaliber"],"picked":"hermit:FromBeyond","floor":6},{"not_picked":["hermit:Ricochet","hermit:LuckOfTheDraw"],"picked":"hermit:BodyArmor","floor":7},{"not_picked":["hermit:Coalescence","hermit:SprayPray"],"picked":"hermit:Glare","floor":8},{"not_picked":["hermit:Misfire","hermit:Midnight"],"picked":"hermit:NoHoldsBarred","floor":12},{"not_picked":["hermit:Misfire","hermit:LowProfile"],"picked":"hermit:TakeAim","floor":13},{"not_picked":["hermit:Vantage","hermit:Manifest"],"picked":"hermit:Dive","floor":14},{"not_picked":["hermit:HighNoon","hermit:FromBeyond"],"picked":"hermit:Magnum","floor":16},{"not_picked":["hermit:GoldenBullet","hermit:CalledShot"],"picked":"hermit:Roulette","floor":18},{"not_picked":["hermit:Shortfuse","hermit:HighCaliber"],"picked":"hermit:CalledShot+1","floor":20},{"not_picked":["hermit:SprayPray","hermit:FlashPowder"],"picked":"hermit:LowProfile+1","floor":23}],"player_experience":77474,"relics_obtained":[{"floor":6,"key":"ReplayTheSpireMod:Shallot"},{"floor":8,"key":"Grinning Jar"},{"floor":9,"key":"Happy Flower"}],"event_choices":[{"damage_healed":0,"gold_gain":175,"player_choice":"AGREE","damage_taken":0,"max_hp_gain":0,"max_hp_loss":0,"event_name":"Liars Game","floor":4,"gold_loss":0,"cards_obtained":["Doubt"]},{"damage_healed":0,"gold_gain":0,"player_choice":"Left Gold","damage_taken":0,"max_hp_gain":0,"max_hp_loss":0,"event_name":"World of Goop","floor":10,"gold_loss":24},{"cards_removed":["hermit:Strike_Hermit"],"damage_healed":0,"gold_gain":0,"player_choice":"Gave Gold","damage_taken":0,"max_hp_gain":0,"max_hp_loss":0,"event_name":"Beggar","floor":19,"gold_loss":75},{"damage_healed":0,"gold_gain":0,"player_choice":"Smashed Altar","damage_taken":0,"max_hp_gain":0,"max_hp_loss":0,"event_name":"Forgotten Altar","floor":22,"gold_loss":0,"cards_obtained":["Decay"]}],"is_beta":false,"boss_relics":[{"not_picked":["Runic Pyramid","conspire:RoyalGoblet"],"picked":"Philosopher\u0027s Stone"}],"items_purged_floors":[],"is_endless":false,"potions_floor_spawned":[1,3,8,12,14,20,23],"killed_by":"Gremlin Leader","ascension_level":0}}