{"host":"rvgqag7mtxu5qaaz","time":1608928895,"event":{"mods":["AchievementEnabler","BaseMod","Downfall","Hermit","Hubris","Minty Spire (QoL Compilation)","Replay The Spire","StSLib","SuperFastMode","The Animator","The Construct","The Cursed","The Disciple","The Necromancer"],"gold_per_floor":[109,109,109,127,16,32,67,81,104,2,17,17,30,48,48,148,148,160,177,177,276,276,276],"floor_reached":22,"playtime":2016,"items_purged":[],"score":238,"play_id":"8f89087d-8074-43c3-9e26-a92e4b43eb4c","local_time":"20201225154135","is_ascension_mode":false,"campfire_choices":[{"floor":15,"key":"REST"}],"circlet_count":0,"master_deck":["hermit:Strike_Hermit","hermit:Strike_Hermit","hermit:Strike_Hermit","hermit:Defend_Hermit","hermit:Defend_Hermit","hermit:Defend_Hermit","hermit:Snapshot","hermit:Covet","hermit:Snipe+1","hermit:Brawl","hermit:Combo","hermit:CalledShot+1","hermit:Headshot","hermit:Dissolve","hermit:Midnight","hermit:Determination","hermit:Determination","hermit:CalledShot","hermit:TrackingShot","hermit:HighNoon","hermit:Reprieve","hermit:Virtue","hermit:Snipe"],"relics":["hermit:Momento","Centennial Puzzle","hermit:RyeStalk","Coffee Dripper","hubris:BottledHeart"],"acts_visited":["Exordium","TheCity"],"potions_floor_usage":[8,14,18],"damage_taken":[{"damage":3,"enemies":"2 Louse","floor":1,"turns":3},{"damage":6,"enemies":"Cultist","floor":4,"turns":3},{"damage":11,"enemies":"Jaw Worm","floor":6,"turns":2},{"damage":46,"enemies":"Lagavulin","floor":7,"turns":6},{"damage":8,"enemies":"Exordium Wildlife","floor":8,"turns":2},{"damage":0,"enemies":"Looter","floor":11,"turns":4},{"damage":0,"enemies":"Blue Slaver","floor":13,"turns":3},{"damage":3,"enemies":"Lots of Slimes","floor":14,"turns":4},{"damage":0,"enemies":"Slime Boss","floor":16,"turns":9},{"damage":42,"enemies":"3 Byrds","floor":18,"turns":6},{"damage":9,"enemies":"Chosen","floor":19,"turns":6},{"damage":3,"enemies":"Snake Plant","floor":22,"turns":4}],"seed_played":"-1912410844111405381","potions_obtained":[{"floor":4,"key":"GamblersBrew"},{"floor":7,"key":"hexamod:EctoCoolerPotion"},{"floor":19,"key":"Fire Potion"}],"is_trial":false,"path_per_floor":["M","?","?","M","$","M","E","M","T","$","M","?","M","M","R","B",null,"M","M","?","?","M"],"character_chosen":"HERMIT","items_purchased":["hermit:Combo","hermit:CalledShot+1","hermit:Determination","Energy Potion"],"campfire_rested":1,"item_purchase_floors":[5,5,10,10],"current_hp_per_floor":[79,79,79,73,73,62,16,8,8,8,8,8,8,5,29,29,82,40,31,1,1,0,0],"gold":276,"neow_bonus":"TEN_PERCENT_HP_BONUS","is_daily":false,"chose_seed":false,"campfire_upgraded":0,"win_rate":0.0,"timestamp":1608928895,"path_taken":["M","?","?","M","$","M","E","M","T","$","?","?","M","M","R","BOSS","M","M","?","?","M"],"items_purchased_type":["Card","Card","Card","Potion"],"build_version":"2020-12-22","purchased_purges":0,"victory":false,"max_hp_per_floor":[82,82,82,82,82,82,82,82,82,82,82,82,82,82,82,82,82,82,82,1,1,1,1],"card_choices":[{"not_picked":["hermit:HighCaliber","hermit:Headshot"],"picked":"hermit:Snipe","floor":1},{"not_picked":["hermit:Feint","hermit:Desperado"],"picked":"hermit:Brawl","floor":4},{"not_picked":["hermit:Snipe","hermit:Roulette"],"picked":"hermit:Headshot","floor":6},{"not_picked":["hermit:NoHoldsBarred","hermit:DeadMansHand"],"picked":"hermit:Dissolve","floor":7},{"not_picked":["hermit:Dive","hermit:Spite"],"picked":"hermit:Midnight","floor":8},{"not_picked":["hermit:Glare","hermit:ItchyTrigger"],"picked":"hermit:CalledShot","floor":11},{"not_picked":["hermit:Misfire","hermit:GhostlyPresence"],"picked":"hermit:TrackingShot","floor":13},{"not_picked":["hermit:HighCaliber","hermit:SprayPray"],"picked":"hermit:HighNoon","floor":14},{"not_picked":["hermit:DeadOrAlive","hermit:Magnum"],"picked":"hermit:Reprieve","floor":16},{"not_picked":["hermit:HoleUp","hermit:Desperado"],"picked":"hermit:Virtue","floor":18},{"not_picked":["hermit:Vantage","hermit:Misfire+1"],"picked":"hermit:Snipe","floor":19}],"player_experience":298877,"relics_obtained":[{"floor":7,"key":"Centennial Puzzle"},{"floor":9,"key":"hermit:RyeStalk"}],"event_choices":[{"cards_removed":["hermit:Strike_Hermit"],"damage_healed":0,"gold_gain":0,"player_choice":"Purged","damage_taken":0,"max_hp_gain":0,"max_hp_loss":0,"event_name":"Purifier","floor":3,"gold_loss":0},{"damage_healed":0,"gold_gain":0,"player_choice":"Grow","damage_taken":0,"max_hp_gain":0,"max_hp_loss":0,"event_name":"Living Wall","floor":12,"gold_loss":0,"cards_upgraded":["hermit:Snipe"]},{"damage_healed":0,"gold_gain":99,"player_choice":"Stole From Cult","damage_taken":0,"max_hp_gain":0,"max_hp_loss":0,"event_name":"Nest","floor":21,"gold_loss":0}],"is_beta":false,"boss_relics":[{"not_picked":["Ectoplasm","Pandora\u0027s Box"],"picked":"Coffee Dripper"}],"items_purged_floors":[],"is_endless":false,"potions_floor_spawned":[4,7,19],"killed_by":"Snake Plant","ascension_level":0}}