{"host":"vyjryxuuuxkt43k4","time":1612619532,"event":{"mods":["AchievementEnabler","BaseMod","Colored Map","DeckTracker","Highlight Path","Keyboard Shortcuts","Minty Spire (QoL Compilation)","Permanent Neow","Quick Restart","StSLib","SuperFastMode","everything is the same but u backflip on backflip"],"gold_per_floor":[113,188,35,35,53,53,81,81,108,120,160,185,197,239,251,362,374,400,327,339,12,32,32,59,73,73,73,91,107,107,107,107,208,208,228,228,242,8,19,53,66,66,66,66],"floor_reached":43,"language":"KOR","playtime":1365,"items_purged":["Doubt","Strike_R","Strike_R"],"score":459,"play_id":"71f28c7c-09c8-43e6-aee1-ff7f6a58dcf3","local_time":"20210206225212","is_ascension_mode":false,"campfire_choices":[{"data":"Seeing Red","floor":6.0,"key":"SMITH"},{"data":"Rage","floor":8.0,"key":"SMITH"},{"data":"Uppercut","floor":13.0,"key":"SMITH"},{"data":"Pommel Strike","floor":15.0,"key":"SMITH"},{"data":"Flame Barrier","floor":23,"key":"SMITH"},{"data":"Uppercut","floor":27,"key":"SMITH"},{"data":"Flash of Steel","floor":30,"key":"SMITH"},{"data":"Reaper","floor":32,"key":"SMITH"},{"data":"Feel No Pain","floor":42,"key":"SMITH"}],"circlet_count":0,"master_deck":["Strike_R","Strike_R","Defend_R","Defend_R","Defend_R","Defend_R","Bash+1","Rage+1","Flame Barrier+1","Seeing Red+1","Uppercut+1","Pommel Strike+1","Reaper+1","Power Through+1","Uppercut+1","Flash of Steel+1","True Grit+1","Spot Weakness+1","Pummel+1","Immolate","Body Slam+1","Disarm+1","Feel No Pain+1","Battle Trance+1","Havoc+1","Second Wind+1","Warcry+1"],"relics":["Burning Blood","Incense Burner","Sundial","MawBank","Odd Mushroom","Meat on the Bone","Runic Cube","CaptainsWheel","Chemical X","Orichalcum","Toxic Egg 2","Philosopher\u0027s Stone","Matryoshka","Art of War"],"acts_visited":["Exordium","TheCity","TheBeyond"],"potions_floor_usage":[16,28,28,39,40],"damage_taken":[{"damage":6.0,"enemies":"Jaw Worm","floor":1.0,"turns":5.0},{"damage":0.0,"enemies":"Small Slimes","floor":5.0,"turns":4.0},{"damage":52.0,"enemies":"Gremlin Nob","floor":7.0,"turns":7.0},{"damage":11.0,"enemies":"The Mushroom Lair","floor":11.0,"turns":6.0},{"damage":1.0,"enemies":"2 Louse","floor":12.0,"turns":3.0},{"damage":6.0,"enemies":"Lagavulin","floor":14.0,"turns":6.0},{"damage":15,"enemies":"Slime Boss","floor":16,"turns":10},{"damage":7,"enemies":"3 Byrds","floor":18,"turns":3},{"damage":18,"enemies":"Shell Parasite","floor":22,"turns":5},{"damage":11,"enemies":"Book of Stabbing","floor":24,"turns":6},{"damage":5,"enemies":"Snecko","floor":25,"turns":6},{"damage":7,"enemies":"3 Cultists","floor":28,"turns":6},{"damage":0,"enemies":"Centurion and Healer","floor":29,"turns":6},{"damage":84,"enemies":"Champ","floor":33,"turns":13},{"damage":11,"enemies":"Orb Walker","floor":35,"turns":3},{"damage":17,"enemies":"3 Shapes","floor":37,"turns":5},{"damage":0,"enemies":"Spire Growth","floor":39,"turns":4},{"damage":15,"enemies":"Giant Head","floor":40,"turns":11},{"damage":19,"enemies":"Jaw Worm Horde","floor":41,"turns":4}],"seed_played":"401641943935900991","potions_obtained":[{"floor":7.0,"key":"PowerPotion"},{"floor":11.0,"key":"BloodPotion"},{"floor":12.0,"key":"EssenceOfSteel"},{"floor":14.0,"key":"GamblersBrew"},{"floor":16,"key":"Fire Potion"},{"floor":18,"key":"Fire Potion"},{"floor":22,"key":"LiquidBronze"},{"floor":25,"key":"Swift Potion"},{"floor":33,"key":"SkillPotion"},{"floor":37,"key":"BlessingOfTheForge"},{"floor":41,"key":"ColorlessPotion"}],"is_trial":false,"path_per_floor":["M","?","$","?","M","R","E","R","T","$","?","M","R","E","R","B",null,"M","?","?","$","M","R","E","M","T","R","M","M","R","?","R","B",null,"M","T","M","$","M","E","M","R","T"],"character_chosen":"IRONCLAD","items_purchased":["Flame Barrier","Chemical X","Flash of Steel","Feel No Pain","Battle Trance+1"],"campfire_rested":0,"item_purchase_floors":[3,21,21,38,38],"current_hp_per_floor":[80,69,69,69,75,75,29,29,29,29,40,45,45,45,45,48,80,79,79,79,79,67,67,62,69,69,69,80,80,80,80,80,22,80,75,75,64,64,70,61,57,57,57,57],"gold":66,"neow_bonus":"ONE_RARE_RELIC","is_daily":false,"chose_seed":false,"campfire_upgraded":9,"win_rate":0.0,"timestamp":1612619532,"path_taken":["M","?","$","?","M","R","E","R","T","?","?","M","R","E","R","BOSS","M","?","?","$","?","R","E","M","T","R","M","?","R","?","R","BOSS","M","?","?","$","M","E","?","R","T"],"items_purchased_type":["Card","Relic","Card","Card","Card"],"build_version":"2020-12-22","purchased_purges":3,"victory":false,"max_hp_per_floor":[80,80,80,80,80,80,80,80,80,80,80,80,80,80,80,80,80,80,80,80,80,80,80,80,80,80,80,80,80,80,80,80,80,80,80,80,80,80,80,80,80,80,80,80],"card_choices":[{"not_picked":["True Grit","Clothesline"],"picked":"Rage","floor":1.0},{"not_picked":["Body Slam","Sword Boomerang"],"picked":"Seeing Red","floor":5.0},{"not_picked":["Thunderclap","Anger","Clothesline"],"picked":"SKIP","floor":7.0},{"not_picked":["Sword Boomerang","Rupture"],"picked":"Uppercut","floor":11.0},{"not_picked":["Armaments","Heavy Blade","Sever Soul"],"picked":"SKIP","floor":12.0},{"not_picked":["Sentinel","Infernal Blade"],"picked":"Pommel Strike","floor":14.0},{"not_picked":["Exhume","Berserk"],"picked":"Reaper","floor":16},{"not_picked":["Shrug It Off","Havoc+1"],"picked":"Power Through+1","floor":18},{"not_picked":["Sword Boomerang","Thunderclap+1","Cleave"],"picked":"SKIP","floor":22},{"not_picked":["Power Through","Armaments"],"picked":"True Grit+1","floor":24},{"not_picked":["Perfected Strike","Thunderclap","Iron Wave+1"],"picked":"SKIP","floor":25},{"not_picked":["Fire Breathing","Iron Wave"],"picked":"Spot Weakness+1","floor":28},{"not_picked":["Wild Strike","Thunderclap"],"picked":"Pummel+1","floor":29},{"not_picked":["Fiend Fire","Double Tap+1"],"picked":"Immolate","floor":33},{"not_picked":["Armaments+1","Sword Boomerang"],"picked":"Body Slam+1","floor":35},{"not_picked":["Flame Barrier+1","Heavy Blade"],"picked":"Disarm+1","floor":37},{"not_picked":["Flame Barrier+1","Armaments+1"],"picked":"Havoc+1","floor":39},{"not_picked":["Perfected Strike","Twin Strike+1"],"picked":"Second Wind+1","floor":40},{"not_picked":["Armaments+1","Reckless Charge"],"picked":"Warcry+1","floor":41}],"player_experience":800947,"relics_obtained":[{"floor":7.0,"key":"Sundial"},{"floor":9.0,"key":"MawBank"},{"floor":11.0,"key":"Odd Mushroom"},{"floor":14.0,"key":"Meat on the Bone"},{"floor":24,"key":"Orichalcum"},{"floor":26,"key":"Toxic Egg 2"},{"floor":36,"key":"Matryoshka"},{"floor":40,"key":"Art of War"}],"event_choices":[{"damage_healed":0.0,"max_hp_gain":0.0,"max_hp_loss":0.0,"gold_gain":75.0,"event_name":"World of Goop","player_choice":"Gather Gold","floor":2.0,"gold_loss":0.0,"damage_taken":11.0},{"damage_healed":0.0,"max_hp_gain":0.0,"max_hp_loss":0.0,"gold_gain":0.0,"event_name":"The Cleric","player_choice":"Leave","floor":4.0,"gold_loss":0.0,"damage_taken":0.0},{"damage_healed":0.0,"max_hp_gain":0.0,"max_hp_loss":0.0,"gold_gain":0.0,"event_name":"Mushrooms","player_choice":"Fought Mushrooms","floor":11.0,"gold_loss":0.0,"damage_taken":0.0},{"damage_healed":0,"gold_gain":0,"player_choice":"Obtained Relic","damage_taken":0,"relics_obtained":["CaptainsWheel"],"max_hp_gain":0,"max_hp_loss":0,"event_name":"Addict","floor":19,"gold_loss":85},{"damage_healed":0,"gold_gain":0,"cards_transformed":["Strike_R"],"player_choice":"Transformed","damage_taken":0,"max_hp_gain":0,"max_hp_loss":0,"event_name":"Transmorgrifier","floor":20,"gold_loss":0,"cards_obtained":["Uppercut"]},{"damage_healed":0,"gold_gain":0,"player_choice":"Upgraded","damage_taken":0,"max_hp_gain":0,"max_hp_loss":0,"event_name":"Upgrade Shrine","floor":31,"gold_loss":0,"cards_upgraded":["Bash"]}],"is_beta":false,"boss_relics":[{"not_picked":["Ectoplasm","Black Star"],"picked":"Runic Cube"},{"not_picked":["Empty Cage","Black Blood"],"picked":"Philosopher\u0027s Stone"}],"items_purged_floors":[3,21,38],"is_endless":false,"potions_floor_spawned":[7,11,12,14,16,18,22,25,33,37,41],"ascension_level":0}}