{"host":"fuszjwm6fqgjjp4d","time":1612591489,"event":{"mods":["BaseMod","Bestiary","Colored Map","Minty Spire (QoL Compilation)","Permanent Neow","Relic Sorter","Relic Stats","StSLib"],"gold_per_floor":[112,132,407,15,35,35,60,80,80,90,10,10,10,26,26,26,26],"floor_reached":16,"language":"ENG","playtime":379,"items_purged":["Regret"],"score":204,"play_id":"6149ea75-c94e-4d9f-a915-3239bd6d4ac4","local_time":"20210206000449","is_ascension_mode":true,"campfire_choices":[{"data":"1","floor":6.0,"key":"LIFT"},{"data":"2","floor":12,"key":"LIFT"},{"data":"3","floor":15,"key":"LIFT"}],"circlet_count":0,"master_deck":["AscendersBane","Strike_G","Strike_G","Strike_G","Strike_G","Strike_G","Defend_G","Defend_G","Defend_G","Defend_G","Defend_G","Survivor","Neutralize","CurseOfTheBell","Backstab","Footwork","Dagger Spray","Quick Slash","Backflip","Cloak And Dagger"],"relics":["Calling Bell","Regal Pillow","Singing Bowl","Torii","Girya","Meat on the Bone","Ornamental Fan","Golden Idol"],"acts_visited":["Exordium"],"potions_floor_usage":[16,16],"damage_taken":[{"damage":6.0,"enemies":"Cultist","floor":1.0,"turns":4.0},{"damage":0.0,"enemies":"2 Louse","floor":2.0,"turns":4.0},{"damage":3.0,"enemies":"Jaw Worm","floor":5.0,"turns":5.0},{"damage":28.0,"enemies":"Gremlin Nob","floor":7.0,"turns":5.0},{"damage":2.0,"enemies":"2 Fungi Beasts","floor":8.0,"turns":3.0},{"damage":4,"enemies":"Exordium Thugs","floor":10,"turns":5},{"damage":1,"enemies":"Gremlin Gang","floor":14,"turns":4},{"damage":47,"enemies":"Hexaghost","floor":16,"turns":14}],"seed_played":"-4777462868694179999","potions_obtained":[{"floor":2.0,"key":"Strength Potion"},{"floor":5.0,"key":"GamblersBrew"},{"floor":8.0,"key":"DuplicationPotion"}],"is_trial":false,"path_per_floor":["M","M","?","$","M","R","E","M","T","M","$","R","?","M","R","B"],"character_chosen":"THE_SILENT","items_purchased":["Girya","Quick Slash","Backflip"],"campfire_rested":0,"item_purchase_floors":[4,11,11],"current_hp_per_floor":[55,55,55,55,52,52,24,36,36,46,46,46,46,45,45,0,0],"gold":26,"neow_bonus":"BOSS_RELIC","is_daily":false,"chose_seed":false,"campfire_upgraded":0,"win_rate":0.0,"timestamp":1612591489,"path_taken":["M","M","?","$","M","R","E","?","T","M","$","R","?","M","R","BOSS"],"items_purchased_type":["Relic","Card","Card"],"build_version":"2020-12-22","purchased_purges":1,"victory":false,"max_hp_per_floor":[68,68,68,68,68,68,68,70,70,72,72,72,65,65,65,65,65],"relic_stats":{"Regal Pillow":0,"Singing Bowl":6,"Torii":20,"counters":[8,44],"Ornamental Fan":[20],"Golden Idol":3,"obtain_stats":[{"Calling Bell":0,"Girya":4,"Regal Pillow":0,"Singing Bowl":0,"Torii":0,"Ornamental Fan":9,"Golden Idol":13,"Ring of the Snake":0,"Meat on the Bone":7},{"Calling Bell":0,"Girya":2,"Regal Pillow":0,"Singing Bowl":0,"Torii":0,"Ornamental Fan":5,"Golden Idol":6,"Ring of the Snake":0,"Meat on the Bone":4},{"Calling Bell":0,"Girya":8,"Regal Pillow":0,"Singing Bowl":0,"Torii":0,"Ornamental Fan":21,"Golden Idol":26,"Ring of the Snake":0,"Meat on the Bone":18}],"Meat on the Bone":24},"card_choices":[{"not_picked":["Acrobatics","Prepared","Deflect"],"picked":"Singing Bowl","floor":1.0},{"not_picked":["Accuracy","Endless Agony"],"picked":"Backstab","floor":2.0},{"not_picked":["Sucker Punch","Slice"],"picked":"Footwork","floor":5.0},{"not_picked":["Flying Knee","Heel Hook"],"picked":"Dagger Spray","floor":7.0},{"not_picked":["Dodge and Roll","Prepared","Deflect"],"picked":"Singing Bowl","floor":8.0},{"not_picked":["Sucker Punch","Expertise","All Out Attack"],"picked":"Singing Bowl","floor":10},{"not_picked":["Deadly Poison","Underhanded Strike"],"picked":"Cloak And Dagger","floor":14}],"player_experience":1476894,"relics_obtained":[{"floor":0.0,"key":"Regal Pillow"},{"floor":0.0,"key":"Singing Bowl"},{"floor":0.0,"key":"Torii"},{"floor":7.0,"key":"Meat on the Bone"},{"floor":9.0,"key":"Ornamental Fan"}],"event_choices":[{"damage_healed":0.0,"max_hp_gain":0.0,"max_hp_loss":0.0,"gold_gain":275.0,"event_name":"Golden Shrine","player_choice":"Desecrate","floor":3.0,"gold_loss":0.0,"damage_taken":0.0,"cards_obtained":["Regret"]},{"damage_healed":0,"gold_gain":0,"player_choice":"Lose Max HP","damage_taken":0,"relics_obtained":["Golden Idol"],"max_hp_gain":0,"max_hp_loss":7,"event_name":"Golden Idol","floor":13,"gold_loss":0}],"is_beta":false,"boss_relics":[],"items_purged_floors":[4],"is_endless":false,"potions_floor_spawned":[2,5,8],"killed_by":"Hexaghost","ascension_level":20}}