{"host":"04hh9gplt9wkfmr1","time":1612641247,"event":{"mods":["AchievementEnabler","BaseMod","Colored Map","KOR Keyword Fix","Minty Spire (QoL Compilation)","Rare Cards Sparkle","SuperFastMode"],"gold_per_floor":[368,384,401,421,421,454,454,484,484,484,484],"floor_reached":10,"language":"KOR","playtime":267,"items_purged":[],"score":140,"play_id":"7f3892bb-0aea-4415-a6a4-a4c64016f8db","local_time":"20210207045407","is_ascension_mode":true,"campfire_choices":[{"floor":7.0,"key":"REST"}],"circlet_count":0,"master_deck":["AscendersBane","Strike_G","Strike_G","Strike_G","Strike_G","Defend_G+1","Defend_G","Defend_G","Defend_G","Defend_G","Survivor","Neutralize","Accuracy","Blade Dance+1","Phantasmal Killer"],"relics":["Ring of the Snake","War Paint","Torii","Letter Opener"],"acts_visited":["Exordium"],"potions_floor_usage":[10],"damage_taken":[{"damage":7.0,"enemies":"Small Slimes","floor":1.0,"turns":5.0},{"damage":2.0,"enemies":"Cultist","floor":2.0,"turns":4.0},{"damage":4.0,"enemies":"Jaw Worm","floor":3.0,"turns":4.0},{"damage":9.0,"enemies":"Red Slaver","floor":4.0,"turns":5.0},{"damage":19.0,"enemies":"Gremlin Nob","floor":6.0,"turns":5.0},{"damage":7.0,"enemies":"Lagavulin","floor":8.0,"turns":5.0},{"damage":32,"enemies":"Gremlin Nob","floor":10,"turns":3}],"seed_played":"6445218083536339787","potions_obtained":[{"floor":1.0,"key":"Fire Potion"},{"floor":3.0,"key":"Weak Potion"},{"floor":6.0,"key":"CultistPotion"},{"floor":8.0,"key":"Fruit Juice"}],"is_trial":false,"path_per_floor":["M","M","M","M","?","E","R","E","T","E"],"character_chosen":"THE_SILENT","items_purchased":[],"campfire_rested":1,"item_purchase_floors":[],"current_hp_per_floor":[37,35,31,22,22,3,22,15,15,0,0],"gold":484,"neow_bonus":"TWO_FIFTY_GOLD","is_daily":false,"chose_seed":false,"campfire_upgraded":0,"win_rate":0.0,"timestamp":1612641247,"path_taken":["M","M","M","M","?","E","R","E","T","E"],"items_purchased_type":[],"build_version":"2020-12-22","purchased_purges":0,"victory":false,"max_hp_per_floor":[66,66,66,66,66,66,66,66,66,71,71],"card_choices":[{"not_picked":["Riddle With Holes","Masterful Stab"],"picked":"Accuracy","floor":1.0},{"not_picked":["Catalyst","Eviscerate"],"picked":"Blade Dance","floor":2.0},{"not_picked":["Acrobatics","Poisoned Stab","Predator"],"picked":"SKIP","floor":3.0},{"not_picked":["Blur","Catalyst","Acrobatics"],"picked":"SKIP","floor":4.0},{"not_picked":["Bouncing Flask","Quick Slash"],"picked":"Phantasmal Killer","floor":6.0},{"not_picked":["Setup","Catalyst","Deadly Poison"],"picked":"SKIP","floor":8.0}],"player_experience":135717,"relics_obtained":[{"floor":6.0,"key":"War Paint"},{"floor":8.0,"key":"Torii"},{"floor":9.0,"key":"Letter Opener"}],"event_choices":[{"cards_removed":["Strike_G"],"damage_healed":0.0,"max_hp_gain":0.0,"max_hp_loss":0.0,"gold_gain":0.0,"event_name":"Bonfire Elementals","player_choice":"Offered Basic","floor":5.0,"gold_loss":0.0,"damage_taken":0.0}],"is_beta":false,"boss_relics":[],"items_purged_floors":[],"is_endless":false,"potions_floor_spawned":[1,3,6,8],"killed_by":"Gremlin Nob","ascension_level":16}}