{"host":"kn32u0f2pym5bozc","time":1612602077,"event":{"mods":["2.2 Compatiblity","BaseMod","Better Third Choice","Minty Spire (QoL Compilation)","Permanent Neow","Relic Stats","StSLib","The Animator"],"gold_per_floor":[109,259,154,154,179,179,14,43,43,70,70,114,79,89,89,89,89],"floor_reached":16,"language":"ENG","playtime":383,"items_purged":["Doubt"],"score":201,"play_id":"c766232a-1375-42e0-9e11-5e868784065b","local_time":"20210206040117","is_ascension_mode":true,"campfire_choices":[{"data":"animator:DolaCouronne","floor":6.0,"key":"SMITH"},{"floor":11.0,"key":"REST"},{"data":"animator:Gillette","floor":15.0,"key":"SMITH"}],"circlet_count":0,"master_deck":["AscendersBane","animator:Strike_NoGameNoLife","animator:Defend_NoGameNoLife","animator:Strike","animator:Strike","animator:Strike","animator:Defend","animator:Defend","animator:Defend","animator:DolaSchwi+1","animator:DolaCouronne+1","animator:RoyMustang","animator:PandorasActor","animator:Gillette+1","animator:IrohaTamaki","animator:Mitsurugi","animator:Shuna","animator:Arpeggio"],"relics":["animator:LivingPicture","animator:TheMissingPiece","animator:PurgingStone","NeowsBlessing","MealTicket","Odd Mushroom","Turnip","Orichalcum","Lantern"],"acts_visited":["Exordium"],"potions_floor_usage":[16],"damage_taken":[{"damage":0.0,"enemies":"Jaw Worm","floor":1.0,"turns":1.0},{"damage":0.0,"enemies":"2 Louse","floor":5.0,"turns":1.0},{"damage":0.0,"enemies":"The Mushroom Lair","floor":8.0,"turns":1.0},{"damage":41.0,"enemies":"Gremlin Nob","floor":10.0,"turns":5.0},{"damage":25.0,"enemies":"Lagavulin","floor":12.0,"turns":6.0},{"damage":2.0,"enemies":"Small Slimes","floor":14.0,"turns":2.0},{"damage":24,"enemies":"The Guardian","floor":16,"turns":2}],"seed_played":"4607101430044670529","potions_obtained":[{"floor":8.0,"key":"Energy Potion"},{"floor":14.0,"key":"SneckoOil"}],"is_trial":false,"path_per_floor":["M","?","$","?","M","R","$","?","T","E","R","E","?","M","R","B"],"character_chosen":"THE_ANIMATOR","items_purchased":["animator:PandorasActor","MealTicket"],"campfire_rested":1,"item_purchase_floors":[3,7],"current_hp_per_floor":[54,54,54,54,54,54,54,54,54,13,31,6,21,19,19,0,0],"gold":89,"neow_bonus":"THREE_ENEMY_KILL","is_daily":false,"chose_seed":false,"campfire_upgraded":2,"win_rate":0.0,"timestamp":1612602077,"path_taken":["M","?","$","?","M","R","$","?","T","E","R","E","?","?","R","BOSS"],"items_purchased_type":["Card","Relic"],"build_version":"2020-12-22","purchased_purges":1,"victory":false,"max_hp_per_floor":[60,60,60,60,60,60,60,60,60,60,60,60,60,60,60,60,60],"relic_stats":{"counters":[7,18],"MealTicket":0,"Turnip":[0],"Orichalcum":[6],"obtain_stats":[{"Lantern":12,"animator:PurgingStone":0,"NeowsBlessing":0,"animator:TheMissingPiece":0,"MealTicket":7,"animator:LivingPicture":0,"Turnip":9,"Odd Mushroom":8,"Orichalcum":10},{"Lantern":5,"animator:PurgingStone":0,"NeowsBlessing":0,"animator:TheMissingPiece":0,"MealTicket":2,"animator:LivingPicture":0,"Turnip":3,"Odd Mushroom":3,"Orichalcum":4},{"Lantern":14,"animator:PurgingStone":0,"NeowsBlessing":0,"animator:TheMissingPiece":0,"MealTicket":2,"animator:LivingPicture":0,"Turnip":3,"Odd Mushroom":3,"Orichalcum":8}]},"card_choices":[{"not_picked":["animator:ZankiKiguchi","animator:Mitsurugi"],"picked":"animator:RoyMustang","floor":1.0},{"not_picked":["animator:Konayuki","animator:LizardPriest"],"picked":"animator:Gillette","floor":5.0},{"not_picked":["animator:Ara","animator:Yoichi"],"picked":"animator:IrohaTamaki","floor":8.0},{"not_picked":["animator:FielNirvalen","animator:OrikoMikuni"],"picked":"animator:Mitsurugi","floor":10.0},{"not_picked":["animator:Shion","animator:Millim"],"picked":"animator:Shuna","floor":12.0},{"not_picked":["animator:UneriGinkaku","animator:Alexander"],"picked":"animator:Arpeggio","floor":14.0}],"player_experience":907991,"relics_obtained":[{"floor":8.0,"key":"Odd Mushroom"},{"floor":9.0,"key":"Turnip"},{"floor":10.0,"key":"Orichalcum"},{"floor":12.0,"key":"Lantern"}],"event_choices":[{"damage_healed":0.0,"max_hp_gain":0.0,"max_hp_loss":0.0,"gold_gain":150.0,"event_name":"betterThird:BetterSerpent","player_choice":"AGREE","floor":2.0,"gold_loss":0.0,"damage_taken":109.0},{"damage_healed":0.0,"max_hp_gain":0.0,"max_hp_loss":0.0,"gold_gain":0.0,"event_name":"Living Wall","player_choice":"Grow","floor":4.0,"gold_loss":0.0,"damage_taken":0.0,"cards_upgraded":["animator:DolaSchwi"]},{"damage_healed":0.0,"max_hp_gain":0.0,"max_hp_loss":0.0,"gold_gain":0.0,"event_name":"Mushrooms","player_choice":"Fought Mushrooms","floor":8.0,"gold_loss":0.0,"damage_taken":0.0},{"damage_healed":15.0,"max_hp_gain":0.0,"max_hp_loss":0.0,"gold_gain":0.0,"event_name":"The Cleric","player_choice":"Healed","floor":13.0,"gold_loss":35.0,"damage_taken":0.0}],"is_beta":false,"boss_relics":[],"items_purged_floors":[3],"is_endless":false,"potions_floor_spawned":[8,14],"killed_by":"The Guardian","ascension_level":18}}