{"host":"7l2t4psy44vpcd9q","time":1612609883,"event":{"mods":["AchievementEnabler","BaseMod","DeckTracker","Minty Spire (QoL Compilation)","SuperFastMode"],"gold_per_floor":[112,130,130,105,105,136,136,150,177,177,5,40,40,60,60,158,158,182,182,10,10,60,100,100,141,141,56,90,27,43,66,66,160,160,174,189,21,45,58,58,99,17,43,43,43],"floor_reached":44,"language":"KOR","playtime":2240,"items_purged":["Strike_B","Defend_B"],"score":964,"play_id":"819e6c7c-e258-49f4-8925-4df1cb7527d6","local_time":"20210206201123","is_ascension_mode":true,"campfire_choices":[{"data":"Defragment","floor":7,"key":"SMITH"},{"data":"Zap","floor":10,"key":"SMITH"},{"data":"Lockon","floor":13,"key":"SMITH"},{"data":"Core Surge","floor":15,"key":"SMITH"},{"data":"Go for the Eyes","floor":24,"key":"SMITH"},{"floor":32,"key":"REST"},{"floor":40,"key":"REST"}],"circlet_count":0,"master_deck":["AscendersBane","Defend_B","Defend_B","Defend_B","Zap+1","Dualcast","Defragment+1","Beam Cell+1","Cold Snap","Lockon+1","Ball Lightning","Core Surge+1","Thunder Strike","Rip and Tear","Sunder","Consume","Go for the Eyes+1","Turbo","Leap","Reinforced Body+1","Biased Cognition","Double Energy+1","Leap+1","Rebound","Chill"],"relics":["Cracked Core","Golden Idol","Toy Ornithopter","Regal Pillow","PreservedInsect","Darkstone Periapt","Runic Pyramid","Membership Card","HornCleat","The Courier","Pear","Letter Opener","Red Mask","Medical Kit","SlaversCollar","Meat on the Bone","Eternal Feather","Art of War"],"acts_visited":["Exordium","TheCity","TheBeyond"],"potions_floor_usage":[6,18,23,25,31,31,33,36,39,41,44,44],"damage_taken":[{"damage":1,"enemies":"Small Slimes","floor":1,"turns":4},{"damage":1,"enemies":"Cultist","floor":2,"turns":3},{"damage":7,"enemies":"Lagavulin","floor":6,"turns":6},{"damage":0,"enemies":"2 Louse","floor":8,"turns":3},{"damage":16,"enemies":"3 Sentries","floor":12,"turns":4},{"damage":2,"enemies":"2 Fungi Beasts","floor":14,"turns":3},{"damage":21,"enemies":"Hexaghost","floor":16,"turns":8},{"damage":0,"enemies":"Chosen","floor":18,"turns":3},{"damage":19,"enemies":"Gremlin Leader","floor":23,"turns":6},{"damage":18,"enemies":"Book of Stabbing","floor":25,"turns":4},{"damage":17,"enemies":"Masked Bandits","floor":28,"turns":3},{"damage":0,"enemies":"Spheric Guardian","floor":30,"turns":3},{"damage":13,"enemies":"Snake Plant","floor":31,"turns":3},{"damage":19,"enemies":"Champ","floor":33,"turns":14},{"damage":4,"enemies":"Orb Walker","floor":35,"turns":4},{"damage":24,"enemies":"3 Darklings","floor":36,"turns":6},{"damage":9,"enemies":"4 Shapes","floor":38,"turns":6},{"damage":31,"enemies":"Spire Growth","floor":39,"turns":5},{"damage":6,"enemies":"Nemesis","floor":41,"turns":5},{"damage":91,"enemies":"Reptomancer","floor":44,"turns":9}],"seed_played":"2284291748251938691","potions_obtained":[{"floor":1,"key":"AttackPotion"},{"floor":6,"key":"SkillPotion"},{"floor":16,"key":"Block Potion"},{"floor":23,"key":"Fire Potion"},{"floor":28,"key":"SteroidPotion"},{"floor":30,"key":"Weak Potion"},{"floor":31,"key":"PotionOfCapacity"},{"floor":33,"key":"Fruit Juice"},{"floor":36,"key":"SkillPotion"},{"floor":39,"key":"BlessingOfTheForge"},{"floor":41,"key":"Regen Potion"}],"is_trial":false,"path_per_floor":["M","M","?","$","?","E","R","M","T","R","$","E","R","M","R","B",null,"M","?","$","?","?","E","R","E","T","?","?","$","M","M","R","B",null,"M","M","$","M","M","R","E","$","T","E"],"character_chosen":"DEFECT","items_purchased":["Cold Snap","PreservedInsect","Membership Card","Medical Kit","PowerPotion","Meat on the Bone","Chill"],"campfire_rested":2,"item_purchase_floors":[4,11,20,29,37,37,42],"current_hp_per_floor":[63,62,62,62,62,55,55,55,55,55,55,39,39,37,37,16,52,57,57,57,57,57,43,43,30,40,40,23,23,23,20,57,43,66,62,48,48,51,37,75,74,74,74,0,0],"gold":43,"neow_bonus":"REMOVE_CARD","is_daily":false,"chose_seed":false,"campfire_upgraded":5,"win_rate":0.0,"timestamp":1612609883,"path_taken":["M","M","?","?","?","E","R","M","T","R","$","E","R","M","R","BOSS","M","?","$","?","?","E","R","E","T","?","?","?","?","M","R","BOSS","M","M","$","M","M","R","E","$","T","E"],"items_purchased_type":["Card","Relic","Relic","Relic","Potion","Relic","Card"],"build_version":"2020-12-22","purchased_purges":2,"victory":false,"max_hp_per_floor":[71,71,71,71,64,64,64,64,64,64,64,64,64,64,64,64,64,64,64,64,64,64,64,64,64,74,74,74,74,74,74,74,74,74,74,79,79,79,79,79,79,79,79,79,79],"card_choices":[{"not_picked":["FTL","Turbo"],"picked":"Defragment","floor":1},{"not_picked":["Sweeping Beam","Leap"],"picked":"Beam Cell","floor":2},{"not_picked":["Recycle","Hologram"],"picked":"Lockon","floor":6},{"not_picked":["Conserve Battery","Stack"],"picked":"Ball Lightning","floor":8},{"not_picked":["Conserve Battery","Sweeping Beam"],"picked":"Core Surge","floor":12},{"not_picked":["Redo","Fusion","Beam Cell"],"picked":"SKIP","floor":14},{"not_picked":["Meteor Strike","Reboot"],"picked":"Thunder Strike","floor":16},{"not_picked":["Sweeping Beam","Redo","Cold Snap"],"picked":"SKIP","floor":18},{"not_picked":["Scrape","FTL"],"picked":"Go for the Eyes","floor":23},{"not_picked":["Stack","Redo"],"picked":"Turbo","floor":25},{"not_picked":["Gash","Hologram"],"picked":"Leap","floor":30},{"not_picked":["Hologram","White Noise"],"picked":"Reinforced Body+1","floor":31},{"not_picked":["Thunder Strike","Echo Form"],"picked":"Biased Cognition","floor":33},{"not_picked":["Streamline","Redo+1","Sweeping Beam"],"picked":"SKIP","floor":35},{"not_picked":["Redo","Beam Cell+1"],"picked":"Double Energy+1","floor":36},{"not_picked":["Biased Cognition","Streamline","Leap"],"picked":"SKIP","floor":38},{"not_picked":["Turbo","Redo+1"],"picked":"Leap+1","floor":39},{"not_picked":["Rip and Tear+1","Auto Shields"],"picked":"Rebound","floor":41}],"player_experience":1281674,"relics_obtained":[{"floor":6,"key":"Toy Ornithopter"},{"floor":9,"key":"Regal Pillow"},{"floor":12,"key":"Darkstone Periapt"},{"floor":23,"key":"HornCleat"},{"floor":25,"key":"The Courier"},{"floor":26,"key":"Pear"},{"floor":28,"key":"Red Mask"},{"floor":41,"key":"Eternal Feather"},{"floor":43,"key":"Art of War"}],"event_choices":[{"damage_healed":0,"gold_gain":0,"player_choice":"Upgraded","damage_taken":0,"max_hp_gain":0,"max_hp_loss":0,"event_name":"Upgrade Shrine","floor":3,"gold_loss":0,"cards_upgraded":["Beam Cell"]},{"damage_healed":0,"gold_gain":0,"player_choice":"Lose Max HP","damage_taken":0,"relics_obtained":["Golden Idol"],"max_hp_gain":0,"max_hp_loss":7,"event_name":"Golden Idol","floor":5,"gold_loss":0},{"damage_healed":0,"gold_gain":0,"cards_transformed":["Strike_B","Strike_B"],"player_choice":"Became Test Subject","damage_taken":0,"max_hp_gain":0,"max_hp_loss":0,"event_name":"Drug Dealer","floor":19,"gold_loss":0,"cards_obtained":["Rip and Tear","Sunder"]},{"damage_healed":0,"gold_gain":0,"player_choice":"Read","damage_taken":0,"max_hp_gain":0,"max_hp_loss":0,"event_name":"The Library","floor":21,"gold_loss":0,"cards_obtained":["Consume"]},{"damage_healed":0,"gold_gain":50,"player_choice":"Stole From Cult","damage_taken":0,"max_hp_gain":0,"max_hp_loss":0,"event_name":"Nest","floor":22,"gold_loss":0},{"damage_healed":0,"gold_gain":0,"player_choice":"Obtained Relic","damage_taken":0,"relics_obtained":["Letter Opener"],"max_hp_gain":0,"max_hp_loss":0,"event_name":"Addict","floor":27,"gold_loss":85},{"damage_healed":0,"gold_gain":0,"player_choice":"Fought Bandits","damage_taken":0,"max_hp_gain":0,"max_hp_loss":0,"event_name":"Masked Bandits","floor":28,"gold_loss":0}],"is_beta":false,"boss_relics":[{"not_picked":["Tiny House","Calling Bell"],"picked":"Runic Pyramid"},{"not_picked":["Velvet Choker","Philosopher\u0027s Stone"],"picked":"SlaversCollar"}],"items_purged_floors":[37,42],"is_endless":false,"potions_floor_spawned":[1,6,16,23,28,30,31,33,36,39,41],"killed_by":"Reptomancer","ascension_level":20}}