{"host":"4kmvpqjeiacgn1pr","time":1612654035,"event":{"mods":["A Penny For Your Troubles","AchievementEnabler","AlwaysNeverKeys","Aspiration","BaseMod","Bestiary","Better Altar","Better Match","Better Note","Better Sensory Stone","Better Skull","Better Third Choice","Better Vampires","BetterRewards","Colored Map","Colored Powertips","Conspire","Curses Come First","Downfall","Halation","Highlight Path","Infinite Spire","Minty Spire (QoL Compilation)","Permanent Neow","Quick Restart","Rare Cards Sparkle","Relic Sorter","Relic Stats","Replay The Spire","Reworked Bosses","Shop Mod","Smile Girya","Spicy Shops","Spikes Relics","StSLib","Waifu the Spire"],"gold_per_floor":[111,11,1,1,26,26,31,31],"floor_reached":7,"language":"ENG","playtime":262,"items_purged":["Regret"],"score":56,"play_id":"bd4cb06b-8871-45e8-bc31-6b0855161682","local_time":"20210206182715","is_ascension_mode":true,"campfire_choices":[{"data":"Replay:Dark Deal","floor":6.0,"key":"SMITH"}],"circlet_count":0,"master_deck":["AscendersBane","Strike_G","Strike_G","Strike_G","Strike_G","Defend_G","Defend_G","Defend_G","Defend_G","Defend_G","Survivor","Neutralize","Replay:Dark Deal","Replay:Dark Deal+1","ReplayTheSpireMod:Scrap Shanks","conspire:SpireCoStock","conspire:SpireCoStock","Night Terror+1"],"relics":["Ring of the Snake","halation:Thesaurus","aspiration:Nostalgia","infinitespire:DarkRift","halation:IllGainedPizza","betterThird:SlimedRelic","Centennial Puzzle"],"acts_visited":["Exordium"],"potions_floor_usage":[],"damage_taken":[{"damage":0.0,"enemies":"Jaw Worm","floor":1.0,"turns":3.0},{"damage":27,"enemies":"3 Sentries","floor":7,"turns":4}],"seed_played":"3528056372972813381","potions_obtained":[{"floor":1.0,"key":"Milkshake"}],"is_trial":false,"path_per_floor":["M","?","?","?","T","R","E"],"character_chosen":"THE_SILENT","items_purchased":["Replay:Dark Deal","DollysMirror","halation:Thesaurus","halation:IllGainedPizza","ReplayTheSpireMod:Scrap Shanks"],"campfire_rested":0,"item_purchase_floors":[0,0,0,0,0],"current_hp_per_floor":[35,35,24,24,24,24,0,0],"gold":31,"neow_bonus":"","is_daily":false,"chose_seed":false,"campfire_upgraded":1,"win_rate":0.0,"timestamp":1612654035,"path_taken":["M","?","?","?","?","R","E"],"items_purchased_type":["Card","Relic","Relic","Relic","Card"],"build_version":"2020-12-22","purchased_purges":1,"victory":false,"max_hp_per_floor":[70,70,70,70,70,70,70,70],"relic_stats":{"Centennial Puzzle":[3],"counters":[25,79],"obtain_stats":[{"halation:PapillonHeart":42,"Replay:PocketPolymizer":0,"aspiration:TomeofQuesting":21,"aspiration:PoetsPen_weak":17,"Snake Skull":25,"aspiration:RitualStick":27,"Centennial Puzzle":5,"DollysMirror":0,"Gambling Chip":6,"MealTicket":12,"RollingBoulder":30,"Ring of the Snake":0,"Replay:Bottled Steam":43,"aspiration:Nostalgia":0,"halation:IllGainedPizza":0,"infinitespire:FocusingShard":45,"Omamori":23,"halation:Thesaurus":0,"Frozen Egg 2":9,"Question Card":45,"WarpedTongs":2,"Replay:Baseball":26,"infinitespire:DarkRift":0,"betterThird:SlimedRelic":3,"Molten Egg 2":19,"Black Star":34,"ReplayTheSpireMod:Lightbulb":14,"halation:PinkSoulGem":41},{"halation:PapillonHeart":20,"Replay:PocketPolymizer":0,"aspiration:TomeofQuesting":9,"aspiration:PoetsPen_weak":7,"Snake Skull":13,"aspiration:RitualStick":13,"Centennial Puzzle":24,"DollysMirror":23,"Gambling Chip":2,"MealTicket":5,"RollingBoulder":15,"Ring of the Snake":0,"Replay:Bottled Steam":20,"aspiration:Nostalgia":23,"halation:IllGainedPizza":23,"infinitespire:FocusingShard":21,"Omamori":11,"halation:Thesaurus":23,"Frozen Egg 2":3,"Question Card":21,"WarpedTongs":1,"Replay:Baseball":13,"infinitespire:DarkRift":23,"betterThird:SlimedRelic":24,"Molten Egg 2":8,"Black Star":17,"ReplayTheSpireMod:Lightbulb":6,"halation:PinkSoulGem":20},{"halation:PapillonHeart":62,"Replay:PocketPolymizer":0,"aspiration:TomeofQuesting":29,"aspiration:PoetsPen_weak":25,"Snake Skull":40,"aspiration:RitualStick":40,"Centennial Puzzle":75,"DollysMirror":72,"Gambling Chip":9,"MealTicket":17,"RollingBoulder":51,"Ring of the Snake":0,"Replay:Bottled Steam":62,"aspiration:Nostalgia":72,"halation:IllGainedPizza":72,"infinitespire:FocusingShard":66,"Omamori":36,"halation:Thesaurus":72,"Frozen Egg 2":12,"Question Card":66,"WarpedTongs":5,"Replay:Baseball":40,"infinitespire:DarkRift":72,"betterThird:SlimedRelic":75,"Molten Egg 2":27,"Black Star":57,"ReplayTheSpireMod:Lightbulb":20,"halation:PinkSoulGem":62}],"Ring of the Snake":[50]},"card_choices":[{"not_picked":["Poisoned Stab","Flechettes","Caltrops"],"picked":"SKIP","floor":1.0}],"player_experience":448819,"relics_obtained":[{"floor":5.0,"key":"Centennial Puzzle"}],"event_choices":[{"damage_healed":0.0,"max_hp_gain":0.0,"max_hp_loss":0.0,"gold_gain":0.0,"event_name":"conspire:Investor","player_choice":"Invest 2","floor":2.0,"gold_loss":0.0,"damage_taken":0.0},{"damage_healed":0.0,"max_hp_gain":0.0,"max_hp_loss":0.0,"gold_gain":0.0,"event_name":"betterThird:BetterGoop","player_choice":"Slimed","floor":3.0,"gold_loss":11.0,"damage_taken":11.0}],"is_beta":false,"boss_relics":[],"items_purged_floors":[0],"is_endless":false,"potions_floor_spawned":[1],"killed_by":"3 Sentries","ascension_level":10}}