{"host":"i09pxcjttd31eh4q","time":1612616894,"event":{"mods":["AchievementEnabler","BaseMod","Colored Map","Keyboard Shortcuts","Minty Spire (QoL Compilation)","StSLib","SuperFastMode"],"gold_per_floor":[118,118,128,139,139,139,64,64,64,64,84,64,78,94,94,167,167,182,197,21,21,34,34,49,65,65,96,96,96,115,115,115,115,115],"floor_reached":33,"language":"KOR","playtime":1565,"items_purged":["Strike_G","Defend_G"],"score":568,"play_id":"4dd5ebe8-faf3-4ddf-b038-cdbdf5ca7118","local_time":"20210206220814","is_ascension_mode":true,"campfire_choices":[{"data":"Dagger Throw","floor":6.0,"key":"SMITH"},{"data":"Neutralize","floor":10.0,"key":"SMITH"},{"data":"Well Laid Plans","floor":15.0,"key":"SMITH"},{"data":"Malaise","floor":23.0,"key":"SMITH"},{"data":"Acrobatics","floor":28.0,"key":"SMITH"},{"data":"Leg Sweep","floor":32,"key":"SMITH"}],"circlet_count":0,"master_deck":["AscendersBane","Strike_G","Strike_G","Defend_G","Defend_G","Defend_G","Defend_G","Survivor","Neutralize+1","Well Laid Plans+1","Leg Sweep+1","Backflip","Dagger Throw+1","Acrobatics+1","Heel Hook","Malaise+1","Escape Plan","Heel Hook"],"relics":["Ring of the Snake","Sundial","Eternal Feather","White Beast Statue","Busted Crown","Calipers","MutagenicStrength"],"acts_visited":["Exordium","TheCity"],"potions_floor_usage":[33],"damage_taken":[{"damage":10.0,"enemies":"Cultist","floor":1.0,"turns":7.0},{"damage":0.0,"enemies":"Small Slimes","floor":3.0,"turns":6.0},{"damage":0.0,"enemies":"Jaw Worm","floor":4.0,"turns":7.0},{"damage":0.0,"enemies":"Blue Slaver","floor":11.0,"turns":4.0},{"damage":0.0,"enemies":"Looter","floor":13.0,"turns":4.0},{"damage":1.0,"enemies":"2 Fungi Beasts","floor":14.0,"turns":3.0},{"damage":38.0,"enemies":"The Guardian","floor":16.0,"turns":18.0},{"damage":21.0,"enemies":"Spheric Guardian","floor":18.0,"turns":8.0},{"damage":8.0,"enemies":"3 Byrds","floor":19.0,"turns":10.0},{"damage":0.0,"enemies":"Centurion and Healer","floor":22.0,"turns":10.0},{"damage":3.0,"enemies":"Shelled Parasite and Fungi","floor":24.0,"turns":6.0},{"damage":2.0,"enemies":"Cultist and Chosen","floor":25.0,"turns":11.0},{"damage":0.0,"enemies":"Book of Stabbing","floor":27.0,"turns":7.0},{"damage":2,"enemies":"Snake Plant","floor":30,"turns":6},{"damage":32,"enemies":"Automaton","floor":33,"turns":14}],"seed_played":"7818585128915601681","potions_obtained":[{"floor":3.0,"key":"Ancient Potion"},{"floor":4.0,"key":"EntropicBrew"},{"floor":5.0,"key":"LiquidMemories"},{"floor":13.0,"key":"DuplicationPotion"},{"floor":16.0,"key":"Poison Potion"},{"floor":18.0,"key":"Block Potion"},{"floor":22.0,"key":"PowerPotion"},{"floor":24.0,"key":"Energy Potion"},{"floor":25.0,"key":"LiquidMemories"},{"floor":27.0,"key":"Energy Potion"}],"is_trial":false,"path_per_floor":["M","T","M","M","?","R","$","T","T","R","M","?","M","M","R","B",null,"M","M","$","?","M","R","M","M","T","E","R","?","M","$","R","B"],"character_chosen":"THE_SILENT","items_purchased":["Escape Plan"],"campfire_rested":0,"item_purchase_floors":[20],"current_hp_per_floor":[49,49,49,49,49,49,49,49,49,55,55,55,55,54,60,22,51,30,22,22,22,22,31,28,26,26,26,35,35,33,33,42,10,10],"gold":115,"neow_bonus":"TRANSFORM_TWO_CARDS","is_daily":false,"chose_seed":false,"campfire_upgraded":6,"win_rate":0.0,"timestamp":1612616894,"path_taken":["M","?","M","?","?","R","$","?","T","R","?","?","M","M","R","BOSS","M","?","$","?","M","R","M","M","T","E","R","?","M","$","R","BOSS"],"items_purchased_type":["Card"],"build_version":"2020-12-22","purchased_purges":2,"victory":false,"max_hp_per_floor":[60,60,60,60,60,60,60,60,60,60,60,60,60,60,60,60,60,60,60,60,60,60,60,60,60,60,60,60,60,60,60,60,60,60],"card_choices":[{"not_picked":["Prepared","PiercingWail"],"picked":"Backflip","floor":1.0},{"not_picked":["Dodge and Roll","Underhanded Strike"],"picked":"Dagger Throw","floor":3.0},{"not_picked":["Dodge and Roll","PiercingWail","Bane"],"picked":"SKIP","floor":4.0},{"not_picked":["Flechettes","Blur"],"picked":"Acrobatics","floor":11.0},{"not_picked":["Skewer","Dagger Throw"],"picked":"Heel Hook","floor":13.0},{"not_picked":["Poisoned Stab","Deadly Poison","Prepared"],"picked":"SKIP","floor":14.0},{"not_picked":["Storm of Steel","Tools of the Trade"],"picked":"Malaise","floor":16.0},{"not_picked":["Underhanded Strike+1"],"picked":"SKIP","floor":18.0},{"not_picked":["Bane"],"picked":"SKIP","floor":19.0},{"not_picked":["Backflip"],"picked":"SKIP","floor":22.0},{"not_picked":["Cloak And Dagger"],"picked":"SKIP","floor":24.0},{"not_picked":[],"picked":"Heel Hook","floor":25.0},{"not_picked":["Infinite Blades+1"],"picked":"SKIP","floor":27.0},{"not_picked":["Blade Dance"],"picked":"SKIP","floor":30}],"player_experience":882580,"relics_obtained":[{"floor":2.0,"key":"Sundial"},{"floor":8.0,"key":"Eternal Feather"},{"floor":9.0,"key":"White Beast Statue"},{"floor":27.0,"key":"Calipers"}],"event_choices":[{"damage_healed":0.0,"max_hp_gain":0.0,"max_hp_loss":0.0,"gold_gain":0.0,"event_name":"Lab","player_choice":"Got Potions","floor":5.0,"gold_loss":0.0,"damage_taken":0.0},{"damage_healed":0.0,"max_hp_gain":0.0,"max_hp_loss":0.0,"gold_gain":0.0,"event_name":"The Woman in Blue","player_choice":"Bought 1 Potion","floor":12.0,"gold_loss":0.0,"damage_taken":0.0},{"damage_healed":0.0,"max_hp_gain":0.0,"max_hp_loss":0.0,"gold_gain":0.0,"event_name":"Vampires","player_choice":"Ignored","floor":21.0,"gold_loss":0.0,"damage_taken":0.0},{"damage_healed":0,"gold_gain":0,"player_choice":"Inject Mutagens","damage_taken":0,"relics_obtained":["MutagenicStrength"],"max_hp_gain":0,"max_hp_loss":0,"event_name":"Drug Dealer","floor":29,"gold_loss":0}],"is_beta":false,"boss_relics":[{"not_picked":["Black Star","WristBlade"],"picked":"Busted Crown"}],"items_purged_floors":[7,20],"is_endless":false,"potions_floor_spawned":[3,4,11,13,14,16,18,19,22,24,25,27,30],"killed_by":"Automaton","ascension_level":20}}