{"host":"oigynbtg272c19pw","time":1612628826,"event":{"mods":["BaseMod","Colored Map","Minty Spire (QoL Compilation)","Relic Stats","Slay the Relics Exporter","StSLib"],"gold_per_floor":[116,136,32,32,85,85,111,111,111,128,144,154,79,105,105,176,176,195,145,163,24,36,36,64,64,64,76,76,76],"floor_reached":28,"playtime":1129,"items_purged":["Strike_P","Strike_P"],"score":596,"play_id":"600f2091-7f0a-4e99-8d1b-b29127770eda","local_time":"20210206172706","is_ascension_mode":true,"campfire_choices":[{"data":"Consecrate","floor":6.0,"key":"SMITH"},{"data":"DeceiveReality","floor":8.0,"key":"SMITH"},{"data":"WaveOfTheHand","floor":15.0,"key":"SMITH"},{"data":"TalkToTheHand","floor":23.0,"key":"SMITH"},{"floor":25.0,"key":"REST"}],"circlet_count":0,"master_deck":["AscendersBane","Strike_P+1","Strike_P+1","Defend_P","Defend_P","Defend_P","Defend_P","Eruption","Vigilance","DeceiveReality+1","InnerPeace","Consecrate+1","WaveOfTheHand+1","Brilliance","Indignation","FearNoEvil","EmptyFist","Vault","TalkToTheHand+1","ThirdEye","Pray","WheelKick","SpiritShield","FlurryOfBlows+1","Sanctity","FlurryOfBlows"],"relics":["PureWater","NeowsBlessing","Ice Cream","Whetstone","Gremlin Horn","Prayer Wheel","SacredBark","Blue Candle","Kunai"],"acts_visited":["Exordium","TheCity"],"potions_floor_usage":[],"damage_taken":[{"damage":0.0,"enemies":"Cultist","floor":1.0,"turns":1.0},{"damage":0.0,"enemies":"Small Slimes","floor":2.0,"turns":1.0},{"damage":0.0,"enemies":"3 Sentries","floor":7.0,"turns":1.0},{"damage":5.0,"enemies":"Jaw Worm","floor":10.0,"turns":4.0},{"damage":4.0,"enemies":"Red Slaver","floor":11.0,"turns":5.0},{"damage":0.0,"enemies":"3 Louse","floor":12.0,"turns":1.0},{"damage":0.0,"enemies":"Lagavulin","floor":14.0,"turns":6.0},{"damage":5.0,"enemies":"The Guardian","floor":16.0,"turns":13.0},{"damage":10.0,"enemies":"Spheric Guardian","floor":18.0,"turns":7.0},{"damage":0.0,"enemies":"Chosen","floor":20.0,"turns":6.0},{"damage":20.0,"enemies":"Snake Plant","floor":22.0,"turns":5.0},{"damage":26.0,"enemies":"Gremlin Leader","floor":24.0,"turns":5.0},{"damage":0.0,"enemies":"3 Cultists","floor":27.0,"turns":4.0},{"damage":53,"enemies":"Slavers","floor":28,"turns":7}],"seed_played":"-2763181613723378464","potions_obtained":[{"floor":2.0,"key":"DistilledChaos"},{"floor":7.0,"key":"Explosive Potion"},{"floor":12.0,"key":"SneckoOil"},{"floor":14.0,"key":"GamblersBrew"},{"floor":16.0,"key":"Regen Potion"},{"floor":22.0,"key":"FearPotion"},{"floor":24.0,"key":"AttackPotion"}],"is_trial":false,"path_per_floor":["M","M","$","?","T","R","E","R","T","M","M","M","?","E","R","B",null,"M","?","M","$","M","R","E","R","T","M","E"],"character_chosen":"WATCHER","items_purchased":["Consecrate","WheelKick"],"campfire_rested":1,"item_purchase_floors":[3,21],"current_hp_per_floor":[61,61,61,61,61,61,61,61,61,56,52,52,52,52,52,47,63,53,53,53,53,33,33,34,54,54,54,1,1],"gold":76,"neow_bonus":"THREE_ENEMY_KILL","is_daily":false,"chose_seed":false,"campfire_upgraded":4,"win_rate":0.0,"timestamp":1612628826,"path_taken":["M","?","$","?","?","R","E","R","T","M","M","?","?","E","R","BOSS","M","?","M","$","M","R","E","R","T","M","E"],"items_purchased_type":["Card","Card"],"build_version":"2020-12-13","purchased_purges":2,"victory":false,"max_hp_per_floor":[68,68,68,68,68,68,68,68,68,68,68,68,68,68,68,68,68,68,68,68,68,68,68,68,68,68,68,68,68],"relic_stats":{"Gremlin Horn":[7,7],"counters":[14,66],"Blue Candle":[0],"Prayer Wheel":4,"Whetstone":["Strike_P","Strike_P"],"Kunai":[5],"obtain_stats":[{"Ice Cream":4,"NeowsBlessing":0,"Gremlin Horn":9,"SacredBark":17,"Blue Candle":24,"Prayer Wheel":14,"Whetstone":7,"Kunai":26,"PureWater":0},{"Ice Cream":2,"NeowsBlessing":0,"Gremlin Horn":3,"SacredBark":8,"Blue Candle":12,"Prayer Wheel":7,"Whetstone":3,"Kunai":12,"PureWater":0},{"Ice Cream":2,"NeowsBlessing":0,"Gremlin Horn":3,"SacredBark":32,"Blue Candle":55,"Prayer Wheel":19,"Whetstone":3,"Kunai":55,"PureWater":0}]},"card_choices":[{"not_picked":["ClearTheMind","PathToVictory"],"picked":"DeceiveReality","floor":1.0},{"not_picked":["Nirvana","FlyingSleeves"],"picked":"InnerPeace","floor":2.0},{"not_picked":["JustLucky","FollowUp"],"picked":"WaveOfTheHand","floor":7.0},{"not_picked":["Prostrate","Evaluate"],"picked":"Brilliance","floor":10.0},{"not_picked":["Consecrate","Protect"],"picked":"Indignation","floor":11.0},{"not_picked":["ThirdEye","Evaluate"],"picked":"FearNoEvil","floor":12.0},{"not_picked":["Study","SashWhip"],"picked":"EmptyFist","floor":14.0},{"not_picked":["Wish","Omniscience"],"picked":"Vault","floor":16.0},{"not_picked":["FollowUp","Perseverance"],"picked":"TalkToTheHand","floor":18.0},{"not_picked":["Crescendo","Evaluate"],"picked":"ThirdEye","floor":18.0},{"not_picked":["ThirdEye","FollowUp"],"picked":"Pray","floor":20.0},{"not_picked":["FollowUp","FlyingSleeves","ForeignInfluence"],"picked":"SKIP","floor":20.0},{"not_picked":["ThirdEye","Conclude"],"picked":"SpiritShield","floor":22.0},{"not_picked":["Halt","Sanctity"],"picked":"FlurryOfBlows+1","floor":22.0},{"not_picked":["Evaluate","Halt"],"picked":"Sanctity","floor":24.0},{"not_picked":["CarveReality","DeceiveReality"],"picked":"FlurryOfBlows","floor":27.0},{"not_picked":["Pray","Perseverance","DeceiveReality"],"picked":"SKIP","floor":27.0}],"player_experience":1551865,"relics_obtained":[{"floor":7.0,"key":"Whetstone"},{"floor":9.0,"key":"Gremlin Horn"},{"floor":14.0,"key":"Prayer Wheel"},{"floor":24.0,"key":"Blue Candle"},{"floor":26.0,"key":"Kunai"}],"event_choices":[{"damage_healed":0.0,"max_hp_gain":0.0,"max_hp_loss":0.0,"gold_gain":0.0,"event_name":"Big Fish","player_choice":"Box","floor":4.0,"gold_loss":0.0,"damage_taken":0.0,"relics_obtained":["Ice Cream"],"cards_obtained":["Regret"]},{"cards_removed":["Regret"],"damage_healed":0.0,"max_hp_gain":0.0,"max_hp_loss":0.0,"gold_gain":0.0,"event_name":"The Cleric","player_choice":"Card Removal","floor":13.0,"gold_loss":75.0,"damage_taken":0.0},{"damage_healed":0.0,"max_hp_gain":0.0,"max_hp_loss":0.0,"gold_gain":0.0,"event_name":"The Joust","player_choice":"Bet on Murderer","floor":19.0,"gold_loss":50.0,"damage_taken":0.0}],"is_beta":false,"boss_relics":[{"not_picked":["Sozu","Tiny House"],"picked":"SacredBark"}],"items_purged_floors":[3,21],"is_endless":false,"potions_floor_spawned":[2,7,12,14,16,22,24],"killed_by":"Slavers","ascension_level":20}}