{"host":"c2vrdknshfutmcsq","time":1612610790,"event":{"mods":["BaseMod","Minty Spire (QoL Compilation)"],"gold_per_floor":[117,137,155,155,3,33,33,53,125,125,135,135,285,367,367,445,445,465,484,484,43,57,57,87,87,87,122,132,146,146,246,246,318,318,329,329,343,357,40,68,93,105,105,105,39,73,73,93,93,93],"floor_reached":51,"language":"ENG","playtime":5137,"items_purged":["Strike_B","Consume"],"score":1479,"play_id":"cdbf2015-aee2-43b0-9ea4-a77541f8eb1b","local_time":"20210206122630","is_ascension_mode":true,"campfire_choices":[{"data":"Dualcast","floor":7.0,"key":"SMITH"},{"floor":15.0,"key":"REST"},{"data":"Fission","floor":23.0,"key":"SMITH"},{"data":"Zap","floor":30.0,"key":"SMITH"},{"data":"Zap","floor":32.0,"key":"SMITH"},{"data":"Rainbow","floor":47,"key":"SMITH"},{"floor":49,"key":"REST"}],"circlet_count":0,"master_deck":["AscendersBane","Zap+1","Dualcast+1","Electrodynamics","Self Repair","Gash","Rip and Tear","Chill+1","Compile Driver","Zap+1","Lockon","Doom and Gloom","Fission+1","Leap","Reboot","Beam Cell","Seek","Ball Lightning","Storm","Cold Snap","Ball Lightning","Stack","Stack+1","Conserve Battery","Thunder Strike","Glacier","Stack","Rainbow+1","Capacitor+1","Leap","BootSequence","Chaos+1","Go for the Eyes+1","Madness","Madness","Melter"],"relics":["Cracked Core","Incense Burner","Cables","Art of War","Meat on the Bone","Pandora\u0027s Box","Shuriken","Smiling Mask","Sundial","Pocketwatch","Ginger","The Courier","Empty Cage","Blood Vial","Juzu Bracelet","Thread and Needle","StoneCalendar","Frozen Egg 2","Bronze Scales"],"acts_visited":["Exordium","TheCity","TheBeyond"],"potions_floor_usage":[46,50],"damage_taken":[{"damage":0.0,"enemies":"Cultist","floor":1.0,"turns":3.0},{"damage":0.0,"enemies":"Small Slimes","floor":2.0,"turns":2.0},{"damage":11.0,"enemies":"2 Louse","floor":3.0,"turns":3.0},{"damage":11.0,"enemies":"Gremlin Nob","floor":6.0,"turns":3.0},{"damage":11.0,"enemies":"Exordium Wildlife","floor":8.0,"turns":3.0},{"damage":9.0,"enemies":"Red Slaver","floor":11.0,"turns":2.0},{"damage":23.0,"enemies":"The Guardian","floor":16.0,"turns":10.0},{"damage":21.0,"enemies":"2 Thieves","floor":18.0,"turns":3.0},{"damage":24.0,"enemies":"3 Byrds","floor":19.0,"turns":5.0},{"damage":10.0,"enemies":"Centurion and Healer","floor":22.0,"turns":6.0},{"damage":0.0,"enemies":"Gremlin Leader","floor":24.0,"turns":5.0},{"damage":15.0,"enemies":"Slavers","floor":27.0,"turns":3.0},{"damage":0.0,"enemies":"Snecko","floor":28.0,"turns":2.0},{"damage":24.0,"enemies":"Snake Plant","floor":29.0,"turns":4.0},{"damage":0.0,"enemies":"Colosseum Slavers","floor":31.0,"turns":4.0},{"damage":8.0,"enemies":"Colosseum Nobs","floor":31.0,"turns":3.0},{"damage":34.0,"enemies":"Automaton","floor":33.0,"turns":10.0},{"damage":7.0,"enemies":"Orb Walker","floor":35.0,"turns":3.0},{"damage":0.0,"enemies":"3 Shapes","floor":37.0,"turns":3.0},{"damage":19.0,"enemies":"Jaw Worm Horde","floor":38.0,"turns":4.0},{"damage":3.0,"enemies":"Nemesis","floor":40.0,"turns":5.0},{"damage":0.0,"enemies":"Mind Bloom Boss Battle","floor":41.0,"turns":3.0},{"damage":5.0,"enemies":"Maw","floor":42.0,"turns":7.0},{"damage":8,"enemies":"Giant Head","floor":46,"turns":6},{"damage":0,"enemies":"4 Shapes","floor":48,"turns":3},{"damage":34,"enemies":"Donu and Deca","floor":50,"turns":10}],"seed_played":"-2813794359380418642","potions_obtained":[{"floor":3.0,"key":"FocusPotion"},{"floor":11.0,"key":"Dexterity Potion"},{"floor":19.0,"key":"Ancient Potion"},{"floor":28.0,"key":"Explosive Potion"},{"floor":29.0,"key":"FocusPotion"},{"floor":31.0,"key":"Swift Potion"},{"floor":46,"key":"Swift Potion"}],"is_trial":false,"path_per_floor":["M","M","M","?","$","E","R","M","T","?","M","?","?","T","R","B",null,"M","M","?","$","M","R","E","?","T","E","M","M","R","?","R","B",null,"M","?","M","M","$","E","?","M","T","?","$","E","R","M","R","B",null],"character_chosen":"DEFECT","items_purchased":["Lockon","Shuriken","Stack","Blood Vial","Juzu Bracelet","Block Potion","Melter"],"campfire_rested":2,"item_purchase_floors":[5,21,21,39,39,39,45],"current_hp_per_floor":[64,64,60,60,60,49,49,38,38,38,29,8,8,8,29,25,60,46,41,41,41,50,50,57,57,57,49,56,51,51,50,50,35,62,55,55,62,50,50,56,65,69,69,56,56,50,50,52,71,44],"gold":93,"neow_bonus":"ONE_RANDOM_RARE_CARD","is_daily":false,"chose_seed":false,"campfire_upgraded":5,"win_rate":0.0,"timestamp":1612610790,"path_taken":["M","M","M","?","?","E","R","?","T","?","M","?","?","?","R","BOSS","M","M","?","$","?","R","E","?","T","E","M","M","R","?","R","BOSS","M","?","M","M","$","E","?","M","T","?","?","E","R","M","R","BOSS"],"items_purchased_type":["Card","Relic","Card","Relic","Relic","Potion","Card"],"build_version":"2020-12-22","purchased_purges":2,"victory":true,"max_hp_per_floor":[71,71,71,71,71,71,71,71,71,71,71,71,71,71,71,71,71,71,71,71,71,71,71,71,71,71,71,71,71,71,71,71,71,71,71,71,71,71,71,71,71,71,71,71,71,71,71,71,71,71],"card_choices":[{"not_picked":["Go for the Eyes","Capacitor"],"picked":"Self Repair","floor":1.0},{"not_picked":["Hello World","Steam Power"],"picked":"Gash","floor":2.0},{"not_picked":["Turbo","Go for the Eyes"],"picked":"Rip and Tear","floor":3.0},{"not_picked":["Ball Lightning","Self Repair"],"picked":"Doom and Gloom","floor":6.0},{"not_picked":["Ball Lightning","Stack"],"picked":"Fission","floor":8.0},{"not_picked":["Consume","Self Repair"],"picked":"Leap","floor":11.0},{"not_picked":["Machine Learning","Rainbow"],"picked":"Reboot","floor":16.0},{"not_picked":["Ball Lightning","Compile Driver"],"picked":"Cold Snap","floor":18.0},{"not_picked":["Sweeping Beam","White Noise"],"picked":"Ball Lightning","floor":19.0},{"not_picked":["Coolheaded","Lockon+1"],"picked":"Stack+1","floor":22.0},{"not_picked":["Rebound","Ball Lightning"],"picked":"Conserve Battery","floor":24.0},{"not_picked":["Cold Snap+1","Steam"],"picked":"Thunder Strike","floor":27.0},{"not_picked":["Turbo","Rebound","Scrape+1"],"picked":"SKIP","floor":28.0},{"not_picked":["Ball Lightning","Go for the Eyes"],"picked":"Glacier","floor":29.0},{"not_picked":["Lockon","Doom and Gloom"],"picked":"Stack","floor":31.0},{"not_picked":["Fission","Hyperbeam"],"picked":"Rainbow","floor":33.0},{"not_picked":["Hologram","Redo+1"],"picked":"Capacitor+1","floor":35.0},{"not_picked":["Blizzard+1","Turbo"],"picked":"Leap","floor":37.0},{"not_picked":["Recycle+1","Storm"],"picked":"BootSequence","floor":38.0},{"not_picked":["Gash","Barrage"],"picked":"Chaos+1","floor":40.0},{"not_picked":["Turbo+1","Cold Snap"],"picked":"Go for the Eyes+1","floor":41.0},{"not_picked":["Creative AI","Consume","Scrape"],"picked":"SKIP","floor":42.0},{"not_picked":["Static Discharge+1","Skim","Go for the Eyes+1"],"picked":"SKIP","floor":46},{"not_picked":["Cold Snap","Sweeping Beam","Coolheaded+1"],"picked":"SKIP","floor":48}],"player_experience":1349069,"relics_obtained":[{"floor":6.0,"key":"Incense Burner"},{"floor":9.0,"key":"Cables"},{"floor":14.0,"key":"Meat on the Bone"},{"floor":24.0,"key":"Smiling Mask"},{"floor":26.0,"key":"Sundial"},{"floor":27.0,"key":"Pocketwatch"},{"floor":31.0,"key":"Ginger"},{"floor":31.0,"key":"The Courier"},{"floor":40.0,"key":"Thread and Needle"},{"floor":41.0,"key":"StoneCalendar"},{"floor":43.0,"key":"Frozen Egg 2"},{"floor":46,"key":"Bronze Scales"}],"event_choices":[{"damage_healed":0.0,"max_hp_gain":0.0,"max_hp_loss":0.0,"gold_gain":0.0,"event_name":"Match and Keep!","player_choice":"3 cards matched","floor":4.0,"gold_loss":0.0,"damage_taken":0.0,"cards_obtained":["Chill","Compile Driver","Zap"]},{"damage_healed":0.0,"max_hp_gain":0.0,"max_hp_loss":0.0,"gold_gain":0.0,"event_name":"Big Fish","player_choice":"Box","floor":10.0,"gold_loss":0.0,"damage_taken":0.0,"relics_obtained":["Art of War"],"cards_obtained":["Regret"]},{"damage_healed":0.0,"max_hp_gain":0.0,"max_hp_loss":0.0,"gold_gain":0.0,"event_name":"Shining Light","player_choice":"Entered Light","floor":12.0,"gold_loss":0.0,"damage_taken":21.0,"cards_upgraded":["Strike_B","Chill"]},{"damage_healed":0.0,"max_hp_gain":0.0,"max_hp_loss":0.0,"gold_gain":150.0,"event_name":"Liars Game","player_choice":"AGREE","floor":13.0,"gold_loss":0.0,"damage_taken":0.0,"cards_obtained":["Doubt"]},{"cards_removed":["Doubt","Regret"],"damage_healed":0.0,"max_hp_gain":0.0,"max_hp_loss":0.0,"gold_gain":0.0,"event_name":"Fountain of Cleansing","player_choice":"Removed Curses","floor":20.0,"gold_loss":0.0,"damage_taken":0.0},{"damage_healed":0.0,"max_hp_gain":0.0,"max_hp_loss":0.0,"gold_gain":0.0,"event_name":"Cursed Tome","player_choice":"Ignored","floor":25.0,"gold_loss":0.0,"damage_taken":0.0},{"damage_healed":0.0,"max_hp_gain":0.0,"max_hp_loss":0.0,"gold_gain":0.0,"event_name":"Colosseum","player_choice":"Fight","floor":31.0,"gold_loss":0.0,"damage_taken":0.0},{"damage_healed":0.0,"max_hp_gain":0.0,"max_hp_loss":0.0,"gold_gain":0.0,"event_name":"Colosseum","player_choice":"Fought Nobs","floor":31.0,"gold_loss":0.0,"damage_taken":0.0},{"damage_healed":0.0,"max_hp_gain":0.0,"max_hp_loss":0.0,"gold_gain":0.0,"event_name":"Tomb of Lord Red Mask","player_choice":"Ignored","floor":36.0,"gold_loss":0.0,"damage_taken":0.0},{"damage_healed":0.0,"max_hp_gain":0.0,"max_hp_loss":0.0,"gold_gain":0.0,"event_name":"MindBloom","player_choice":"Fight","floor":41.0,"gold_loss":0.0,"damage_taken":0.0},{"damage_healed":0.0,"max_hp_gain":0.0,"max_hp_loss":0.0,"gold_gain":0.0,"event_name":"Winding Halls","player_choice":"Embrace Madness","floor":44.0,"gold_loss":0.0,"damage_taken":13.0,"cards_obtained":["Madness","Madness"]}],"is_beta":false,"boss_relics":[{"not_picked":["Astrolabe","SacredBark"],"picked":"Pandora\u0027s Box"},{"not_picked":["Philosopher\u0027s Stone","Snecko Eye"],"picked":"Empty Cage"}],"items_purged_floors":[5,21],"is_endless":false,"potions_floor_spawned":[3,11,19,28,29,31,31,40,46],"ascension_level":19}}