{"host":"i9z6y8pcdeu2qxnx","time":1612612217,"event":{"mods":["BaseMod","Colored Map","Downfall","Googly Eyes","Highlight Path","Minty Spire (QoL Compilation)","Replay The Spire","StSLib"],"gold_per_floor":[151,163,178,178,178,3,75,91,117,117,54,67,67,96,114,213,213,213,231,247,247,247,258,340,352,387,400,420,420,0,13,27,123,123,123,133,183,193,211,211,211,222,77,91,107,207,207,115,134,134],"floor_reached":51,"language":"ENG","playtime":5718,"items_purged":[],"score":785,"play_id":"ab20bb59-0075-4758-806c-a267092ec560","local_time":"20210206065017","is_ascension_mode":false,"campfire_choices":[{"floor":13.0,"key":"REST"},{"data":"Slimebound:PrepareCrush","floor":18.0,"key":"SMITH"},{"floor":29.0,"key":"REST"},{"floor":35,"key":"DIG"},{"data":"Slimebound:PrepareCrush","floor":47,"key":"SMITH"}],"circlet_count":0,"master_deck":["Slimebound:Strike_Slimebound","Slimebound:Strike_Slimebound","Slimebound:Strike_Slimebound","Slimebound:Tackle","Slimebound:Defend_Slimebound","Slimebound:Defend_Slimebound","Slimebound:Defend_Slimebound","Slimebound:Defend_Slimebound","Slimebound:Split","Slimebound:CorrosiveSpit","Slimebound:FinishingTackle","Slimebound:GoopSpray","Slimebound:Prepare+1","Slimebound:LeechEnergy","Slimebound:PressTheAttack+1","Slimebound:SplitAcid","Slimebound:Repurpose","Slimebound:SamplingLick","Slimebound:ForwardTackle+1","Slimebound:LeechingTouch+1","Slimebound:SplitBruiser","Slimebound:RollThrough+1","Slimebound:RainOfGoop","Slimebound:PrepareCrush+1","Slimebound:Dissolve+1","Slimebound:ItLooksTasty+1","Slimebound:LeechLife+1","Slimebound:SlimeTap","Slimebound:MassFeed+1","Slimebound:RallyTheTroops+1","Slimebound:DisruptingSlam+1","Slimebound:SplitAcid+1","Slimebound:RollThrough+1","Slimebound:GrowthPunch+1","expansioncontent:PolyBeam+1","Slimebound:SpikyOuterGoop","Slimebound:Chomp+1","Slimebound:PrepareCrush+1","Slimebound:Schlurp","Slimebound:Schlurp+1","Slimebound:MegaLick+1","Slimebound:SplitMire+1","Slimebound:Darklings","Slimebound:SplitLeeching","Slimebound:Prepare","Slimebound:SamplingLick","Slimebound:SlimeBarrage+1","Slimebound:GoopTackle+1","Slimebound:GoopSpray+1","Slimebound:Equalize+1","Replay:Sssssssssshield","Slimebound:HauntingLick"],"relics":["Slimebound:AbsorbEndCombat","Replay:Accelerometer","downfall:ShatteredFragment","Snack Pack","Pen Nib","Molten Egg 2","Peace Pipe","bronze:MakeshiftBattery","Onion Ring","Gremlin Food","Shuriken","SlaversCollar","Replay:Bottled Steam","Thread and Needle","Mango","Mummified Hand"],"acts_visited":["Exordium","TheCity","TheBeyond"],"potions_floor_usage":[42,42,50,50,50],"damage_taken":[{"damage":16.0,"enemies":"2 Louse","floor":2.0,"turns":3.0},{"damage":16.0,"enemies":"Jaw Worm","floor":3.0,"turns":3.0},{"damage":0.0,"enemies":"downfall:FleeingMerchant","floor":6.0,"turns":4.0},{"damage":0.0,"enemies":"Cultist","floor":8.0,"turns":3.0},{"damage":0.0,"enemies":"Lagavulin","floor":9.0,"turns":5.0},{"damage":10.0,"enemies":"downfall:FleeingMerchant","floor":11.0,"turns":4.0},{"damage":21.0,"enemies":"Red Slaver","floor":12.0,"turns":2.0},{"damage":37.0,"enemies":"Gremlin Nob","floor":14.0,"turns":4.0},{"damage":20.0,"enemies":"Exordium Wildlife","floor":15.0,"turns":3.0},{"damage":8.0,"enemies":"SI_SHIV_ARCHETYPE","floor":16.0,"turns":5.0},{"damage":2.0,"enemies":"Spheric Guardian","floor":19.0,"turns":3.0},{"damage":8.0,"enemies":"Chosen","floor":20.0,"turns":3.0},{"damage":27.0,"enemies":"Snake Plant","floor":23.0,"turns":3.0},{"damage":10.0,"enemies":"Cultist and Chosen","floor":25.0,"turns":3.0},{"damage":16.0,"enemies":"Slavers","floor":26.0,"turns":4.0},{"damage":15.0,"enemies":"Centurion and Healer","floor":27.0,"turns":3.0},{"damage":25.0,"enemies":"Shelled Parasite and Fungi","floor":28.0,"turns":3.0},{"damage":18.0,"enemies":"downfall:FleeingMerchant","floor":30.0,"turns":4.0},{"damage":14.0,"enemies":"Snake Plant","floor":31.0,"turns":3.0},{"damage":5.0,"enemies":"Sentry and Sphere","floor":32.0,"turns":3.0},{"damage":13.0,"enemies":"WA_ARCHETYPE_CALM","floor":33.0,"turns":5.0},{"damage":27,"enemies":"3 Darklings","floor":36,"turns":3},{"damage":0,"enemies":"3 Darklings","floor":37,"turns":2},{"damage":6,"enemies":"Orb Walker","floor":38,"turns":2},{"damage":3,"enemies":"3 Darklings","floor":39,"turns":2},{"damage":3,"enemies":"Transient","floor":42,"turns":5},{"damage":0,"enemies":"downfall:FleeingMerchant","floor":43,"turns":2},{"damage":7,"enemies":"4 Shapes","floor":44,"turns":3},{"damage":9,"enemies":"3 Darklings","floor":45,"turns":4},{"damage":28,"enemies":"Sphere and 2 Shapes","floor":49,"turns":4},{"damage":33,"enemies":"IC_BLOCK_ARCHETYPE","floor":50,"turns":8}],"seed_played":"-5708654185388331641","potions_obtained":[{"floor":1.0,"key":"Slimebound:SpawnSlimePotion"},{"floor":2.0,"key":"Fruit Juice"},{"floor":8.0,"key":"Cursed Concoction"},{"floor":9.0,"key":"Weak Potion"},{"floor":14.0,"key":"bronze:BurnAndBuffPotion"},{"floor":16.0,"key":"SkillPotion"},{"floor":25.0,"key":"sneckomod:MuddlingPotion"},{"floor":27.0,"key":"Ancient Potion"},{"floor":37,"key":"Adrenaline Potion"},{"floor":45,"key":"ColorlessPotion"}],"is_trial":false,"path_per_floor":["R_BF","M","M","?","?","$","T","M","E","T","$","M","R","E","M","B",null,"R","M","M","?","?","M","T","M","E","M","M","R","$","M","M","B",null,"R_BF","M","?","M","M","?","T","M","$","M","M","?","R","$","M","B",null],"character_chosen":"SLIMEBOUND","items_purchased":["Slimebound:PressTheAttack+1","Slimebound:SplitAcid","Slimebound:Repurpose","Slimebound:LeechingTouch+1","Shuriken","Slimebound:GrowthPunch+1","expansioncontent:PolyBeam","Mummified Hand","Regen Potion","Slimebound:SamplingLick","Slimebound:SlimeBarrage+1","Slimebound:GoopTackle+1","Replay:Sssssssssshield"],"campfire_rested":2,"item_purchase_floors":[6,6,6,11,30,30,30,43,43,43,43,43,48],"current_hp_per_floor":[71,55,46,28,28,34,34,42,54,54,52,35,57,26,8,12,76,76,74,70,70,70,49,49,51,51,50,33,58,50,48,47,50,88,88,65,73,71,74,74,88,97,99,105,104,104,104,104,86,92],"gold":134,"neow_bonus":"TEN_PERCENT_HP_BONUS","is_daily":false,"chose_seed":false,"campfire_upgraded":2,"win_rate":0.0,"timestamp":1612612217,"path_taken":["R_BF","M","M","?","?","?","T","?","E","?","?","M","R","E","M","BOSS","R","M","M","?","?","M","T","M","E","M","M","R","$","M","M","BOSS","R_BF","M","?","M","M","?","T","M","$","M","M","?","R","$","M","BOSS"],"items_purchased_type":["Card","Card","Card","Card","Relic","Card","Card","Relic","Potion","Card","Card","Card","Card"],"build_version":"2020-12-22","purchased_purges":0,"victory":true,"max_hp_per_floor":[71,71,76,76,76,76,76,76,76,76,76,76,76,76,76,76,76,76,76,76,76,76,76,76,76,80,84,84,84,84,84,84,88,88,88,88,88,88,88,88,102,102,102,106,106,106,106,106,106,106],"card_choices":[{"not_picked":["Slimebound:SplitLeeching","Slimebound:GoopTackle"],"picked":"Slimebound:FinishingTackle","floor":1.0},{"not_picked":["Slimebound:BestDefense","Slimebound:FlameTackle"],"picked":"Slimebound:GoopSpray","floor":2.0},{"not_picked":["Slimebound:Chomp","Slimebound:SplitLeeching"],"picked":"Slimebound:Prepare","floor":3.0},{"not_picked":["Slimebound:ItLooksTasty","Slimebound:FlameTackle"],"picked":"Slimebound:LeechEnergy","floor":6.0},{"not_picked":["Slimebound:PressTheAttack","Slimebound:GrowthPunch"],"picked":"Slimebound:SamplingLick","floor":8.0},{"not_picked":["Slimebound:Chomp","Slimebound:SplitBruiser"],"picked":"Slimebound:SelfFormingGoo","floor":9.0},{"not_picked":["Slimebound:Replication","Slimebound:ComboTackle+1"],"picked":"Slimebound:ForwardTackle+1","floor":11.0},{"not_picked":["Slimebound:ForwardTackle+1","Slimebound:SlimeBrawl"],"picked":"Slimebound:SplitBruiser","floor":12.0},{"not_picked":["Slimebound:Schlurp","Slimebound:GrowthPunch+1"],"picked":"Slimebound:RollThrough+1","floor":14.0},{"not_picked":["Slimebound:SlimeSpikes","Slimebound:HauntingLick"],"picked":"Slimebound:RainOfGoop","floor":15.0},{"not_picked":["Slimebound:MinionMaster","Slimebound:SlimeSlap+1"],"picked":"Slimebound:PrepareCrush","floor":16.0},{"not_picked":["Slimebound:LeadByExample","Slimebound:SplitMire"],"picked":"Slimebound:Dissolve+1","floor":19.0},{"not_picked":["Slimebound:RejuvenatingLick","Slimebound:LeechingTouch+1"],"picked":"Slimebound:ItLooksTasty+1","floor":20.0},{"not_picked":["Slimebound:MegaLick+1","Slimebound:LeechEnergy+1"],"picked":"Slimebound:SlimeTap","floor":23.0},{"not_picked":["Slimebound:Repurpose","Slimebound:Grow"],"picked":"Slimebound:MassFeed+1","floor":25.0},{"not_picked":["Slimebound:GoopTackle+1","Slimebound:SplitAcid"],"picked":"Slimebound:RallyTheTroops+1","floor":26.0},{"not_picked":["Slimebound:Replication","Slimebound:GoopTackle+1"],"picked":"Slimebound:DisruptingSlam+1","floor":27.0},{"not_picked":["Slimebound:FormOfPuddle","Slimebound:GoopTackle+1"],"picked":"Slimebound:SplitAcid","floor":28.0},{"not_picked":["Slimebound:SplitLeeching","Slimebound:SlimeTap"],"picked":"Slimebound:RollThrough+1","floor":30.0},{"not_picked":["Slimebound:SlimeSpikes","Slimebound:SplitMire+1"],"picked":"Slimebound:SpikyOuterGoop","floor":31.0},{"not_picked":["Slimebound:Overexert","Slimebound:RollThrough+1"],"picked":"Slimebound:Chomp+1","floor":32.0},{"not_picked":["Slimebound:SelfFormingGoo","Slimebound:OozeBath"],"picked":"Slimebound:PrepareCrush","floor":33.0},{"not_picked":["Slimebound:SplitMire","Slimebound:SplitBruiser"],"picked":"Slimebound:Schlurp","floor":36},{"not_picked":["Slimebound:Chomp+1","Slimebound:SlimeSpikes"],"picked":"Slimebound:Schlurp+1","floor":37},{"not_picked":["Slimebound:SlimeTap+1","Slimebound:LeechEnergy+1"],"picked":"Slimebound:MegaLick+1","floor":38},{"not_picked":["Slimebound:Schlurp","Slimebound:RallyTheTroops+1"],"picked":"Slimebound:SplitMire+1","floor":39},{"not_picked":["Slimebound:ComboTackle+1","Slimebound:Dissolve"],"picked":"Slimebound:SplitLeeching","floor":42},{"not_picked":["Slimebound:Schlurp","Slimebound:PressTheAttack+1"],"picked":"Slimebound:Prepare","floor":43},{"not_picked":["Slimebound:SamplingLick+1","Slimebound:GoopTackle+1"],"picked":"Slimebound:GoopSpray+1","floor":44},{"not_picked":["Slimebound:ViciousTackle+1","Slimebound:GoopTackle+1"],"picked":"Slimebound:Equalize+1","floor":45},{"not_picked":["Slimebound:SplitLeeching","Slimebound:SlimeSlap+1"],"picked":"Slimebound:HauntingLick","floor":49}],"player_experience":1004878,"relics_obtained":[{"floor":1.0,"key":"Replay:Accelerometer"},{"floor":7.0,"key":"Snack Pack"},{"floor":9.0,"key":"Pen Nib"},{"floor":10.0,"key":"Molten Egg 2"},{"floor":14.0,"key":"Peace Pipe"},{"floor":24.0,"key":"Onion Ring"},{"floor":26.0,"key":"Gremlin Food"},{"floor":35,"key":"Replay:Bottled Steam"},{"floor":37,"key":"Thread and Needle"},{"floor":41,"key":"Mango"}],"event_choices":[{"damage_healed":0.0,"max_hp_gain":0.0,"max_hp_loss":0.0,"gold_gain":0.0,"event_name":"Living Wall","player_choice":"Grow","floor":5.0,"gold_loss":0.0,"damage_taken":0.0,"cards_upgraded":["Slimebound:Prepare"]},{"damage_healed":0.0,"max_hp_gain":0.0,"max_hp_loss":0.0,"gold_gain":0.0,"event_name":"The Library","player_choice":"Read","floor":21.0,"gold_loss":0.0,"damage_taken":0.0,"cards_obtained":["Slimebound:LeechLife"]}],"is_beta":false,"boss_relics":[{"not_picked":["Empty Cage","ReplayTheSpireMod:DimensionalGlitch"],"picked":"bronze:MakeshiftBattery"},{"not_picked":["Abe\u0027s Treasure","Honey Jar"],"picked":"SlaversCollar"}],"items_purged_floors":[],"is_endless":false,"potions_floor_spawned":[2,8,9,14,16,20,25,27,31,32,37,45,49],"ascension_level":0}}