{"host":"2pkkojz1dcy8tvia","time":1612591888,"event":{"mods":["BaseMod","Colored Powertips","Curses Come First","Downfall","Hermit","Minty Spire (QoL Compilation)","StSLib","[功能]功能增强和修复MOD"],"gold_per_floor":[99,99,99,99,274,164,164,66,85,10,10,22,32,1,11,106,106,6,19,37,37,137,137,137,137,137,148,364,379,379,392,412,509,509,509,527,538,538,588,588,615,615,615,658,687,641,665,691,715,715],"floor_reached":51,"language":"ZHS","playtime":4010,"items_purged":["bronze:NullPointer"],"score":817,"play_id":"9b7482d6-9acd-4f2b-8623-a908b5647838","local_time":"20210206141128","is_ascension_mode":false,"campfire_choices":[{"floor":1.0,"key":"RECALL"},{"data":"bronze:FollowUp","floor":18,"key":"SMITH"},{"floor":25,"key":"REST"},{"data":"bronze:Overheat","floor":30,"key":"SMITH"},{"data":"Apotheosis","floor":35,"key":"SMITH"},{"floor":40,"key":"REST"},{"data":"bronze:Shell","floor":43,"key":"SMITH"}],"circlet_count":0,"master_deck":["bronze:Strike","bronze:Strike","bronze:Strike","bronze:Strike","bronze:Defend","bronze:Defend","bronze:Defend","bronze:Defend","bronze:Replicate","bronze:Goto","bronze:Allocate","bronze:Overheat+1","bronze:Fortify","bronze:Overload","expansioncontent:AwakenDeath","Go for the Eyes","bronze:Shell+1","bronze:ItsAFeature","Apotheosis+1","bronze:Overheat","Guardian:Incinerate","bronze:DelayedSlice","hermit:Deadeye","bronze:FollowUp+1","Protect","PiercingWail","Slimebound:WasteNot","Bane","hexamod:NecessarySacrifice","bronze:NullPointer","sneckomod:SoulRoll","hermit:Vantage","bronze:ThunderWave+1","bronze:MaxOutput","expansioncontent:QuickStudy","bronze:Assembly","bronze:Turbo","bronze:Branch+1","hexamod:AdvancingGuard","sneckomod:UnknownStrike+1","Guardian:GemFinder","Vengeance","Guardian:Gem_Lightblue","hermit:Horror","expansioncontent:PrepareCrush","expansioncontent:InvincibleStrength","expansioncontent:LastStand","Noxious Fumes","Guardian:Gem_Red","Swivel","bronze:WildBeam+1","bronze:Frontload","bronze:Repulsor","bronze:Safeguard","bronze:Overheat+1","bronze:Flail+1","expansioncontent:PolyBeam+1","sneckomod:UnknownBlock+1","Guardian:PiercingHide+1","champ:EnGarde"],"relics":["bronze:BronzeCore","Bag of Preparation","WingedGreaves","Mummified Hand","Blue Candle","Mercury Hourglass","Gremlin Horn","PrismaticShard","Bottled Tornado","Incense Burner","Bronze Scales","Orichalcum","Ginger","Frozen Eye","StrikeDummy","ClockworkSouvenir","Snecko Eye","downfall:HeartBlessingRed","CaptainsWheel","Sundial","Kunai","Molten Egg 2","Unceasing Top","Du-Vu Doll","TheAbacus","SlaversCollar","Pocketwatch","CeramicFish","InkBottle","bronze:SilverBullet","Meat on the Bone","HandDrill"],"acts_visited":["Exordium","TheCity","TheBeyond"],"potions_floor_usage":[14,16,20,27,28,32,33,33,33,39,44,44,45,47,50,50],"damage_taken":[{"damage":1,"enemies":"downfall:FleeingMerchant","floor":6,"turns":4},{"damage":16,"enemies":"downfall:FleeingMerchant","floor":8,"turns":4},{"damage":13,"enemies":"2 Louse","floor":9,"turns":3},{"damage":6,"enemies":"downfall:FleeingMerchant","floor":10,"turns":4},{"damage":3,"enemies":"Jaw Worm","floor":12,"turns":3},{"damage":4,"enemies":"Small Slimes","floor":13,"turns":2},{"damage":17,"enemies":"downfall:FleeingMerchant","floor":14,"turns":4},{"damage":1,"enemies":"Large Slime","floor":15,"turns":3},{"damage":7,"enemies":"IC_STATUS_ARCHETYPE","floor":16,"turns":6},{"damage":5,"enemies":"Chosen","floor":19,"turns":4},{"damage":7,"enemies":"Spheric Guardian","floor":20,"turns":2},{"damage":0,"enemies":"SI_SHIV_ARCHETYPE","floor":22,"turns":4},{"damage":0,"enemies":"Snake Plant","floor":27,"turns":4},{"damage":0,"enemies":"downfall:FleeingMerchant","floor":28,"turns":2},{"damage":0,"enemies":"Snecko","floor":29,"turns":4},{"damage":0,"enemies":"Shelled Parasite and Fungi","floor":31,"turns":3},{"damage":9,"enemies":"Snake Plant","floor":32,"turns":3},{"damage":0,"enemies":"DF_ARCHETYPE_CLAW","floor":33,"turns":6},{"damage":9,"enemies":"3 Shapes","floor":36,"turns":2},{"damage":9,"enemies":"Orb Walker","floor":37,"turns":3},{"damage":0,"enemies":"Orb Walker","floor":39,"turns":4},{"damage":20,"enemies":"Giant Head","floor":44,"turns":8},{"damage":2,"enemies":"4 Shapes","floor":45,"turns":4},{"damage":0,"enemies":"Spire Growth","floor":47,"turns":3},{"damage":0,"enemies":"Jaw Worm Horde","floor":48,"turns":2},{"damage":0,"enemies":"Sphere and 2 Shapes","floor":49,"turns":2},{"damage":78,"enemies":"WA_ARCHETYPE_DIVINITY","floor":50,"turns":8}],"seed_played":"5799254361253758372","potions_obtained":[{"floor":9,"key":"SteroidPotion"},{"floor":9,"key":"SneckoOil"},{"floor":12,"key":"Fire Potion"},{"floor":13,"key":"DistilledChaos"},{"floor":15,"key":"bronze:FreeFunctionsPotion"},{"floor":16,"key":"SkillPotion"},{"floor":16,"key":"DistilledChaos"},{"floor":22,"key":"Fruit Juice"},{"floor":27,"key":"EssenceOfSteel"},{"floor":29,"key":"Slimebound:ThreeZeroPotion"},{"floor":32,"key":"FearPotion"},{"floor":33,"key":"bronze:FreeFunctionsPotion"},{"floor":33,"key":"Swift Potion"},{"floor":33,"key":"Fire Potion"},{"floor":39,"key":"SkillPotion"},{"floor":44,"key":"Dexterity Potion"},{"floor":44,"key":"Weak Potion"},{"floor":45,"key":"Explosive Potion"},{"floor":48,"key":"Fire Potion"},{"floor":49,"key":"ColorlessPotion"}],"is_trial":false,"path_per_floor":["R","?","T","?","?","$","T","$","M","$","T","M","M","$","M","B",null,"R","M","M","?","?","?","T","R","?","M","$","M","R","M","M","B",null,"R","M","M","?","?","R","T","?","R","E","M","$","M","M","M","B",null],"character_chosen":"THE_AUTOMATON","items_purchased":["Mercury Hourglass","Gremlin Horn","PrismaticShard","bronze:Overheat","bronze:Fortify","bronze:Overload","expansioncontent:AwakenDeath","Incense Burner","Bronze Scales","bronze:Shell","bronze:ItsAFeature","Apotheosis","bronze:Overheat","Orichalcum","Ginger","Frozen Eye","ClockworkSouvenir","Unceasing Top","Du-Vu Doll","TheAbacus","bronze:ThunderWave+1","bronze:MaxOutput","expansioncontent:QuickStudy","bronze:Assembly","bronze:Turbo","Slimebound:ThreeZeroPotion","bronze:SilverBullet","Meat on the Bone","HandDrill","bronze:Frontload","bronze:Repulsor","bronze:Safeguard","bronze:Overheat+1","bronze:Flail+1","expansioncontent:PolyBeam"],"campfire_rested":2,"item_purchase_floors":[6,6,6,6,6,6,6,8,8,8,8,8,8,10,10,10,14,28,28,28,28,28,28,28,28,28,46,46,46,46,46,46,46,46,46],"current_hp_per_floor":[70,70,70,65,65,64,64,48,35,29,29,26,22,5,4,20,70,70,65,58,58,58,58,58,70,70,75,75,75,75,75,66,66,75,75,66,57,47,47,69,69,62,62,42,40,40,40,40,40,37],"gold":715,"neow_bonus":"RANDOM_COMMON_RELIC","is_daily":false,"chose_seed":false,"campfire_upgraded":4,"win_rate":0.0,"timestamp":1612591888,"path_taken":["R","?","?","?","?","$","T","?","M","$","?","?","M","$","M","BOSS","R","M","M","?","?","?","T","R","?","M","$","M","R","?","M","BOSS","R","M","M","?","?","R","T","?","R","E","?","$","M","M","M","BOSS"],"items_purchased_type":["Relic","Relic","Relic","Card","Card","Card","Card","Relic","Relic","Card","Card","Card","Card","Relic","Relic","Relic","Relic","Relic","Relic","Relic","Card","Card","Card","Card","Card","Potion","Relic","Relic","Relic","Card","Card","Card","Card","Card","Card"],"build_version":"2020-12-22","purchased_purges":1,"victory":true,"max_hp_per_floor":[70,70,70,70,70,70,70,70,70,70,70,70,70,70,70,70,70,70,70,70,70,70,70,70,70,70,75,75,75,75,75,75,75,75,75,75,75,75,75,75,75,75,75,75,75,75,75,75,75,75],"card_choices":[{"not_picked":["bronze:BitShift","bronze:NullPointer"],"picked":"bronze:Allocate","floor":6},{"not_picked":["Protect","sneckomod:UnknownClassRED"],"picked":"Go for the Eyes","floor":8},{"not_picked":["Slimebound:SplitMire","hermit:Deadeye"],"picked":"Guardian:Incinerate","floor":9},{"not_picked":["sneckomod:UnknownClassHEXA_GHOST_PURPLE","Guardian:TemporalShield"],"picked":"bronze:DelayedSlice","floor":10},{"not_picked":["hexamod:ChargedBarrage","hexamod:SpectersWail"],"picked":"hermit:Deadeye","floor":12},{"not_picked":["Wallop","champ:MurderStrike"],"picked":"bronze:FollowUp","floor":13},{"not_picked":["champ:CrookedStrike","Guardian:Gem_Yellow"],"picked":"Protect","floor":14},{"not_picked":["Pommel Strike","hexamod:HauntingEcho"],"picked":"PiercingWail","floor":15},{"not_picked":["Slimebound:SlimeSlap","Tools of the Trade"],"picked":"Slimebound:WasteNot","floor":16},{"not_picked":["EmptyFist+1","Clash"],"picked":"Bane","floor":19},{"not_picked":["expansioncontent:LastStand","hermit:Desperado"],"picked":"bronze:NullPointer","floor":20},{"not_picked":["hermit:WideOpen","hermit:Desperado"],"picked":"hexamod:NecessarySacrifice","floor":22},{"not_picked":["champ:GladiatorForm","Sucker Punch+1"],"picked":"sneckomod:SoulRoll","floor":27},{"not_picked":["hermit:Ricochet+1","Tactician"],"picked":"hermit:Vantage","floor":28},{"not_picked":["Slice+1","Slimebound:GoopTackle+1"],"picked":"bronze:Branch+1","floor":29},{"not_picked":["champ:BerserkersShout","champ:PreciseThrust+1"],"picked":"hexamod:AdvancingGuard","floor":31},{"not_picked":["sneckomod:RainOfDice+1","Warcry"],"picked":"sneckomod:UnknownStrike+1","floor":32},{"not_picked":["Guardian:SphericShield","hermit:HighNoon"],"picked":"Guardian:GemFinder","floor":33},{"not_picked":["Thunderclap+1","Compile Driver+1"],"picked":"Vengeance","floor":36},{"not_picked":["Guardian:Gem_Cyan","Guardian:Gem_Green"],"picked":"Guardian:Gem_Lightblue","floor":37},{"not_picked":["Conserve Battery+1","Blizzard+1"],"picked":"hermit:Horror","floor":37},{"not_picked":["expansioncontent:AwakenDeath","expansioncontent:LastStand"],"picked":"expansioncontent:PrepareCrush","floor":38},{"not_picked":["expansioncontent:PrepareCrush","expansioncontent:LastStand"],"picked":"expansioncontent:InvincibleStrength","floor":38},{"not_picked":["expansioncontent:PrepareCrush","expansioncontent:AwakenDeath"],"picked":"expansioncontent:LastStand","floor":38},{"not_picked":["Guardian:Gem_Red","Guardian:Gem_Cyan"],"picked":"Guardian:Gem_Green","floor":39},{"not_picked":["Worship+1","bronze:Iterate+1"],"picked":"Noxious Fumes","floor":39},{"not_picked":["Guardian:Gem_Green","Guardian:Gem_Cyan"],"picked":"Guardian:Gem_Red","floor":44},{"not_picked":["bronze:BurnOut+1","Escape Plan"],"picked":"Swivel","floor":44},{"not_picked":["Escape Plan","hexamod:HauntingEcho+1"],"picked":"bronze:WildBeam+1","floor":45},{"not_picked":["Cold Snap+1","Dark Embrace+1"],"picked":"sneckomod:UnknownBlock+1","floor":47},{"not_picked":["Slimebound:FlameTackle+1","Guardian:DecasProtection"],"picked":"Guardian:PiercingHide+1","floor":48},{"not_picked":["champ:ShieldWall","hexamod:InspiringFlames"],"picked":"champ:EnGarde","floor":49}],"player_experience":149670,"relics_obtained":[{"floor":3,"key":"Mummified Hand"},{"floor":7,"key":"Bottled Tornado"},{"floor":11,"key":"StrikeDummy"},{"floor":22,"key":"CaptainsWheel"},{"floor":22,"key":"Sundial"},{"floor":24,"key":"Kunai"},{"floor":39,"key":"Pocketwatch"},{"floor":41,"key":"CeramicFish"},{"floor":44,"key":"InkBottle"}],"event_choices":[{"damage_healed":0,"gold_gain":0,"player_choice":"Damaged","damage_taken":7,"max_hp_gain":0,"max_hp_loss":0,"event_name":"Wheel of Change","floor":42,"gold_loss":0}],"is_beta":false,"boss_relics":[{"not_picked":["Empty Cage","Velvet Choker"],"picked":"Snecko Eye"},{"not_picked":["SacredBark","Runic Dome"],"picked":"SlaversCollar"}],"items_purged_floors":[46],"is_endless":false,"potions_floor_spawned":[9,9,12,13,13,15,16,16,16,19,22,27,29,29,32,33,33,33,37,39,44,44,45,48,49],"ascension_level":0}}