{"host":"6affnl2vk6en9o4b","time":1612647696,"event":{"mods":["AchievementEnabler","Aspiration","BaseMod","BetterRewards","Colored Powertips","Conspire","Downfall","Friendly Minions","Googly Eyes","Highlight Path","Hubris","Minty Spire (QoL Compilation)","Replay The Spire","StSLib","Trackpad","Unceasing Turn Reminder"],"gold_per_floor":[113,113,113,132,132,132,146,146,146,46,120,152,152,185,185,285,285,297,297,297,297,312,312,341,341,341,358,402,436,436,469,469,573,573,588,608,0,0,0,0,28,28,28,69,69,135,235,265,265,281,281,281,1,44,66,66],"floor_reached":55,"language":"ENG","playtime":2020,"items_purged":[],"score":955,"play_id":"c928893e-b5e6-403c-ba6b-65cb0a8748fa","local_time":"20210206214136","is_ascension_mode":false,"campfire_choices":[{"floor":6.0,"key":"REST"},{"floor":8.0,"key":"RECALL"},{"floor":15.0,"key":"REST"},{"data":"Demon Form","floor":23.0,"key":"SMITH"},{"data":"RitualDagger","floor":25.0,"key":"SMITH"},{"data":"Bash","floor":30,"key":"SMITH"},{"data":"Demon Form+1","floor":32,"key":"SMITH"},{"data":"Ghostly","floor":40,"key":"SMITH"},{"data":"Ghostly","floor":45,"key":"SMITH"},{"floor":49,"key":"DIG"},{"data":"Demon Form+2","floor":52,"key":"SMITH"}],"circlet_count":0,"master_deck":["Strike_R","Strike_R","Strike_R","Strike_R","Strike_R","Defend_R","Defend_R","Defend_R","Defend_R","Bash+1","conspire:Banana","Flex+1","Rupture","Massacre","Pommel Strike+1","hubris:ReadiedAction","Ghostly+1","Dropkick","conspire:HitWhereItHurts","Demon Form+3","Shrug It Off","Tantrum","RitualDagger+1","Cleave","ReplayTheSpireMod:Limb From Limb","Iron Wave","Thunderclap","Reaper","Heavy Blade","Shrug It Off+1","Immolate","Headbutt+1","Battle Trance+1","Strike_R","Strike_R","Strike_R","Strike_R","Strike_R","Defend_R","Defend_R","Defend_R","Defend_R","Bash+1","conspire:Banana","Flex+1","Rupture","Massacre","Pommel Strike+1","hubris:ReadiedAction","Ghostly+1","Dropkick","conspire:HitWhereItHurts","Demon Form+2","Shrug It Off","Tantrum","RitualDagger+1","Cleave","ReplayTheSpireMod:Limb From Limb","Iron Wave","Thunderclap","Reaper","Heavy Blade","Shrug It Off+1","Immolate","Headbutt+1","Battle Trance+1","Rampage","Amnesia","Heavy Blade","Sword Boomerang","Anger+1","Thunderclap","Perfected Strike","Flex","Pommel Strike+1"],"relics":["Burning Blood","Slimebound:StickyStick","Onion Ring","ClockworkSouvenir","hubris:Towel","hubris:Reverence","Another Sword","Juzu Bracelet","Paper Frog","aspiration:RitualDagger","Orichalcum","Lantern","trackpad:PetRock","trackpad:IceCube","conspire:InfiniteJournal","SlaversCollar","Red Mask","Replay:Bandana","Ring of Fury","Ring of Chaos","trackpad:GuardianSpirit","trackpad:HandOfMidas","ReplayTheSpireMod:Spearhead","Nunchaku","aspiration:FrozenJewel"],"acts_visited":["Exordium","TheCity","TheBeyond","TheEnding"],"potions_floor_usage":[28,29,36],"damage_taken":[{"damage":1.0,"enemies":"Cultist","floor":1.0,"turns":3.0},{"damage":7.0,"enemies":"Small Slimes","floor":4.0,"turns":3.0},{"damage":6.0,"enemies":"2 Louse","floor":7.0,"turns":2.0},{"damage":1.0,"enemies":"Gremlin Nob","floor":12.0,"turns":3.0},{"damage":27.0,"enemies":"3 Sentries","floor":14.0,"turns":5.0},{"damage":41.0,"enemies":"The Guardian","floor":16.0,"turns":7.0},{"damage":3.0,"enemies":"Spheric Guardian","floor":18.0,"turns":1.0},{"damage":29.0,"enemies":"3 Byrds","floor":22.0,"turns":4.0},{"damage":21.0,"enemies":"conspire:Head Lice","floor":24.0,"turns":5.0},{"damage":36,"enemies":"Snake Plant","floor":27,"turns":5},{"damage":6,"enemies":"Book of Stabbing","floor":29,"turns":2},{"damage":9,"enemies":"conspire:SneckoGhost","floor":31,"turns":3},{"damage":63,"enemies":"Champ","floor":33,"turns":4},{"damage":25,"enemies":"Orb Walker","floor":35,"turns":3},{"damage":27,"enemies":"3 Shapes","floor":36,"turns":3},{"damage":41,"enemies":"R_Hoarder","floor":41,"turns":7},{"damage":31,"enemies":"Transient","floor":44,"turns":5},{"damage":21,"enemies":"2 Orb Walkers","floor":46,"turns":3},{"damage":36,"enemies":"3 Darklings","floor":48,"turns":5},{"damage":73,"enemies":"hubris:GrandSnecko","floor":50,"turns":10},{"damage":94,"enemies":"Shield and Spear","floor":54,"turns":6},{"damage":172,"enemies":"The Heart","floor":55,"turns":5}],"seed_played":"-7814726963259684947","potions_obtained":[{"floor":12.0,"key":"Dexterity Potion"},{"floor":14.0,"key":"BlessingOfTheForge"},{"floor":16.0,"key":"PowerPotion"},{"floor":24.0,"key":"SkillPotion"},{"floor":28,"key":"BloodPotion"},{"floor":29,"key":"Cursed Concoction"},{"floor":31,"key":"sneckomod:MuddlingPotion"}],"is_trial":false,"path_per_floor":["M","T","?","M","?","R","M","R","T","?","?","E","T","E","R","B",null,"M","?","$","?","M","R","E","R","T","M","?","E","R","E","R","B",null,"M","M","?","?","?","R","E","?","T","M","R","?","?","M","R","B",null,"R","$","E","B"],"character_chosen":"IRONCLAD","items_purchased":["Slimebound:StickyStick","conspire:Banana","Onion Ring","Flex","Rupture","ClockworkSouvenir","Nunchaku","Thunderclap","Perfected Strike","Flex"],"campfire_rested":2,"item_purchase_floors":[0,0,0,0,0,0,53,53,53,53],"current_hp_per_floor":[50,50,50,50,34,58,59,59,59,59,59,65,65,45,70,36,86,87,87,87,81,59,59,45,45,45,16,34,34,34,43,43,91,91,84,81,81,81,81,81,84,84,84,86,86,88,88,81,81,94,94,94,94,30,0,0],"gold":66,"neow_bonus":"","is_daily":false,"chose_seed":false,"campfire_upgraded":7,"win_rate":0.0,"timestamp":1612647696,"path_taken":["M","?","?","M","?","R","M","R","T","?","?","E","?","E","R","BOSS","M","?","$","?","M","R","E","R","T","M","?","E","R","E","R","BOSS","M","M","?","?","?","R","E","?","T","M","R","?","?","M","R","BOSS","R","$","E","BOSS"],"items_purchased_type":["Relic","Card","Relic","Card","Card","Relic","Relic","Card","Card","Card"],"build_version":"2020-12-22","purchased_purges":0,"victory":false,"max_hp_per_floor":[81,81,81,82,82,82,83,83,83,83,83,84,84,85,85,86,86,87,87,87,87,88,88,89,89,89,90,90,90,90,90,90,91,91,91,91,91,91,91,91,93,93,93,93,93,93,93,93,93,94,94,94,94,95,96,96],"card_choices":[{"not_picked":["Hemokinesis","ReplayTheSpireMod:Strike From Hell"],"picked":"Massacre","floor":1.0},{"not_picked":["Shrug It Off","Battle Trance"],"picked":"Pommel Strike","floor":4.0},{"not_picked":["Defy Death","Brutality"],"picked":"hubris:ReadiedAction","floor":7.0},{"not_picked":["True Grit","conspire:HitWhereItHurts"],"picked":"Dropkick","floor":12.0},{"not_picked":["Combust","Thunderclap"],"picked":"conspire:HitWhereItHurts","floor":14.0},{"not_picked":["Barricade","Exhume"],"picked":"Demon Form","floor":16.0},{"not_picked":["Dual Wield+1","Clothesline"],"picked":"Shrug It Off","floor":18.0},{"not_picked":["Double Tap","Warcry+1"],"picked":"Cleave","floor":22.0},{"not_picked":["ReplayTheSpireMod:LeadingStrike+1","Pommel Strike"],"picked":"ReplayTheSpireMod:Limb From Limb","floor":24.0},{"not_picked":["Cleave","Flex"],"picked":"Iron Wave","floor":27},{"not_picked":["Wild Strike+1","Pommel Strike"],"picked":"Thunderclap","floor":28},{"not_picked":["Cleave","Replay:Undeath\u0027s Touch"],"picked":"Reaper","floor":28},{"not_picked":["Ghostly Armor+1","Havoc+1"],"picked":"Heavy Blade","floor":29},{"not_picked":["Metallicize","Feel No Pain"],"picked":"Shrug It Off+1","floor":31},{"not_picked":["Offering","conspire:HitWhereItHurts"],"picked":"Immolate","floor":33},{"not_picked":["Second Wind","Searing Blow+1"],"picked":"Headbutt+1","floor":35},{"not_picked":["Havoc+1","True Grit+1"],"picked":"Battle Trance+1","floor":36},{"not_picked":["conspire:Charge+1","Brutality"],"picked":"Rampage","floor":41},{"not_picked":["Clothesline","Iron Wave+1"],"picked":"Heavy Blade","floor":44},{"not_picked":["Blood for Blood","Infernal Blade+1"],"picked":"Sword Boomerang","floor":46},{"not_picked":["Searing Blow+1","Body Slam"],"picked":"Anger+1","floor":48},{"not_picked":["Blood for Blood","Abandon+1"],"picked":"Pommel Strike+1","floor":54}],"player_experience":238501,"relics_obtained":[{"floor":9.0,"key":"hubris:Reverence"},{"floor":12.0,"key":"Another Sword"},{"floor":13.0,"key":"Juzu Bracelet"},{"floor":14.0,"key":"Paper Frog"},{"floor":24.0,"key":"Orichalcum"},{"floor":26.0,"key":"Lantern"},{"floor":28,"key":"trackpad:PetRock"},{"floor":29,"key":"trackpad:IceCube"},{"floor":31,"key":"conspire:InfiniteJournal"},{"floor":41,"key":"Replay:Bandana"},{"floor":42,"key":"Ring of Fury"},{"floor":42,"key":"Ring of Chaos"},{"floor":43,"key":"trackpad:GuardianSpirit"},{"floor":46,"key":"trackpad:HandOfMidas"},{"floor":49,"key":"ReplayTheSpireMod:Spearhead"},{"floor":54,"key":"aspiration:FrozenJewel"}],"event_choices":[{"damage_healed":0.0,"max_hp_gain":0.0,"max_hp_loss":0.0,"gold_gain":0.0,"event_name":"Shining Light","player_choice":"Entered Light","floor":5.0,"gold_loss":0.0,"damage_taken":16.0,"cards_upgraded":["Pommel Strike","Flex"]},{"damage_healed":0.0,"max_hp_gain":0.0,"max_hp_loss":0.0,"gold_gain":0.0,"event_name":"conspire:LoneGhost","player_choice":"Argue","floor":10.0,"gold_loss":0.0,"damage_taken":0.0},{"damage_healed":0.0,"max_hp_gain":0.0,"max_hp_loss":0.0,"gold_gain":74.0,"event_name":"Golden Wing","player_choice":"Gained Gold","floor":11.0,"gold_loss":0.0,"damage_taken":0.0},{"damage_healed":0.0,"max_hp_gain":0.0,"max_hp_loss":0.0,"gold_gain":0.0,"event_name":"The Library","player_choice":"Read","floor":19.0,"gold_loss":0.0,"damage_taken":0.0,"cards_obtained":["Tantrum"]},{"damage_healed":0.0,"max_hp_gain":0.0,"max_hp_loss":0.0,"gold_gain":0.0,"event_name":"Nest","player_choice":"Joined the Cult","floor":21.0,"gold_loss":0.0,"damage_taken":6.0,"cards_obtained":["RitualDagger"]},{"damage_healed":0,"gold_gain":0,"player_choice":"Paid","damage_taken":0,"relics_obtained":["Red Mask"],"max_hp_gain":0,"max_hp_loss":0,"event_name":"Tomb of Lord Red Mask","floor":37,"gold_loss":608},{"cards_removed":["ReplayTheSpireMod:Splinters","ReplayTheSpireMod:Splinters"],"damage_healed":0,"gold_gain":0,"player_choice":"Removed Curses","damage_taken":0,"max_hp_gain":0,"max_hp_loss":0,"event_name":"Fountain of Cleansing","floor":39,"gold_loss":0},{"damage_healed":0,"gold_gain":0,"player_choice":"Fight","damage_taken":0,"max_hp_gain":0,"max_hp_loss":0,"event_name":"Mysterious Sphere","floor":46,"gold_loss":0},{"damage_healed":0,"gold_gain":100,"player_choice":"Pray","damage_taken":0,"max_hp_gain":0,"max_hp_loss":0,"event_name":"Golden Shrine","floor":47,"gold_loss":0}],"is_beta":false,"boss_relics":[{"not_picked":["trackpad:DemonHeart","Empty Cage"],"picked":"aspiration:RitualDagger"},{"not_picked":["hubris:HollowSoul","Snecko Eye"],"picked":"SlaversCollar"}],"items_purged_floors":[],"is_endless":false,"potions_floor_spawned":[12,14,16,24,29,31,33,44,46],"killed_by":"The Heart","ascension_level":0}}