{"host":"6g6g4l4iug0h9ff7","time":1612595888,"event":{"mods":["2.2 Compatiblity","AchievementEnabler","BaseMod","Bestiary","Better Altar","Better Match","Better Note","Better Sensory Stone","Better Skull","Better Third Choice","Colored Powertips","Filter the Spire","GifTheSpireLib","Minty Spire (QoL Compilation)","Permanent Neow","Quick Restart","Spire Arcade","StSLib","Wandering Minibosses"],"gold_per_floor":[114,131,81,92,55,55,87,87,87,187,205,222,222,462,462,563,563,576,576,273,273,273,273,302,302,302,332,332,332,332],"floor_reached":29,"language":"ENG","playtime":1278,"items_purged":["Defend_G"],"score":257,"play_id":"aec38c70-9559-402a-972b-4eb24c2c0dbb","local_time":"20210205231808","is_ascension_mode":false,"campfire_choices":[{"data":"Neutralize","floor":6,"key":"SMITH"},{"data":"Noxious Fumes","floor":8,"key":"SMITH"},{"data":"Noxious Fumes","floor":13,"key":"SMITH"},{"floor":15,"key":"REST"},{"data":"Survivor","floor":23,"key":"SMITH"},{"floor":25,"key":"REST"}],"circlet_count":0,"master_deck":["Strike_G+1","Strike_G+1","Strike_G+1","Strike_G+1","Defend_G+1","Defend_G+1","Defend_G+1","Defend_G+1","Survivor+1","Neutralize+1","Noxious Fumes+1","Quick Slash","Poisoned Stab","Noxious Fumes+1","Corpse Explosion","Noxious Fumes+1","Catalyst+1","Writhe","PiercingWail"],"relics":["Philosopher\u0027s Stone","Ornamental Fan","StrikeDummy","Snake Skull","War Paint","Bottled Flame","Shovel","Sundial"],"acts_visited":["Exordium","TheCity"],"potions_floor_usage":[18,24,27],"damage_taken":[{"damage":0,"enemies":"2 Louse","floor":1,"turns":3},{"damage":0,"enemies":"Jaw Worm","floor":2,"turns":5},{"damage":8,"enemies":"Cultist","floor":4,"turns":6},{"damage":14,"enemies":"3 Sentries","floor":7,"turns":7},{"damage":0,"enemies":"Large Slime","floor":11,"turns":4},{"damage":0,"enemies":"Blue Slaver","floor":12,"turns":3},{"damage":20,"enemies":"The Guardian","floor":16,"turns":9},{"damage":12,"enemies":"Spheric Guardian","floor":18,"turns":4},{"damage":30,"enemies":"Gremlin Leader","floor":24,"turns":5},{"damage":27,"enemies":"Slavers","floor":27,"turns":2},{"damage":28,"enemies":"Shell Parasite","floor":29,"turns":4}],"seed_played":"7414560753495405889","potions_obtained":[{"floor":1,"key":"AttackPotion"},{"floor":4,"key":"EssenceOfSteel"},{"floor":7,"key":"Dexterity Potion"},{"floor":14,"key":"CunningPotion"},{"floor":18,"key":"SmokeBomb"}],"is_trial":false,"path_per_floor":["M","M","?","M","$","R","E","R","T","?","M","M","R","?","R","B",null,"M","?","$","?","?","R","E","R","T","E","?","M"],"character_chosen":"THE_SILENT","items_purchased":["Noxious Fumes","Catalyst","Snake Skull"],"campfire_rested":2,"item_purchase_floors":[5,20,20],"current_hp_per_floor":[70,70,70,62,62,62,48,48,48,48,48,48,48,48,69,49,70,58,58,58,58,58,58,28,49,49,22,22,0,0],"gold":332,"neow_bonus":"BOSS_RELIC","is_daily":false,"chose_seed":false,"campfire_upgraded":4,"win_rate":0.0,"timestamp":1612595888,"path_taken":["M","M","?","M","$","R","E","R","T","?","?","M","R","?","R","BOSS","M","?","$","?","?","R","E","R","T","E","?","M"],"items_purchased_type":["Card","Card","Relic"],"build_version":"2020-12-22","purchased_purges":1,"victory":false,"max_hp_per_floor":[70,70,70,70,70,70,70,70,70,70,70,70,70,70,70,70,70,70,70,70,70,70,70,70,70,70,70,70,70,70],"card_choices":[{"not_picked":["Dodge and Roll","Riddle With Holes"],"picked":"Noxious Fumes","floor":1},{"not_picked":["Flying Knee","Backflip"],"picked":"Quick Slash","floor":2},{"not_picked":["Concentrate","Dagger Throw"],"picked":"Poisoned Stab","floor":4},{"not_picked":["Leg Sweep","All Out Attack","After Image"],"picked":"SKIP","floor":7},{"not_picked":["Dagger Spray","Concentrate","Outmaneuver"],"picked":"SKIP","floor":11},{"not_picked":["Acrobatics","PiercingWail","Slice"],"picked":"SKIP","floor":12},{"not_picked":["After Image","Storm of Steel"],"picked":"Corpse Explosion","floor":16},{"not_picked":["Dagger Spray","Dagger Throw","Prepared"],"picked":"SKIP","floor":18},{"not_picked":["Prepared+1","Blade Dance","Infinite Blades+1"],"picked":"SKIP","floor":24},{"not_picked":["Blur","Night Terror"],"picked":"PiercingWail","floor":27}],"player_experience":203228,"relics_obtained":[{"floor":7,"key":"Ornamental Fan"},{"floor":9,"key":"StrikeDummy"},{"floor":24,"key":"Bottled Flame"},{"floor":26,"key":"Shovel"},{"floor":27,"key":"Sundial"}],"event_choices":[{"cards_removed":["Strike_G"],"damage_healed":0,"gold_gain":0,"player_choice":"Card Removal","damage_taken":0,"max_hp_gain":0,"max_hp_loss":0,"event_name":"The Cleric","floor":3,"gold_loss":50},{"damage_healed":0,"gold_gain":100,"player_choice":"Pray","damage_taken":0,"max_hp_gain":0,"max_hp_loss":0,"event_name":"Golden Shrine","floor":10,"gold_loss":0},{"damage_healed":0,"gold_gain":0,"player_choice":"Copied","damage_taken":0,"max_hp_gain":0,"max_hp_loss":0,"event_name":"Duplicator","floor":19,"gold_loss":0,"cards_obtained":["Noxious Fumes"]},{"damage_healed":0,"gold_gain":0,"player_choice":"Ignored","damage_taken":0,"max_hp_gain":0,"max_hp_loss":0,"event_name":"betterNote:BetterNote","floor":21,"gold_loss":0,"cards_obtained":["Demon Form"]},{"damage_healed":0,"gold_gain":0,"player_choice":"Opened","damage_taken":0,"relics_obtained":["War Paint"],"max_hp_gain":0,"max_hp_loss":0,"event_name":"The Mausoleum","floor":22,"gold_loss":0,"cards_obtained":["Writhe"]},{"damage_healed":0,"gold_gain":0,"player_choice":"Simplicity","damage_taken":0,"max_hp_gain":0,"max_hp_loss":7,"event_name":"betterThird:BetterWriting","floor":28,"gold_loss":0}],"is_beta":false,"boss_relics":[{"not_picked":["Fusion Hammer","Busted Crown","Cursed Key"]}],"items_purged_floors":[20],"is_endless":false,"potions_floor_spawned":[1,4,7,18],"killed_by":"Shell Parasite","ascension_level":0}}