{"host":"0ssbae92yp6998o9","time":1612613832,"event":{"mods":["ATMod(°¢èªMod)","BaseMod","Marisa£¨ìFÓê¡¡Ä§ÀíÉ³£©","Minty Spire (QoL Compilation)","READ ME - Guardian Mod","Shop Mod","Spicy Shops","StSLib","Waifu the Spire"],"gold_per_floor":[135,153,153,169,169,221,261,280,355,372,397,397,322,19,19,164,164,232,507,618,31,77,295,381,539,539,350,350,561,670,830,830,1079,1079,1118,1306,1395,1395,1441,1441,1597,1645,1645,1645,1025,1183,435,599,599,724,724,724,49,343,468],"floor_reached":56,"language":"ZHT","playtime":3870,"items_purged":["Strike_MRS","Strike_MRS","Strike_MRS","Strike_MRS","Defend_MRS","Defend_MRS"],"score":1780,"play_id":"204681df-5771-4e87-9b53-877448ed20d5","local_time":"20210206201712","is_ascension_mode":true,"campfire_choices":[{"data":"SatelliteIllusion","floor":15.0,"key":"SMITH"},{"data":"CollectingQuirk","floor":28.0,"key":"SMITH"},{"data":"PulseMagic","floor":32.0,"key":"SMITH"},{"floor":40,"key":"RECALL"},{"data":"BinaryStars","floor":44,"key":"SMITH"},{"data":"OpenUniverse","floor":49,"key":"SMITH"},{"data":"EnergyFlow","floor":52,"key":"SMITH"}],"circlet_count":0,"master_deck":["Defend_MRS","Defend_MRS","MasterSpark","UpSweep","HandOfGreed","AT_MachinaRedman+1","PulseMagic+1","BlazeAway","SuperPerseids","PowerUp","OpenUniverse+1","SatelliteIllusion+1","BinaryStars+1","CurseOfTheBell","Parasite","Parasite","Regret","OortCloud+1","CollectingQuirk+1","Occultation+1","PropBag+1","OrrerysSun+1","TreasureHunter","EnergyFlow+1","Singularity+1","Acceleration+1","PowerUp+1","BigCrunch+1","SuperPerseids+1","Acceleration+1","StarDustReverie+1","SprinkleStarSeal+1","ChargingUp+1","ShootTheMoon+1","MagicChant+1"],"relics":["MiniHakkero","AT_ATBox","Gremlin Horn","FossilizedHelix","Pear","AT_MibuBalloonWealth","Golden Idol","AT_SeraphEmbrace","Calling Bell","ShroomBag","Shuriken","AT_TheCollector","SimpleLauncher","Lantern","Centennial Puzzle","Bag of Preparation","AT_RedNoBalance","Toxic Egg 2","Meat on the Bone","AT_TrinityForce","StoneCalendar","Peace Pipe","Torii","Happy Flower","AT_SunfireAegis","Toolbox","AT_ImmortalShieldbow","AT_Kusabimaru","AT_BellowingDragoncrestRing","AT_RedTearstoneRing","AT_TimeSand","AmplifyWand","Lee\u0027s Waffle","Nunchaku"],"acts_visited":["Exordium","TheCity","TheBeyond","TheEnding"],"potions_floor_usage":[],"damage_taken":[{"damage":0.0,"enemies":"Small Slimes","floor":1.0,"turns":2.0},{"damage":7.0,"enemies":"Jaw Worm","floor":2.0,"turns":2.0},{"damage":1.0,"enemies":"Cultist","floor":4.0,"turns":3.0},{"damage":10.0,"enemies":"Lagavulin","floor":6.0,"turns":4.0},{"damage":0.0,"enemies":"Exordium Thugs","floor":7.0,"turns":2.0},{"damage":6.0,"enemies":"Looter","floor":8.0,"turns":3.0},{"damage":0.0,"enemies":"Large Slime","floor":10.0,"turns":2.0},{"damage":20.0,"enemies":"Gremlin Nob","floor":11.0,"turns":4.0},{"damage":12.0,"enemies":"Hexaghost","floor":16.0,"turns":5.0},{"damage":0.0,"enemies":"Chosen","floor":18.0,"turns":3.0},{"damage":26.0,"enemies":"3 Byrds","floor":20.0,"turns":4.0},{"damage":0.0,"enemies":"Snecko","floor":22.0,"turns":3.0},{"damage":21.0,"enemies":"Slavers","floor":23.0,"turns":2.0},{"damage":19.0,"enemies":"Centurion and Healer","floor":24.0,"turns":3.0},{"damage":2.0,"enemies":"Book of Stabbing","floor":25.0,"turns":3.0},{"damage":0.0,"enemies":"Slavers","floor":29.0,"turns":4.0},{"damage":4.0,"enemies":"3 Cultists","floor":30.0,"turns":3.0},{"damage":9.0,"enemies":"Book of Stabbing","floor":31.0,"turns":4.0},{"damage":12.0,"enemies":"Champ","floor":33.0,"turns":6.0},{"damage":0.0,"enemies":"Orb Walker","floor":35.0,"turns":1.0},{"damage":0,"enemies":"Mind Bloom Boss Battle","floor":36,"turns":2},{"damage":0,"enemies":"3 Shapes","floor":37,"turns":3},{"damage":26,"enemies":"Maw","floor":39,"turns":3},{"damage":0,"enemies":"Giant Head","floor":41,"turns":4},{"damage":0,"enemies":"Writhing Mass","floor":42,"turns":1},{"damage":0,"enemies":"Nemesis","floor":46,"turns":1},{"damage":0,"enemies":"Giant Head","floor":48,"turns":2},{"damage":0,"enemies":"Time Eater","floor":50,"turns":1},{"damage":0,"enemies":"Shield and Spear","floor":54,"turns":5},{"damage":5,"enemies":"The Heart","floor":55,"turns":3}],"seed_played":"-8264619184775925148","potions_obtained":[{"floor":1.0,"key":"Ancient Potion"},{"floor":4.0,"key":"Ancient Potion"},{"floor":10.0,"key":"GamblersBrew"},{"floor":11.0,"key":"SkillPotion"},{"floor":23.0,"key":"Weak Potion"},{"floor":24.0,"key":"GamblersBrew"},{"floor":25.0,"key":"FairyPotion"},{"floor":29.0,"key":"CultistPotion"},{"floor":30.0,"key":"LiquidMemories"},{"floor":33.0,"key":"BottledSpark"}],"is_trial":false,"path_per_floor":["M","M","?","M","?","E","M","M","T","M","E","?","$","$","R","B",null,"M","?","M","$","M","E","M","E","T","$","R","E","M","E","R","B",null,"M","?","M","?","M","R","E","M","T","R","$","E","$","E","R","B",null,"R","$","E","B",null],"character_chosen":"MARISA","items_purchased":["AT_ArchangelStaff","SimpleLauncher","CollectingQuirk","Lantern","EnergyFlow","Happy Flower","AT_SunfireAegis","Toolbox","SprinkleStarSeal+1","AT_Kusabimaru","AT_BellowingDragoncrestRing","AT_TimeSand","AmplifyWand","Lee\u0027s Waffle"],"campfire_rested":0,"item_purchase_floors":[14,21,21,21,27,45,45,45,45,47,47,53,53,53],"current_hp_per_floor":[68,61,61,60,53,43,43,37,47,47,27,27,27,27,27,15,72,72,72,46,46,50,31,14,14,14,14,14,38,32,29,29,40,72,38,40,38,38,22,22,38,38,38,38,38,40,40,44,44,44,68,68,75,75,74],"gold":468,"neow_bonus":"RANDOM_COLORLESS_2","is_daily":false,"chose_seed":false,"campfire_upgraded":6,"win_rate":0.0,"timestamp":1612613832,"path_taken":["M","M","?","M","?","E","M","M","T","M","E","?","?","$","R","BOSS","M","?","M","$","M","E","M","E","T","?","R","E","M","E","R","BOSS","M","?","M","?","M","R","E","M","T","R","$","E","$","E","R","BOSS","R","$","E","BOSS"],"items_purchased_type":["Relic","Relic","Card","Relic","Card","Relic","Relic","Relic","Card","Relic","Relic","Relic","Relic","Relic"],"build_version":"2020-12-22","purchased_purges":6,"victory":true,"max_hp_per_floor":[68,68,68,68,68,68,68,68,78,78,78,72,72,72,72,72,72,72,72,72,72,72,72,72,72,72,72,72,72,72,72,72,72,72,72,72,72,68,68,68,68,68,68,68,68,68,68,68,68,68,68,68,75,75,75],"card_choices":[{"not_picked":["Panache","The Bomb"],"picked":"HandOfGreed","floor":0.0},{"not_picked":["NonDirectionalLaser","DC","LuminesStrike"],"picked":"SKIP","floor":1.0},{"not_picked":["WitchOfGreed","BlazingStar"],"picked":"PulseMagic","floor":2.0},{"not_picked":["DC","SporeBomb"],"picked":"BlazeAway","floor":4.0},{"not_picked":["GasGiant","OrrerysSun"],"picked":"SuperPerseids","floor":6.0},{"not_picked":["MysteriousBeam","NonDirectionalLaser"],"picked":"PowerUp","floor":7.0},{"not_picked":["PulseMagic","GalacticHalo","LuminesStrike"],"picked":"SKIP","floor":8.0},{"not_picked":["WitchLeyline","DarkSpark"],"picked":"OpenUniverse","floor":10.0},{"not_picked":["SprinkleStarSeal","WitchLeyline"],"picked":"SatelliteIllusion","floor":11.0},{"not_picked":["EscapeVelocity","MaximisePower"],"picked":"BinaryStars","floor":16.0},{"not_picked":["UnstableBomb","GrandCross","AsteroidBelt"],"picked":"SKIP","floor":18.0},{"not_picked":["SprinkleStarSeal","LuminesStrike"],"picked":"OortCloud+1","floor":20.0},{"not_picked":["MilkyWay","DoubleSpark"],"picked":"Occultation+1","floor":22.0},{"not_picked":["WitchLeyline","OortCloud"],"picked":"PropBag+1","floor":23.0},{"not_picked":["MilkyWay+1","WitchLeyline"],"picked":"OrrerysSun+1","floor":24.0},{"not_picked":["WitchOfGreed","DarkMatter"],"picked":"TreasureHunter","floor":25.0},{"not_picked":["OortCloud","AsteroidBelt+1"],"picked":"Singularity+1","floor":29.0},{"not_picked":["IllusionStar+1","WitchOfGreed"],"picked":"Acceleration+1","floor":30.0},{"not_picked":["DarkSpark","LuminesStrike+1"],"picked":"PowerUp+1","floor":31.0},{"not_picked":["BlazingStar","MillisecondPulsars"],"picked":"BigCrunch+1","floor":33.0},{"not_picked":["DarkMatter+1","StarlightTyphoon+1","MysteriousBeam+1"],"picked":"SKIP","floor":35},{"not_picked":["Occultation+1","GrandCross","NonDirectionalLaser"],"picked":"SKIP","floor":37},{"not_picked":["Singularity","ShootingEcho+1"],"picked":"SuperPerseids+1","floor":39},{"not_picked":["GalacticHalo+1","GravityBeat"],"picked":"Acceleration+1","floor":41},{"not_picked":["MysteriousBeam+1","LuminesStrike+1"],"picked":"StarDustReverie+1","floor":42},{"not_picked":["GalacticHalo+1","BinaryStars+1"],"picked":"ChargingUp+1","floor":46},{"not_picked":["AsteroidBelt+1","BigCrunch+1"],"picked":"ShootTheMoon+1","floor":48},{"not_picked":["UnstableBomb+1","DC"],"picked":"MagicChant+1","floor":54}],"player_experience":250369,"relics_obtained":[{"floor":6.0,"key":"FossilizedHelix"},{"floor":9.0,"key":"Pear"},{"floor":11.0,"key":"AT_MibuBalloonWealth"},{"floor":17.0,"key":"ShroomBag"},{"floor":17.0,"key":"Shuriken"},{"floor":17.0,"key":"AT_TheCollector"},{"floor":23.0,"key":"Centennial Puzzle"},{"floor":25.0,"key":"Bag of Preparation"},{"floor":26.0,"key":"AT_SilverBalance"},{"floor":29.0,"key":"Toxic Egg 2"},{"floor":31.0,"key":"Meat on the Bone"},{"floor":36,"key":"StoneCalendar"},{"floor":36,"key":"Peace Pipe"},{"floor":41,"key":"Torii"},{"floor":46,"key":"AT_ImmortalShieldbow"},{"floor":48,"key":"AT_RedTearstoneRing"},{"floor":54,"key":"Nunchaku"}],"event_choices":[{"damage_healed":0.0,"max_hp_gain":0.0,"max_hp_loss":0.0,"gold_gain":0.0,"event_name":"Living Wall","player_choice":"Grow","floor":3.0,"gold_loss":0.0,"damage_taken":0.0,"cards_upgraded":["AT_MachinaRedman"]},{"damage_healed":0.0,"max_hp_gain":0.0,"max_hp_loss":0.0,"gold_gain":0.0,"event_name":"Scrap Ooze","player_choice":"Success","floor":5.0,"gold_loss":0.0,"damage_taken":7.0,"relics_obtained":["Gremlin Horn"]},{"damage_healed":0.0,"max_hp_gain":0.0,"max_hp_loss":6.0,"gold_gain":0.0,"event_name":"Golden Idol","player_choice":"Lose Max HP","floor":12.0,"gold_loss":0.0,"damage_taken":0.0,"relics_obtained":["Golden Idol"]},{"damage_healed":0.0,"max_hp_gain":0.0,"max_hp_loss":0.0,"gold_gain":275.0,"event_name":"Golden Shrine","player_choice":"Desecrate","floor":19.0,"gold_loss":0.0,"damage_taken":0.0,"cards_obtained":["Regret"]},{"damage_healed":0,"gold_gain":0,"player_choice":"Fight","damage_taken":0,"max_hp_gain":0,"max_hp_loss":0,"event_name":"MindBloom","floor":36,"gold_loss":0},{"damage_healed":0,"gold_gain":0,"player_choice":"Max HP","damage_taken":0,"max_hp_gain":0,"max_hp_loss":4,"event_name":"Winding Halls","floor":38,"gold_loss":0}],"is_beta":false,"boss_relics":[{"not_picked":["ExperimentalFamiliar","Ectoplasm"],"picked":"Calling Bell"},{"not_picked":["Sozu","RampagingMagicTools"],"picked":"AT_TrinityForce"}],"items_purged_floors":[13,14,14,27,45,47],"is_endless":false,"potions_floor_spawned":[1,4,10,11,23,24,25,29,30,33,36,37,42,46,54],"ascension_level":3}}