{"host":"9slw7l0ws16384qq","time":1612634196,"event":{"mods":["A Penny For Your Troubles","BaseMod","Colored Map","Downfall","Evolution","Hubris","Minty Spire (QoL Compilation)","Replay The Spire","StS++","StSLib"],"gold_per_floor":[99,99,99,99,24,49,74,74,74,74,99,123,123,164,186,295,295,95,124,124,125,125,125,125,153,153,138,138,164,164,179,193,193,193,193],"floor_reached":33,"language":"FRA","playtime":1105,"items_purged":["hexamod:Defend"],"score":378,"play_id":"a53a6ea3-c4cf-4479-914a-80176a2aa1f4","local_time":"20210206185636","is_ascension_mode":true,"campfire_choices":[{"data":"hexamod:ThermalTransfer","floor":1.0,"key":"SMITH"},{"data":"hexamod:SoulSteal","floor":8.0,"key":"SMITH"},{"data":"hexamod:Sear","floor":10.0,"key":"SMITH"},{"floor":13.0,"key":"RECALL"},{"data":"hexamod:Defend","floor":18.0,"key":"SMITH"},{"data":"Bite","floor":23,"key":"SMITH"},{"data":"Bite","floor":30,"key":"SMITH"}],"circlet_count":0,"master_deck":["hexamod:ThermalTransfer+1","hexamod:Defend+1","hexamod:Defend","hexamod:Sear+1","hexamod:Float","hexamod:FirstSeal","hexamod:SoulSteal+1","Bite+1","Bite+1","Bite","Bite","Bite","hexamod:FlamesFromBeyond+1"],"relics":["hexamod:SpiritBrand","EVO:Axolotl","downfall:HeartsMalice","hubris:Towel","Turnip","Shuriken","hubris:VirtuousBlindfold","downfall:HeartBlessingRed","downfall:HeartBlessingGreen","Blue Candle","hubris:Potato","downfall:RedIOU","hubris:SphereOfDissonance"],"acts_visited":["Exordium","TheCity"],"potions_floor_usage":[29],"damage_taken":[{"damage":0.0,"enemies":"2 Louse","floor":2.0,"turns":1.0},{"damage":0.0,"enemies":"downfall:FleeingMerchant","floor":5.0,"turns":1.0},{"damage":0.0,"enemies":"3 Sentries","floor":6.0,"turns":1.0},{"damage":0.0,"enemies":"Jaw Worm","floor":11.0,"turns":3.0},{"damage":0.0,"enemies":"Small Slimes","floor":12.0,"turns":3.0},{"damage":15.0,"enemies":"Gremlin Nob","floor":14.0,"turns":4.0},{"damage":7.0,"enemies":"2 Fungi Beasts","floor":15.0,"turns":3.0},{"damage":60.0,"enemies":"IC_STATUS_ARCHETYPE","floor":16.0,"turns":10.0},{"damage":1.0,"enemies":"Chosen","floor":19.0,"turns":3.0},{"damage":5.0,"enemies":"downfall:FleeingMerchant","floor":21.0,"turns":4.0},{"damage":10,"enemies":"3 Byrds","floor":25,"turns":3},{"damage":0,"enemies":"downfall:FleeingMerchant","floor":27,"turns":4},{"damage":21,"enemies":"Book of Stabbing","floor":29,"turns":4},{"damage":15,"enemies":"Snake Plant","floor":31,"turns":3},{"damage":4,"enemies":"Centurion and Healer","floor":32,"turns":3},{"damage":73,"enemies":"WA_ARCHETYPE_CALM","floor":33,"turns":8}],"seed_played":"2533460394651949499","potions_obtained":[{"floor":6.0,"key":"Energy Potion"},{"floor":11.0,"key":"Energy Potion"},{"floor":14.0,"key":"hexamod:EctoCoolerPotion"},{"floor":16.0,"key":"Energy Potion"},{"floor":19.0,"key":"champ:CounterPotion"},{"floor":29,"key":"Elixir"}],"is_trial":false,"path_per_floor":["R","M","?","?","$","E","T","R","?","R","M","M","R","E","M","B",null,"R","M","?","$","?","R","T","M","?","$","?","E","R","M","M","B"],"character_chosen":"THE_SPIRIT","items_purchased":[],"campfire_rested":0,"item_purchase_floors":[],"current_hp_per_floor":[70,70,70,70,70,70,70,70,70,70,70,70,70,62,62,9,70,70,70,49,49,44,44,44,42,42,49,49,41,41,43,49,0,0,0],"gold":193,"neow_bonus":"THREE_ENEMY_KILL","is_daily":false,"chose_seed":false,"campfire_upgraded":6,"win_rate":0.0,"timestamp":1612634196,"path_taken":["R","M","?","?","$","E","T","R","?","R","M","M","R","E","M","BOSS","R","M","?","$","?","R","T","M","?","$","?","E","R","?","M","BOSS"],"items_purchased_type":[],"build_version":"2020-12-22","purchased_purges":1,"victory":false,"max_hp_per_floor":[70,70,70,70,70,70,70,70,70,70,70,70,70,70,70,70,70,70,70,49,49,49,49,49,49,49,49,49,49,49,49,49,49,49,49],"card_choices":[{"not_picked":["hexamod:SpectersWail","hexamod:EtherealExpedition"],"picked":"hexamod:FirstSeal","floor":2.0},{"not_picked":["hexamod:ParanormalForm","hexamod:NightmareGuise","hexamod:Hexaguard"],"picked":"SKIP","floor":5.0},{"not_picked":["hexamod:ShieldOfDarkness","hexamod:NightmareStrike"],"picked":"hexamod:SoulSteal","floor":6.0},{"not_picked":["hexamod:GhostShield","hexamod:ChargedBarrage","hexamod:EmpoweredFlame"],"picked":"SKIP","floor":11.0},{"not_picked":["hexamod:BacktrackSmack","hexamod:GhostOfSpireFuture","hexamod:GhostShield"],"picked":"SKIP","floor":12.0},{"not_picked":["hexamod:RetreatToShadows","hexamod:SpectralAdrenaline","hexamod:HeatCrush"],"picked":"SKIP","floor":14.0},{"not_picked":["hexamod:AdvancingGuard","hexamod:GhostShield","hexamod:NightmareGuise"],"picked":"SKIP","floor":15.0},{"not_picked":["hexamod:GhostShield","hexamod:HeatCrush","hexamod:StepThrough"],"picked":"SKIP","floor":19.0},{"not_picked":["hexamod:SuperheatedStrike","hexamod:PhantomCloak+1"],"picked":"hexamod:FlamesFromBeyond+1","floor":21.0},{"not_picked":["hexamod:GhostLash","hexamod:Hexaguard","hexamod:AdvancingGuard"],"picked":"SKIP","floor":25},{"not_picked":["hexamod:ShieldOfDarkness+1","hexamod:GiftsFromTheDead","hexamod:ExtraCrispy"],"picked":"SKIP","floor":27},{"not_picked":["hexamod:CatchUp","hexamod:EmpoweredFlame+1","hexamod:SwordOfDarkness"],"picked":"SKIP","floor":29},{"not_picked":["hexamod:ShieldOfDarkness","hexamod:Again","hexamod:GhostShield"],"picked":"SKIP","floor":31},{"not_picked":["hexamod:ShieldOfDarkness","hexamod:HauntingEcho+1","hexamod:SuperheatedStrike"],"picked":"SKIP","floor":32}],"player_experience":1639480,"relics_obtained":[{"floor":6.0,"key":"Turnip"},{"floor":7.0,"key":"Replay:Bandana"},{"floor":14.0,"key":"Shuriken"},{"floor":24,"key":"hubris:Potato"},{"floor":29,"key":"hubris:SphereOfDissonance"}],"event_choices":[{"cards_removed":["hexamod:Defend"],"damage_healed":0.0,"max_hp_gain":0.0,"max_hp_loss":0.0,"gold_gain":0.0,"event_name":"The Cleric","player_choice":"Card Removal","floor":4.0,"gold_loss":0.0,"damage_taken":0.0},{"damage_healed":0.0,"max_hp_gain":0.0,"max_hp_loss":21.0,"gold_gain":0.0,"event_name":"Vampires","player_choice":"Became a vampire","floor":20.0,"gold_loss":0.0,"damage_taken":0.0,"cards_obtained":["Bite","Bite","Bite","Bite","Bite"]}],"is_beta":false,"boss_relics":[{"not_picked":["Runic Pyramid","hubris:GrandSneckoEye"],"picked":"hubris:VirtuousBlindfold"}],"items_purged_floors":[5],"is_endless":false,"potions_floor_spawned":[6,11,14,16,19,25,29],"killed_by":"WA_ARCHETYPE_CALM","ascension_level":4}}