{"host":"6drv1qzpbnls60z2","time":1612587241,"event":{"mods":["ATMod(°¢èªMod)","Act Like it!","Arknights","BaseMod","Hallownest","Jedi Mod","Minty Spire (QoL Compilation)","Reliquary","Replay The Spire","Shop Mod","Spicy Shops","StSLib","Uncapped","¡¾ÒÅÎï¿¨ÅÆ¡¿REMEMod","²ÐÁôÖ®Îï","óô»ðÖ¸ÄÏ"],"gold_per_floor":[118,118,133,149,161,161,161,161],"floor_reached":7,"language":"ZHS","playtime":396,"items_purged":[],"score":186,"play_id":"a9618706-b104-490f-aff9-a32a419b377b","local_time":"20210206125401","daily_mods":["DeadlyEvents"],"is_ascension_mode":true,"campfire_choices":[{"data":"Hello World","floor":6,"key":"SMITH"}],"circlet_count":0,"master_deck":["AscendersBane","ats:Strike C","ats:Strike G","ats:Strike S","ats:Strike V","ats:Armor Crushing Shot","ats:Defend","ats:Defend","ats:Defend","ats:Defend","ats:Emotion Absorption","AT_ShadowStep","Hello World+1","ats:Overload","ats:Shell Defense","ats:Phantom"],"relics":["ats:Sanity","AT_ATBox","REME_ComplimentaryCards"],"acts_visited":["Exordium"],"potions_floor_usage":[7,7],"damage_taken":[{"damage":8,"enemies":"2 Louse","floor":1,"turns":5},{"damage":8,"enemies":"Cultist","floor":3,"turns":4},{"damage":20,"enemies":"Small Slimes","floor":4,"turns":4},{"damage":17,"enemies":"2 Fungi Beasts","floor":5,"turns":5},{"damage":18,"enemies":"Replay:BlueRogue","floor":7,"turns":2}],"seed_played":"4791102009898341680","potions_obtained":[{"floor":2,"key":"Adrenaline Potion"},{"floor":2,"key":"Venom Potion"}],"is_trial":true,"path_per_floor":["M","?","M","M","M","R","E"],"character_chosen":"DOCTOR_CLASS","items_purchased":[],"campfire_rested":0,"item_purchase_floors":[],"current_hp_per_floor":[57,57,49,29,15,15,0,0],"gold":161,"neow_bonus":"","is_daily":false,"chose_seed":false,"campfire_upgraded":1,"win_rate":0.0,"timestamp":1612587241,"path_taken":["M","?","?","M","M","R","E"],"items_purchased_type":[],"build_version":"2020-12-22","purchased_purges":0,"victory":false,"max_hp_per_floor":[72,72,72,72,72,72,72,72],"card_choices":[{"not_picked":["ats:Absolute Focus","ats:Flame Of Heaven","ats:Consecutive Shot Auto"],"picked":"SKIP","floor":1},{"not_picked":["PlaceholderMod:Corrosion","PlaceholderMod:ProliferateStrike"],"picked":"ats:Overload","floor":3},{"not_picked":["PlaceholderMod:ProliferateStrike","PlaceholderMod:Internalization"],"picked":"ats:Shell Defense","floor":4},{"not_picked":["ats:Curse Doll","PlaceholderMod:ParasiteChange"],"picked":"ats:Phantom","floor":5}],"player_experience":179153,"relics_obtained":[],"event_choices":[{"damage_healed":0,"gold_gain":0,"player_choice":"Got Potions","damage_taken":0,"max_hp_gain":0,"max_hp_loss":0,"event_name":"Lab","floor":2,"gold_loss":0}],"is_beta":false,"boss_relics":[],"items_purged_floors":[],"is_endless":true,"potions_floor_spawned":[3,4],"killed_by":"Replay:BlueRogue","ascension_level":20}}