{"host":"6r762osam2bvfm66","time":1612585115,"event":{"mods":["BaseMod","Colored Map","Minty Spire (QoL Compilation)"],"gold_per_floor":[19,33,53,68,87,113,113,141,167,20,31,31,44,73,73,173,173,189,35,235,251,216,247,13,13,13,33,66,66,66,66,66,168,168,185,185,198,198,248,248,275,275,299,299,331,9,9,22,22,22],"floor_reached":51,"language":"ENG","playtime":2267,"items_purged":["Strike_R","Strike_R"],"score":1083,"play_id":"1410191d-fe7d-4239-b634-84044678ae7f","local_time":"20210205221835","is_ascension_mode":true,"campfire_choices":[{"floor":7,"key":"REST"},{"data":"Whirlwind","floor":12,"key":"SMITH"},{"data":"Limit Break","floor":15,"key":"SMITH"},{"data":"Fire Breathing","floor":25,"key":"SMITH"},{"floor":32,"key":"REST"},{"data":"Disarm","floor":40,"key":"SMITH"},{"data":"Strike_R","floor":44,"key":"PURGE"},{"data":"Defend_R","floor":47,"key":"PURGE"},{"floor":49,"key":"REST"}],"circlet_count":0,"master_deck":["Defend_R","Defend_R","Bash","Fire Breathing+1","Limit Break+1","Whirlwind+1","Wild Strike","Wild Strike","Spot Weakness","Shrug It Off","Shrug It Off","Pommel Strike","Shrug It Off","Feed","Power Through","Disarm+1","Intimidate+1","Heavy Blade","Reaper","Shrug It Off","Flame Barrier+1","Shrug It Off+1","Writhe","Shockwave","Evolve+1","True Grit+1"],"relics":["Burning Blood","Strawberry","Nunchaku","Pen Nib","Brimstone","MealTicket","Black Star","MawBank","Juzu Bracelet","Frozen Egg 2","Darkstone Periapt","Peace Pipe","Smiling Mask","NlothsMask","Runic Dome","Gambling Chip","Potion Belt","Ancient Tea Set","Bronze Scales","Du-Vu Doll","Bag of Preparation"],"acts_visited":["Exordium","TheCity","TheBeyond"],"potions_floor_usage":[5,11,13,13,16,28,31,31,45,50],"damage_taken":[{"damage":6,"enemies":"Cultist","floor":1,"turns":4},{"damage":10,"enemies":"Small Slimes","floor":2,"turns":4},{"damage":7,"enemies":"Jaw Worm","floor":3,"turns":2},{"damage":11,"enemies":"2 Fungi Beasts","floor":4,"turns":4},{"damage":9,"enemies":"Large Slime","floor":5,"turns":4},{"damage":56,"enemies":"Gremlin Nob","floor":6,"turns":5},{"damage":30,"enemies":"Lagavulin","floor":8,"turns":7},{"damage":0,"enemies":"3 Louse","floor":11,"turns":2},{"damage":0,"enemies":"Lots of Slimes","floor":13,"turns":2},{"damage":7,"enemies":"3 Sentries","floor":14,"turns":3},{"damage":22,"enemies":"The Guardian","floor":16,"turns":8},{"damage":13,"enemies":"Spheric Guardian","floor":18,"turns":3},{"damage":0,"enemies":"3 Byrds","floor":21,"turns":3},{"damage":11,"enemies":"Gremlin Leader","floor":23,"turns":5},{"damage":9,"enemies":"Snecko","floor":27,"turns":5},{"damage":75,"enemies":"Slavers","floor":28,"turns":5},{"damage":12,"enemies":"Gremlin Leader","floor":31,"turns":3},{"damage":2,"enemies":"Champ","floor":33,"turns":9},{"damage":40,"enemies":"3 Darklings","floor":35,"turns":5},{"damage":7,"enemies":"3 Shapes","floor":37,"turns":6},{"damage":25,"enemies":"Mind Bloom Boss Battle","floor":39,"turns":8},{"damage":50,"enemies":"Reptomancer","floor":41,"turns":6},{"damage":84,"enemies":"Giant Head","floor":45,"turns":7},{"damage":0,"enemies":"3 Darklings","floor":48,"turns":1},{"damage":18,"enemies":"Time Eater","floor":50,"turns":7}],"seed_played":"6480812379045247165","potions_obtained":[{"floor":1,"key":"SteroidPotion"},{"floor":4,"key":"ColorlessPotion"},{"floor":8,"key":"Explosive Potion"},{"floor":11,"key":"Block Potion"},{"floor":13,"key":"ColorlessPotion"},{"floor":14,"key":"SmokeBomb"},{"floor":23,"key":"ColorlessPotion"},{"floor":28,"key":"BlessingOfTheForge"},{"floor":35,"key":"FearPotion"},{"floor":39,"key":"FairyPotion"},{"floor":48,"key":"BloodPotion"}],"is_trial":false,"path_per_floor":["M","M","M","M","M","E","R","E","T","$","M","R","M","E","R","B",null,"M","$","?","M","$","E","$","R","T","M","E","?","?","E","R","B",null,"M","?","M","?","?","R","E","?","T","R","E","$","R","M","R","B",null],"character_chosen":"IRONCLAD","items_purchased":["Brimstone","Power Through","Disarm","Frozen Egg 2","Evolve+1","Bag of Preparation","LiquidMemories"],"campfire_rested":3,"item_purchase_floors":[10,19,22,24,46,46,46],"current_hp_per_floor":[72,68,67,62,59,16,42,18,18,18,24,24,30,29,29,13,69,65,80,80,86,90,85,90,90,90,87,18,18,18,12,39,43,78,66,66,68,68,69,69,49,78,78,78,35,50,50,56,85,73],"gold":22,"neow_bonus":"TRANSFORM_TWO_CARDS","is_daily":false,"chose_seed":false,"campfire_upgraded":4,"win_rate":0.0,"timestamp":1612585115,"path_taken":["M","M","M","M","M","E","R","E","T","$","M","R","M","E","R","BOSS","M","$","?","M","?","E","$","R","T","M","E","?","?","E","R","BOSS","M","?","M","?","?","R","E","?","T","R","E","$","R","M","R","BOSS"],"items_purchased_type":["Relic","Card","Card","Relic","Card","Relic","Potion"],"build_version":"2020-12-22","purchased_purges":2,"victory":true,"max_hp_per_floor":[80,80,80,80,80,87,87,87,87,87,87,87,87,87,87,87,87,90,90,90,90,90,90,90,90,90,90,90,90,90,90,90,90,90,90,90,93,93,93,93,93,99,99,99,99,99,99,99,99,99],"card_choices":[{"not_picked":["Dual Wield","Flex"],"picked":"Whirlwind","floor":1},{"not_picked":["True Grit","Dark Embrace"],"picked":"Wild Strike","floor":2},{"not_picked":["Heavy Blade","Burning Pact"],"picked":"Wild Strike","floor":3},{"not_picked":["Whirlwind","Rampage"],"picked":"Spot Weakness","floor":4},{"not_picked":["Anger","Armaments"],"picked":"Shrug It Off","floor":5},{"not_picked":["Armaments","Heavy Blade"],"picked":"Shrug It Off","floor":6},{"not_picked":["Whirlwind","Twin Strike","Juggernaut"],"picked":"SKIP","floor":8},{"not_picked":["Havoc","Headbutt","Twin Strike"],"picked":"SKIP","floor":11},{"not_picked":["Clothesline","Havoc"],"picked":"Pommel Strike","floor":13},{"not_picked":["Perfected Strike","Bloodletting"],"picked":"Shrug It Off","floor":14},{"not_picked":["Berserk","Limit Break"],"picked":"Feed","floor":16},{"not_picked":["Warcry+1","Pommel Strike","Feel No Pain+1"],"picked":"SKIP","floor":18},{"not_picked":["Dropkick","Twin Strike","Havoc"],"picked":"SKIP","floor":21},{"not_picked":["Clash+1","Juggernaut"],"picked":"Intimidate+1","floor":23},{"not_picked":["Armaments","Iron Wave","Cleave"],"picked":"SKIP","floor":27},{"not_picked":["Havoc","Twin Strike+1"],"picked":"Heavy Blade","floor":28},{"not_picked":["Demon Form+1","Fiend Fire"],"picked":"Reaper","floor":33},{"not_picked":["Sword Boomerang+1","Sever Soul"],"picked":"Shrug It Off","floor":35},{"not_picked":["Twin Strike","Clothesline+1"],"picked":"Flame Barrier+1","floor":37},{"not_picked":["Clash","Sword Boomerang+1"],"picked":"Shrug It Off+1","floor":41},{"not_picked":["Perfected Strike","Armaments"],"picked":"Shockwave","floor":45},{"not_picked":["Entrench","Metallicize+1"],"picked":"True Grit+1","floor":48}],"player_experience":56721,"relics_obtained":[{"floor":6,"key":"Strawberry"},{"floor":8,"key":"Nunchaku"},{"floor":9,"key":"Pen Nib"},{"floor":14,"key":"MealTicket"},{"floor":23,"key":"MawBank"},{"floor":23,"key":"Juzu Bracelet"},{"floor":26,"key":"Darkstone Periapt"},{"floor":28,"key":"Peace Pipe"},{"floor":28,"key":"Smiling Mask"},{"floor":39,"key":"Gambling Chip"},{"floor":41,"key":"Potion Belt"},{"floor":41,"key":"Ancient Tea Set"},{"floor":45,"key":"Bronze Scales"},{"floor":45,"key":"Du-Vu Doll"}],"event_choices":[{"damage_healed":0,"gold_gain":200,"player_choice":"Gold","damage_taken":0,"max_hp_gain":0,"max_hp_loss":0,"event_name":"Wheel of Change","floor":20,"gold_loss":0},{"damage_healed":0,"gold_gain":0,"player_choice":"Ignored","damage_taken":0,"max_hp_gain":0,"max_hp_loss":0,"event_name":"Vampires","floor":29,"gold_loss":0},{"damage_healed":0,"gold_gain":0,"player_choice":"Trade","damage_taken":0,"relics_obtained":["NlothsMask"],"max_hp_gain":0,"max_hp_loss":0,"event_name":"FaceTrader","floor":30,"gold_loss":0},{"cards_removed":["Defend_R"],"damage_healed":0,"gold_gain":0,"player_choice":"Removed Skill","damage_taken":0,"max_hp_gain":0,"max_hp_loss":0,"event_name":"Falling","floor":36,"gold_loss":0},{"damage_healed":0,"gold_gain":0,"player_choice":"Ignored","damage_taken":0,"max_hp_gain":0,"max_hp_loss":0,"event_name":"Tomb of Lord Red Mask","floor":38,"gold_loss":0},{"damage_healed":0,"gold_gain":0,"player_choice":"Fight","damage_taken":0,"max_hp_gain":0,"max_hp_loss":0,"event_name":"MindBloom","floor":39,"gold_loss":0},{"damage_healed":23,"gold_gain":0,"player_choice":"Writhe","damage_taken":0,"max_hp_gain":0,"max_hp_loss":0,"event_name":"Winding Halls","floor":42,"gold_loss":0,"cards_obtained":["Writhe"]}],"is_beta":false,"boss_relics":[{"not_picked":["Busted Crown","Ectoplasm"],"picked":"Black Star"},{"not_picked":["SacredBark","Runic Pyramid"],"picked":"Runic Dome"}],"items_purged_floors":[19,46],"is_endless":false,"potions_floor_spawned":[1,4,8,11,13,14,23,28,35,39,48],"ascension_level":6}}