{"host":"wvcyfzs99um8is6a","time":1612575406,"event":{"mods":["AchievementEnabler","BaseMod","Colored Map","Colored Powertips","Highlight Path","Minty Spire (QoL Compilation)","Random Character Button","Relic Filter","StSLib","SuperFastMode"],"gold_per_floor":[10,29,29,29,42,42,62,62,89,115,132,148,165,17,17,112,112,124,124,137,137,157,157,157],"floor_reached":23,"language":"ENG","playtime":1753,"items_purged":["Strike_B"],"score":195,"play_id":"3103927e-3d56-43ae-84b8-e26e9f30e872","local_time":"20210205203646","is_ascension_mode":false,"campfire_choices":[{"data":"Dualcast","floor":6,"key":"SMITH"},{"data":"Darkness","floor":8,"key":"SMITH"},{"floor":15,"key":"REST"}],"circlet_count":0,"master_deck":["Strike_B","Defend_B","Defend_B","Defend_B","Defend_B","Zap+1","Dualcast+1","Defragment","Melter","Darkness+1","Heatsinks","Thunder Strike+1","Redo+1","Capacitor"],"relics":["Cracked Core","StoneCalendar","Mercury Hourglass","Regal Pillow","Molten Egg 2","Empty Cage","FrozenCore"],"acts_visited":["Exordium","TheCity"],"potions_floor_usage":[12,16,23,23,23],"damage_taken":[{"damage":7,"enemies":"Small Slimes","floor":1,"turns":2},{"damage":7,"enemies":"2 Louse","floor":2,"turns":2},{"damage":6,"enemies":"Jaw Worm","floor":5,"turns":2},{"damage":0,"enemies":"Exordium Wildlife","floor":7,"turns":2},{"damage":26,"enemies":"Lagavulin","floor":10,"turns":5},{"damage":7,"enemies":"Blue Slaver","floor":11,"turns":2},{"damage":0,"enemies":"2 Fungi Beasts","floor":12,"turns":2},{"damage":0,"enemies":"Looter","floor":13,"turns":3},{"damage":18,"enemies":"Hexaghost","floor":16,"turns":7},{"damage":12,"enemies":"Shell Parasite","floor":18,"turns":5},{"damage":8,"enemies":"Chosen","floor":20,"turns":3},{"damage":28,"enemies":"Snake Plant","floor":22,"turns":4},{"damage":40,"enemies":"Slavers","floor":23,"turns":3}],"seed_played":"-7019903038898595563","potions_obtained":[{"floor":1,"key":"Ancient Potion"},{"floor":5,"key":"Fire Potion"},{"floor":7,"key":"PowerPotion"},{"floor":16,"key":"EssenceOfSteel"},{"floor":18,"key":"AttackPotion"},{"floor":22,"key":"Regen Potion"}],"is_trial":false,"path_per_floor":["M","M","?","?","M","R","M","R","T","E","M","M","M","$","R","B",null,"M","?","M","?","M","E"],"character_chosen":"DEFECT","items_purchased":["Heatsinks"],"campfire_rested":1,"item_purchase_floors":[14],"current_hp_per_floor":[68,61,61,49,43,43,43,43,43,17,10,10,10,10,47,29,75,63,63,55,55,27,0,0],"gold":157,"neow_bonus":"ONE_RARE_RELIC","is_daily":false,"chose_seed":false,"campfire_upgraded":2,"win_rate":0.0,"timestamp":1612575406,"path_taken":["M","M","?","?","M","R","M","R","T","E","?","M","M","$","R","BOSS","M","?","M","?","M","E"],"items_purchased_type":["Card"],"build_version":"2020-12-22","purchased_purges":1,"victory":false,"max_hp_per_floor":[75,75,75,75,75,75,75,75,75,75,75,75,75,75,75,75,75,75,75,75,75,75,75,75],"card_choices":[{"not_picked":["Reinforced Body","Streamline"],"picked":"Defragment","floor":1},{"not_picked":["Recycle","Sweeping Beam"],"picked":"Melter","floor":2},{"not_picked":["Leap","Go for the Eyes","Recycle"],"picked":"SKIP","floor":5},{"not_picked":["Leap","Go for the Eyes","Recycle"],"picked":"SKIP","floor":5},{"not_picked":["Leap","Go for the Eyes","Recycle"],"picked":"SKIP","floor":5},{"not_picked":["Steam","Redo"],"picked":"Darkness","floor":7},{"not_picked":["Redo","Reprogram","Gash+1"],"picked":"SKIP","floor":10},{"not_picked":["Barrage+1","Stack","Biased Cognition"],"picked":"SKIP","floor":11},{"not_picked":["Steam","Coolheaded","Stack"],"picked":"SKIP","floor":12},{"not_picked":["Hologram","Coolheaded","Beam Cell+1"],"picked":"SKIP","floor":13},{"not_picked":["Biased Cognition","All For One+1"],"picked":"Thunder Strike+1","floor":16},{"not_picked":["Stack","Hologram"],"picked":"Redo+1","floor":18},{"not_picked":["Undo+1","Blizzard+1","Rip and Tear+1"],"picked":"SKIP","floor":20},{"not_picked":["Ball Lightning+1","Steam"],"picked":"Capacitor","floor":22}],"player_experience":1004677,"relics_obtained":[{"floor":9,"key":"Regal Pillow"},{"floor":10,"key":"Molten Egg 2"}],"event_choices":[{"damage_healed":0,"gold_gain":0,"player_choice":"Grow","damage_taken":0,"max_hp_gain":0,"max_hp_loss":0,"event_name":"Living Wall","floor":3,"gold_loss":0,"cards_upgraded":["Zap"]},{"damage_healed":0,"gold_gain":0,"player_choice":"Success","damage_taken":12,"relics_obtained":["Mercury Hourglass"],"max_hp_gain":0,"max_hp_loss":0,"event_name":"Scrap Ooze","floor":4,"gold_loss":0},{"damage_healed":0,"gold_gain":0,"player_choice":"Opened","damage_taken":0,"relics_obtained":["FrozenCore"],"max_hp_gain":0,"max_hp_loss":0,"event_name":"The Mausoleum","floor":19,"gold_loss":0},{"damage_healed":0,"gold_gain":0,"player_choice":"Ignored","damage_taken":0,"max_hp_gain":0,"max_hp_loss":0,"event_name":"Vampires","floor":21,"gold_loss":0}],"is_beta":false,"boss_relics":[{"not_picked":["Astrolabe","SacredBark"],"picked":"Empty Cage"}],"items_purged_floors":[14],"is_endless":false,"potions_floor_spawned":[1,5,7,16,18,22],"killed_by":"Slavers","ascension_level":0}}