{"host":"p9t7qd83igtcp2bh","time":1612619298,"event":{"mods":["2.2 Compatiblity","AchievementEnabler","BaseMod","Colored Map","Colored Powertips","Custom Start","DeckTracker","Keyboard Shortcuts","Minty Spire (QoL Compilation)","Permanent Neow","Spicy Shops","StSLib","SuperFastMode","everything is the same but u backflip on backflip"],"gold_per_floor":[116,127,127,127,144,175,175,200,200,200,213,232,192,227,227,300,300,313,33,46,1,1,1,36,36,63,63,63,92,111,127,127,127,127],"floor_reached":33,"language":"KOR","playtime":814,"items_purged":[],"score":657,"play_id":"7a1ef576-38c5-49de-b4c0-45e8ceb05d94","local_time":"20210206224818","is_ascension_mode":true,"campfire_choices":[{"floor":7.0,"key":"REST"},{"floor":10.0,"key":"REST"},{"data":"Devotion","floor":15,"key":"SMITH"},{"floor":23,"key":"REST"},{"floor":25,"key":"REST"},{"floor":32,"key":"REST"}],"circlet_count":0,"master_deck":["AscendersBane","Strike_P","Strike_P","Defend_P","Defend_P","Defend_P","Eruption+1","Vigilance","WreathOfFlame","TalkToTheHand+1","WaveOfTheHand+1","FlyingSleeves+1","Devotion+1","BowlingBash+1","CarveReality+1","Devotion","CutThroughFate+1","ThirdEye","Evaluate","TalkToTheHand+1","Crescendo","SignatureMove+1","Swivel","JustLucky+1","Weave+1"],"relics":["PureWater","Incense Burner","Molten Egg 2","Ginger","Nunchaku","Runic Dome","Bag of Preparation","Kunai","MealTicket","Whetstone"],"acts_visited":["Exordium","TheCity"],"potions_floor_usage":[11,16,27,29],"damage_taken":[{"damage":4.0,"enemies":"Small Slimes","floor":1.0,"turns":3.0},{"damage":2.0,"enemies":"Jaw Worm","floor":2.0,"turns":4.0},{"damage":0.0,"enemies":"Cultist","floor":5.0,"turns":3.0},{"damage":10.0,"enemies":"Lagavulin","floor":6.0,"turns":7.0},{"damage":32.0,"enemies":"3 Sentries","floor":8.0,"turns":7.0},{"damage":7,"enemies":"3 Louse","floor":11,"turns":4},{"damage":1,"enemies":"Blue Slaver","floor":12,"turns":4},{"damage":11,"enemies":"Lagavulin","floor":14,"turns":6},{"damage":0,"enemies":"Hexaghost","floor":16,"turns":6},{"damage":28,"enemies":"3 Byrds","floor":18,"turns":4},{"damage":10,"enemies":"Shell Parasite","floor":20,"turns":6},{"damage":22,"enemies":"Gremlin Leader","floor":24,"turns":4},{"damage":0,"enemies":"Centurion and Healer","floor":27,"turns":2},{"damage":22,"enemies":"Book of Stabbing","floor":29,"turns":2},{"damage":7,"enemies":"3 Cultists","floor":30,"turns":3},{"damage":5,"enemies":"Sentry and Sphere","floor":31,"turns":3},{"damage":30,"enemies":"Automaton","floor":33,"turns":4}],"seed_played":"5151756241811122635","potions_obtained":[{"floor":1.0,"key":"SpeedPotion"},{"floor":6.0,"key":"Dexterity Potion"},{"floor":11,"key":"SmokeBomb"},{"floor":13,"key":"Dexterity Potion"},{"floor":24,"key":"Fire Potion"},{"floor":31,"key":"LiquidMemories"}],"is_trial":false,"path_per_floor":["M","M","?","$","M","E","R","E","T","R","M","M","?","E","R","B",null,"M","$","M","$","?","R","E","R","T","M","?","E","M","M","R","B"],"character_chosen":"WATCHER","items_purchased":["Bag of Preparation","ThirdEye","Evaluate","TalkToTheHand+1"],"campfire_rested":5,"item_purchase_floors":[19,19,19,21],"current_hp_per_floor":[57,55,35,35,35,25,45,13,13,33,26,25,25,14,14,14,55,27,27,17,17,17,37,15,35,35,35,35,13,6,1,21,0,0],"gold":127,"neow_bonus":"TRANSFORM_CARD","is_daily":false,"chose_seed":false,"campfire_upgraded":1,"win_rate":0.0,"timestamp":1612619298,"path_taken":["M","M","?","$","M","E","R","E","T","R","M","M","?","E","R","BOSS","M","?","M","$","?","R","E","R","T","M","?","E","M","?","R","BOSS"],"items_purchased_type":["Relic","Card","Card","Card"],"build_version":"2020-12-22","purchased_purges":0,"victory":false,"max_hp_per_floor":[68,68,68,68,68,68,68,68,68,68,68,68,68,68,68,68,68,68,68,68,68,68,68,68,68,68,68,68,68,68,68,68,68,68],"card_choices":[{"not_picked":["WreathOfFlame","ClearTheMind"],"picked":"TalkToTheHand","floor":1.0},{"not_picked":["DeceiveReality","CrushJoints"],"picked":"WaveOfTheHand","floor":2.0},{"not_picked":["Crescendo","Protect"],"picked":"FlyingSleeves","floor":5.0},{"not_picked":["EmptyBody","Prostrate"],"picked":"Devotion","floor":6.0},{"not_picked":["JustLucky+1","EmptyBody"],"picked":"BowlingBash+1","floor":8.0},{"not_picked":["BowlingBash+1","CrushJoints+1"],"picked":"CarveReality+1","floor":11},{"not_picked":["Prostrate","Worship"],"picked":"Devotion","floor":12},{"not_picked":["Adaptation","LikeWater"],"picked":"CutThroughFate+1","floor":14},{"not_picked":["LikeWater+1","SashWhip+1","WaveOfTheHand"],"picked":"SKIP","floor":18},{"not_picked":["BowlingBash+1","ClearTheMind","Meditate"],"picked":"SKIP","floor":20},{"not_picked":["Perseverance","CrushJoints+1"],"picked":"Swivel","floor":24},{"not_picked":["Halt","ThirdEye+1","Consecrate+1"],"picked":"SKIP","floor":29},{"not_picked":["Judgement","FlyingSleeves+1"],"picked":"JustLucky+1","floor":30},{"not_picked":["FollowUp+1","WreathOfFlame"],"picked":"Weave+1","floor":31}],"player_experience":706998,"relics_obtained":[{"floor":6.0,"key":"Incense Burner"},{"floor":8.0,"key":"Molten Egg 2"},{"floor":9.0,"key":"Ginger"},{"floor":14,"key":"Nunchaku"},{"floor":24,"key":"Kunai"},{"floor":26,"key":"MealTicket"},{"floor":29,"key":"Whetstone"}],"event_choices":[{"damage_healed":0.0,"max_hp_gain":0.0,"max_hp_loss":0.0,"gold_gain":0.0,"event_name":"Shining Light","player_choice":"Entered Light","floor":3.0,"gold_loss":0.0,"damage_taken":20.0,"cards_upgraded":["WaveOfTheHand","Eruption"]},{"damage_healed":0,"gold_gain":0,"player_choice":"Bought 3 Potions","damage_taken":0,"max_hp_gain":0,"max_hp_loss":0,"event_name":"The Woman in Blue","floor":13,"gold_loss":0},{"damage_healed":0,"gold_gain":0,"cards_transformed":["Strike_P","Strike_P"],"player_choice":"Became Test Subject","damage_taken":0,"max_hp_gain":0,"max_hp_loss":0,"event_name":"Drug Dealer","floor":22,"gold_loss":0,"cards_obtained":["Crescendo","SignatureMove"]},{"damage_healed":0,"gold_gain":0,"player_choice":"Ignored","damage_taken":0,"max_hp_gain":0,"max_hp_loss":0,"event_name":"N\u0027loth","floor":28,"gold_loss":0}],"is_beta":false,"boss_relics":[{"not_picked":["Ectoplasm","SlaversCollar"],"picked":"Runic Dome"}],"items_purged_floors":[],"is_endless":false,"potions_floor_spawned":[1,6,11,24,27,31],"killed_by":"Automaton","ascension_level":17}}