{"host":"mmqs5ul2bvb60kyc","time":1612607963,"event":{"mods":["AchievementEnabler","BaseMod","Colored Map","Colored Powertips","Minty Spire (QoL Compilation)","Quick Restart","StSLib"],"gold_per_floor":[118,128,178,196,121,121,152,170,170,170,170,378,378,405,405,20,20,20,20],"floor_reached":18,"language":"ZHS","playtime":643,"items_purged":["Strike_G","Strike_G"],"score":319,"play_id":"03114be1-a791-444c-93fa-a571786d27b5","local_time":"20210206183923","is_ascension_mode":true,"campfire_choices":[{"data":"Neutralize","floor":6.0,"key":"SMITH"},{"floor":9.0,"key":"REST"},{"data":"Prepared","floor":13.0,"key":"SMITH"},{"floor":15.0,"key":"REST"},{"data":"Skewer","floor":17.0,"key":"SMITH"}],"circlet_count":0,"master_deck":["AscendersBane","Strike_G","Strike_G","Strike_G","Defend_G","Defend_G","Defend_G","Defend_G","Defend_G","Survivor","Neutralize+1","Prepared+1","Riddle With Holes","Skewer+1","Reflex","Tactician","Footwork"],"relics":["Ring of the Snake","Nunchaku","Ninja Scroll","Mummified Hand","Odd Mushroom","Odd Mushroom","Sundial","Medical Kit"],"acts_visited":["Exordium"],"potions_floor_usage":[],"damage_taken":[{"damage":1.0,"enemies":"2 Louse","floor":1.0,"turns":3.0},{"damage":9.0,"enemies":"Cultist","floor":2.0,"turns":6.0},{"damage":0.0,"enemies":"Small Slimes","floor":4.0,"turns":3.0},{"damage":49.0,"enemies":"3 Sentries","floor":7.0,"turns":13.0},{"damage":2.0,"enemies":"Blue Slaver","floor":8.0,"turns":4.0},{"damage":9.0,"enemies":"The Mushroom Lair","floor":12.0,"turns":4.0},{"damage":17.0,"enemies":"Lagavulin","floor":14.0,"turns":4.0},{"damage":25,"enemies":"Slime Boss","floor":18,"turns":9}],"seed_played":"3716543547105435478","potions_obtained":[{"floor":1.0,"key":"Regen Potion"},{"floor":2.0,"key":"CunningPotion"},{"floor":8.0,"key":"AttackPotion"},{"floor":12.0,"key":"Fruit Juice"},{"floor":12.0,"key":"LiquidMemories"}],"is_trial":false,"path_per_floor":["M","M","?","M","$","R","E","M","R","T","T","?","R","E","R","$","R","B"],"character_chosen":"THE_SILENT","items_purchased":["Medical Kit","Tactician","Footwork"],"campfire_rested":2,"item_purchase_floors":[16,16,16],"current_hp_per_floor":[58,49,43,43,43,43,9,7,25,25,25,21,21,4,23,23,23,0,0],"gold":20,"neow_bonus":"THREE_RARE_CARDS","is_daily":false,"chose_seed":false,"campfire_upgraded":3,"win_rate":0.0,"timestamp":1612607963,"path_taken":["M","M","?","M","$","R","E","?","R","T","T","?","R","E","R","$","R","BOSS"],"items_purchased_type":["Relic","Card","Card"],"build_version":"2020-12-22","purchased_purges":2,"victory":false,"max_hp_per_floor":[60,60,60,60,60,60,60,60,60,60,60,65,65,65,65,65,65,65,65],"card_choices":[{"not_picked":["Die Die Die","Bullet Time"],"picked":"Venomology","floor":0.0},{"not_picked":["Dash","Finisher"],"picked":"Prepared","floor":1.0},{"not_picked":["Flying Knee","Poisoned Stab","Outmaneuver"],"picked":"SKIP","floor":2.0},{"not_picked":["Sucker Punch","Flying Knee"],"picked":"Riddle With Holes","floor":4.0},{"not_picked":["Bullet Time","Flying Knee"],"picked":"Skewer","floor":7.0},{"not_picked":["Dagger Throw","PiercingWail","Poisoned Stab"],"picked":"SKIP","floor":8.0},{"not_picked":["Underhanded Strike","Sucker Punch"],"picked":"Reflex","floor":12.0},{"not_picked":["Deflect","Unload","Poisoned Stab"],"picked":"SKIP","floor":14.0}],"player_experience":331188,"relics_obtained":[{"floor":7.0,"key":"Nunchaku"},{"floor":10.0,"key":"Ninja Scroll"},{"floor":11.0,"key":"Mummified Hand"},{"floor":12.0,"key":"Odd Mushroom"},{"floor":12.0,"key":"Odd Mushroom"},{"floor":14.0,"key":"Sundial"}],"event_choices":[{"damage_healed":0.0,"max_hp_gain":0.0,"max_hp_loss":0.0,"gold_gain":50.0,"event_name":"FaceTrader","player_choice":"Touch","floor":3.0,"gold_loss":0.0,"damage_taken":6.0},{"damage_healed":0.0,"max_hp_gain":0.0,"max_hp_loss":0.0,"gold_gain":0.0,"event_name":"Mushrooms","player_choice":"Fought Mushrooms","floor":12.0,"gold_loss":0.0,"damage_taken":0.0},{"damage_healed":0.0,"max_hp_gain":0.0,"max_hp_loss":0.0,"gold_gain":0.0,"event_name":"Mushrooms","player_choice":"Fought Mushrooms","floor":12.0,"gold_loss":0.0,"damage_taken":0.0},{"damage_healed":0.0,"max_hp_gain":0.0,"max_hp_loss":0.0,"gold_gain":0.0,"event_name":"Mushrooms","player_choice":"Fought Mushrooms","floor":12.0,"gold_loss":0.0,"damage_taken":0.0},{"damage_healed":0.0,"max_hp_gain":0.0,"max_hp_loss":0.0,"gold_gain":0.0,"event_name":"Mushrooms","player_choice":"Fought Mushrooms","floor":12.0,"gold_loss":0.0,"damage_taken":0.0},{"damage_healed":0.0,"max_hp_gain":0.0,"max_hp_loss":0.0,"gold_gain":0.0,"event_name":"Mushrooms","player_choice":"Fought Mushrooms","floor":12.0,"gold_loss":0.0,"damage_taken":0.0},{"damage_healed":0.0,"max_hp_gain":0.0,"max_hp_loss":0.0,"gold_gain":0.0,"event_name":"Mushrooms","player_choice":"Fought Mushrooms","floor":12.0,"gold_loss":0.0,"damage_taken":0.0},{"damage_healed":0.0,"max_hp_gain":0.0,"max_hp_loss":0.0,"gold_gain":0.0,"event_name":"Mushrooms","player_choice":"Fought Mushrooms","floor":12.0,"gold_loss":0.0,"damage_taken":0.0},{"damage_healed":0.0,"max_hp_gain":0.0,"max_hp_loss":0.0,"gold_gain":0.0,"event_name":"Mushrooms","player_choice":"Fought Mushrooms","floor":12.0,"gold_loss":0.0,"damage_taken":0.0}],"is_beta":false,"boss_relics":[],"items_purged_floors":[5,16],"is_endless":false,"potions_floor_spawned":[1,2,8,12,12],"killed_by":"Slime Boss","ascension_level":18}}