{"host":"8e3sp1tozjyrh64l","time":1612587905,"event":{"mods":["BaseMod","Better Altar","Better Match","Better Note","Better Sensory Stone","Better Silent Start","Better Skull","Better Third Choice","BetterRewards","Curses Come First","Defuse TimeMaze Blight","Infinite Spire","Minty Spire (QoL Compilation)","Permanent Neow","Rare Cards Sparkle","Relic Sorter","Reliquary","Replay The Spire","Shop Mod","Spicy Shops","StSLib","SuperFastMode","Wandering Minibosses"],"gold_per_floor":[16,16,28,47,47,79,79,104,104,117,117,117,137,137,137,239,239,252,269,269,287,287,287],"floor_reached":22,"language":"ENG","playtime":538,"items_purged":[],"score":232,"play_id":"9183d1a8-1981-404d-8f9a-cfe3721df4eb","local_time":"20210205220505","is_ascension_mode":true,"campfire_choices":[{"data":"Caltrops","floor":7,"key":"SMITH"},{"data":"Poisoned Stab","floor":11,"key":"SMITH"},{"data":"Backstab","floor":15,"key":"SMITH"}],"circlet_count":0,"master_deck":["Strike_G+1","Strike_G+1","Strike_G+1","Strike_G+1","Defend_G","Defend_G","Defend_G","Defend_G","Survivor","Neutralize","Dash+1","Backstab+1","Caltrops+1","Malaise","Poisoned Stab+1","Envenom","Masterful Stab+1","Caltrops+1","Envenom","Blade Dance"],"relics":["Ring of the Snake","Vampiric Spirits","infinitespire:Lucky Rock","infinitespire:Bottled Soul","reliquary:RadioactivePellet","reliquary:Boomerang","Replay:Bottled Eggs","reliquary:WritOfMandamus"],"acts_visited":["Exordium","TheCity"],"potions_floor_usage":[6],"damage_taken":[{"damage":0,"enemies":"Small Slimes","floor":1,"turns":4},{"damage":0,"enemies":"Cultist","floor":3,"turns":4},{"damage":0,"enemies":"2 Louse","floor":4,"turns":3},{"damage":0,"enemies":"3 Sentries","floor":6,"turns":8},{"damage":16,"enemies":"Gremlin Nob","floor":8,"turns":4},{"damage":0,"enemies":"Looter","floor":10,"turns":2},{"damage":4,"enemies":"Exordium Wildlife","floor":13,"turns":4},{"damage":38,"enemies":"The Guardian","floor":16,"turns":7},{"damage":0,"enemies":"Chosen","floor":18,"turns":3},{"damage":0,"enemies":"3 Byrds","floor":19,"turns":4},{"damage":39,"enemies":"Centurion and Healer","floor":21,"turns":3},{"damage":37,"enemies":"Shelled Parasite and Fungi","floor":22,"turns":4}],"seed_played":"4985219549323182395","potions_obtained":[{"floor":3,"key":"SteroidPotion"},{"floor":8,"key":"Flashbang"},{"floor":10,"key":"Dexterity Potion"},{"floor":16,"key":"FearPotion"}],"is_trial":false,"path_per_floor":["M","?","M","M","$","E","R","E","T","M","R","?","M","$","R","B",null,"M","M","?","M","M"],"character_chosen":"THE_SILENT","items_purchased":[],"campfire_rested":0,"item_purchase_floors":[],"current_hp_per_floor":[70,70,70,70,70,70,70,54,54,58,58,52,53,53,53,23,70,70,70,70,31,0,0],"gold":287,"neow_bonus":"ONE_RARE_RELIC","is_daily":false,"chose_seed":false,"campfire_upgraded":3,"win_rate":0.0,"timestamp":1612587905,"path_taken":["M","?","?","M","$","E","R","E","T","M","R","?","M","$","R","BOSS","M","M","?","M","M"],"items_purchased_type":[],"build_version":"2020-12-22","purchased_purges":0,"victory":false,"max_hp_per_floor":[70,70,70,70,70,70,70,70,70,70,70,70,70,70,70,70,70,70,70,70,70,70,70],"card_choices":[{"not_picked":["Poisoned Stab","Acrobatics"],"picked":"Dash","floor":1},{"not_picked":["Sucker Punch","Acrobatics","Catalyst"],"picked":"SKIP","floor":3},{"not_picked":["Caltrops","Prepared"],"picked":"Backstab","floor":4},{"not_picked":["Sucker Punch","Quick Slash"],"picked":"Caltrops","floor":6},{"not_picked":["Deadly Poison","Eviscerate"],"picked":"Malaise","floor":8},{"not_picked":["Bouncing Flask","Hidden Blade"],"picked":"Poisoned Stab","floor":10},{"not_picked":["Deflect","Sucker Punch","Leg Sweep"],"picked":"SKIP","floor":13},{"not_picked":["Malaise","Bullet Time"],"picked":"Envenom","floor":16},{"not_picked":["Outmaneuver","Deadly Poison"],"picked":"Masterful Stab+1","floor":18},{"not_picked":["Infinite Blades","Dodge and Roll"],"picked":"Caltrops+1","floor":19},{"not_picked":["Prepared","Blade Dance","Doppelganger"],"picked":"SKIP","floor":21},{"not_picked":["Prepared","Doppelganger"],"picked":"Blade Dance","floor":21}],"player_experience":912759,"relics_obtained":[{"floor":6,"key":"infinitespire:Lucky Rock"},{"floor":8,"key":"infinitespire:Bottled Soul"},{"floor":9,"key":"reliquary:RadioactivePellet"}],"event_choices":[{"damage_healed":0,"gold_gain":0,"player_choice":"Forge","damage_taken":0,"max_hp_gain":0,"max_hp_loss":0,"event_name":"Accursed Blacksmith","floor":2,"gold_loss":0,"cards_upgraded":["Dash"]},{"damage_healed":0,"gold_gain":1,"player_choice":"Relic Relic ","damage_taken":6,"max_hp_gain":0,"max_hp_loss":0,"event_name":"betterThird:BetterScrap","floor":12,"gold_loss":0,"cards_obtained":["Reaper"]},{"damage_healed":0,"gold_gain":0,"player_choice":"Copied","damage_taken":0,"max_hp_gain":0,"max_hp_loss":0,"event_name":"Duplicator","floor":20,"gold_loss":0,"cards_obtained":["Envenom"]}],"is_beta":false,"boss_relics":[{"not_picked":["Runic Pyramid","Cursed Key"],"picked":"reliquary:WritOfMandamus"}],"items_purged_floors":[],"is_endless":false,"potions_floor_spawned":[3,8,10,16,18,19,21],"killed_by":"Shelled Parasite and Fungi","ascension_level":1}}