{"host":"k7udt7atmcuzf6l0","time":1612592753,"event":{"mods":["AchievementEnabler","BaseMod","BetterRewards","Colored Map","Colored Powertips","Highlight Path","Minty Spire (QoL Compilation)","Quick Restart","Rare Cards Sparkle","Relic Stats","StSLib","UnlockEverythingMod"],"gold_per_floor":[115,133,133,133,180,211,211,228,228,228,244,254,254,273,273,378,378,397,28,28,48,58,58,58,58,58,83,13,25,25,38,38,139,139,159,9,22,22,39,39,74,74,101,132,144,175,207,0,12,24,24],"floor_reached":50,"language":"ZHS","playtime":1098,"items_purged":["Defend_R"],"score":544,"play_id":"3d40ee48-5e7e-45a4-b3a8-7d460ad4c7bc","local_time":"20210206142553","is_ascension_mode":false,"campfire_choices":[{"data":"Flex","floor":7,"key":"SMITH"},{"data":"Clash","floor":10,"key":"SMITH"},{"data":"Sword Boomerang","floor":13,"key":"SMITH"},{"data":"Shockwave","floor":15,"key":"SMITH"},{"data":"Chrysalis","floor":23,"key":"SMITH"},{"data":"Whirlwind","floor":25,"key":"SMITH"},{"data":"Seeing Red","floor":30,"key":"SMITH"},{"data":"Thunderclap","floor":32,"key":"SMITH"},{"data":"Reaper","floor":40,"key":"SMITH"},{"floor":45,"key":"REST"},{"data":"Bash","floor":49,"key":"SMITH"}],"circlet_count":0,"master_deck":["Strike_R","Strike_R","Strike_R","Strike_R","Defend_R","Defend_R","Defend_R","Bash+1","Clash+1","Twin Strike","Flex+1","Sword Boomerang+1","Thunderclap+1","Shockwave+1","Reaper+1","Cleave+1","Seeing Red+1","Chrysalis+1","Whirlwind+1","Flex+1","Iron Wave+1","Havoc+1","Shrug It Off+1","Pommel Strike+1","Infernal Blade+1","Corruption+1","Rage+1","Battle Trance+1","Dark Shackles+1","Headbutt","Rage+1","Inflame+1","Metallicize+1","Parasite","Flex+1"],"relics":["Burning Blood","NeowsBlessing","Bronze Scales","Akabeko","Frozen Egg 2","Blue Candle","Sozu","Nilry\u0027s Codex","Toxic Egg 2","Art of War","Philosopher\u0027s Stone","Lantern","Calipers","MawBank","Red Mask"],"acts_visited":["Exordium","TheCity","TheBeyond"],"potions_floor_usage":[18,22,27],"damage_taken":[{"damage":0,"enemies":"Small Slimes","floor":1,"turns":1},{"damage":0,"enemies":"2 Louse","floor":2,"turns":1},{"damage":0,"enemies":"Gremlin Nob","floor":6,"turns":1},{"damage":6,"enemies":"Jaw Worm","floor":8,"turns":2},{"damage":0,"enemies":"2 Fungi Beasts","floor":11,"turns":2},{"damage":8,"enemies":"Red Slaver","floor":12,"turns":2},{"damage":0,"enemies":"Blue Slaver","floor":14,"turns":1},{"damage":48,"enemies":"The Guardian","floor":16,"turns":6},{"damage":10,"enemies":"Shell Parasite","floor":18,"turns":3},{"damage":5,"enemies":"Chosen","floor":21,"turns":3},{"damage":21,"enemies":"Shelled Parasite and Fungi","floor":22,"turns":3},{"damage":10,"enemies":"Slavers","floor":27,"turns":3},{"damage":9,"enemies":"Snecko","floor":29,"turns":5},{"damage":0,"enemies":"Centurion and Healer","floor":31,"turns":3},{"damage":74,"enemies":"Collector","floor":33,"turns":7},{"damage":12,"enemies":"3 Shapes","floor":35,"turns":1},{"damage":0,"enemies":"3 Darklings","floor":37,"turns":1},{"damage":29,"enemies":"Transient","floor":39,"turns":5},{"damage":23,"enemies":"Nemesis","floor":41,"turns":3},{"damage":35,"enemies":"Sphere and 2 Shapes","floor":44,"turns":3},{"damage":6,"enemies":"4 Shapes","floor":46,"turns":4},{"damage":9,"enemies":"Writhing Mass","floor":47,"turns":5},{"damage":89,"enemies":"Donu and Deca","floor":50,"turns":5}],"seed_played":"-4491635236568529808","potions_obtained":[{"floor":6,"key":"Explosive Potion"},{"floor":8,"key":"DuplicationPotion"},{"floor":16,"key":"Block Potion"}],"is_trial":false,"path_per_floor":["M","M","?","?","T","E","R","M","T","R","M","M","R","M","R","B",null,"M","$","?","M","M","R","?","R","T","E","$","M","R","M","R","B",null,"M","$","M","?","M","R","E","?","T","M","R","M","M","?","R","B"],"character_chosen":"IRONCLAD","items_purchased":["Seeing Red","Chrysalis","Whirlwind","Havoc+1","Shrug It Off+1","Lantern"],"campfire_rested":1,"item_purchase_floors":[19,19,19,28,28,36],"current_hp_per_floor":[80,80,73,78,78,84,84,84,84,84,85,83,83,85,85,43,85,81,81,81,82,67,67,51,51,51,69,69,66,66,72,72,22,85,79,79,85,85,62,62,45,45,45,16,41,41,38,38,38,0,0],"gold":24,"neow_bonus":"THREE_ENEMY_KILL","is_daily":false,"chose_seed":false,"campfire_upgraded":10,"win_rate":0.0,"timestamp":1612592753,"path_taken":["M","M","?","?","?","E","R","M","T","R","M","M","R","M","R","BOSS","M","$","?","?","M","R","?","R","T","E","$","M","R","M","R","BOSS","M","$","M","?","M","R","E","?","T","M","R","M","?","?","R","BOSS"],"items_purchased_type":["Card","Card","Card","Card","Card","Relic"],"build_version":"2020-12-22","purchased_purges":1,"victory":false,"max_hp_per_floor":[80,80,80,85,85,85,85,85,85,85,85,85,85,85,85,85,85,85,85,85,85,85,85,85,85,85,85,85,85,85,85,85,85,85,85,85,85,85,85,85,85,85,85,85,85,85,85,85,85,85,85],"relic_stats":{"Sozu":8,"counters":[23,70],"Bronze Scales":[162],"Blue Candle":[1],"Art of War":[1],"MawBank":84,"obtain_stats":[{"Lantern":36,"Calipers":41,"NeowsBlessing":0,"Nilry\u0027s Codex":24,"Blue Candle":9,"Frozen Egg 2":6,"MawBank":43,"Burning Blood":0,"Akabeko":5,"Sozu":17,"Bronze Scales":3,"Philosopher\u0027s Stone":34,"Art of War":27,"Red Mask":48,"Toxic Egg 2":26},{"Lantern":16,"Calipers":19,"NeowsBlessing":0,"Nilry\u0027s Codex":11,"Blue Candle":4,"Frozen Egg 2":3,"MawBank":19,"Burning Blood":0,"Akabeko":2,"Sozu":8,"Bronze Scales":2,"Philosopher\u0027s Stone":15,"Art of War":12,"Red Mask":22,"Toxic Egg 2":11},{"Lantern":44,"Calipers":53,"NeowsBlessing":0,"Nilry\u0027s Codex":25,"Blue Candle":5,"Frozen Egg 2":3,"MawBank":53,"Burning Blood":0,"Akabeko":2,"Sozu":16,"Bronze Scales":2,"Philosopher\u0027s Stone":43,"Art of War":28,"Red Mask":65,"Toxic Egg 2":25}],"Burning Blood":111},"card_choices":[{"not_picked":["Havoc","Clothesline"],"picked":"Clash","floor":1},{"not_picked":["Havoc","Warcry"],"picked":"Twin Strike","floor":2},{"not_picked":["Uppercut","Ghostly Armor"],"picked":"Flex","floor":6},{"not_picked":["Perfected Strike","Ghostly Armor","Iron Wave"],"picked":"SKIP","floor":8},{"not_picked":["Juggernaut+1","Pommel Strike"],"picked":"Sword Boomerang","floor":11},{"not_picked":["Iron Wave","Headbutt"],"picked":"Thunderclap","floor":12},{"not_picked":["Anger","Seeing Red"],"picked":"Shockwave","floor":14},{"not_picked":["Fiend Fire","Demon Form+1"],"picked":"Reaper","floor":16},{"not_picked":["True Grit","Perfected Strike"],"picked":"Cleave+1","floor":18},{"not_picked":["Perfected Strike+1","Searing Blow"],"picked":"Iron Wave+1","floor":21},{"not_picked":["Sword Boomerang","Clash","Reckless Charge+1"],"picked":"SKIP","floor":22},{"not_picked":["Fiend Fire","Iron Wave","Pommel Strike"],"picked":"SKIP","floor":27},{"not_picked":["Body Slam","Cleave"],"picked":"Pommel Strike+1","floor":29},{"not_picked":["True Grit+1","Pommel Strike"],"picked":"Infernal Blade+1","floor":31},{"not_picked":["Juggernaut+1","Barricade+1"],"picked":"Corruption+1","floor":33},{"not_picked":["Cleave+1","Heavy Blade"],"picked":"Rage+1","floor":35},{"not_picked":["Shrug It Off+1","Pummel"],"picked":"Battle Trance+1","floor":37},{"not_picked":["Finesse+1","HandOfGreed"],"picked":"Dark Shackles+1","floor":38},{"not_picked":["Flame Barrier+1","Iron Wave"],"picked":"Headbutt","floor":39},{"not_picked":["Pummel","Flex+1"],"picked":"Rage+1","floor":41},{"not_picked":["Combust+1","Havoc+1"],"picked":"Inflame+1","floor":44},{"not_picked":["Perfected Strike","Clothesline"],"picked":"Metallicize+1","floor":46},{"not_picked":["Thunderclap+1","Hemokinesis"],"picked":"Flex+1","floor":47}],"player_experience":56164,"relics_obtained":[{"floor":5,"key":"Akabeko"},{"floor":6,"key":"Frozen Egg 2"},{"floor":9,"key":"Blue Candle"},{"floor":24,"key":"Nilry\u0027s Codex"},{"floor":26,"key":"Toxic Egg 2"},{"floor":27,"key":"Art of War"},{"floor":41,"key":"Calipers"},{"floor":43,"key":"MawBank"}],"event_choices":[{"damage_healed":0,"gold_gain":0,"player_choice":"Success","damage_taken":7,"relics_obtained":["Bronze Scales"],"max_hp_gain":0,"max_hp_loss":0,"event_name":"Scrap Ooze","floor":3,"gold_loss":0},{"damage_healed":0,"gold_gain":0,"player_choice":"Donut","damage_taken":0,"max_hp_gain":5,"max_hp_loss":0,"event_name":"Big Fish","floor":4,"gold_loss":0},{"damage_healed":0,"gold_gain":0,"player_choice":"Copied","damage_taken":0,"max_hp_gain":0,"max_hp_loss":0,"event_name":"Duplicator","floor":20,"gold_loss":0,"cards_obtained":["Flex"]},{"damage_healed":0,"gold_gain":0,"player_choice":"Obtained Book","damage_taken":16,"max_hp_gain":0,"max_hp_loss":0,"event_name":"Cursed Tome","floor":24,"gold_loss":0},{"damage_healed":0,"gold_gain":0,"player_choice":"Memory 1","damage_taken":0,"max_hp_gain":0,"max_hp_loss":0,"event_name":"SensoryStone","floor":38,"gold_loss":0},{"cards_removed":["Strike_R"],"damage_healed":0,"gold_gain":0,"player_choice":"Removed Attack","damage_taken":0,"max_hp_gain":0,"max_hp_loss":0,"event_name":"Falling","floor":42,"gold_loss":0},{"damage_healed":0,"gold_gain":0,"player_choice":"Paid","damage_taken":0,"relics_obtained":["Red Mask"],"max_hp_gain":0,"max_hp_loss":0,"event_name":"Tomb of Lord Red Mask","floor":48,"gold_loss":219}],"is_beta":false,"boss_relics":[{"not_picked":["Snecko Eye","Calling Bell"],"picked":"Sozu"},{"not_picked":["Runic Dome","Tiny House"],"picked":"Philosopher\u0027s Stone"}],"items_purged_floors":[19],"is_endless":false,"potions_floor_spawned":[6,8,16,21,27,29,33,39,41,44,47],"killed_by":"Donu and Deca","ascension_level":0}}