{"host":"36t3qd3wjvajtu1z","time":1612583357,"event":{"mods":["2.2 Compatiblity","AchievementEnabler","BaseMod","Block Reminder","Colored Map","Colored Powertips","Minty Spire (QoL Compilation)","Permanent Neow","Quick Restart","Random Character Button","Rare Cards Sparkle","Relic Stats","Slay-I","StSLib"],"gold_per_floor":[367,23,35,54,54,81,81,81,81,107,23,23,35,52,52,129,129,145,145,160,17,116,143,143,170,170,186,186,186,25,52,52,124,124,142,142,153,153,173,173,198,218,218,218,218,218,230,11,11,11],"floor_reached":51,"language":"ENG","playtime":3480,"items_purged":["Strike_G","Doubt"],"score":1317,"play_id":"9d749483-579e-4ad8-8c27-6fd52e983880","local_time":"20210205194917","is_ascension_mode":true,"campfire_choices":[{"data":"Leg Sweep","floor":12.0,"key":"SMITH"},{"floor":15.0,"key":"REST"},{"floor":24.0,"key":"REST"},{"floor":29,"key":"REST"},{"floor":32,"key":"REST"},{"data":"Panache","floor":40,"key":"SMITH"},{"floor":49,"key":"DIG"}],"circlet_count":0,"master_deck":["AscendersBane","Strike_G","Strike_G","Strike_G","Defend_G","Defend_G","Defend_G","Defend_G","Defend_G","Survivor","Neutralize","Dagger Spray","Panache+1","Swift Strike","Poisoned Stab","Blur","Leg Sweep+1","Well Laid Plans+1","Outmaneuver","Burst","Adrenaline","CurseOfTheBell","Cloak And Dagger","Blade Dance","Infinite Blades+1","Predator","Blur","Wraith Form v2+1","After Image+1","Backflip","Madness","Madness","Prepared+1","Distraction+1","Backflip","Blade Dance","Accuracy+1"],"relics":["Ring of the Snake","Frozen Egg 2","Mummified Hand","FaceOfCleric","Centennial Puzzle","Shovel","Calling Bell","Strawberry","InkBottle","Thread and Needle","WarpedTongs","Matryoshka","Torii","Happy Flower","Sundial","CaptainsWheel","Philosopher\u0027s Stone","Letter Opener","Oddly Smooth Stone","The Specimen","Blue Candle"],"acts_visited":["Exordium","TheCity","TheBeyond"],"potions_floor_usage":[47,50,50],"damage_taken":[{"damage":1.0,"enemies":"Jaw Worm","floor":1.0,"turns":6.0},{"damage":0.0,"enemies":"2 Louse","floor":3.0,"turns":2.0},{"damage":1.0,"enemies":"Cultist","floor":4.0,"turns":3.0},{"damage":31.0,"enemies":"Gremlin Nob","floor":6.0,"turns":5.0},{"damage":7.0,"enemies":"3 Sentries","floor":10.0,"turns":6.0},{"damage":0.0,"enemies":"Looter","floor":13.0,"turns":3.0},{"damage":0.0,"enemies":"Red Slaver","floor":14.0,"turns":3.0},{"damage":2.0,"enemies":"The Guardian","floor":16.0,"turns":14.0},{"damage":21.0,"enemies":"Spheric Guardian","floor":18.0,"turns":6.0},{"damage":17.0,"enemies":"2 Thieves","floor":20.0,"turns":5.0},{"damage":38.0,"enemies":"Book of Stabbing","floor":23.0,"turns":6.0},{"damage":17.0,"enemies":"Gremlin Leader","floor":25.0,"turns":8.0},{"damage":9.0,"enemies":"Centurion and Healer","floor":27.0,"turns":6.0},{"damage":16,"enemies":"Slavers","floor":31,"turns":4},{"damage":23,"enemies":"Automaton","floor":33,"turns":12},{"damage":0,"enemies":"Orb Walker","floor":35,"turns":4},{"damage":9,"enemies":"3 Darklings","floor":37,"turns":5},{"damage":0,"enemies":"Transient","floor":39,"turns":5},{"damage":7,"enemies":"Giant Head","floor":41,"turns":11},{"damage":0,"enemies":"Maw","floor":42,"turns":8},{"damage":0,"enemies":"Jaw Worm Horde","floor":47,"turns":5},{"damage":26,"enemies":"Awakened One","floor":50,"turns":9}],"seed_played":"4891611199615530126","potions_obtained":[{"floor":6.0,"key":"GhostInAJar"},{"floor":13.0,"key":"BlessingOfTheForge"},{"floor":18.0,"key":"Fruit Juice"},{"floor":20.0,"key":"FairyPotion"},{"floor":35,"key":"CunningPotion"},{"floor":41,"key":"EssenceOfSteel"},{"floor":47,"key":"Weak Potion"}],"is_trial":false,"path_per_floor":["M","$","M","M","?","E","?","?","T","E","$","R","M","M","R","B",null,"M","?","M","$","?","E","R","E","T","M","?","R","$","E","R","B",null,"M","?","M","?","M","R","E","M","T","?","?","?","M","$","R","B",null],"character_chosen":"THE_SILENT","items_purchased":["Panache","Swift Strike","Well Laid Plans+1","Dexterity Potion","Blade Dance","Infinite Blades+1","Strength Potion","Wraith Form v2+1","Accuracy+1","Energy Potion"],"campfire_rested":4,"item_purchase_floors":[2,2,11,11,21,21,21,30,48,48],"current_hp_per_floor":[58,58,58,57,57,26,26,26,26,20,20,20,21,22,40,39,65,50,50,34,34,34,20,43,27,27,19,19,43,43,28,52,30,70,71,60,52,52,53,53,47,48,48,48,48,88,89,89,89,64],"gold":11,"neow_bonus":"TWO_FIFTY_GOLD","is_daily":false,"chose_seed":false,"campfire_upgraded":2,"win_rate":0.0,"timestamp":1612583357,"path_taken":["M","$","M","M","?","E","?","?","T","E","$","R","?","M","R","BOSS","M","?","?","$","?","E","R","E","T","M","?","R","?","E","R","BOSS","M","?","M","?","?","R","E","?","T","?","?","?","M","$","R","BOSS"],"items_purchased_type":["Card","Card","Card","Potion","Card","Card","Potion","Card","Card","Potion"],"build_version":"2020-12-22","purchased_purges":2,"victory":true,"max_hp_per_floor":[60,60,60,60,60,60,60,60,60,61,61,61,62,63,63,64,71,77,77,78,78,78,79,79,80,80,81,81,81,81,82,82,83,83,84,84,85,85,86,86,87,88,88,88,88,88,89,89,89,90],"relic_stats":{"Torii":6,"Happy Flower":[23],"counters":[22,136],"Blue Candle":[1],"Letter Opener":[115],"WarpedTongs":[88],"Centennial Puzzle":[36],"Shovel":1,"FaceOfCleric":18,"Mummified Hand":[68],"Sundial":[10],"obtain_stats":[{"Torii":25,"Happy Flower":26,"The Specimen":43,"Blue Candle":49,"Oddly Smooth Stone":43,"Thread and Needle":17,"Letter Opener":41,"Frozen Egg 2":6,"WarpedTongs":19,"Calling Bell":17,"Centennial Puzzle":9,"CaptainsWheel":31,"Shovel":10,"Matryoshka":23,"FaceOfCleric":8,"Mummified Hand":7,"Sundial":26,"Strawberry":17,"Philosopher\u0027s Stone":34,"InkBottle":17,"Ring of the Snake":0},{"Torii":12,"Happy Flower":12,"The Specimen":20,"Blue Candle":21,"Oddly Smooth Stone":20,"Thread and Needle":8,"Letter Opener":19,"Frozen Egg 2":4,"WarpedTongs":9,"Calling Bell":8,"Centennial Puzzle":4,"CaptainsWheel":14,"Shovel":5,"Matryoshka":11,"FaceOfCleric":4,"Mummified Hand":4,"Sundial":12,"Strawberry":8,"Philosopher\u0027s Stone":15,"InkBottle":8,"Ring of the Snake":0},{"Torii":67,"Happy Flower":67,"The Specimen":122,"Blue Candle":127,"Oddly Smooth Stone":122,"Thread and Needle":42,"Letter Opener":114,"Frozen Egg 2":16,"WarpedTongs":48,"Calling Bell":42,"Centennial Puzzle":16,"CaptainsWheel":77,"Shovel":22,"Matryoshka":59,"FaceOfCleric":16,"Mummified Hand":16,"Sundial":67,"Strawberry":42,"Philosopher\u0027s Stone":89,"InkBottle":42,"Ring of the Snake":0}],"InkBottle":[61],"Ring of the Snake":[44]},"card_choices":[{"not_picked":["Backflip","Escape Plan"],"picked":"Dagger Spray","floor":1.0},{"not_picked":["Quick Slash","Masterful Stab"],"picked":"Poisoned Stab","floor":3.0},{"not_picked":["Expertise","Deflect"],"picked":"Dagger Throw","floor":4.0},{"not_picked":["PiercingWail","Distraction"],"picked":"Blur","floor":6.0},{"not_picked":["Acrobatics","Flying Knee"],"picked":"Leg Sweep","floor":10.0},{"not_picked":["Quick Slash","Leg Sweep"],"picked":"Outmaneuver","floor":13.0},{"not_picked":["PiercingWail","Dodge and Roll"],"picked":"Burst","floor":14.0},{"not_picked":["Malaise","Doppelganger"],"picked":"Adrenaline","floor":16.0},{"not_picked":["Underhanded Strike","Distraction","Well Laid Plans+1"],"picked":"SKIP","floor":18.0},{"not_picked":["Sucker Punch","Dodge and Roll"],"picked":"Cloak And Dagger","floor":20.0},{"not_picked":["Bane","Dagger Throw+1"],"picked":"Predator","floor":23.0},{"not_picked":["Riddle With Holes","Bouncing Flask","Flying Knee"],"picked":"SKIP","floor":25.0},{"not_picked":["Acrobatics","Catalyst"],"picked":"Blur","floor":27.0},{"not_picked":["Unload","Cloak And Dagger","Distraction"],"picked":"SKIP","floor":31},{"not_picked":["Burst","Bullet Time"],"picked":"After Image+1","floor":33},{"not_picked":["Flying Knee","Tactician"],"picked":"Backflip","floor":35},{"not_picked":["Riddle With Holes","Sucker Punch"],"picked":"Prepared+1","floor":37},{"not_picked":["Sucker Punch","Dagger Throw","Quick Slash"],"picked":"SKIP","floor":39},{"not_picked":["Sucker Punch","Prepared"],"picked":"Distraction+1","floor":41},{"not_picked":["Glass Knife","Deflect"],"picked":"Backflip","floor":42},{"not_picked":["Dagger Throw","Bane"],"picked":"Blade Dance","floor":47}],"player_experience":406915,"relics_obtained":[{"floor":6.0,"key":"Frozen Egg 2"},{"floor":9.0,"key":"Centennial Puzzle"},{"floor":10.0,"key":"Shovel"},{"floor":17.0,"key":"Strawberry"},{"floor":17.0,"key":"InkBottle"},{"floor":17.0,"key":"Thread and Needle"},{"floor":23.0,"key":"Matryoshka"},{"floor":25.0,"key":"Torii"},{"floor":26.0,"key":"Happy Flower"},{"floor":26.0,"key":"Sundial"},{"floor":31,"key":"CaptainsWheel"},{"floor":41,"key":"Letter Opener"},{"floor":43,"key":"Oddly Smooth Stone"},{"floor":43,"key":"The Specimen"},{"floor":49,"key":"Blue Candle"}],"event_choices":[{"damage_healed":0.0,"max_hp_gain":0.0,"max_hp_loss":0.0,"gold_gain":0.0,"event_name":"Liars Game","player_choice":"Ignored","floor":5.0,"gold_loss":0.0,"damage_taken":0.0},{"damage_healed":0.0,"max_hp_gain":0.0,"max_hp_loss":0.0,"gold_gain":0.0,"event_name":"Dead Adventurer","player_choice":"Searched \u00271\u0027 times","floor":7.0,"gold_loss":0.0,"damage_taken":0.0,"relics_obtained":["Mummified Hand"]},{"damage_healed":0.0,"max_hp_gain":0.0,"max_hp_loss":0.0,"gold_gain":0.0,"event_name":"FaceTrader","player_choice":"Trade","floor":8.0,"gold_loss":0.0,"damage_taken":0.0,"relics_obtained":["FaceOfCleric"]},{"damage_healed":0.0,"max_hp_gain":0.0,"max_hp_loss":0.0,"gold_gain":0.0,"event_name":"Accursed Blacksmith","player_choice":"Rummage","floor":19.0,"gold_loss":0.0,"damage_taken":0.0,"relics_obtained":["WarpedTongs"],"cards_obtained":["Pain"]},{"damage_healed":0.0,"max_hp_gain":0.0,"max_hp_loss":0.0,"gold_gain":99.0,"event_name":"Nest","player_choice":"Stole From Cult","floor":22.0,"gold_loss":0.0,"damage_taken":0.0},{"cards_removed":["Pain"],"damage_healed":0,"gold_gain":0,"player_choice":"Elegance","damage_taken":0,"max_hp_gain":0,"max_hp_loss":0,"event_name":"Back to Basics","floor":28,"gold_loss":0},{"damage_healed":0,"gold_gain":0,"player_choice":"Embrace Madness","damage_taken":11,"max_hp_gain":0,"max_hp_loss":0,"event_name":"Winding Halls","floor":36,"gold_loss":0,"cards_obtained":["Madness","Madness"]},{"cards_removed":["Strike_G"],"damage_healed":0,"gold_gain":0,"player_choice":"Purged","damage_taken":0,"max_hp_gain":0,"max_hp_loss":0,"event_name":"Purifier","floor":38,"gold_loss":0},{"damage_healed":0,"gold_gain":0,"player_choice":"Ignored","damage_taken":0,"max_hp_gain":0,"max_hp_loss":0,"event_name":"Mysterious Sphere","floor":44,"gold_loss":0},{"cards_removed":["Dagger Throw"],"damage_healed":0,"gold_gain":0,"player_choice":"Removed Attack","damage_taken":0,"max_hp_gain":0,"max_hp_loss":0,"event_name":"Falling","floor":45,"gold_loss":0},{"damage_healed":40,"gold_gain":0,"player_choice":"Heal","damage_taken":0,"max_hp_gain":0,"max_hp_loss":0,"event_name":"MindBloom","floor":46,"gold_loss":0,"cards_obtained":["Doubt"]}],"is_beta":false,"boss_relics":[{"not_picked":["SacredBark","SlaversCollar"],"picked":"Calling Bell"},{"not_picked":["Cursed Key","Ring of the Serpent"],"picked":"Philosopher\u0027s Stone"}],"items_purged_floors":[2,48],"is_endless":false,"potions_floor_spawned":[6,13,14,18,20,35,41,47],"ascension_level":14}}