{"host":"vhvubw4jk4f204qs","time":1612642109,"event":{"mods":["AchievementEnabler","BaseMod","DeckTracker","GifTheSpireLib","Googly Eyes","Minty Spire (QoL Compilation)","Permanent Neow","Quick Restart","StSLib","SuperFastMode","The IronCluck","slay the spire mod where everything is the same but ironclad has a cowboy hat"],"gold_per_floor":[368,384,403,403,161,173,200,38,119,154,154,154,180,197,197,274,274,284,284,284,295,310,310,310,310,334,366,366,391,306,341,341,419,419,438,63,78,98,98,123,123,149,149,165,177,205,205,99,99,99],"floor_reached":51,"language":"ENG","playtime":5892,"items_purged":["Strike_P","Strike_P"],"score":1854,"play_id":"56ff1cca-1acc-4adf-a231-2439cc08aa8c","local_time":"20210206150829","is_ascension_mode":true,"campfire_choices":[{"floor":11.0,"key":"REST"},{"data":"Eruption","floor":15.0,"key":"SMITH"},{"floor":23,"key":"REST"},{"data":"Venomology","floor":25,"key":"SMITH"},{"data":"Blade Dance","floor":28,"key":"SMITH"},{"data":"EmptyMind","floor":32,"key":"SMITH"},{"data":"Limit Break","floor":41,"key":"SMITH"},{"data":"Adrenaline","floor":47,"key":"SMITH"},{"data":"Deep Breath","floor":49,"key":"SMITH"}],"circlet_count":0,"master_deck":["AscendersBane","Strike_P","Strike_P","Defend_P","Defend_P","Defend_P","Defend_P","Eruption+1","Vigilance","EmptyFist","FlurryOfBlows","Evaluate","Venomology+1","Tantrum","EmptyMind+1","Quick Slash","Panacea","Blade Dance+1","Gash","Acrobatics","Adrenaline+1","Anger","Limit Break+1","Sanctity","ClearTheMind+1","Sword Boomerang","Deep Breath+1"],"relics":["PureWater","CultistMask","PrismaticShard","Thread and Needle","Shuriken","Oddly Smooth Stone","Pantograph","Potion Belt","Black Star","MutagenicStrength","Akabeko","Bronze Scales","Mango","Gremlin Horn","GoldenEye","Strawberry","HornCleat","Pear","Philosopher\u0027s Stone","Ornamental Fan","Anchor","Regal Pillow","PreservedInsect","Dead Branch","Mummified Hand","InkBottle"],"acts_visited":["Exordium","TheCity","TheBeyond"],"potions_floor_usage":[21,21,22,31,31,31,31,35,35,38,40,40,44,44,45,45,50,50,50,50,50],"damage_taken":[{"damage":9.0,"enemies":"Cultist","floor":1.0,"turns":5.0},{"damage":0.0,"enemies":"Jaw Worm","floor":2.0,"turns":3.0},{"damage":3.0,"enemies":"Small Slimes","floor":3.0,"turns":4.0},{"damage":4.0,"enemies":"3 Louse","floor":6.0,"turns":4.0},{"damage":20.0,"enemies":"3 Sentries","floor":7.0,"turns":5.0},{"damage":16.0,"enemies":"Lagavulin","floor":10.0,"turns":5.0},{"damage":7.0,"enemies":"3 Sentries","floor":13.0,"turns":12.0},{"damage":0.0,"enemies":"2 Fungi Beasts","floor":14.0,"turns":3.0},{"damage":18.0,"enemies":"Hexaghost","floor":16.0,"turns":6.0},{"damage":0.0,"enemies":"Spheric Guardian","floor":18.0,"turns":2.0},{"damage":1,"enemies":"3 Byrds","floor":21,"turns":5},{"damage":14,"enemies":"Centurion and Healer","floor":22,"turns":6},{"damage":2,"enemies":"Slavers","floor":27,"turns":3},{"damage":0,"enemies":"Gremlin Leader","floor":29,"turns":3},{"damage":13,"enemies":"Book of Stabbing","floor":31,"turns":5},{"damage":54,"enemies":"Collector","floor":33,"turns":7},{"damage":16,"enemies":"3 Shapes","floor":35,"turns":3},{"damage":0,"enemies":"Orb Walker","floor":37,"turns":1},{"damage":0,"enemies":"Spire Growth","floor":38,"turns":2},{"damage":0,"enemies":"Giant Head","floor":40,"turns":4},{"damage":0,"enemies":"Reptomancer","floor":42,"turns":2},{"damage":0,"enemies":"Maw","floor":44,"turns":6},{"damage":0,"enemies":"Sphere and 2 Shapes","floor":45,"turns":3},{"damage":8,"enemies":"Nemesis","floor":46,"turns":3},{"damage":3,"enemies":"Donu and Deca","floor":50,"turns":4}],"seed_played":"-1832302434488891428","potions_obtained":[{"floor":1.0,"key":"SkillPotion"},{"floor":6.0,"key":"GamblersBrew"},{"floor":16.0,"key":"StancePotion"},{"floor":22,"key":"BottledMiracle"},{"floor":29,"key":"Energy Potion"},{"floor":33,"key":"Fire Potion"},{"floor":35,"key":"Fire Potion"},{"floor":37,"key":"Swift Potion"},{"floor":38,"key":"Block Potion"},{"floor":45,"key":"PowerPotion"}],"is_trial":false,"path_per_floor":["M","M","M","?","$","M","E","$","T","E","R","T","E","M","R","B",null,"M","?","?","M","M","R","?","R","T","E","R","E","?","E","R","B",null,"M","$","M","M","?","E","R","E","T","M","M","E","R","$","R","B",null],"character_chosen":"WATCHER","items_purchased":["PrismaticShard","Tantrum","EmptyMind","Ornamental Fan","Deep Breath"],"campfire_rested":2,"item_purchase_floors":[5,8,8,36,48],"current_hp_per_floor":[52,52,49,49,49,45,25,25,25,9,27,27,20,20,20,27,53,53,53,36,35,21,41,41,41,41,53,53,53,60,57,57,28,81,65,65,65,65,65,65,65,65,65,65,65,57,57,57,57,79],"gold":99,"neow_bonus":"TWO_FIFTY_GOLD","is_daily":false,"chose_seed":false,"campfire_upgraded":7,"win_rate":0.0,"timestamp":1612642109,"path_taken":["M","M","M","?","$","M","E","?","T","E","R","?","E","M","R","BOSS","M","?","?","M","M","R","?","R","T","E","R","E","?","E","R","BOSS","M","$","M","M","?","E","R","E","T","M","M","E","R","$","R","BOSS"],"items_purchased_type":["Relic","Card","Card","Relic","Card"],"build_version":"2020-12-22","purchased_purges":2,"victory":true,"max_hp_per_floor":[62,62,62,62,62,62,62,62,62,62,62,62,62,62,62,62,62,62,62,67,67,67,67,67,67,67,81,81,81,88,98,98,98,98,98,98,98,98,98,98,98,98,98,98,98,98,98,98,98,98],"card_choices":[{"not_picked":["CrushJoints","Protect"],"picked":"EmptyFist","floor":1.0},{"not_picked":["FollowUp","Consecrate"],"picked":"FlurryOfBlows","floor":2.0},{"not_picked":["Protect","ClearTheMind"],"picked":"Evaluate","floor":3.0},{"not_picked":["Dagger Throw","Prepared"],"picked":"Venomology","floor":6.0},{"not_picked":["Concentrate","Sadistic Nature","Perfected Strike"],"picked":"SKIP","floor":7.0},{"not_picked":["Rebound","Perfected Strike","Rip and Tear"],"picked":"SKIP","floor":10.0},{"not_picked":["Distraction","Wild Strike","Bane"],"picked":"SKIP","floor":13.0},{"not_picked":["Clash","Expertise"],"picked":"Quick Slash","floor":14.0},{"not_picked":["Heel Hook","Expertise"],"picked":"Panacea","floor":18.0},{"not_picked":["Thunderclap","Go for the Eyes","Sucker Punch"],"picked":"SKIP","floor":21},{"not_picked":["Sentinel","Barrage","Shockwave"],"picked":"SKIP","floor":22},{"not_picked":["Clothesline","Indignation"],"picked":"Blade Dance","floor":27},{"not_picked":["Tactician","Streamline"],"picked":"Gash","floor":29},{"not_picked":["Aggregate","Flex"],"picked":"Acrobatics","floor":31},{"not_picked":["Malaise","Offering"],"picked":"Adrenaline","floor":33},{"not_picked":["EmptyFist+1","Prepared+1","Flame Barrier"],"picked":"SKIP","floor":35},{"not_picked":["Protect","Sever Soul"],"picked":"Anger","floor":37},{"not_picked":["Cleave+1","Beam Cell"],"picked":"Limit Break","floor":38},{"not_picked":["Bloodletting+1","Streamline"],"picked":"Sanctity","floor":40},{"not_picked":["Nirvana","Magnetism"],"picked":"ClearTheMind+1","floor":42},{"not_picked":["Prepared+1","FlyingSleeves+1"],"picked":"Sword Boomerang","floor":44},{"not_picked":["Escape Plan","ThirdEye","WaveOfTheHand+1"],"picked":"SKIP","floor":45},{"not_picked":["Dark Shackles+1","Skewer","Undo+1"],"picked":"SKIP","floor":46}],"player_experience":771360,"relics_obtained":[{"floor":7.0,"key":"Thread and Needle"},{"floor":9.0,"key":"Shuriken"},{"floor":10.0,"key":"Oddly Smooth Stone"},{"floor":12.0,"key":"Pantograph"},{"floor":13.0,"key":"Potion Belt"},{"floor":26,"key":"Akabeko"},{"floor":27,"key":"Bronze Scales"},{"floor":27,"key":"Mango"},{"floor":29,"key":"Gremlin Horn"},{"floor":29,"key":"GoldenEye"},{"floor":31,"key":"HornCleat"},{"floor":31,"key":"Pear"},{"floor":40,"key":"Anchor"},{"floor":40,"key":"Regal Pillow"},{"floor":42,"key":"PreservedInsect"},{"floor":42,"key":"Dead Branch"},{"floor":46,"key":"Mummified Hand"},{"floor":46,"key":"InkBottle"}],"event_choices":[{"damage_healed":0.0,"max_hp_gain":0.0,"max_hp_loss":0.0,"gold_gain":0.0,"event_name":"FaceTrader","player_choice":"Trade","floor":4.0,"gold_loss":0.0,"damage_taken":0.0,"relics_obtained":["CultistMask"]},{"damage_healed":0.0,"max_hp_gain":0.0,"max_hp_loss":0.0,"gold_gain":0.0,"event_name":"Drug Dealer","player_choice":"Inject Mutagens","floor":19.0,"gold_loss":0.0,"damage_taken":0.0,"relics_obtained":["MutagenicStrength"]},{"damage_healed":0.0,"max_hp_gain":5.0,"max_hp_loss":0.0,"gold_gain":0.0,"event_name":"Forgotten Altar","player_choice":"Shed Blood","floor":20.0,"gold_loss":0.0,"damage_taken":22.0},{"damage_healed":0,"gold_gain":0,"player_choice":"Ignored","damage_taken":0,"max_hp_gain":0,"max_hp_loss":0,"event_name":"Vampires","floor":24,"gold_loss":0},{"damage_healed":0,"gold_gain":0,"player_choice":"Obtained Relic","damage_taken":0,"relics_obtained":["Strawberry"],"max_hp_gain":0,"max_hp_loss":0,"event_name":"Addict","floor":30,"gold_loss":85},{"damage_healed":0,"gold_gain":0,"player_choice":"Ignored","damage_taken":0,"max_hp_gain":0,"max_hp_loss":0,"event_name":"Tomb of Lord Red Mask","floor":39,"gold_loss":0}],"is_beta":false,"boss_relics":[{"not_picked":["Velvet Choker","Cursed Key"],"picked":"Black Star"},{"not_picked":["Tiny House","Astrolabe"],"picked":"Philosopher\u0027s Stone"}],"items_purged_floors":[5,36],"is_endless":false,"potions_floor_spawned":[1,6,16,22,29,33,35,37,38,45,46],"ascension_level":19}}