{"host":"3a1ypf1irl30q4k8","time":1612632633,"event":{"mods":["AchievementEnabler","BaseMod","Bestiary","Minty Spire (QoL Compilation)","Relic Stats","ojb\u0027s Better Paths Mod","ojb\u0027s Info Mod"],"gold_per_floor":[114,127,141,153,170,170,501,501,501,536,546,546,573,573,573,573,573],"floor_reached":16,"language":"ENG","playtime":954,"items_purged":[],"score":146,"play_id":"d2af132f-0690-4622-bef8-5abc9489d5dd","local_time":"20210206173033","is_ascension_mode":true,"campfire_choices":[{"data":"Masterful Stab","floor":6,"key":"SMITH"},{"floor":8,"key":"REST"},{"floor":12,"key":"REST"},{"data":"Wild Strike","floor":15,"key":"SMITH"}],"circlet_count":0,"master_deck":["Strike_G+1","Strike_G","Strike_G","Strike_G","Strike_G","Defend_G","Defend_G","Defend_G","Defend_G","Defend_G","Survivor","Neutralize+1","Venomology","Quick Slash","Bouncing Flask","Outmaneuver","Bane","Catalyst","Flechettes","Dodge and Roll","All Out Attack","Wild Strike+1"],"relics":["Ring of the Snake","Old Coin","Regal Pillow","Whetstone","HornCleat"],"acts_visited":["Exordium"],"potions_floor_usage":[1,2,3,4,5,5,5,5,5,7,7,10,10,11,13,13,16],"damage_taken":[{"damage":0,"enemies":"Cultist","floor":1,"turns":5},{"damage":0,"enemies":"Jaw Worm","floor":2,"turns":4},{"damage":0,"enemies":"2 Louse","floor":3,"turns":3},{"damage":0,"enemies":"2 Fungi Beasts","floor":4,"turns":3},{"damage":3,"enemies":"Large Slime","floor":5,"turns":4},{"damage":31,"enemies":"3 Sentries","floor":7,"turns":10},{"damage":22,"enemies":"Lagavulin","floor":10,"turns":4},{"damage":0,"enemies":"Looter","floor":11,"turns":2},{"damage":15,"enemies":"3 Sentries","floor":13,"turns":7},{"damage":41,"enemies":"Slime Boss","floor":16,"turns":7}],"seed_played":"-6107320386463163946","potions_obtained":[{"floor":2,"key":"SkillPotion"},{"floor":3,"key":"Swift Potion"},{"floor":7,"key":"LiquidMemories"},{"floor":10,"key":"Energy Potion"},{"floor":11,"key":"GamblersBrew"}],"is_trial":false,"path_per_floor":["M","M","M","M","M","R","E","R","T","E","M","R","E","?","R","B"],"character_chosen":"THE_SILENT","items_purchased":[],"campfire_rested":2,"item_purchase_floors":[],"current_hp_per_floor":[49,49,49,49,46,46,15,36,36,14,14,50,35,35,35,0,0],"gold":573,"neow_bonus":"THREE_RARE_CARDS","is_daily":false,"chose_seed":false,"campfire_upgraded":2,"win_rate":0.0,"timestamp":1612632633,"path_taken":["M","?","M","M","M","R","E","R","T","E","M","R","E","?","R","BOSS"],"items_purchased_type":[],"build_version":"2020-12-22","purchased_purges":0,"victory":false,"max_hp_per_floor":[70,70,70,70,70,70,70,70,70,70,70,70,70,70,70,70,70],"relic_stats":{"Regal Pillow":15,"counters":[10,49],"Whetstone":["Neutralize","Strike_G"],"obtain_stats":[{"Regal Pillow":9,"HornCleat":13,"Whetstone":10,"Ring of the Snake":0,"Old Coin":7},{"Regal Pillow":6,"HornCleat":9,"Whetstone":7,"Ring of the Snake":0,"Old Coin":6},{"Regal Pillow":29,"HornCleat":42,"Whetstone":33,"Ring of the Snake":0,"Old Coin":29}],"Ring of the Snake":[20]},"card_choices":[{"not_picked":["Tools of the Trade","Night Terror"],"picked":"Venomology","floor":0},{"not_picked":["Escape Plan","Underhanded Strike"],"picked":"Quick Slash","floor":1},{"not_picked":["Underhanded Strike","Blade Dance"],"picked":"Bouncing Flask","floor":2},{"not_picked":["Bouncing Flask","Riddle With Holes"],"picked":"Outmaneuver","floor":3},{"not_picked":["Deflect","Prepared"],"picked":"Masterful Stab","floor":4},{"not_picked":["Acrobatics","Escape Plan"],"picked":"Bane","floor":5},{"not_picked":["Storm of Steel","Acrobatics"],"picked":"Catalyst","floor":7},{"not_picked":["Outmaneuver","Accuracy"],"picked":"Flechettes","floor":10},{"not_picked":["Outmaneuver","Dagger Throw"],"picked":"Dodge and Roll","floor":11},{"not_picked":["Quick Slash","Dodge and Roll"],"picked":"All Out Attack","floor":13}],"player_experience":1352763,"relics_obtained":[{"floor":7,"key":"Old Coin"},{"floor":9,"key":"Regal Pillow"},{"floor":10,"key":"Whetstone"},{"floor":13,"key":"HornCleat"}],"event_choices":[{"cards_removed":["Masterful Stab"],"damage_healed":0,"gold_gain":0,"player_choice":"Took Card","damage_taken":0,"max_hp_gain":0,"max_hp_loss":0,"event_name":"NoteForYourself","floor":14,"gold_loss":0,"cards_obtained":["Wild Strike"]}],"is_beta":false,"boss_relics":[],"items_purged_floors":[],"is_endless":false,"potions_floor_spawned":[2,3,7,10,11],"killed_by":"Slime Boss","ascension_level":4}}