{"host":"axuns55dzq466eei","time":1612619328,"event":{"mods":["BaseMod","Colored Map","Keyboard Shortcuts","Minty Spire (QoL Compilation)","StSLib","SuperFastMode"],"gold_per_floor":[114,114,39,51,51,83,83,102,102,21,41,41,41,58,58,136,136,153,170,6,24,24,24,24,24,24,40,59,79,112,112,112,112,112],"floor_reached":33,"language":"KOR","playtime":660,"items_purged":[],"score":584,"play_id":"d5176186-ce94-4d34-b6be-9f421dcda22e","local_time":"20210206224848","is_ascension_mode":true,"campfire_choices":[{"data":"Blood for Blood","floor":7,"key":"SMITH"},{"data":"Inflame","floor":12,"key":"SMITH"},{"data":"Pommel Strike","floor":15,"key":"SMITH"},{"floor":23,"key":"RECALL"},{"floor":25,"key":"REST"},{"floor":32,"key":"REST"}],"circlet_count":0,"master_deck":["AscendersBane","Strike_R","Strike_R","Strike_R","Defend_R+1","Defend_R","Defend_R+1","Defend_R","Bash","Blood for Blood+1","Pommel Strike+1","Inflame+1","Armaments+1","Dual Wield+1","Offering+1","Evolve+1","Rage+1","Seeing Red+1","Shrug It Off+1","Barricade","Shockwave+1","Feel No Pain"],"relics":["Burning Blood","NeowsBlessing","Darkstone Periapt","Mercury Hourglass","Toxic Egg 2","Fusion Hammer","Orrery","CultistMask","Shovel","Du-Vu Doll"],"acts_visited":["Exordium","TheCity"],"potions_floor_usage":[16,28,33,33],"damage_taken":[{"damage":0,"enemies":"2 Louse","floor":1,"turns":1},{"damage":0,"enemies":"Jaw Worm","floor":4,"turns":1},{"damage":0,"enemies":"Lagavulin","floor":6,"turns":1},{"damage":0,"enemies":"Small Slimes","floor":8,"turns":3},{"damage":13,"enemies":"Blue Slaver","floor":11,"turns":2},{"damage":7,"enemies":"Exordium Wildlife","floor":14,"turns":5},{"damage":39,"enemies":"Hexaghost","floor":16,"turns":9},{"damage":18,"enemies":"3 Byrds","floor":18,"turns":4},{"damage":7,"enemies":"Spheric Guardian","floor":19,"turns":4},{"damage":6,"enemies":"Centurion and Healer","floor":21,"turns":4},{"damage":27,"enemies":"Chosen and Byrds","floor":27,"turns":4},{"damage":7,"enemies":"Cultist and Chosen","floor":28,"turns":4},{"damage":20,"enemies":"Snake Plant","floor":29,"turns":3},{"damage":24,"enemies":"Gremlin Leader","floor":30,"turns":5},{"damage":61,"enemies":"Automaton","floor":33,"turns":6}],"seed_played":"-5534526917608519582","potions_obtained":[{"floor":1,"key":"GamblersBrew"},{"floor":11,"key":"SkillPotion"},{"floor":16,"key":"PowerPotion"},{"floor":29,"key":"GamblersBrew"}],"is_trial":false,"path_per_floor":["M","?","?","M","?","E","R","M","T","$","M","R","?","M","R","B",null,"M","M","$","M","$","R","?","R","T","M","M","M","E","?","R","B"],"character_chosen":"IRONCLAD","items_purchased":["Inflame","Orrery"],"campfire_rested":2,"item_purchase_floors":[10,20],"current_hp_per_floor":[74,63,63,69,46,52,52,58,58,58,51,51,51,50,50,17,61,49,48,48,48,48,48,48,70,70,49,48,34,16,16,38,0,0],"gold":112,"neow_bonus":"THREE_ENEMY_KILL","is_daily":false,"chose_seed":false,"campfire_upgraded":3,"win_rate":0.0,"timestamp":1612619328,"path_taken":["M","?","?","M","?","E","R","M","T","?","?","R","?","M","R","BOSS","M","?","?","M","$","R","?","R","T","M","M","?","E","?","R","BOSS"],"items_purchased_type":["Card","Relic"],"build_version":"2020-12-22","purchased_purges":0,"victory":false,"max_hp_per_floor":[75,75,75,75,75,75,75,75,75,75,75,75,75,75,75,75,75,75,75,75,75,75,75,75,75,75,75,75,75,75,75,75,75,75],"card_choices":[{"not_picked":["Feel No Pain","Warcry"],"picked":"Blood for Blood","floor":1},{"not_picked":["Rampage","Sword Boomerang","Reckless Charge"],"picked":"SKIP","floor":4},{"not_picked":["Seeing Red","Sword Boomerang","True Grit"],"picked":"SKIP","floor":6},{"not_picked":["Shockwave","Reckless Charge"],"picked":"Pommel Strike","floor":8},{"not_picked":["Twin Strike","Cleave"],"picked":"Armaments+1","floor":11},{"not_picked":["Sword Boomerang","Perfected Strike"],"picked":"Dual Wield+1","floor":14},{"not_picked":["Impervious+1","Limit Break+1"],"picked":"Offering+1","floor":16},{"not_picked":["Heavy Blade","Armaments+1","Havoc+1"],"picked":"SKIP","floor":18},{"not_picked":["Feel No Pain","Thunderclap+1"],"picked":"Evolve+1","floor":19},{"not_picked":["Spot Weakness+1","Warcry+1"],"picked":"Rage+1","floor":20},{"not_picked":["Havoc+1","Twin Strike"],"picked":"Seeing Red+1","floor":20},{"not_picked":["Armaments+1","Rupture","Headbutt"],"picked":"SKIP","floor":21},{"not_picked":["Twin Strike","Havoc+1"],"picked":"Shrug It Off+1","floor":27},{"not_picked":["Pommel Strike","Shrug It Off+1"],"picked":"Barricade","floor":28},{"not_picked":["Blood for Blood","Ghostly Armor+1"],"picked":"Shockwave+1","floor":29},{"not_picked":["Havoc+1","Clash"],"picked":"Feel No Pain","floor":30}],"player_experience":1103920,"relics_obtained":[{"floor":6,"key":"Mercury Hourglass"},{"floor":9,"key":"Toxic Egg 2"},{"floor":26,"key":"Shovel"},{"floor":30,"key":"Du-Vu Doll"}],"event_choices":[{"damage_healed":0,"gold_gain":0,"player_choice":"Success","damage_taken":11,"relics_obtained":["Darkstone Periapt"],"max_hp_gain":0,"max_hp_loss":0,"event_name":"Scrap Ooze","floor":2,"gold_loss":0},{"cards_removed":["Strike_R"],"damage_healed":0,"gold_gain":0,"player_choice":"Card Removal","damage_taken":0,"max_hp_gain":0,"max_hp_loss":0,"event_name":"The Cleric","floor":3,"gold_loss":75},{"damage_healed":0,"gold_gain":0,"player_choice":"Entered Light","damage_taken":23,"max_hp_gain":0,"max_hp_loss":0,"event_name":"Shining Light","floor":5,"gold_loss":0,"cards_upgraded":["Defend_R","Defend_R"]},{"cards_removed":["Strike_R"],"damage_healed":0,"gold_gain":0,"player_choice":"Offered Basic","damage_taken":0,"max_hp_gain":0,"max_hp_loss":0,"event_name":"Bonfire Elementals","floor":13,"gold_loss":0},{"damage_healed":0,"gold_gain":0,"player_choice":"Trade","damage_taken":0,"relics_obtained":["CultistMask"],"max_hp_gain":0,"max_hp_loss":0,"event_name":"FaceTrader","floor":24,"gold_loss":0},{"damage_healed":0,"gold_gain":0,"player_choice":"Ignored","damage_taken":0,"max_hp_gain":0,"max_hp_loss":0,"event_name":"Cursed Tome","floor":31,"gold_loss":0}],"is_beta":false,"boss_relics":[{"not_picked":["SlaversCollar","Mark of Pain"],"picked":"Fusion Hammer"}],"items_purged_floors":[],"is_endless":false,"potions_floor_spawned":[1,11,16,19,21,27,29,30],"killed_by":"Automaton","ascension_level":20}}