{"host":"q57ekfojy3i00x9o","time":1612641090,"event":{"mods":["Arknights","Aspiration","BaseMod","Colored Map","Energized Spire","Hermit","Minty Spire (QoL Compilation)","Quick Restart","Spicy Shops","Spikes Relics","StSLib","slay the spire mod where everything is the same but ironclad has a cowboy hat"],"gold_per_floor":[114,189,189,199,374,374,75,94,94,94,94,72,72,124,124,249,249,269,368,50,63,63,63,63,63],"floor_reached":24,"language":"RUS","playtime":323,"items_purged":["Doubt","Strike_G"],"score":288,"play_id":"b5304ced-1dbf-4a71-a7f4-aed16a62a278","local_time":"20210207005130","is_ascension_mode":true,"campfire_choices":[{"data":"Neutralize","floor":6,"key":"SMITH"},{"data":"1","floor":10,"key":"LIFT"},{"data":"2","floor":15,"key":"LIFT"}],"circlet_count":0,"master_deck":["AscendersBane","Strike_G","Strike_G","Strike_G","Defend_G","Defend_G","Defend_G","Defend_G","Defend_G","Survivor","Neutralize+1","Endless Agony","Deadly Poison","Bouncing Flask","Slice","Glass Knife","Poisoned Stab+1","Bandage Up"],"relics":["Ring of the Serpent","NeowsBlessing","Girya","ClockworkSouvenir","Eternal Feather","Golden Idol","Regal Pillow","Tiny Chest","PrismaticShard","Pocketwatch","MutagenicStrength"],"acts_visited":["Exordium","TheCity"],"potions_floor_usage":[16],"damage_taken":[{"damage":0,"enemies":"Jaw Worm","floor":1,"turns":1},{"damage":0,"enemies":"2 Louse","floor":4,"turns":1},{"damage":0,"enemies":"Cultist","floor":8,"turns":1},{"damage":42,"enemies":"Hexaghost","floor":16,"turns":10},{"damage":38,"enemies":"3 Byrds","floor":18,"turns":6},{"damage":12,"enemies":"Chosen","floor":21,"turns":3},{"damage":39,"enemies":"Book of Stabbing","floor":24,"turns":4}],"seed_played":"-753925807992857541","potions_obtained":[{"floor":1,"key":"Weak Potion"},{"floor":18,"key":"FairyPotion"}],"is_trial":false,"path_per_floor":["M","?","?","M","?","R","$","M","T","R","?","$","?","T","R","B",null,"M","?","$","M","?","?","E"],"character_chosen":"THE_SILENT","items_purchased":["Girya","ClockworkSouvenir","Slice","Tiny Chest","PrismaticShard"],"campfire_rested":0,"item_purchase_floors":[7,7,12,20,20],"current_hp_per_floor":[63,52,52,52,52,52,52,52,52,61,66,66,66,66,69,27,59,21,21,21,9,9,9,0,0],"gold":63,"neow_bonus":"THREE_ENEMY_KILL","is_daily":false,"chose_seed":false,"campfire_upgraded":1,"win_rate":0.0,"timestamp":1612641090,"path_taken":["M","?","?","?","?","R","$","M","T","R","?","?","?","?","R","BOSS","M","?","$","M","?","?","E"],"items_purchased_type":["Relic","Relic","Card","Relic","Relic"],"build_version":"2020-12-22","purchased_purges":2,"victory":false,"max_hp_per_floor":[70,70,70,70,70,70,70,70,70,70,75,75,69,69,69,69,69,69,69,69,69,69,69,69,69],"card_choices":[{"not_picked":["Blur","Poisoned Stab"],"picked":"Endless Agony","floor":1},{"not_picked":["Endless Agony","Choke"],"picked":"Deadly Poison","floor":4},{"not_picked":["Acrobatics","Distraction"],"picked":"Bouncing Flask","floor":8},{"not_picked":["Phantasmal Killer","aspiration:Lunge"],"picked":"Glass Knife","floor":16},{"not_picked":["Bane+1","Dagger Throw"],"picked":"Poisoned Stab+1","floor":18},{"not_picked":["Thunderclap","hermit:CalledShot"],"picked":"Bandage Up","floor":21}],"player_experience":751087,"relics_obtained":[{"floor":9,"key":"Eternal Feather"},{"floor":14,"key":"Regal Pillow"}],"event_choices":[{"damage_healed":0,"gold_gain":75,"player_choice":"Gather Gold","damage_taken":11,"max_hp_gain":0,"max_hp_loss":0,"event_name":"World of Goop","floor":2,"gold_loss":0},{"cards_removed":["Strike_G"],"damage_healed":0,"gold_gain":0,"player_choice":"Purged","damage_taken":0,"max_hp_gain":0,"max_hp_loss":0,"event_name":"Purifier","floor":3,"gold_loss":0},{"damage_healed":0,"gold_gain":175,"player_choice":"AGREE","damage_taken":0,"max_hp_gain":0,"max_hp_loss":0,"event_name":"Liars Game","floor":5,"gold_loss":0,"cards_obtained":["Doubt"]},{"damage_healed":0,"gold_gain":0,"player_choice":"Donut","damage_taken":0,"max_hp_gain":5,"max_hp_loss":0,"event_name":"Big Fish","floor":11,"gold_loss":0},{"damage_healed":0,"gold_gain":0,"player_choice":"Lose Max HP","damage_taken":0,"relics_obtained":["Golden Idol"],"max_hp_gain":0,"max_hp_loss":6,"event_name":"Golden Idol","floor":13,"gold_loss":0},{"damage_healed":0,"gold_gain":99,"player_choice":"Stole From Cult","damage_taken":0,"max_hp_gain":0,"max_hp_loss":0,"event_name":"Nest","floor":19,"gold_loss":0},{"damage_healed":0,"gold_gain":0,"player_choice":"Opened","damage_taken":0,"relics_obtained":["Pocketwatch"],"max_hp_gain":0,"max_hp_loss":0,"event_name":"The Mausoleum","floor":22,"gold_loss":0},{"damage_healed":0,"gold_gain":0,"player_choice":"Inject Mutagens","damage_taken":0,"relics_obtained":["MutagenicStrength"],"max_hp_gain":0,"max_hp_loss":0,"event_name":"Drug Dealer","floor":23,"gold_loss":0}],"is_beta":false,"boss_relics":[{"not_picked":["aspiration:RunicSpoon","Fusion Hammer"],"picked":"Ring of the Serpent"}],"items_purged_floors":[7,20],"is_endless":false,"potions_floor_spawned":[1,18],"killed_by":"Book of Stabbing","ascension_level":12}}