{"host":"9slw7l0ws16384qq","time":1612645498,"event":{"mods":["A Penny For Your Troubles","BaseMod","Colored Map","Downfall","Evolution","Hubris","Minty Spire (QoL Compilation)","Replay The Spire","StS++","StSLib"],"gold_per_floor":[99,112,132,132,42,60,60,78,135,135,167,167,167,167,182,278,278,278,297,307,319,419,438,487,504,539,554,454,466,466,121,140,140,140,140],"floor_reached":33,"language":"FRA","playtime":1394,"items_purged":["Pain","bronze:Defend","hubris:Despair"],"score":352,"play_id":"ce188bd3-495f-4d24-8a01-8827d4947d5e","local_time":"20210206220458","is_ascension_mode":true,"campfire_choices":[{"floor":1.0,"key":"DIG"},{"data":"bronze:Constructor","floor":12.0,"key":"SMITH"},{"data":"bronze:Constructor","floor":28.0,"key":"SMITH"}],"circlet_count":0,"master_deck":["bronze:Separator","bronze:Separator","bronze:Defend","bronze:Defend","bronze:Defend","bronze:Replicate","bronze:Goto","bronze:HyperBeam+1","Pot Of Greed","Pot Of Greed","Parasite","downfall:Icky","bronze:Constructor+1","bronze:FunctionCard"],"relics":["bronze:BronzeCore","EVO:Axolotl","hubris:ToyBattleship","WarpedTongs","Whetstone","Grinning Jar","StSpp:XCola","hubris:PeanutButter","Replay:Ancient Bell","Tiny Chest","hubris:MysteriousPyramids","Pondfish Scales","Vajra","downfall:HeartBlessingBlue","Medical Kit"],"acts_visited":["Exordium","TheCity"],"potions_floor_usage":[33],"damage_taken":[{"damage":2.0,"enemies":"Jaw Worm","floor":2.0,"turns":3.0},{"damage":0.0,"enemies":"Cultist","floor":3.0,"turns":2.0},{"damage":9.0,"enemies":"downfall:FleeingMerchant","floor":5.0,"turns":4.0},{"damage":0.0,"enemies":"2 Louse","floor":6.0,"turns":3.0},{"damage":6.0,"enemies":"Exordium Wildlife","floor":8.0,"turns":3.0},{"damage":2.0,"enemies":"3 Sentries","floor":11.0,"turns":4.0},{"damage":0.0,"enemies":"Exordium Thugs","floor":15.0,"turns":3.0},{"damage":4.0,"enemies":"IC_STATUS_ARCHETYPE","floor":16.0,"turns":5.0},{"damage":0.0,"enemies":"Spheric Guardian","floor":19.0,"turns":3.0},{"damage":0.0,"enemies":"3 Byrds","floor":20.0,"turns":4.0},{"damage":18.0,"enemies":"Sentry and Sphere","floor":21.0,"turns":6.0},{"damage":0.0,"enemies":"Centurion and Healer","floor":23.0,"turns":6.0},{"damage":8.0,"enemies":"Snake Plant","floor":25.0,"turns":5.0},{"damage":14.0,"enemies":"Slavers","floor":26.0,"turns":7.0},{"damage":10.0,"enemies":"Sentry and Sphere","floor":27.0,"turns":5.0},{"damage":0,"enemies":"Centurion and Healer","floor":29,"turns":5},{"damage":0,"enemies":"downfall:FleeingMerchant","floor":31,"turns":4},{"damage":0,"enemies":"3 Cultists","floor":32,"turns":3},{"damage":42,"enemies":"WA_ARCHETYPE_CALM","floor":33,"turns":5}],"seed_played":"2589576158290943403","potions_obtained":[{"floor":6.0,"key":"Swift Potion"},{"floor":8.0,"key":"ColorlessPotion"},{"floor":9.0,"key":"hexamod:SoulburnPotion"},{"floor":20.0,"key":"Regen Potion"},{"floor":27.0,"key":"BlessingOfTheForge"},{"floor":29,"key":"Block Potion"}],"is_trial":false,"path_per_floor":["R_BF","M","M","?","$","M","T","M","?","$","E","R","?","T","M","B",null,"R_BF","M","M","M","?","M","T","M","E","M","R","M","?","$","M","B"],"character_chosen":"THE_AUTOMATON","items_purchased":["Medical Kit","bronze:Terminator"],"campfire_rested":0,"item_purchase_floors":[31,31],"current_hp_per_floor":[63,61,61,61,52,52,52,46,31,24,22,22,22,22,22,18,52,63,63,63,45,45,45,45,49,35,25,35,35,35,35,35,0,0,0],"gold":140,"neow_bonus":"THREE_RARE_CARDS","is_daily":false,"chose_seed":false,"campfire_upgraded":2,"win_rate":0.0,"timestamp":1612645498,"path_taken":["R_BF","M","M","?","$","M","T","?","?","?","E","R","?","?","M","BOSS","R_BF","M","M","M","?","M","T","M","E","?","R","M","?","$","M","BOSS"],"items_purchased_type":["Relic","Card"],"build_version":"2020-12-22","purchased_purges":3,"victory":false,"max_hp_per_floor":[63,63,63,63,63,63,63,63,63,63,63,63,63,63,63,63,63,63,63,63,63,63,63,63,63,63,63,73,73,73,73,73,73,73,73],"card_choices":[{"not_picked":["bronze:BurnOut","bronze:Format"],"picked":"bronze:HyperBeam","floor":0.0},{"not_picked":["bronze:Frontload","bronze:BitShift","bronze:FineTuning"],"picked":"SKIP","floor":2.0},{"not_picked":["bronze:OilSpill","bronze:BitShift","bronze:BuggyMess"],"picked":"SKIP","floor":3.0},{"not_picked":["bronze:DelayedGuard","bronze:Overload"],"picked":"bronze:Hardcode","floor":5.0},{"not_picked":["bronze:Deprecate","bronze:ItsAFeature","bronze:BronzeOrb"],"picked":"SKIP","floor":6.0},{"not_picked":["bronze:Repair","bronze:Allocate","bronze:Frontload"],"picked":"SKIP","floor":8.0},{"not_picked":["bronze:Iterate","bronze:ItsAFeature"],"picked":"bronze:Constructor","floor":9.0},{"not_picked":["bronze:ChildClass","bronze:ShipIt","bronze:InfiniteBeams"],"picked":"SKIP","floor":11.0},{"not_picked":["bronze:Frontload","bronze:Turbo","bronze:Shield"],"picked":"SKIP","floor":15.0},{"not_picked":["hubris:Wrath","downfall:Haunted"],"picked":"Parasite","floor":17.0},{"not_picked":["Delirium","downfall:Aged"],"picked":"downfall:Icky","floor":17.0},{"not_picked":["Voices","ReplayTheSpireMod:Restless Dread"],"picked":"hubris:Despair","floor":17.0},{"not_picked":["bronze:DelayedSlice","bronze:ChosenStrike","bronze:Refactor+1"],"picked":"SKIP","floor":19.0},{"not_picked":["bronze:Shield","bronze:BugBarrage"],"picked":"bronze:Constructor","floor":20.0},{"not_picked":["bronze:WildBeam","bronze:Invalidate","bronze:DelayedSlice+1"],"picked":"SKIP","floor":21.0},{"not_picked":["bronze:ChildClass","bronze:FineTuning","bronze:DelayedSlice"],"picked":"SKIP","floor":23.0},{"not_picked":["bronze:Deprecate","bronze:FineTuning","bronze:DelayedGuard"],"picked":"SKIP","floor":25.0},{"not_picked":["bronze:Safeguard+1","bronze:Fortify","bronze:Shell"],"picked":"SKIP","floor":26.0},{"not_picked":["bronze:Philosophize","bronze:ClassDefault+1","bronze:Hardcode"],"picked":"SKIP","floor":27.0},{"not_picked":["bronze:Invalidate","bronze:Shield+1","bronze:FineTuning"],"picked":"SKIP","floor":29},{"not_picked":["bronze:OilSpill","bronze:FineTuning","bronze:Iterate"],"picked":"SKIP","floor":31},{"not_picked":["bronze:ChildClass","bronze:BronzeArmor+1","bronze:Invalidate"],"picked":"SKIP","floor":32}],"player_experience":1649226,"relics_obtained":[{"floor":1.0,"key":"hubris:ToyBattleship"},{"floor":7.0,"key":"Whetstone"},{"floor":9.0,"key":"Grinning Jar"},{"floor":11.0,"key":"StSpp:XCola"},{"floor":14.0,"key":"hubris:PeanutButter"},{"floor":26.0,"key":"Vajra"}],"event_choices":[{"cards_removed":["bronze:Separator"],"damage_healed":0.0,"max_hp_gain":0.0,"max_hp_loss":0.0,"gold_gain":0.0,"event_name":"The Cleric","player_choice":"Card Removal","floor":13.0,"gold_loss":0.0,"damage_taken":0.0}],"is_beta":false,"boss_relics":[{"not_picked":["SlaversCollar","StSpp:FireArrow"],"picked":"Replay:Ancient Bell"},{"not_picked":["CeramicFish","Blue Doll"],"picked":"Tiny Chest"},{"not_picked":["Replay:Bottled Steam","Chameleon Ring"],"picked":"hubris:MysteriousPyramids"},{"not_picked":["Pocketwatch","Bird Faced Urn"],"picked":"Pondfish Scales"}],"items_purged_floors":[5,10,31],"is_endless":false,"potions_floor_spawned":[6,8,20,27,29,32],"killed_by":"WA_ARCHETYPE_CALM","ascension_level":6}}