{"host":"bcpyscfajg8dk59p","time":1612652472,"event":{"mods":["Act Like it!","BaseMod","BetterRewards","Colored Map","Colored Powertips","Conspire","Downfall","Friendly Minions","Hubris","Infinite Spire","Ironclad Rager","Minty Spire (QoL Compilation)","Permanent Neow","Quarter Circle Forward PUNCH!","Replay The Spire","StSLib","SuperFastMode","The Jungle","Trackpad"],"gold_per_floor":[114,114,128,56,76,76,92,92,141,141,141,158,192,203,203,308,308,323,348,348,348,29,29,61,73,73,73,73,88,103,114,114,209,209,224,236,253,253,313,346,346,346,346,346,346,119,119,135,135,135],"floor_reached":51,"language":"ENG","playtime":4714,"items_purged":["Strike_B","Strike_B","Strike_B","Strike_B"],"score":720,"play_id":"3364f984-6603-440c-aeb2-de53f47eea97","local_time":"20210206150112","is_ascension_mode":false,"campfire_choices":[{"data":"Leap","floor":6.0,"key":"SMITH"},{"data":"Redo","floor":8.0,"key":"SMITH"},{"data":"Loop","floor":10.0,"key":"SMITH"},{"floor":15.0,"key":"REST"},{"floor":23.0,"key":"REST"},{"data":"Hologram","floor":27.0,"key":"SMITH"},{"floor":41,"key":"REST"},{"data":"White Noise","floor":41,"key":"SMITH"},{"floor":45,"key":"REST"},{"data":"Zap","floor":45,"key":"SMITH"},{"data":"Leap","floor":47,"key":"SMITH"}],"circlet_count":0,"master_deck":["Defend_B","Defend_B","Defend_B","Defend_B","Zap+1","Dualcast","Gash","hubris:Fate+1","Panic Button+1","Loop+1","Leap+1","Redo+1","Buffer+1","Zap","Panacea","Sweeping Beam","Conserve Battery","Gash","Reboot","Hologram+1","Ball Lightning","Consume+1","Conserve Battery+1","Tempest","Lockon","Reboot","hubris:Wrath","Languid","hubris:Wrath","Hologram+1","Leap+1","Gash","Aggregate","Parasite","Force Field+1","Scrape+1","White Noise+1","Capacitor+1"],"relics":["Cracked Core","Replay:Wax Seal","Ancient Tea Set","qcfpunch:Broken_Tusk","conspire:SpecialSausage","Blue Doll","trackpad:BiPhaseBiplane","Inserter","hubris:Towel","trackpad:ByrdBGone","Counterbalance","Frozen Egg 2","War Paint","Prayer Wheel","Replay:Ancient Bell","Replay:Rubber Ducky","infinitespire:BottledMercury","infinitespire:Magic Flask","hubris:RGBLights","Carrot","infinitespire:PuzzleCube","hubris:FunFungus","BargainBundle"],"acts_visited":["Exordium","TheCity","TheBeyond"],"potions_floor_usage":[38,48,50,50],"damage_taken":[{"damage":0.0,"enemies":"Small Slimes","floor":1.0,"turns":2.0},{"damage":0.0,"enemies":"2 Louse","floor":3.0,"turns":1.0},{"damage":3.0,"enemies":"infinitespire:Voidling","floor":5.0,"turns":3.0},{"damage":7.0,"enemies":"Blue Slaver","floor":7.0,"turns":3.0},{"damage":1.0,"enemies":"3 Louse","floor":12.0,"turns":3.0},{"damage":26.0,"enemies":"Lagavulin","floor":13.0,"turns":5.0},{"damage":5.0,"enemies":"Large Slime","floor":14.0,"turns":4.0},{"damage":0.0,"enemies":"Slime Boss","floor":16.0,"turns":8.0},{"damage":35.0,"enemies":"2 Thieves","floor":18.0,"turns":4.0},{"damage":21.0,"enemies":"conspire:MimicChest","floor":19.0,"turns":5.0},{"damage":10.0,"enemies":"Replay:Snechameleon","floor":24.0,"turns":4.0},{"damage":1.0,"enemies":"3 Byrds","floor":25.0,"turns":3.0},{"damage":8.0,"enemies":"Snecko","floor":29.0,"turns":3.0},{"damage":0.0,"enemies":"Sentry and Sphere","floor":30.0,"turns":5.0},{"damage":0.0,"enemies":"Snake Plant","floor":31.0,"turns":2.0},{"damage":23.0,"enemies":"hubris:MusketHawk","floor":33.0,"turns":8.0},{"damage":10.0,"enemies":"3 Shapes","floor":35.0,"turns":3.0},{"damage":22,"enemies":"3 Darklings","floor":36,"turns":4},{"damage":18,"enemies":"Writhing Mass","floor":37,"turns":5},{"damage":65,"enemies":"infinitespire:Three Voidlings","floor":38,"turns":6},{"damage":25,"enemies":"R_Hoarder","floor":40,"turns":3},{"damage":0,"enemies":"Maw","floor":48,"turns":6},{"damage":39,"enemies":"Awakened One","floor":50,"turns":8}],"seed_played":"6145915986634725423","potions_obtained":[{"floor":3.0,"key":"bronze:BurnAndBuffPotion"},{"floor":7.0,"key":"EntropicBrew"},{"floor":13.0,"key":"Strength Potion"},{"floor":25.0,"key":"LiquidBronze"},{"floor":33.0,"key":"Strength Potion"},{"floor":37,"key":"Energy Potion"},{"floor":39,"key":"Block Potion"},{"floor":40,"key":"Regen Potion"}],"is_trial":false,"path_per_floor":["M","?","M","$","M","R","M","R","T","R","?","M","E","M","R","B",null,"M","?","AVR","?","$","R","E","M","T","R","T","M","M","M","R_BF","B",null,"M","M","M","?","?","E","R","AVR","T","?","R","$","R","M","R_BF","B",null],"character_chosen":"DEFECT","items_purchased":["Loop","trackpad:ByrdBGone","Capacitor+1","BargainBundle","CultistPotion"],"campfire_rested":4,"item_purchase_floors":[4,22,46,46,46],"current_hp_per_floor":[75,57,57,57,54,54,47,47,47,47,47,46,20,15,37,37,75,40,19,19,19,19,41,31,30,30,30,30,22,22,22,44,21,75,65,73,55,49,49,24,46,46,46,46,68,68,68,72,71,52],"gold":135,"neow_bonus":"RANDOM_COMMON_RELIC","is_daily":false,"chose_seed":false,"campfire_upgraded":7,"win_rate":0.0,"timestamp":1612652472,"path_taken":["M","?","M","$","M","R","M","R","T","R","?","M","E","?","R","BOSS","M","?","AVR","?","$","R","E","M","T","R","?","M","M","?","R_BF","BOSS","M","M","M","?","?","E","R","AVR","T","?","R","$","R","M","R_BF","BOSS"],"items_purchased_type":["Card","Relic","Card","Relic","Potion"],"build_version":"2020-12-22","purchased_purges":4,"victory":true,"max_hp_per_floor":[75,75,75,75,75,75,75,75,75,75,75,75,75,75,75,75,75,75,75,75,75,75,75,75,75,75,75,75,75,75,75,75,75,75,75,75,75,75,75,75,75,75,75,75,75,75,75,75,71,71],"card_choices":[{"not_picked":["Steam","Beam Cell"],"picked":"Gash","floor":1.0},{"not_picked":["infinitespire:TheBestDefense","hubris:Rewind"],"picked":"hubris:Fate","floor":2.0},{"not_picked":["Static Discharge","Turbo"],"picked":"Panic Button","floor":3.0},{"not_picked":["Darkness","Coolheaded"],"picked":"Leap","floor":5.0},{"not_picked":["ReplayGash","Rainbow"],"picked":"Redo","floor":7.0},{"not_picked":["Coolheaded","ReplayTheSpireMod:System Scan"],"picked":"Sweeping Beam","floor":12.0},{"not_picked":["Heatsinks","Fusion"],"picked":"Conserve Battery","floor":13.0},{"not_picked":["Genetic Algorithm","Crystallizer"],"picked":"Gash","floor":14.0},{"not_picked":["Mirror Shield","hubris:DoWhile"],"picked":"Reboot","floor":16.0},{"not_picked":["Tempest","Glacier"],"picked":"Hologram","floor":18.0},{"not_picked":["Go for the Eyes","Coolheaded+1"],"picked":"Ball Lightning","floor":24.0},{"not_picked":["Double Energy","Turbo"],"picked":"Consume","floor":25.0},{"not_picked":["Coolheaded+1","Redo"],"picked":"Conserve Battery+1","floor":29.0},{"not_picked":["Barrage","Beam Cell"],"picked":"ReplayTheSpireMod:Fabricate Wheel","floor":30.0},{"not_picked":["Go for the Eyes","Stack"],"picked":"Tempest","floor":31.0},{"not_picked":["Coolheaded","Redo+1"],"picked":"Lockon","floor":31.0},{"not_picked":["Buffer+1","Rainbow"],"picked":"Reboot","floor":33.0},{"not_picked":["Hallucinations","conspire:NecroticWound"],"picked":"hubris:Wrath","floor":34.0},{"not_picked":["Spreading Infection","downfall:Aged"],"picked":"Languid","floor":34.0},{"not_picked":["Parasite","downfall:Haunted"],"picked":"hubris:Wrath","floor":34.0},{"not_picked":["ReplaySolidLightProjector+1","Streamline"],"picked":"Hologram+1","floor":35},{"not_picked":["Coolheaded+1","Melter"],"picked":"Leap","floor":35},{"not_picked":["Stack+1","Streamline"],"picked":"Gash","floor":36},{"not_picked":["Stack","Static Discharge+1"],"picked":"Aggregate","floor":36},{"not_picked":["Beam Cell+1","Chaos"],"picked":"Force Field+1","floor":37},{"not_picked":["Consume","Ball Lightning+1","Sunder"],"picked":"SKIP","floor":37},{"not_picked":["Skim","Redo"],"picked":"Scrape+1","floor":39},{"not_picked":["Barrage+1","Biased Cognition+1"],"picked":"White Noise","floor":40},{"not_picked":["Barrage+1","Go for the Eyes+1","Aggregate+1"],"picked":"SKIP","floor":48},{"not_picked":["Rainbow","Turbo+1","Recycle+1"],"picked":"SKIP","floor":48}],"player_experience":444411,"relics_obtained":[{"floor":9.0,"key":"Ancient Tea Set"},{"floor":13.0,"key":"qcfpunch:Broken_Tusk"},{"floor":19.0,"key":"Blue Doll"},{"floor":24.0,"key":"Counterbalance"},{"floor":26.0,"key":"Frozen Egg 2"},{"floor":28.0,"key":"War Paint"},{"floor":39,"key":"hubris:RGBLights"},{"floor":40,"key":"Carrot"},{"floor":43,"key":"hubris:FunFungus"}],"event_choices":[{"damage_healed":0.0,"max_hp_gain":0.0,"max_hp_loss":0.0,"gold_gain":0.0,"event_name":"Match and Keep!","player_choice":"3 cards matched","floor":11.0,"gold_loss":0.0,"damage_taken":0.0,"cards_obtained":["Buffer","Zap","Panacea"]},{"damage_healed":0,"gold_gain":0,"player_choice":"Max HP","damage_taken":0,"max_hp_gain":0,"max_hp_loss":4,"event_name":"Winding Halls","floor":49,"gold_loss":0}],"is_beta":false,"boss_relics":[{"not_picked":["hubris:TerracottaHorce","qcfpunch:Dark_Gi"],"picked":"conspire:SpecialSausage"},{"not_picked":["hubris:GrandSneckoEye","Tiny House"],"picked":"Replay:Ancient Bell"},{"not_picked":["Bronze Scales","Regal Pillow"],"picked":"Replay:Rubber Ducky"},{"not_picked":["Garlic","Letter Opener"],"picked":"infinitespire:BottledMercury"},{"not_picked":["Gambling Chip","FossilizedHelix"],"picked":"infinitespire:Magic Flask"}],"items_purged_floors":[20,22,42,46],"is_endless":false,"potions_floor_spawned":[3,7,13,18,25,33,37,40],"ascension_level":0}}