{"host":"f3zi5bw4of71qj4o","time":1612624291,"event":{"mods":["BaseMod","DeckTracker","Highlight Path","Minty Spire (QoL Compilation)","Relic Stats","StSLib","SuperFastMode"],"gold_per_floor":[114,12,30,30,30,56,70,101,101,16,16,16,55,85,97,187,199,224,236,198,222,254,266,313,345,382,419,431,468,480,492,504,593,605,629,652,677,689,701,713,713],"floor_reached":40,"language":"ENG","playtime":2868,"items_purged":[],"score":974,"play_id":"42ab0af3-3f14-4238-905a-6607fef10358","local_time":"20210206161131","is_ascension_mode":true,"campfire_choices":[{"floor":11,"key":"REST"},{"data":"Consume","floor":15,"key":"SMITH"},{"data":"Fission","floor":23,"key":"SMITH"},{"data":"Undo","floor":28,"key":"SMITH"},{"data":"Defragment","floor":32,"key":"SMITH"}],"circlet_count":0,"master_deck":["AscendersBane","Strike_B+1","Strike_B+1","Strike_B+1","Strike_B+1","Defend_B+1","Defend_B+1","Defend_B+1","Defend_B+1","Zap","Dualcast","Loop","Panacea","Go for the Eyes+1","Coolheaded","Conserve Battery","Consume+1","Self Repair","Undo+1","Fission+1","Chill","Static Discharge","Core Surge","Conserve Battery+1","Defragment+1","Biased Cognition","White Noise+1","Chill+1","Madness","Madness"],"relics":["Cracked Core","NeowsBlessing","Centennial Puzzle","White Beast Statue","PreservedInsect","Shuriken","MawBank","The Courier","Coffee Dripper","MutagenicStrength","Regal Pillow","Ancient Tea Set","StrikeDummy","DataDisk","Runic Pyramid"],"acts_visited":["Exordium","TheCity","TheBeyond"],"potions_floor_usage":[8,13,16,18,21,22,24,25,27,29,29,33,37,40],"damage_taken":[{"damage":0,"enemies":"Jaw Worm","floor":1,"turns":1},{"damage":0,"enemies":"Small Slimes","floor":3,"turns":1},{"damage":0,"enemies":"Lagavulin","floor":6,"turns":1},{"damage":0,"enemies":"Cultist","floor":7,"turns":3},{"damage":32,"enemies":"3 Sentries","floor":8,"turns":7},{"damage":11,"enemies":"Lagavulin","floor":13,"turns":8},{"damage":13,"enemies":"Exordium Wildlife","floor":14,"turns":6},{"damage":25,"enemies":"Hexaghost","floor":16,"turns":11},{"damage":1,"enemies":"3 Byrds","floor":18,"turns":6},{"damage":12,"enemies":"Shell Parasite","floor":21,"turns":9},{"damage":12,"enemies":"Snake Plant","floor":22,"turns":4},{"damage":26,"enemies":"Slavers","floor":24,"turns":5},{"damage":2,"enemies":"Centurion and Healer","floor":25,"turns":5},{"damage":16,"enemies":"Gremlin Leader","floor":27,"turns":6},{"damage":7,"enemies":"Slavers","floor":29,"turns":6},{"damage":27,"enemies":"Collector","floor":33,"turns":14},{"damage":0,"enemies":"3 Shapes","floor":35,"turns":7},{"damage":35,"enemies":"3 Darklings","floor":36,"turns":6},{"damage":5,"enemies":"Spire Growth","floor":37,"turns":7},{"damage":44,"enemies":"Giant Head","floor":40,"turns":6}],"seed_played":"5362308454717687110","potions_obtained":[{"floor":3,"key":"SkillPotion"},{"floor":7,"key":"LiquidBronze"},{"floor":8,"key":"Explosive Potion"},{"floor":13,"key":"Fruit Juice"},{"floor":14,"key":"FearPotion"},{"floor":16,"key":"Fire Potion"},{"floor":18,"key":"Explosive Potion"},{"floor":21,"key":"EssenceOfDarkness"},{"floor":22,"key":"SteroidPotion"},{"floor":24,"key":"SkillPotion"},{"floor":25,"key":"EssenceOfDarkness"},{"floor":27,"key":"SpeedPotion"},{"floor":29,"key":"Regen Potion"},{"floor":33,"key":"FocusPotion"},{"floor":35,"key":"LiquidBronze"},{"floor":37,"key":"DuplicationPotion"}],"is_trial":false,"path_per_floor":["M","$","M","?","?","E","M","E","T","$","R","T","E","M","R","B",null,"M","?","?","M","M","R","E","M","T","E","R","E","?","?","R","B",null,"M","M","M","?","?","E"],"character_chosen":"DEFECT","items_purchased":["Panacea","Self Repair"],"campfire_rested":1,"item_purchase_floors":[2,10],"current_hp_per_floor":[64,64,64,46,46,46,46,14,14,14,35,35,36,30,30,12,60,66,66,66,61,56,56,37,42,42,33,33,33,33,33,33,28,64,71,43,45,31,31,0,0],"gold":713,"neow_bonus":"THREE_ENEMY_KILL","is_daily":false,"chose_seed":false,"campfire_upgraded":4,"win_rate":0.0,"timestamp":1612624291,"path_taken":["M","$","M","?","?","E","?","E","T","$","R","?","E","M","R","BOSS","M","?","?","?","M","R","E","M","T","E","R","E","?","?","R","BOSS","M","M","M","?","?","E"],"items_purchased_type":["Card","Card"],"build_version":"2020-12-22","purchased_purges":0,"victory":false,"max_hp_per_floor":[71,71,71,71,71,71,71,71,71,71,71,71,76,76,76,76,76,76,76,76,76,76,76,76,76,76,76,76,76,76,76,76,76,76,76,76,76,76,76,76,76],"relic_stats":{"Centennial Puzzle":[45],"Regal Pillow":0,"counters":[20,119],"Shuriken":[12],"PreservedInsect":289,"MawBank":336,"obtain_stats":[{"Regal Pillow":24,"NeowsBlessing":0,"PreservedInsect":8,"The Courier":13,"MawBank":12,"Ancient Tea Set":26,"White Beast Statue":6,"Centennial Puzzle":4,"DataDisk":29,"Shuriken":9,"MutagenicStrength":19,"Coffee Dripper":17,"Cracked Core":0,"StrikeDummy":27,"Runic Pyramid":34},{"Regal Pillow":12,"NeowsBlessing":0,"PreservedInsect":5,"The Courier":6,"MawBank":5,"Ancient Tea Set":13,"White Beast Statue":3,"Centennial Puzzle":2,"DataDisk":15,"Shuriken":5,"MutagenicStrength":9,"Coffee Dripper":8,"Cracked Core":0,"StrikeDummy":14,"Runic Pyramid":16},{"Regal Pillow":62,"NeowsBlessing":0,"PreservedInsect":13,"The Courier":21,"MawBank":13,"Ancient Tea Set":67,"White Beast Statue":3,"Centennial Puzzle":2,"DataDisk":79,"Shuriken":13,"MutagenicStrength":44,"Coffee Dripper":38,"Cracked Core":0,"StrikeDummy":73,"Runic Pyramid":93}]},"card_choices":[{"not_picked":["Coolheaded","Blizzard"],"picked":"Loop","floor":1},{"not_picked":["Leap","Loop"],"picked":"Go for the Eyes","floor":3},{"not_picked":["Compile Driver","Turbo"],"picked":"Coolheaded","floor":6},{"not_picked":["Meteor Strike","BootSequence"],"picked":"Conserve Battery","floor":7},{"not_picked":["Barrage","Conserve Battery"],"picked":"Consume","floor":8},{"not_picked":["Hello World","Reinforced Body"],"picked":"Undo","floor":13},{"not_picked":["Coolheaded","Sweeping Beam","Barrage"],"picked":"SKIP","floor":14},{"not_picked":["Amplify","Hyperbeam"],"picked":"Fission","floor":16},{"not_picked":["Barrage","Leap","Turbo"],"picked":"SKIP","floor":18},{"not_picked":["Ball Lightning","Go for the Eyes","Conserve Battery"],"picked":"SKIP","floor":21},{"not_picked":["Steam Power","Go for the Eyes"],"picked":"Chill","floor":22},{"not_picked":["Rebound","Beam Cell"],"picked":"Static Discharge","floor":24},{"not_picked":["Streamline","Sweeping Beam"],"picked":"Core Surge","floor":25},{"not_picked":["Turbo","Cold Snap","Ball Lightning"],"picked":"SKIP","floor":27},{"not_picked":["Compile Driver","Turbo"],"picked":"Conserve Battery+1","floor":29},{"not_picked":["Echo Form","Creative AI"],"picked":"Biased Cognition","floor":33},{"not_picked":["Tempest","Gash"],"picked":"White Noise+1","floor":35},{"not_picked":["Scrape+1","Gash+1"],"picked":"Chill+1","floor":36},{"not_picked":["Consume","Rebound","Beam Cell"],"picked":"SKIP","floor":37}],"player_experience":2594367,"relics_obtained":[{"floor":6,"key":"White Beast Statue"},{"floor":8,"key":"PreservedInsect"},{"floor":9,"key":"Shuriken"},{"floor":12,"key":"MawBank"},{"floor":13,"key":"The Courier"},{"floor":24,"key":"Regal Pillow"},{"floor":26,"key":"Ancient Tea Set"},{"floor":27,"key":"StrikeDummy"},{"floor":29,"key":"DataDisk"}],"event_choices":[{"damage_healed":0,"gold_gain":0,"player_choice":"Success","damage_taken":18,"relics_obtained":["Centennial Puzzle"],"max_hp_gain":0,"max_hp_loss":0,"event_name":"Scrap Ooze","floor":4,"gold_loss":0},{"damage_healed":0,"gold_gain":0,"player_choice":"Upgraded","damage_taken":0,"max_hp_gain":0,"max_hp_loss":0,"event_name":"Upgrade Shrine","floor":5,"gold_loss":0,"cards_upgraded":["Go for the Eyes"]},{"damage_healed":0,"gold_gain":0,"player_choice":"Inject Mutagens","damage_taken":0,"relics_obtained":["MutagenicStrength"],"max_hp_gain":0,"max_hp_loss":0,"event_name":"Drug Dealer","floor":19,"gold_loss":0},{"damage_healed":0,"gold_gain":0,"player_choice":"Bet on Murderer","damage_taken":0,"max_hp_gain":0,"max_hp_loss":0,"event_name":"The Joust","floor":20,"gold_loss":50},{"damage_healed":0,"gold_gain":0,"player_choice":"Simplicity","damage_taken":0,"max_hp_gain":0,"max_hp_loss":0,"event_name":"Back to Basics","floor":30,"gold_loss":0,"cards_upgraded":["Strike_B","Strike_B","Strike_B","Strike_B","Defend_B","Defend_B","Defend_B","Defend_B"]},{"damage_healed":0,"gold_gain":0,"player_choice":"Read","damage_taken":0,"max_hp_gain":0,"max_hp_loss":0,"event_name":"The Library","floor":31,"gold_loss":0,"cards_obtained":["Defragment"]},{"damage_healed":0,"gold_gain":0,"player_choice":"Embrace Madness","damage_taken":14,"max_hp_gain":0,"max_hp_loss":0,"event_name":"Winding Halls","floor":38,"gold_loss":0,"cards_obtained":["Madness","Madness"]},{"damage_healed":0,"gold_gain":0,"player_choice":"Ignored","damage_taken":0,"max_hp_gain":0,"max_hp_loss":0,"event_name":"Tomb of Lord Red Mask","floor":39,"gold_loss":0}],"is_beta":false,"boss_relics":[{"not_picked":["Ectoplasm","Fusion Hammer"],"picked":"Coffee Dripper"},{"not_picked":["Snecko Eye","Astrolabe"],"picked":"Runic Pyramid"}],"items_purged_floors":[],"is_endless":false,"potions_floor_spawned":[3,7,8,13,14,16,18,21,22,24,25,27,29,33,35,36,37],"killed_by":"Giant Head","ascension_level":20}}