{"host":"sie9a4hoh1px9dme","time":1612626657,"event":{"mods":["100% Spire Juice","Act Like it!","BaseMod","CapriCore","Energized Spire","Halation","Hallownest","Minty Spire (QoL Compilation)","StSLib","The Administrix","The Bug Knight"],"gold_per_floor":[110,110,122,146,71,105,122,135,158,158,158,158,175,210,210,312,312,325,341,341,420,440,440,137,137,137,137,137,157,210,165,165,165,165],"floor_reached":33,"language":"ENG","playtime":2030,"items_purged":[],"score":280,"play_id":"74253234-f9b4-425a-8956-a9bdf0d93e72","local_time":"20210206105057","is_ascension_mode":false,"campfire_choices":[{"data":"HollowMod:DesolateDive","floor":10,"key":"SMITH"},{"data":"HollowMod:SoulStrike","floor":15,"key":"SMITH"},{"data":"HollowMod:HowlingWraiths","floor":23,"key":"SMITH"},{"data":"HollowMod:MantisMark","floor":25,"key":"SMITH"},{"floor":27,"key":"REST"},{"data":"HollowMod:ChannelNail","floor":32,"key":"SMITH"}],"circlet_count":0,"master_deck":["HollowMod:NailStrikeStart","HollowMod:NailStrikeStart","HollowMod:NailStrikeStart","HollowMod:NailStrikeStart+1","HollowMod:QuickDashStart","HollowMod:QuickDashStart","HollowMod:QuickDashStart","HollowMod:QuickDashStart","HollowMod:FocusHealStart","HollowMod:PogoStrike","HollowMod:SoulStrike+1","HollowMod:DesolateDive+1","Hallownest:skillGreenpathMap","HollowMod:CycloneSlash+1","HollowMod:VengefulSpirit","HollowMod:SoulSplash","HollowMod:MonarchWings","HollowMod:MantisMark+1","HollowMod:VengefulSpirit+1","HollowMod:SoulSplash","HollowMod:HowlingWraiths+1","HollowMod:ChannelNail+1","HollowMod:GreatSlash"],"relics":["HollowMod:VesselMask","NeowsBlessing","Hallownest:DreamNailRelic","HollowMod:MillibellesNoteRelic","Regal Pillow","Tiny Chest","halation:AfternoonTea","Black Star","halation:TwoAmDonut","Torii"],"acts_visited":["Hallownest:Greenpath","Hallownest:CityofTears"],"potions_floor_usage":[16,16,22,33,33,33],"damage_taken":[{"damage":0,"enemies":"Hallownest:monsterHuskGuard","floor":1,"turns":1},{"damage":0,"enemies":"Hallownest:monsterHuskWarrior","floor":3,"turns":1},{"damage":0,"enemies":"Hallownest:eliteVengeflyKing","floor":6,"turns":1},{"damage":0,"enemies":"Hallownest:2_Tiktiks_and_1_Crawlid","floor":7,"turns":1},{"damage":0,"enemies":"Hallownest:monsterMossCharger","floor":8,"turns":3},{"damage":0,"enemies":"Hallownest:MossCreep_and_Mosskin","floor":13,"turns":3},{"damage":19,"enemies":"Hallownest:eliteMossKnight","floor":14,"turns":4},{"damage":47,"enemies":"Hallownest:BossHornet","floor":16,"turns":9},{"damage":6,"enemies":"Hallownest:Guard_and_Sentry","floor":18,"turns":4},{"damage":10,"enemies":"Hallownest:3_Youths","floor":19,"turns":3},{"damage":16,"enemies":"Hallownest:3_Mistakes","floor":22,"turns":4},{"damage":1,"enemies":"Hallownest:Master_and_Novice","floor":29,"turns":2},{"damage":15,"enemies":"Hallownest:Glutton_and_Coward","floor":30,"turns":3},{"damage":80,"enemies":"Hallownest:BossSoulMaster","floor":33,"turns":13}],"seed_played":"-7897966415920196970","potions_obtained":[{"floor":1,"key":"Dexterity Potion"},{"floor":3,"key":"Explosive Potion"},{"floor":7,"key":"SpeedPotion"},{"floor":16,"key":"Regen Potion"},{"floor":18,"key":"Weak Potion"},{"floor":19,"key":"DistilledChaos"},{"floor":29,"key":"AttackPotion"}],"is_trial":false,"path_per_floor":["M","?","M","T","?","E","M","M","T","R","?","?","M","E","R","B",null,"M","M","?","T","M","R","$","R","T","R","$","M","M","?","R","B"],"character_chosen":"THE_BUGKNIGHT","items_purchased":["Torii"],"campfire_rested":1,"item_purchase_floors":[24],"current_hp_per_floor":[75,75,75,75,75,75,75,75,75,75,75,75,75,56,56,9,75,69,59,59,59,43,43,43,43,43,75,75,74,59,59,59,0,0],"gold":165,"neow_bonus":"THREE_ENEMY_KILL","is_daily":false,"chose_seed":false,"campfire_upgraded":5,"win_rate":0.0,"timestamp":1612626657,"path_taken":["M","?","?","?","?","E","?","M","T","R","?","?","M","E","R","BOSS","M","M","?","?","M","R","?","R","T","R","$","?","M","?","R","BOSS"],"items_purchased_type":["Relic"],"build_version":"2020-12-22","purchased_purges":0,"victory":false,"max_hp_per_floor":[75,75,75,75,75,75,75,75,75,75,75,75,75,75,75,75,75,75,75,75,75,75,75,75,75,75,75,75,75,75,75,75,75,75],"card_choices":[{"not_picked":["HollowMod:BaldurShell","HollowMod:ChannelNail"],"picked":"HollowMod:SoulStrike","floor":1},{"not_picked":["HollowMod:AbyssShriek","HollowMod:WraithStrike"],"picked":"HollowMod:DesolateDive","floor":3},{"not_picked":["HollowMod:SiblingsShadow","HollowMod:DescendingDark"],"picked":"HollowMod:CycloneSlash","floor":6},{"not_picked":["HollowMod:MonarchWings","HollowMod:ShapeofUnn"],"picked":"HollowMod:VengefulSpirit","floor":7},{"not_picked":["HollowMod:LifebloodCocoon","HollowMod:GoodIntentions"],"picked":"HollowMod:SoulSplash","floor":8},{"not_picked":["HollowMod:LordofShades","HollowMod:VengefulVoid"],"picked":"HollowMod:MonarchWings","floor":13},{"not_picked":["HollowMod:NewJinnsSoul","HollowMod:PureVessel"],"picked":"HollowMod:MantisMark","floor":14},{"not_picked":["HollowMod:SiblingsSouls","HollowMod:WraithStrike"],"picked":"HollowMod:VengefulSpirit+1","floor":18},{"not_picked":["HollowMod:NewGlowingWomb","HollowMod:GoodIntentions"],"picked":"HollowMod:SoulSplash","floor":19},{"not_picked":["HollowMod:MantisMark","HollowMod:CloakDash"],"picked":"HollowMod:HowlingWraiths","floor":22},{"not_picked":["HollowMod:Grubsong","HollowMod:SiblingsSouls"],"picked":"HollowMod:ChannelNail","floor":29},{"not_picked":["HollowMod:GoodIntentions","HollowMod:LifebloodCocoon"],"picked":"HollowMod:GreatSlash","floor":30}],"player_experience":94181,"relics_obtained":[{"floor":4,"key":"HollowMod:MillibellesNoteRelic"},{"floor":6,"key":"Regal Pillow"},{"floor":9,"key":"Tiny Chest"},{"floor":14,"key":"halation:AfternoonTea"},{"floor":21,"key":"halation:TwoAmDonut"}],"event_choices":[],"is_beta":false,"boss_relics":[{"not_picked":["halation:Risk","Philosopher\u0027s Stone"],"picked":"Black Star"}],"items_purged_floors":[],"is_endless":false,"potions_floor_spawned":[1,3,7,13,16,18,19,29],"killed_by":"Hallownest:BossSoulMaster","ascension_level":0}}