{"host":"f0gpob8hq9vgebej","time":1612634572,"event":{"mods":["AchievementEnabler","BaseMod","Minty Spire (QoL Compilation)","Quick Restart","SuperFastMode"],"gold_per_floor":[118,118,118,133,188,216,216,236,262,262,281,314,325,340,340,418,418,430,450,207,220,120,120,130,130,157,173,173,173,192,192,192],"floor_reached":31,"language":"KOR","playtime":668,"items_purged":["Strike_R","Strike_R"],"score":553,"play_id":"e654ae70-fc66-4482-8719-81182b4c9617","local_time":"20210207030252","is_ascension_mode":true,"campfire_choices":[{"data":"Spot Weakness","floor":7.0,"key":"SMITH"},{"data":"Disarm","floor":10.0,"key":"SMITH"},{"data":"Heavy Blade","floor":15.0,"key":"SMITH"},{"data":"Limit Break","floor":23.0,"key":"SMITH"},{"data":"Strike_R","floor":25.0,"key":"PURGE"}],"circlet_count":0,"master_deck":["AscendersBane","Strike_R+1","Defend_R+1","Defend_R","Defend_R","Defend_R+1","Bash","Twin Strike","Disarm+1","Spot Weakness+1","Battle Trance+1","Sword Boomerang","Heavy Blade+1","Pummel","Evolve","Limit Break+1","Impervious"],"relics":["Burning Blood","NeowsBlessing","Omamori","Eternal Feather","Blood Vial","War Paint","Calling Bell","Centennial Puzzle","Pantograph","Peace Pipe","Vajra","Regal Pillow","MutagenicStrength"],"acts_visited":["Exordium","TheCity"],"potions_floor_usage":[31],"damage_taken":[{"damage":0.0,"enemies":"Jaw Worm","floor":1.0,"turns":1.0},{"damage":0.0,"enemies":"Small Slimes","floor":4.0,"turns":1.0},{"damage":0.0,"enemies":"Lagavulin","floor":6.0,"turns":1.0},{"damage":0.0,"enemies":"2 Louse","floor":8.0,"turns":3.0},{"damage":20.0,"enemies":"Lots of Slimes","floor":11.0,"turns":3.0},{"damage":20.0,"enemies":"3 Sentries","floor":12.0,"turns":5.0},{"damage":11.0,"enemies":"2 Fungi Beasts","floor":13.0,"turns":4.0},{"damage":15.0,"enemies":"Exordium Thugs","floor":14.0,"turns":5.0},{"damage":15.0,"enemies":"The Guardian","floor":16.0,"turns":10.0},{"damage":23.0,"enemies":"3 Byrds","floor":18.0,"turns":6.0},{"damage":9.0,"enemies":"Shell Parasite","floor":19.0,"turns":5.0},{"damage":13.0,"enemies":"Cultist and Chosen","floor":21.0,"turns":5.0},{"damage":52.0,"enemies":"Sentry and Sphere","floor":24.0,"turns":6.0},{"damage":23.0,"enemies":"Centurion and Healer","floor":27.0,"turns":6.0},{"damage":16,"enemies":"Cultist and Chosen","floor":30,"turns":5},{"damage":0,"enemies":"Snake Plant","floor":31,"turns":1}],"seed_played":"8016299144507632384","potions_obtained":[{"floor":4.0,"key":"Weak Potion"},{"floor":11.0,"key":"Energy Potion"},{"floor":13.0,"key":"BloodPotion"},{"floor":16.0,"key":"Fruit Juice"},{"floor":18.0,"key":"DistilledChaos"},{"floor":19.0,"key":"ElixirPotion"},{"floor":21.0,"key":"PowerPotion"}],"is_trial":false,"path_per_floor":["M","?","?","M","T","E","R","M","T","R","M","E","M","M","R","B",null,"M","M","$","M","$","R","M","R","T","M","?","?","M","M"],"character_chosen":"IRONCLAD","items_purchased":["Vajra"],"campfire_rested":0,"item_purchase_floors":[20],"current_hp_per_floor":[74,74,51,57,57,63,69,75,75,75,61,49,61,54,63,61,75,60,59,59,54,54,63,19,28,28,13,29,29,21,23,23],"gold":192,"neow_bonus":"THREE_ENEMY_KILL","is_daily":false,"chose_seed":false,"campfire_upgraded":4,"win_rate":0.0,"timestamp":1612634572,"path_taken":["M","?","?","M","?","E","R","M","T","R","M","E","M","M","R","BOSS","M","M","$","M","$","R","M","R","T","M","?","?","M","M"],"items_purchased_type":["Relic"],"build_version":"2020-12-22","purchased_purges":2,"victory":false,"max_hp_per_floor":[75,75,75,75,75,75,75,75,75,75,75,75,75,75,75,80,80,80,80,80,80,80,80,80,80,80,80,80,80,80,80,80],"card_choices":[{"not_picked":["Clash","Havoc"],"picked":"Twin Strike","floor":1.0},{"not_picked":["Clothesline","Uppercut"],"picked":"Disarm","floor":4.0},{"not_picked":["Shockwave","Clothesline"],"picked":"Spot Weakness","floor":6.0},{"not_picked":["Intimidate","Metallicize"],"picked":"Battle Trance","floor":8.0},{"not_picked":["Warcry","Shrug It Off"],"picked":"Sword Boomerang","floor":11.0},{"not_picked":["Disarm","Iron Wave"],"picked":"Heavy Blade","floor":12.0},{"not_picked":["Warcry","Heavy Blade"],"picked":"Pummel","floor":13.0},{"not_picked":["Metallicize","Body Slam"],"picked":"Evolve","floor":14.0},{"not_picked":["Berserk","Exhume"],"picked":"Limit Break","floor":16.0},{"not_picked":["Anger","Sword Boomerang"],"picked":"Impervious","floor":18.0},{"not_picked":["Wild Strike","Hemokinesis","Intimidate"],"picked":"SKIP","floor":19.0},{"not_picked":["Havoc","Clash","Blood for Blood"],"picked":"SKIP","floor":21.0},{"not_picked":["Sentinel+1","Hemokinesis","Rampage"],"picked":"SKIP","floor":24.0},{"not_picked":["Limit Break","Cleave","Anger"],"picked":"SKIP","floor":27.0},{"not_picked":["Clothesline","Blood for Blood","Armaments"],"picked":"SKIP","floor":30}],"player_experience":382693,"relics_obtained":[{"floor":5.0,"key":"Omamori"},{"floor":6.0,"key":"Eternal Feather"},{"floor":9.0,"key":"Blood Vial"},{"floor":12.0,"key":"War Paint"},{"floor":17.0,"key":"Centennial Puzzle"},{"floor":17.0,"key":"Pantograph"},{"floor":17.0,"key":"Peace Pipe"},{"floor":26.0,"key":"Regal Pillow"}],"event_choices":[{"cards_removed":["Strike_R"],"damage_healed":0.0,"max_hp_gain":0.0,"max_hp_loss":0.0,"gold_gain":0.0,"event_name":"Living Wall","player_choice":"Forget","floor":2.0,"gold_loss":0.0,"damage_taken":0.0},{"damage_healed":0.0,"max_hp_gain":0.0,"max_hp_loss":0.0,"gold_gain":0.0,"event_name":"Shining Light","player_choice":"Entered Light","floor":3.0,"gold_loss":0.0,"damage_taken":23.0,"cards_upgraded":["Defend_R","Strike_R"]},{"damage_healed":16.0,"max_hp_gain":0.0,"max_hp_loss":0.0,"gold_gain":0.0,"event_name":"The Library","player_choice":"Heal","floor":28.0,"gold_loss":0.0,"damage_taken":0.0},{"damage_healed":0.0,"max_hp_gain":0.0,"max_hp_loss":0.0,"gold_gain":0.0,"event_name":"Drug Dealer","player_choice":"Inject Mutagens","floor":29.0,"gold_loss":0.0,"damage_taken":0.0,"relics_obtained":["MutagenicStrength"]}],"is_beta":false,"boss_relics":[{"not_picked":["Runic Dome","Mark of Pain"],"picked":"Calling Bell"}],"items_purged_floors":[20,22],"is_endless":false,"potions_floor_spawned":[4,11,12,13,16,18,19,21],"killed_by":"Snake Plant","ascension_level":17}}