{"host":"jksa5rawk3m4gilz","time":1612629681,"event":{"mods":["BaseMod","Colored Map","Highlight Path","Minty Spire (QoL Compilation)","Quick Restart"],"gold_per_floor":[114,114,114,132,107,107,136,136,136,136,155,180,195,229,229,302,302,312,326,425,106,21,62,74,11,50,62,102,114,126,164,176,188,188],"floor_reached":33,"language":"ENG","playtime":1097,"items_purged":["Strike_R"],"score":581,"play_id":"3342d975-c353-468d-bbae-a54497fc9748","local_time":"20210206174121","is_ascension_mode":true,"campfire_choices":[{"data":"Body Slam","floor":6.0,"key":"SMITH"},{"data":"Rampage","floor":8.0,"key":"SMITH"},{"data":"Juggernaut","floor":10.0,"key":"SMITH"},{"data":"Double Tap","floor":15.0,"key":"SMITH"},{"data":"Apotheosis","floor":24.0,"key":"SMITH"},{"data":"Rage","floor":27.0,"key":"SMITH"},{"data":"Corruption","floor":30,"key":"SMITH"},{"data":"Body Slam","floor":32,"key":"SMITH"}],"circlet_count":0,"master_deck":["AscendersBane","Strike_R","Strike_R","Strike_R","Defend_R","Defend_R","Defend_R","Defend_R","Bash","Juggernaut+1","Rampage+1","Metallicize","Body Slam+1","Battle Trance","Body Slam+1","Double Tap+1","Offering","Rage+1","Apotheosis+1","True Grit+1","Corruption+1","Mind Blast"],"relics":["Burning Blood","CaptainsWheel","Happy Flower","Lantern","Oddly Smooth Stone","Self Forming Clay","Coffee Dripper","MawBank","Bronze Scales","MealTicket","Sundial","Boot"],"acts_visited":["Exordium","TheCity"],"potions_floor_usage":[31],"damage_taken":[{"damage":0.0,"enemies":"2 Louse","floor":1.0,"turns":5.0},{"damage":14.0,"enemies":"Jaw Worm","floor":4.0,"turns":4.0},{"damage":16.0,"enemies":"3 Sentries","floor":7.0,"turns":7.0},{"damage":0.0,"enemies":"Cultist","floor":11.0,"turns":3.0},{"damage":2.0,"enemies":"Lagavulin","floor":12.0,"turns":5.0},{"damage":3.0,"enemies":"3 Louse","floor":13.0,"turns":2.0},{"damage":15.0,"enemies":"Gremlin Nob","floor":14.0,"turns":4.0},{"damage":30.0,"enemies":"Slime Boss","floor":16.0,"turns":9.0},{"damage":15.0,"enemies":"3 Byrds","floor":18.0,"turns":4.0},{"damage":14.0,"enemies":"2 Thieves","floor":19.0,"turns":4.0},{"damage":14.0,"enemies":"Book of Stabbing","floor":23.0,"turns":4.0},{"damage":26.0,"enemies":"Slavers","floor":28.0,"turns":5.0},{"damage":6,"enemies":"Gremlin Leader","floor":31,"turns":6},{"damage":35,"enemies":"Champ","floor":33,"turns":6}],"seed_played":"-2830693829789239661","potions_obtained":[{"floor":4.0,"key":"Strength Potion"},{"floor":11.0,"key":"Block Potion"},{"floor":12.0,"key":"DuplicationPotion"},{"floor":14.0,"key":"Regen Potion"},{"floor":28.0,"key":"DuplicationPotion"}],"is_trial":false,"path_per_floor":["M","?","?","M","$","R","E","R","T","R","M","E","M","E","R","B",null,"M","M","?","$","?","E","R","?","T","R","E","?","R","E","R","B"],"character_chosen":"IRONCLAD","items_purchased":["Body Slam","Rage","Apotheosis"],"campfire_rested":0,"item_purchase_floors":[5,21,21],"current_hp_per_floor":[74,67,67,59,59,59,49,49,49,49,55,59,62,53,53,29,64,55,47,47,47,47,39,39,39,39,39,33,33,33,33,33,0,0],"gold":188,"neow_bonus":"THREE_RARE_CARDS","is_daily":false,"chose_seed":false,"campfire_upgraded":8,"win_rate":0.0,"timestamp":1612629681,"path_taken":["M","?","?","M","?","R","E","R","T","R","M","E","M","E","R","BOSS","M","M","?","$","?","E","R","?","T","R","E","?","R","E","R","BOSS"],"items_purchased_type":["Card","Card","Card"],"build_version":"2020-12-22","purchased_purges":1,"victory":false,"max_hp_per_floor":[75,75,75,75,75,75,75,75,75,75,75,75,75,75,75,75,75,75,75,75,75,75,75,75,75,75,75,75,75,75,75,75,75,75],"card_choices":[{"not_picked":["Reaper","Demon Form"],"picked":"Juggernaut","floor":0.0},{"not_picked":["Uppercut","Headbutt"],"picked":"Rampage","floor":1.0},{"not_picked":["Clothesline","Rupture"],"picked":"Metallicize","floor":4.0},{"not_picked":["Sword Boomerang","Disarm","Cleave"],"picked":"SKIP","floor":7.0},{"not_picked":["Clash","Cleave"],"picked":"Battle Trance","floor":11.0},{"not_picked":["Twin Strike","Combust"],"picked":"Body Slam","floor":12.0},{"not_picked":["Pummel","Sword Boomerang","Infernal Blade"],"picked":"SKIP","floor":13.0},{"not_picked":["Fiend Fire","Spot Weakness"],"picked":"Double Tap","floor":14.0},{"not_picked":["Exhume","Reaper"],"picked":"Offering","floor":16.0},{"not_picked":["Infernal Blade","Flex","Thunderclap"],"picked":"SKIP","floor":18.0},{"not_picked":["Havoc","Infernal Blade","Twin Strike"],"picked":"SKIP","floor":19.0},{"not_picked":["Warcry","Bludgeon"],"picked":"True Grit+1","floor":23.0},{"not_picked":["Headbutt","Body Slam","Pummel"],"picked":"SKIP","floor":28.0},{"not_picked":["Wild Strike","Evolve","Clash"],"picked":"SKIP","floor":31}],"player_experience":1819388,"relics_obtained":[{"floor":7.0,"key":"Happy Flower"},{"floor":9.0,"key":"Lantern"},{"floor":12.0,"key":"Oddly Smooth Stone"},{"floor":14.0,"key":"Self Forming Clay"},{"floor":23.0,"key":"Bronze Scales"},{"floor":26.0,"key":"MealTicket"},{"floor":28.0,"key":"Sundial"},{"floor":31,"key":"Boot"}],"event_choices":[{"damage_healed":0.0,"max_hp_gain":0.0,"max_hp_loss":0.0,"gold_gain":0.0,"event_name":"Scrap Ooze","player_choice":"Success","floor":2.0,"gold_loss":0.0,"damage_taken":7.0,"relics_obtained":["CaptainsWheel"]},{"cards_removed":["Shame"],"damage_healed":0.0,"max_hp_gain":0.0,"max_hp_loss":0.0,"gold_gain":0.0,"event_name":"Living Wall","player_choice":"Forget","floor":3.0,"gold_loss":0.0,"damage_taken":0.0},{"damage_healed":0.0,"max_hp_gain":0.0,"max_hp_loss":0.0,"gold_gain":99.0,"event_name":"Nest","player_choice":"Stole From Cult","floor":20.0,"gold_loss":0.0,"damage_taken":0.0},{"damage_healed":0.0,"max_hp_gain":0.0,"max_hp_loss":0.0,"gold_gain":0.0,"event_name":"Addict","player_choice":"Obtained Relic","floor":22.0,"gold_loss":85.0,"damage_taken":0.0,"relics_obtained":["MawBank"]},{"cards_removed":["Strike_R"],"damage_healed":0.0,"max_hp_gain":0.0,"max_hp_loss":0.0,"gold_gain":0.0,"event_name":"Beggar","player_choice":"Gave Gold","floor":25.0,"gold_loss":75.0,"damage_taken":0.0},{"damage_healed":0,"gold_gain":0,"player_choice":"2 cards matched","damage_taken":0,"max_hp_gain":0,"max_hp_loss":0,"event_name":"Match and Keep!","floor":29,"gold_loss":0,"cards_obtained":["Corruption","Mind Blast"]}],"is_beta":false,"boss_relics":[{"not_picked":["Runic Dome","Pandora\u0027s Box"],"picked":"Coffee Dripper"}],"items_purged_floors":[21],"is_endless":false,"potions_floor_spawned":[4,11,12,14,18,19,28],"killed_by":"Champ","ascension_level":14}}