{"host":"w2kjv12xyhtt0cv2","time":1612633510,"event":{"mods":["100% Spire Juice","Act Like it!","BaseMod","Colored Map","Friendly Minions","Gensokyo","GifTheSpireLib","Highlight Path","Hubris","Marisa（F雨　魔理沙）","Minty Spire (QoL Compilation)","Prisma Mod","Quick Restart","Reimu（博丽灵梦）","Relic Stats","Reliquary","Replay The Spire","Robot Space Explorer","RumiaBox-露米娅的神秘盒子","Shop Mod","Spicy Shops","StSLib","The Bug Knight","The Cursed","The Dragon Tamer","The Servant 0.9.4","UnlockEverythingMod","Waifu the Spire","[功能]功能增强和修复MOD","【功能Mod】Neow奖励","【遗物卡牌】REMEMod","没有小屋子和绿帽子啦"],"gold_per_floor":[117,117,3,76,88,120,135,135,135],"floor_reached":8,"language":"ZHS","playtime":565,"items_purged":[],"score":93,"play_id":"27b69ffc-2029-4b56-bef2-f3d27c52e186","local_time":"20210207014510","is_ascension_mode":true,"campfire_choices":[],"circlet_count":0,"master_deck":["AscendersBane","TheCursedMod:Strike_TheCursed","TheCursedMod:Strike_TheCursed","TheCursedMod:Strike_TheCursed","TheCursedMod:Strike_TheCursed","TheCursedMod:Defend_TheCursed","TheCursedMod:Defend_TheCursed","TheCursedMod:CursedWand","TheCursedMod:CleanUpWorkshop","TheCursedMod:Dregs","DevaForm","Pain","Doubt","TheCursedMod:RapidMovement","TheCursedMod:TroublousMinions","TheCursedMod:SpitefulPray"],"relics":["TheCursedMod:BlackMagic101","REME_ComplimentaryCards","Gensokyo:LunaticRedEyes","Replay:Arrowhead","Eternal Feather","hubris:BundleOfHerbs"],"acts_visited":["Gensokyo:Gensokyo"],"potions_floor_usage":[8],"damage_taken":[{"damage":9.0,"enemies":"Gensokyo:Gryphon","floor":1.0,"turns":4.0},{"damage":7,"enemies":"Gensokyo:3_Fairies","floor":5,"turns":5},{"damage":21,"enemies":"Gensokyo:Cirno","floor":6,"turns":7},{"damage":8,"enemies":"Gensokyo:Python","floor":7,"turns":5},{"damage":75,"enemies":"Gensokyo:Mamizou","floor":8,"turns":13}],"seed_played":"-1993995650675008029","potions_obtained":[{"floor":5,"key":"FairyPotion"},{"floor":6,"key":"Swift Potion"}],"is_trial":false,"path_per_floor":["M","?","$","T","M","E","M","E"],"character_chosen":"THE_CURSED","items_purchased":["Replay:Arrowhead"],"campfire_rested":0,"item_purchase_floors":[3],"current_hp_per_floor":[37,37,37,37,30,9,1,0,0],"gold":135,"neow_bonus":"REMOVE_TWO","is_daily":false,"chose_seed":false,"campfire_upgraded":0,"win_rate":0.0,"timestamp":1612633510,"path_taken":["M","?","?","?","?","E","M","E"],"items_purchased_type":["Relic"],"build_version":"2020-12-22","purchased_purges":0,"victory":false,"max_hp_per_floor":[71,71,71,71,71,71,71,71,71],"relic_stats":{"counters":[5,34],"Eternal Feather":0,"obtain_stats":[{"TheCursedMod:BlackMagic101":0,"Eternal Feather":4,"hubris:BundleOfHerbs":6,"Gensokyo:LunaticRedEyes":2,"Replay:Arrowhead":3,"REME_ComplimentaryCards":0},{"TheCursedMod:BlackMagic101":0,"Eternal Feather":1,"hubris:BundleOfHerbs":3,"Gensokyo:LunaticRedEyes":1,"Replay:Arrowhead":1,"REME_ComplimentaryCards":0},{"TheCursedMod:BlackMagic101":0,"Eternal Feather":4,"hubris:BundleOfHerbs":16,"Gensokyo:LunaticRedEyes":4,"Replay:Arrowhead":4,"REME_ComplimentaryCards":0}]},"card_choices":[{"not_picked":["TheCursedMod:VitalStrike","TheCursedMod:CursedArmor","TheCursedMod:CursedBlade"],"picked":"SKIP","floor":1.0},{"not_picked":["TheCursedMod:BlessingInDisguise","TheCursedMod:SmokeScreen"],"picked":"TheCursedMod:RapidMovement","floor":5},{"not_picked":["TheCursedMod:Torture","TheCursedMod:CursedShiv"],"picked":"TheCursedMod:TroublousMinions","floor":6},{"not_picked":["TheCursedMod:EmpowerCircles","TheCursedMod:ReleasedKnowledge"],"picked":"TheCursedMod:SpitefulPray","floor":7}],"player_experience":203753,"relics_obtained":[{"floor":4,"key":"Eternal Feather"},{"floor":6,"key":"hubris:BundleOfHerbs"}],"event_choices":[],"is_beta":false,"boss_relics":[],"items_purged_floors":[],"is_endless":false,"potions_floor_spawned":[5,6,7],"killed_by":"Gensokyo:Mamizou","ascension_level":16}}