{"host":"3tyeyqdkopu0dn2g","time":1612581082,"event":{"mods":["AchievementEnabler","BaseMod","Minty Spire (QoL Compilation)","Quick Restart","Remove Card Discount Mod"],"gold_per_floor":[111,122,139,239,237,237,254,254,303,319,210,225,246,211,211,315,315,332,332,344,371,385,413,357,368,441,469,469,483,483,496,496,598,598,615,630,369,369,591,619,619,652,678,678,705,717,717,735,735,735],"floor_reached":51,"language":"ZHS","playtime":2721,"items_purged":["Decay","Strike_P","Defend_P","Defend_P","Defend_P","Strike_P+1","Fasting2","SandsOfTime","ThirdEye+1"],"score":882,"play_id":"86ee758b-08b1-462a-8d81-4dfe747ca79f","local_time":"20210206111122","is_ascension_mode":true,"campfire_choices":[{"data":"Eruption","floor":6.0,"key":"SMITH"},{"data":"Vigilance","floor":8.0,"key":"SMITH"},{"data":"Wallop","floor":15.0,"key":"SMITH"},{"data":"Judgement","floor":28.0,"key":"SMITH"},{"data":"Adaptation","floor":32.0,"key":"SMITH"},{"data":"Devotion","floor":44,"key":"SMITH"},{"data":"Vault","floor":49,"key":"SMITH"}],"circlet_count":0,"master_deck":["Eruption+1","Vigilance+1","WindmillStrike","Wallop+1","Brilliance","Brilliance+1","SandsOfTime+1","FearNoEvil+1","Pray","Judgement+1","Devotion+1","Prostrate","Vault+1"],"relics":["PureWater","Ice Cream","Damaru","Odd Mushroom","Astrolabe","Red Mask","Whetstone","White Beast Statue","Bag of Preparation","Meat on the Bone","VioletLotus","Kunai","Torii","Pantograph","Blood Vial","Bag of Marbles"],"acts_visited":["Exordium","TheCity","TheBeyond"],"potions_floor_usage":[40,42,45,46,50,50],"damage_taken":[{"damage":10.0,"enemies":"Jaw Worm","floor":1.0,"turns":6.0},{"damage":9.0,"enemies":"Cultist","floor":2.0,"turns":3.0},{"damage":1.0,"enemies":"2 Louse","floor":3.0,"turns":3.0},{"damage":3.0,"enemies":"2 Fungi Beasts","floor":7.0,"turns":4.0},{"damage":0.0,"enemies":"Exordium Wildlife","floor":10.0,"turns":4.0},{"damage":0.0,"enemies":"Blue Slaver","floor":12.0,"turns":2.0},{"damage":14.0,"enemies":"The Mushroom Lair","floor":13.0,"turns":3.0},{"damage":0.0,"enemies":"Slime Boss","floor":16.0,"turns":3.0},{"damage":14.0,"enemies":"3 Byrds","floor":18.0,"turns":5.0},{"damage":0.0,"enemies":"Chosen","floor":20.0,"turns":4.0},{"damage":15.0,"enemies":"Masked Bandits","floor":21.0,"turns":3.0},{"damage":16.0,"enemies":"Shelled Parasite and Fungi","floor":22.0,"turns":4.0},{"damage":6.0,"enemies":"Book of Stabbing","floor":23.0,"turns":4.0},{"damage":0.0,"enemies":"Centurion and Healer","floor":25.0,"turns":4.0},{"damage":3.0,"enemies":"Gremlin Leader","floor":27.0,"turns":4.0},{"damage":0.0,"enemies":"Snecko","floor":29.0,"turns":2.0},{"damage":0.0,"enemies":"Snake Plant","floor":31.0,"turns":2.0},{"damage":2.0,"enemies":"Champ","floor":33.0,"turns":4.0},{"damage":6.0,"enemies":"3 Shapes","floor":35.0,"turns":3.0},{"damage":1.0,"enemies":"3 Darklings","floor":36.0,"turns":3.0},{"damage":2,"enemies":"Nemesis","floor":40,"turns":3},{"damage":1,"enemies":"Giant Head","floor":42,"turns":4},{"damage":46,"enemies":"Reptomancer","floor":45,"turns":4},{"damage":3,"enemies":"Sphere and 2 Shapes","floor":46,"turns":3},{"damage":0,"enemies":"Writhing Mass","floor":48,"turns":2},{"damage":10,"enemies":"Donu and Deca","floor":50,"turns":5}],"seed_played":"8480694270048200859","potions_obtained":[{"floor":1.0,"key":"Fire Potion"},{"floor":3.0,"key":"BlessingOfTheForge"},{"floor":10.0,"key":"SteroidPotion"},{"floor":12.0,"key":"AttackPotion"},{"floor":21.0,"key":"Regen Potion"},{"floor":27.0,"key":"StancePotion"},{"floor":29.0,"key":"Energy Potion"},{"floor":31.0,"key":"Block Potion"},{"floor":33.0,"key":"SkillPotion"},{"floor":36.0,"key":"SneckoOil"},{"floor":40,"key":"AttackPotion"},{"floor":42,"key":"ColorlessPotion"},{"floor":45,"key":"LiquidMemories"},{"floor":46,"key":"BottledMiracle"},{"floor":48,"key":"SkillPotion"}],"is_trial":false,"path_per_floor":["M","M","M","?","$","R","M","R","T","M","$","M","?","?","R","B",null,"M","?","M","?","M","E","$","M","T","E","R","M","T","M","R","B",null,"M","M","$","?","?","E","?","E","T","R","E","M","?","M","R","B",null],"character_chosen":"WATCHER","items_purchased":["Wallop","Fasting2","Block Potion","Kunai"],"campfire_rested":0,"item_purchase_floors":[11,11,24,37],"current_hp_per_floor":[62,53,52,52,52,52,49,49,49,49,49,49,35,53,53,53,72,58,58,58,43,27,21,21,21,21,30,30,30,30,42,42,40,72,66,65,65,65,65,63,63,62,62,62,30,41,41,43,43,58],"gold":735,"neow_bonus":"ONE_RARE_RELIC","is_daily":false,"chose_seed":false,"campfire_upgraded":7,"win_rate":0.0,"timestamp":1612581082,"path_taken":["M","M","M","?","$","R","?","R","T","M","$","M","?","?","R","BOSS","M","?","M","?","M","E","$","M","T","E","R","M","?","M","R","BOSS","M","M","$","?","?","E","?","E","T","R","E","?","?","M","R","BOSS"],"items_purchased_type":["Card","Card","Potion","Relic"],"build_version":"2020-12-22","purchased_purges":9,"victory":true,"max_hp_per_floor":[72,72,72,72,72,72,72,72,72,72,72,72,72,72,72,72,72,72,72,72,72,72,72,72,72,72,72,72,72,72,72,72,72,72,72,72,72,72,72,72,68,68,68,68,68,68,68,68,68,68],"card_choices":[{"not_picked":["DeceiveReality","BowlingBash","InnerPeace"],"picked":"SKIP","floor":1.0},{"not_picked":["CutThroughFate","BowlingBash","FlyingSleeves"],"picked":"SKIP","floor":2.0},{"not_picked":["FollowUp","Worship","EmptyFist"],"picked":"SKIP","floor":3.0},{"not_picked":["SashWhip","Evaluate","InnerPeace"],"picked":"SKIP","floor":7.0},{"not_picked":["Meditate","ThirdEye"],"picked":"WindmillStrike","floor":10.0},{"not_picked":["EmptyFist","FlyingSleeves"],"picked":"Brilliance","floor":12.0},{"not_picked":["ClearTheMind","Consecrate"],"picked":"SandsOfTime","floor":13.0},{"not_picked":["Vault","Establishment"],"picked":"Brilliance","floor":16.0},{"not_picked":["Conclude","DeceiveReality","BowlingBash"],"picked":"SKIP","floor":18.0},{"not_picked":["Study","PathToVictory+1","Wallop"],"picked":"SKIP","floor":20.0},{"not_picked":["EmptyMind","Consecrate"],"picked":"Pray","floor":21.0},{"not_picked":["BowlingBash","Evaluate","LikeWater"],"picked":"SKIP","floor":22.0},{"not_picked":["EmptyFist","Pray","Wallop"],"picked":"SKIP","floor":23.0},{"not_picked":["Study","EmptyFist+1","WreathOfFlame"],"picked":"SKIP","floor":25.0},{"not_picked":["BowlingBash","Pray+1"],"picked":"Judgement","floor":27.0},{"not_picked":["JustLucky","WaveOfTheHand+1","FlurryOfBlows+1"],"picked":"SKIP","floor":29.0},{"not_picked":["BattleHymn+1","Protect"],"picked":"Adaptation","floor":31.0},{"not_picked":["ConjureBlade","DeusExMachina"],"picked":"Devotion","floor":33.0},{"not_picked":["FlyingSleeves","ClearTheMind+1","CrushJoints"],"picked":"SKIP","floor":35.0},{"not_picked":["ForeignInfluence+1","Blasphemy"],"picked":"Prostrate","floor":36.0},{"not_picked":["EmptyBody","FollowUp","Protect"],"picked":"SKIP","floor":40},{"not_picked":["Evaluate+1","Meditate+1","EmptyBody+1"],"picked":"SKIP","floor":42},{"not_picked":["Swivel","BowlingBash+1","FlurryOfBlows+1"],"picked":"SKIP","floor":45},{"not_picked":["ThirdEye+1","Study+1","SashWhip+1"],"picked":"SKIP","floor":46},{"not_picked":["Protect","EmptyBody+1"],"picked":"Vault","floor":48}],"player_experience":222041,"relics_obtained":[{"floor":9.0,"key":"Damaru"},{"floor":13.0,"key":"Odd Mushroom"},{"floor":21.0,"key":"Red Mask"},{"floor":23.0,"key":"Whetstone"},{"floor":26.0,"key":"White Beast Statue"},{"floor":27.0,"key":"Bag of Preparation"},{"floor":30.0,"key":"Meat on the Bone"},{"floor":40,"key":"Torii"},{"floor":42,"key":"Pantograph"},{"floor":43,"key":"Blood Vial"},{"floor":45,"key":"Bag of Marbles"}],"event_choices":[{"damage_healed":0.0,"max_hp_gain":0.0,"max_hp_loss":0.0,"gold_gain":100.0,"event_name":"Golden Shrine","player_choice":"Pray","floor":4.0,"gold_loss":0.0,"damage_taken":0.0},{"damage_healed":0.0,"max_hp_gain":0.0,"max_hp_loss":0.0,"gold_gain":0.0,"event_name":"Mushrooms","player_choice":"Fought Mushrooms","floor":13.0,"gold_loss":0.0,"damage_taken":0.0},{"damage_healed":18.0,"max_hp_gain":0.0,"max_hp_loss":0.0,"gold_gain":0.0,"event_name":"The Cleric","player_choice":"Healed","floor":14.0,"gold_loss":35.0,"damage_taken":0.0},{"damage_healed":0.0,"max_hp_gain":0.0,"max_hp_loss":0.0,"gold_gain":0.0,"event_name":"Ghosts","player_choice":"Ignored","floor":19.0,"gold_loss":0.0,"damage_taken":0.0},{"damage_healed":0.0,"max_hp_gain":0.0,"max_hp_loss":0.0,"gold_gain":0.0,"event_name":"Masked Bandits","player_choice":"Fought Bandits","floor":21.0,"gold_loss":0.0,"damage_taken":0.0},{"damage_healed":0,"gold_gain":0,"player_choice":"Memory 1","damage_taken":0,"max_hp_gain":0,"max_hp_loss":0,"event_name":"SensoryStone","floor":38,"gold_loss":0},{"damage_healed":0,"gold_gain":222,"player_choice":"Wore Mask","damage_taken":0,"max_hp_gain":0,"max_hp_loss":0,"event_name":"Tomb of Lord Red Mask","floor":39,"gold_loss":0},{"damage_healed":0,"gold_gain":0,"player_choice":"Max HP","damage_taken":0,"max_hp_gain":0,"max_hp_loss":4,"event_name":"Winding Halls","floor":41,"gold_loss":0},{"cards_removed":["Adaptation"],"damage_healed":0,"gold_gain":0,"player_choice":"Removed Power","damage_taken":0,"max_hp_gain":0,"max_hp_loss":0,"event_name":"Falling","floor":47,"gold_loss":0}],"is_beta":false,"boss_relics":[{"not_picked":["Pandora\u0027s Box","Ectoplasm"],"picked":"Astrolabe"},{"not_picked":["Sozu","Velvet Choker"],"picked":"VioletLotus"}],"items_purged_floors":[5,11,11,24,24,24,24,37,37],"is_endless":false,"potions_floor_spawned":[1,3,10,12,13,18,20,21,27,29,31,33,35,36,40,42,45,46,48],"ascension_level":1}}