{"host":"ooa7gbxz3ilj1hm6","time":1612636561,"event":{"mods":["BaseMod","Colored Map","Downfall","Highlight Path","Minty Spire (QoL Compilation)","StSLib"],"gold_per_floor":[99,116,131,150,169,201,201,201,215,215,248,57,57,85,100,100,100,100],"floor_reached":16,"language":"ENG","playtime":1036,"items_purged":["Injury"],"score":137,"play_id":"cc87b68b-d9a9-4e03-b65f-142cb9c2a33c","local_time":"20210206113601","is_ascension_mode":false,"campfire_choices":[{"data":"Guardian:RollAttack","floor":1,"key":"SMITH"},{"data":"Guardian:ConstructionForm","floor":8,"key":"SMITH"}],"circlet_count":0,"master_deck":["Guardian:Strike_Guardian","Guardian:Strike_Guardian","Guardian:Strike_Guardian","Guardian:Defend_Guardian","Guardian:Defend_Guardian","Guardian:Defend_Guardian","Guardian:CurlUp","Guardian:TwinSlam","Guardian:DecasProtection","Guardian:RollAttack+1","Guardian:Recover","Guardian:PiercingHide","Guardian:ConstructionForm+1","Guardian:Suspension","Guardian:FastForward","Guardian:Planning","Guardian:ShieldCharger","Guardian:BodySlam","Guardian:Gem_Red","Guardian:RollAttack"],"relics":["Guardian:ModeShifter","Eternal Feather","Gremlin Horn","Darkstone Periapt","Bronze Scales","downfall:BrokenWingStatue","Odd Mushroom"],"acts_visited":["Exordium"],"potions_floor_usage":[14],"damage_taken":[{"damage":11,"enemies":"Jaw Worm","floor":2,"turns":3},{"damage":0,"enemies":"Small Slimes","floor":3,"turns":5},{"damage":0,"enemies":"2 Louse","floor":4,"turns":2},{"damage":6,"enemies":"Large Slime","floor":5,"turns":6},{"damage":15,"enemies":"3 Sentries","floor":6,"turns":7},{"damage":4,"enemies":"Red Slaver","floor":9,"turns":4},{"damage":0,"enemies":"Gremlin Nob","floor":11,"turns":6},{"damage":0,"enemies":"downfall:FleeingMerchant","floor":12,"turns":4},{"damage":5,"enemies":"The Mushroom Lair","floor":14,"turns":4},{"damage":14,"enemies":"Lots of Slimes","floor":15,"turns":3},{"damage":36,"enemies":"WA_ARCHETYPE_RETAIN","floor":16,"turns":10}],"seed_played":"-2915796960150140062","potions_obtained":[{"floor":2,"key":"AttackPotion"},{"floor":6,"key":"SteroidPotion"},{"floor":9,"key":"Energy Potion"},{"floor":14,"key":"Dexterity Potion"}],"is_trial":false,"path_per_floor":["R","M","M","M","M","E","T","R","M","?","E","$","?","?","M","B"],"character_chosen":"GUARDIAN","items_purchased":["Guardian:ShieldCharger","Guardian:BodySlam"],"campfire_rested":0,"item_purchase_floors":[12,12],"current_hp_per_floor":[80,69,69,69,63,48,48,57,53,46,46,46,46,41,27,0,0,0],"gold":100,"neow_bonus":"TRANSFORM_TWO_CARDS","is_daily":false,"chose_seed":false,"campfire_upgraded":2,"win_rate":0.0,"timestamp":1612636561,"path_taken":["R","M","M","M","M","E","T","R","M","?","E","$","?","?","M","BOSS"],"items_purchased_type":["Card","Card"],"build_version":"2020-12-22","purchased_purges":1,"victory":false,"max_hp_per_floor":[80,80,80,80,80,80,80,80,80,80,80,80,80,80,80,80,80,80],"card_choices":[{"not_picked":["Guardian:TimeCapacitor","Guardian:WalkerClaw"],"picked":"Guardian:Recover","floor":2},{"not_picked":["Guardian:Gem_Lightblue","Guardian:CrystalBeam","Guardian:VentSteam"],"picked":"SKIP","floor":3},{"not_picked":["Guardian:Gem_Lightblue","Guardian:RefractedBeam"],"picked":"Guardian:Gem_Purple","floor":4},{"not_picked":["Guardian:WalkerClaw","Guardian:PolyBeam"],"picked":"Guardian:PiercingHide","floor":5},{"not_picked":["Guardian:Gem_Cyan","Guardian:PrismaticBarrier"],"picked":"Guardian:ConstructionForm","floor":6},{"not_picked":["Guardian:Gem_Lightblue","Guardian:BronzeArmor"],"picked":"Guardian:Suspension","floor":9},{"not_picked":["Guardian:EvasiveProtocol","Guardian:Gem_Purple"],"picked":"Guardian:FastForward","floor":11},{"not_picked":["Guardian:RollAttack","Guardian:SpikerProtocol"],"picked":"Guardian:Planning","floor":12},{"not_picked":["Guardian:Recover","Guardian:Planning"],"picked":"Guardian:Gem_Red","floor":14},{"not_picked":["Guardian:Gem_Lightblue","Guardian:Planning"],"picked":"Guardian:RollAttack","floor":15}],"player_experience":56707,"relics_obtained":[{"floor":6,"key":"Eternal Feather"},{"floor":7,"key":"Gremlin Horn"},{"floor":11,"key":"Bronze Scales"},{"floor":14,"key":"Odd Mushroom"}],"event_choices":[{"damage_healed":0,"gold_gain":0,"player_choice":"Success","damage_taken":7,"relics_obtained":["Darkstone Periapt"],"max_hp_gain":0,"max_hp_loss":0,"event_name":"Scrap Ooze","floor":10,"gold_loss":0},{"damage_healed":0,"gold_gain":0,"player_choice":"Fought Mushrooms","damage_taken":0,"max_hp_gain":0,"max_hp_loss":0,"event_name":"Mushrooms","floor":14,"gold_loss":0}],"is_beta":false,"boss_relics":[],"items_purged_floors":[12],"is_endless":false,"potions_floor_spawned":[2,6,9,11,14],"killed_by":"WA_ARCHETYPE_RETAIN","ascension_level":0}}