{"host":"uv5ws9rdk87e8i5k","time":1612597943,"event":{"mods":["AchievementEnabler","BaseMod","Colored Map","Minty Spire (QoL Compilation)","Permanent Neow","Quick Restart","StSLib","SuperFastMode","The Necromancer"],"gold_per_floor":[112,112,132,151,166,196,22,56,56,56,69,98,113,136,136,235,285,301,11,21,21,36,36,66,66,139,14,25,42,72,89,89,193,193,211,211,229,229,245,275,293,293,293,307,335,335,42,42,42,42],"floor_reached":51,"language":"ENG","playtime":1216,"items_purged":["Regret"],"score":1071,"play_id":"a3525b41-9d86-4b85-8d57-9becc0ae270e","local_time":"20210206015223","is_ascension_mode":true,"campfire_choices":[{"data":"1","floor":10.0,"key":"LIFT"},{"data":"Demon Form","floor":15.0,"key":"SMITH"},{"data":"2","floor":23.0,"key":"LIFT"},{"data":"3","floor":25.0,"key":"LIFT"},{"floor":32.0,"key":"REST"},{"data":"Brutality","floor":42,"key":"SMITH"},{"data":"Heavy Blade","floor":46,"key":"SMITH"},{"data":"Heavy Blade","floor":49,"key":"SMITH"}],"circlet_count":0,"master_deck":["Strike_R","Strike_R","Strike_R","Strike_R","Strike_R","Defend_R+1","Defend_R","Defend_R","Defend_R","Bash","Demon Form+1","Inflame","Twin Strike","Heavy Blade","Immolate","Shrug It Off","Rage","Havoc","Shrug It Off+1","Pommel Strike","Whirlwind","Twin Strike+1","Offering+1","Heavy Blade+1","Inflame","Heavy Blade+1","Hemokinesis+1","Havoc+1","Limit Break+1","Spot Weakness+1","Shockwave+1","Inflame+1","Brutality+1","Havoc+1","Parasite","Inflame"],"relics":["Burning Blood","Letter Opener","Mummified Hand","Champion Belt","Girya","Prayer Wheel","Odd Mushroom","Tiny House","Gambling Chip","The Courier","Toxic Egg 2","War Paint","Regal Pillow","Velvet Choker","Sundial","CaptainsWheel","HornCleat","Ancient Tea Set","Lee\u0027s Waffle","Juzu Bracelet"],"acts_visited":["Exordium","TheCity","TheBeyond"],"potions_floor_usage":[45,50,50,50],"damage_taken":[{"damage":9.0,"enemies":"Jaw Worm","floor":1.0,"turns":4.0},{"damage":13.0,"enemies":"2 Louse","floor":3.0,"turns":3.0},{"damage":5.0,"enemies":"Cultist","floor":4.0,"turns":3.0},{"damage":23.0,"enemies":"Lots of Slimes","floor":5.0,"turns":5.0},{"damage":27.0,"enemies":"Gremlin Nob","floor":6.0,"turns":4.0},{"damage":0.0,"enemies":"Lagavulin","floor":8.0,"turns":2.0},{"damage":7.0,"enemies":"Looter","floor":11.0,"turns":3.0},{"damage":6.0,"enemies":"Gremlin Nob","floor":12.0,"turns":3.0},{"damage":0.0,"enemies":"Red Slaver","floor":13.0,"turns":2.0},{"damage":0.0,"enemies":"The Mushroom Lair","floor":14.0,"turns":2.0},{"damage":0.0,"enemies":"Slime Boss","floor":16.0,"turns":5.0},{"damage":20.0,"enemies":"2 Thieves","floor":18.0,"turns":3.0},{"damage":6.0,"enemies":"Chosen","floor":20.0,"turns":2.0},{"damage":16.0,"enemies":"Sentry and Sphere","floor":22.0,"turns":4.0},{"damage":16.0,"enemies":"Gremlin Leader","floor":24.0,"turns":5.0},{"damage":6.0,"enemies":"3 Cultists","floor":28.0,"turns":2.0},{"damage":8.0,"enemies":"Centurion and Healer","floor":29.0,"turns":2.0},{"damage":16.0,"enemies":"Book of Stabbing","floor":30.0,"turns":3.0},{"damage":6.0,"enemies":"Chosen and Byrds","floor":31.0,"turns":4.0},{"damage":21.0,"enemies":"Collector","floor":33.0,"turns":5.0},{"damage":13.0,"enemies":"3 Darklings","floor":35.0,"turns":3.0},{"damage":0.0,"enemies":"Orb Walker","floor":37.0,"turns":2.0},{"damage":0.0,"enemies":"3 Darklings","floor":39.0,"turns":2.0},{"damage":16.0,"enemies":"Nemesis","floor":40.0,"turns":3.0},{"damage":13,"enemies":"Sphere and 2 Shapes","floor":41,"turns":3},{"damage":19,"enemies":"Writhing Mass","floor":44,"turns":4},{"damage":5,"enemies":"Giant Head","floor":45,"turns":4},{"damage":65,"enemies":"Donu and Deca","floor":50,"turns":5}],"seed_played":"-6153397079940846874","potions_obtained":[{"floor":1.0,"key":"Swift Potion"},{"floor":4.0,"key":"Swift Potion"},{"floor":8.0,"key":"DistilledChaos"},{"floor":13.0,"key":"PowerPotion"},{"floor":17.0,"key":"Explosive Potion"},{"floor":20.0,"key":"Swift Potion"},{"floor":29.0,"key":"PowerPotion"},{"floor":31.0,"key":"DistilledChaos"},{"floor":33.0,"key":"SteroidPotion"},{"floor":37.0,"key":"GamblersBrew"},{"floor":40.0,"key":"Regen Potion"},{"floor":41,"key":"AttackPotion"}],"is_trial":false,"path_per_floor":["M","?","M","M","M","E","$","E","T","R","M","E","M","?","R","B",null,"M","$","M","?","M","R","E","R","T","$","M","M","E","M","R","B",null,"M","?","M","?","M","E","M","R","T","M","E","R","$","?","R","B",null],"character_chosen":"IRONCLAD","items_purchased":["Energy Potion","Shrug It Off","Gambling Chip","War Paint","Explosive Potion","Lee\u0027s Waffle","Juzu Bracelet"],"campfire_rested":1,"item_purchase_floors":[7,7,19,27,47,47,47],"current_hp_per_floor":[69,69,62,63,46,25,25,31,31,31,30,30,36,42,42,48,77,63,63,63,63,53,53,43,43,43,43,43,41,31,31,69,54,77,70,70,76,76,77,67,60,60,60,47,60,60,84,84,84,25],"gold":42,"neow_bonus":"THREE_RARE_CARDS","is_daily":false,"chose_seed":false,"campfire_upgraded":4,"win_rate":0.0,"timestamp":1612597943,"path_taken":["M","?","M","M","M","E","$","E","T","R","M","E","M","?","R","BOSS","M","$","M","?","?","R","E","R","T","?","M","M","E","M","R","BOSS","M","?","?","?","M","E","M","R","T","M","E","R","$","?","R","BOSS"],"items_purchased_type":["Potion","Card","Relic","Relic","Potion","Relic","Relic"],"build_version":"2020-12-22","purchased_purges":1,"victory":true,"max_hp_per_floor":[72,72,72,72,72,72,72,72,72,72,72,72,72,72,72,72,77,77,77,77,77,77,77,77,77,77,77,77,77,77,77,77,77,77,77,77,77,77,77,77,77,77,77,77,77,77,84,84,84,84],"card_choices":[{"not_picked":["Impervious","Feed"],"picked":"Demon Form","floor":0.0},{"not_picked":["Rupture","Metallicize"],"picked":"Inflame","floor":1.0},{"not_picked":["Rampage","Shockwave"],"picked":"Twin Strike","floor":3.0},{"not_picked":["Havoc","Pommel Strike"],"picked":"Heavy Blade","floor":4.0},{"not_picked":["Flex","Anger"],"picked":"Twin Strike","floor":5.0},{"not_picked":["Shrug It Off","Dark Embrace"],"picked":"Immolate","floor":6.0},{"not_picked":["Shockwave","Iron Wave"],"picked":"Rage","floor":8.0},{"not_picked":["Flex","Rupture"],"picked":"Havoc","floor":11.0},{"not_picked":["Burning Pact","Flex"],"picked":"Shrug It Off","floor":12.0},{"not_picked":["Sword Boomerang","Twin Strike"],"picked":"Pommel Strike","floor":13.0},{"not_picked":["Clash","Pommel Strike"],"picked":"Whirlwind","floor":13.0},{"not_picked":["Intimidate","True Grit"],"picked":"Twin Strike","floor":14.0},{"not_picked":["Exhume","Brutality"],"picked":"Offering","floor":16.0},{"not_picked":["Clothesline","Clash"],"picked":"Heavy Blade","floor":17.0},{"not_picked":["Reckless Charge","Spot Weakness"],"picked":"Inflame","floor":18.0},{"not_picked":["Entrench","Cleave+1","Iron Wave"],"picked":"SKIP","floor":18.0},{"not_picked":["Sword Boomerang","Shrug It Off"],"picked":"Heavy Blade","floor":20.0},{"not_picked":["Pommel Strike","Body Slam","Flex+1"],"picked":"SKIP","floor":20.0},{"not_picked":["Spot Weakness+1","Intimidate"],"picked":"Hemokinesis+1","floor":22.0},{"not_picked":["Shrug It Off","Sever Soul+1","Anger"],"picked":"SKIP","floor":22.0},{"not_picked":["Twin Strike","Intimidate+1","Infernal Blade"],"picked":"SKIP","floor":24.0},{"not_picked":["Hemokinesis","Pommel Strike","Barricade"],"picked":"SKIP","floor":28.0},{"not_picked":["Anger","Wild Strike","Carnage"],"picked":"SKIP","floor":28.0},{"not_picked":["Flame Barrier+1","Iron Wave"],"picked":"Havoc+1","floor":29.0},{"not_picked":["Sword Boomerang","Wild Strike","Cleave"],"picked":"SKIP","floor":29.0},{"not_picked":["Headbutt+1","Thunderclap"],"picked":"Havoc+1","floor":30.0},{"not_picked":["Flex+1","Thunderclap","Sword Boomerang"],"picked":"SKIP","floor":31.0},{"not_picked":["True Grit+1","Clash+1","Intimidate+1"],"picked":"SKIP","floor":31.0},{"not_picked":["Juggernaut","Brutality"],"picked":"Limit Break+1","floor":33.0},{"not_picked":["Cleave","Thunderclap"],"picked":"Spot Weakness+1","floor":35.0},{"not_picked":["Bloodletting+1","Flex+1"],"picked":"Shockwave+1","floor":35.0},{"not_picked":["Flex+1","Warcry+1","Sword Boomerang"],"picked":"SKIP","floor":37.0},{"not_picked":["Cleave+1","Combust","Clothesline"],"picked":"SKIP","floor":37.0},{"not_picked":["Sword Boomerang+1","Spot Weakness+1"],"picked":"Inflame+1","floor":39.0},{"not_picked":["Rampage+1","Second Wind+1","Entrench+1"],"picked":"SKIP","floor":39.0},{"not_picked":["Carnage","True Grit+1"],"picked":"Brutality","floor":40.0},{"not_picked":["Flame Barrier+1","Flex+1"],"picked":"Havoc+1","floor":41},{"not_picked":["Iron Wave+1","Anger","Thunderclap+1"],"picked":"SKIP","floor":41},{"not_picked":["Thunderclap","Clash"],"picked":"Inflame","floor":44},{"not_picked":["Armaments+1","Thunderclap+1","Evolve"],"picked":"SKIP","floor":44},{"not_picked":["Exhume+1","Sword Boomerang","Clash+1"],"picked":"SKIP","floor":45}],"player_experience":241190,"relics_obtained":[{"floor":6.0,"key":"Mummified Hand"},{"floor":8.0,"key":"Champion Belt"},{"floor":9.0,"key":"Girya"},{"floor":12.0,"key":"Prayer Wheel"},{"floor":14.0,"key":"Odd Mushroom"},{"floor":24.0,"key":"The Courier"},{"floor":26.0,"key":"Toxic Egg 2"},{"floor":30.0,"key":"Regal Pillow"},{"floor":40.0,"key":"CaptainsWheel"},{"floor":43,"key":"HornCleat"},{"floor":45,"key":"Ancient Tea Set"}],"event_choices":[{"damage_healed":0.0,"max_hp_gain":0.0,"max_hp_loss":0.0,"gold_gain":0.0,"event_name":"Big Fish","player_choice":"Box","floor":2.0,"gold_loss":0.0,"damage_taken":0.0,"relics_obtained":["Letter Opener"],"cards_obtained":["Regret"]},{"damage_healed":0.0,"max_hp_gain":0.0,"max_hp_loss":0.0,"gold_gain":0.0,"event_name":"Mushrooms","player_choice":"Fought Mushrooms","floor":14.0,"gold_loss":0.0,"damage_taken":0.0},{"damage_healed":0.0,"max_hp_gain":0.0,"max_hp_loss":0.0,"gold_gain":0.0,"event_name":"Upgrade Shrine","player_choice":"Upgraded","floor":21.0,"gold_loss":0.0,"damage_taken":0.0,"cards_upgraded":["Offering"]},{"cards_removed":["Twin Strike"],"damage_healed":0.0,"max_hp_gain":0.0,"max_hp_loss":0.0,"gold_gain":0.0,"event_name":"WeMeetAgain","player_choice":"Gave Card","floor":36.0,"gold_loss":0.0,"damage_taken":0.0,"relics_obtained":["Sundial"]},{"damage_healed":0.0,"max_hp_gain":0.0,"max_hp_loss":0.0,"gold_gain":0.0,"event_name":"Tomb of Lord Red Mask","player_choice":"Ignored","floor":38.0,"gold_loss":0.0,"damage_taken":0.0},{"cards_removed":["Havoc"],"damage_healed":0,"gold_gain":0,"player_choice":"Removed Skill","damage_taken":0,"max_hp_gain":0,"max_hp_loss":0,"event_name":"Falling","floor":48,"gold_loss":0}],"is_beta":false,"boss_relics":[{"not_picked":["Runic Cube","Runic Pyramid"],"picked":"Tiny House"},{"not_picked":["Astrolabe","Mark of Pain"],"picked":"Velvet Choker"}],"items_purged_floors":[7],"is_endless":false,"potions_floor_spawned":[1,4,8,13,20,29,31,33,37,40,41],"ascension_level":3}}