{"host":"epc8efk9vrywpcsw","time":1612613549,"event":{"mods":["BaseMod","Minty Spire (QoL Compilation)","Relic Stats","StSLib"],"gold_per_floor":[114,264,275,275,550,584,584,611,636,636,653,258,338,303,303,375,375,387,387,440,455,293,620,631,631,631,292,323,341,341,351,351,424,424,441,455,455,455,132,163,163,174,201,201,217,247,265,278,278,278,278,278],"floor_reached":51,"language":"ENG","playtime":1713,"items_purged":[],"score":1631,"play_id":"e914094b-eb5b-42b7-8e5e-12a78ba417e2","local_time":"20210206131229","is_ascension_mode":true,"campfire_choices":[{"data":"Bash","floor":7.0,"key":"SMITH"},{"data":"Pummel","floor":10.0,"key":"SMITH"},{"data":"Fire Breathing","floor":15.0,"key":"SMITH"},{"floor":25.0,"key":"REST"},{"floor":30.0,"key":"REST"},{"floor":32.0,"key":"REST"},{"floor":41.0,"key":"REST"},{"floor":49.0,"key":"REST"}],"circlet_count":0,"master_deck":["AscendersBane","Strike_R","Strike_R","Strike_R","Strike_R","Strike_R","Defend_R","Defend_R","Defend_R","Defend_R","Bash+1","Pummel+1","Doubt","Burning Pact","Regret","Impervious","Fire Breathing+1","Impervious","True Grit","Reaper","Fire Breathing","Offering","Limit Break","CurseOfTheBell","Heavy Blade+1","Decay","Limit Break","Limit Break"],"relics":["Burning Blood","NeowsBlessing","Vajra","Bag of Preparation","Strawberry","MealTicket","Du-Vu Doll","Bottled Tornado","Fusion Hammer","Enchiridion","Old Coin","Happy Flower","Strange Spoon","Oddly Smooth Stone","Calling Bell","Orichalcum","White Beast Statue","Magic Flower","Calipers","Ancient Tea Set","Blood Vial","Potion Belt"],"acts_visited":["Exordium","TheCity","TheBeyond"],"potions_floor_usage":[51,51,51,51],"damage_taken":[{"damage":0.0,"enemies":"Cultist","floor":1.0,"turns":1.0},{"damage":0.0,"enemies":"2 Louse","floor":3.0,"turns":1.0},{"damage":0.0,"enemies":"Gremlin Nob","floor":6.0,"turns":1.0},{"damage":49.0,"enemies":"3 Sentries","floor":8.0,"turns":13.0},{"damage":7.0,"enemies":"Jaw Worm","floor":11.0,"turns":4.0},{"damage":41.0,"enemies":"The Guardian","floor":16.0,"turns":10.0},{"damage":15.0,"enemies":"2 Thieves","floor":18.0,"turns":3.0},{"damage":2.0,"enemies":"3 Byrds","floor":21.0,"turns":4.0},{"damage":10.0,"enemies":"Gremlin Leader","floor":23.0,"turns":5.0},{"damage":5.0,"enemies":"Centurion and Healer","floor":24.0,"turns":4.0},{"damage":34.0,"enemies":"Slavers","floor":28.0,"turns":6.0},{"damage":9.0,"enemies":"Snecko","floor":29.0,"turns":3.0},{"damage":21.0,"enemies":"Shelled Parasite and Fungi","floor":31.0,"turns":4.0},{"damage":109.0,"enemies":"Champ","floor":33.0,"turns":12.0},{"damage":23.0,"enemies":"3 Darklings","floor":35.0,"turns":4.0},{"damage":9.0,"enemies":"3 Shapes","floor":36.0,"turns":3.0},{"damage":67.0,"enemies":"Giant Head","floor":40.0,"turns":6.0},{"damage":12.0,"enemies":"Transient","floor":42.0,"turns":6.0},{"damage":33.0,"enemies":"Maw","floor":45.0,"turns":5.0},{"damage":36.0,"enemies":"Nemesis","floor":46.0,"turns":5.0},{"damage":35.0,"enemies":"Writhing Mass","floor":47.0,"turns":4.0},{"damage":23.0,"enemies":"4 Shapes","floor":48.0,"turns":4.0},{"damage":64.0,"enemies":"Donu and Deca","floor":50.0,"turns":7.0},{"damage":31,"enemies":"Awakened One","floor":51,"turns":3}],"seed_played":"3679740878471584494","potions_obtained":[{"floor":1.0,"key":"Ancient Potion"},{"floor":8.0,"key":"Fire Potion"},{"floor":18.0,"key":"Dexterity Potion"},{"floor":31.0,"key":"SkillPotion"},{"floor":33.0,"key":"Block Potion"},{"floor":35.0,"key":"LiquidMemories"},{"floor":40.0,"key":"Block Potion"},{"floor":46.0,"key":"SpeedPotion"},{"floor":47.0,"key":"Explosive Potion"}],"is_trial":false,"path_per_floor":["M","?","M","?","?","E","R","E","T","R","M","$","T","?","R","B",null,"M","?","T","M","$","E","M","R","T","$","E","M","R","M","R","B",null,"M","M","$","?","$","E","R","M","T","?","M","E","M","M","R","B","B"],"character_chosen":"IRONCLAD","items_purchased":["Du-Vu Doll","Fire Breathing","Reaper","Rupture","Offering","Strange Spoon","Calipers"],"campfire_rested":5,"item_purchase_floors":[12,12,22,22,27,27,39],"current_hp_per_floor":[74,74,75,70,70,75,75,39,39,39,38,53,53,73,73,38,71,62,41,41,45,60,71,72,82,82,82,64,61,82,67,82,15,65,51,51,66,66,81,52,76,82,82,82,82,55,79,68,82,27,0,0],"gold":278,"neow_bonus":"THREE_ENEMY_KILL","is_daily":false,"chose_seed":false,"campfire_upgraded":3,"win_rate":0.0,"timestamp":1612613549,"path_taken":["M","?","M","?","?","E","R","E","T","R","?","$","?","?","R","BOSS","M","?","?","M","$","E","M","R","T","$","E","M","R","M","R","BOSS","M","M","$","?","$","E","R","?","T","?","M","E","M","M","R","BOSS","BOSS"],"items_purchased_type":["Relic","Card","Card","Card","Card","Relic","Relic"],"build_version":"2020-12-22","purchased_purges":0,"victory":false,"max_hp_per_floor":[75,75,75,75,75,75,75,82,82,82,82,82,82,82,82,82,82,82,82,82,82,82,82,82,82,82,82,82,82,82,82,82,82,82,82,82,82,82,82,82,82,82,82,82,82,82,82,82,82,82,82,82],"relic_stats":{"Blood Vial":9,"Strange Spoon":[39],"Happy Flower":[24],"counters":[24,118],"Magic Flower":[40],"MealTicket":60,"Bag of Preparation":[42],"Orichalcum":[54],"obtain_stats":[{"Potion Belt":46,"Calipers":39,"NeowsBlessing":0,"Happy Flower":26,"Vajra":4,"Enchiridion":19,"Oddly Smooth Stone":28,"Magic Flower":34,"Bag of Preparation":6,"Bottled Tornado":13,"Orichalcum":34,"Ancient Tea Set":40,"Burning Blood":0,"White Beast Statue":34,"Old Coin":23,"Du-Vu Doll":12,"Calling Bell":34,"Blood Vial":43,"Strange Spoon":27,"Strawberry":8,"MealTicket":9,"Fusion Hammer":17},{"Potion Belt":20,"Calipers":16,"NeowsBlessing":0,"Happy Flower":10,"Vajra":2,"Enchiridion":7,"Oddly Smooth Stone":11,"Magic Flower":14,"Bag of Preparation":3,"Bottled Tornado":5,"Orichalcum":14,"Ancient Tea Set":17,"Burning Blood":0,"White Beast Statue":14,"Old Coin":9,"Du-Vu Doll":5,"Calling Bell":14,"Blood Vial":18,"Strange Spoon":10,"Strawberry":4,"MealTicket":4,"Fusion Hammer":6},{"Potion Belt":100,"Calipers":78,"NeowsBlessing":0,"Happy Flower":46,"Vajra":2,"Enchiridion":33,"Oddly Smooth Stone":52,"Magic Flower":71,"Bag of Preparation":3,"Bottled Tornado":20,"Orichalcum":71,"Ancient Tea Set":84,"Burning Blood":0,"White Beast Statue":71,"Old Coin":42,"Du-Vu Doll":20,"Calling Bell":71,"Blood Vial":90,"Strange Spoon":46,"Strawberry":16,"MealTicket":16,"Fusion Hammer":30}],"Burning Blood":147},"card_choices":[{"not_picked":["Searing Blow","Flex"],"picked":"Pummel","floor":1.0},{"not_picked":["Body Slam","Anger"],"picked":"Burning Pact","floor":3.0},{"not_picked":["Havoc","Dark Embrace"],"picked":"Impervious","floor":6.0},{"not_picked":["Reckless Charge","Intimidate","Metallicize"],"picked":"SKIP","floor":8.0},{"not_picked":["Cleave","Infernal Blade","True Grit"],"picked":"SKIP","floor":11.0},{"not_picked":["Juggernaut","Double Tap"],"picked":"Impervious","floor":16.0},{"not_picked":["Thunderclap","Clothesline"],"picked":"True Grit","floor":18.0},{"not_picked":["Cleave","True Grit","Anger"],"picked":"SKIP","floor":21.0},{"not_picked":["Pommel Strike","Exhume","Wild Strike"],"picked":"SKIP","floor":23.0},{"not_picked":["Twin Strike","Headbutt"],"picked":"Fire Breathing","floor":24.0},{"not_picked":["Metallicize+1","Headbutt+1","Reckless Charge"],"picked":"SKIP","floor":28.0},{"not_picked":["Carnage","Armaments","Rupture"],"picked":"SKIP","floor":29.0},{"not_picked":["Sentinel","Thunderclap","Twin Strike"],"picked":"SKIP","floor":31.0},{"not_picked":["Juggernaut","Feed"],"picked":"Limit Break","floor":33.0},{"not_picked":["Headbutt","Rupture"],"picked":"Heavy Blade+1","floor":35.0},{"not_picked":["Whirlwind","Clothesline","Thunderclap"],"picked":"SKIP","floor":36.0},{"not_picked":["Barricade","Seeing Red"],"picked":"Limit Break","floor":40.0},{"not_picked":["Warcry","Pommel Strike","Havoc"],"picked":"SKIP","floor":42.0},{"not_picked":["Anger","Warcry","True Grit+1"],"picked":"SKIP","floor":45.0},{"not_picked":["Entrench+1","Shrug It Off"],"picked":"Limit Break","floor":46.0},{"not_picked":["Cleave+1","Body Slam","Shrug It Off"],"picked":"SKIP","floor":47.0},{"not_picked":["True Grit","Anger","Armaments"],"picked":"SKIP","floor":48.0}],"player_experience":488815,"relics_obtained":[{"floor":6.0,"key":"Bag of Preparation"},{"floor":8.0,"key":"Strawberry"},{"floor":9.0,"key":"MealTicket"},{"floor":13.0,"key":"Bottled Tornado"},{"floor":19.0,"key":"Enchiridion"},{"floor":23.0,"key":"Old Coin"},{"floor":26.0,"key":"Happy Flower"},{"floor":28.0,"key":"Oddly Smooth Stone"},{"floor":34.0,"key":"Orichalcum"},{"floor":34.0,"key":"White Beast Statue"},{"floor":34.0,"key":"Magic Flower"},{"floor":40.0,"key":"Ancient Tea Set"},{"floor":43.0,"key":"Blood Vial"},{"floor":46.0,"key":"Potion Belt"}],"event_choices":[{"damage_healed":0.0,"max_hp_gain":0.0,"max_hp_loss":0.0,"gold_gain":150.0,"event_name":"Liars Game","player_choice":"AGREE","floor":2.0,"gold_loss":0.0,"damage_taken":0.0,"cards_obtained":["Doubt"]},{"damage_healed":0.0,"max_hp_gain":0.0,"max_hp_loss":0.0,"gold_gain":0.0,"event_name":"Scrap Ooze","player_choice":"Success","floor":4.0,"gold_loss":0.0,"damage_taken":5.0,"relics_obtained":["Vajra"]},{"damage_healed":0.0,"max_hp_gain":0.0,"max_hp_loss":0.0,"gold_gain":275.0,"event_name":"Golden Shrine","player_choice":"Desecrate","floor":5.0,"gold_loss":0.0,"damage_taken":0.0,"cards_obtained":["Regret"]},{"damage_healed":20.0,"max_hp_gain":0.0,"max_hp_loss":0.0,"gold_gain":0.0,"event_name":"The Cleric","player_choice":"Healed","floor":14.0,"gold_loss":35.0,"damage_taken":0.0},{"damage_healed":0.0,"max_hp_gain":0.0,"max_hp_loss":0.0,"gold_gain":0.0,"event_name":"Cursed Tome","player_choice":"Obtained Book","floor":19.0,"gold_loss":0.0,"damage_taken":21.0},{"damage_healed":0.0,"max_hp_gain":0.0,"max_hp_loss":0.0,"gold_gain":0.0,"event_name":"Match and Keep!","player_choice":"1 cards matched","floor":38.0,"gold_loss":0.0,"damage_taken":0.0,"cards_obtained":["Decay"]},{"cards_removed":["Rupture"],"damage_healed":0.0,"max_hp_gain":0.0,"max_hp_loss":0.0,"gold_gain":0.0,"event_name":"Falling","player_choice":"Removed Power","floor":44.0,"gold_loss":0.0,"damage_taken":0.0}],"is_beta":false,"boss_relics":[{"not_picked":["Velvet Choker","SlaversCollar"],"picked":"Fusion Hammer"},{"not_picked":["Runic Pyramid","Busted Crown"],"picked":"Calling Bell"}],"items_purged_floors":[],"is_endless":false,"potions_floor_spawned":[1,8,18,23,31,33,35,36,40,42,45,46,47,48],"killed_by":"Awakened One","ascension_level":20}}