{"host":"8vrmceg1p8ljousa","time":1612614808,"event":{"mods":["BaseMod","Highlight Path","Marisa????????","Minty Spire (QoL Compilation)","Remilia??????","StSLib","The Animator","The Cursed","The Disciple","The Hierophant"],"gold_per_floor":[117,43,43,43,60,94,94,94,94,42,109,119,129,179,179,284,284,284],"floor_reached":17,"language":"ENG","playtime":498,"items_purged":[],"score":198,"play_id":"ec692863-2d03-4a0b-a1c0-117ed148a53f","local_time":"20210206143328","is_ascension_mode":true,"campfire_choices":[{"data":"White Noise","floor":8,"key":"SMITH"},{"data":"Defragment","floor":15,"key":"SMITH"}],"circlet_count":0,"master_deck":["Strike_B","Strike_B","Strike_B","Strike_B","Defend_B","Defend_B","Defend_B","Defend_B","Zap","Dualcast","Rip and Tear","Defragment+1","White Noise+1","Coolheaded","Coolheaded","Sunder","Conserve Battery","Sweeping Beam","Echo Form"],"relics":["Cracked Core","NeowsBlessing","Ancient Tea Set","SsserpentHead","Ornamental Fan","Gremlin Horn","Cursed Key"],"acts_visited":["Exordium","TheCity"],"potions_floor_usage":[],"damage_taken":[{"damage":0.0,"enemies":"Jaw Worm","floor":1.0,"turns":1.0},{"damage":0.0,"enemies":"Small Slimes","floor":5.0,"turns":1.0},{"damage":0.0,"enemies":"3 Sentries","floor":6.0,"turns":1.0},{"damage":0,"enemies":"Cultist","floor":11,"turns":3},{"damage":13,"enemies":"Blue Slaver","floor":12,"turns":4},{"damage":5,"enemies":"Exordium Thugs","floor":13,"turns":3},{"damage":35,"enemies":"Slime Boss","floor":16,"turns":11}],"seed_played":"870853747755872198","potions_obtained":[{"floor":5.0,"key":"Ancient Potion"},{"floor":11,"key":"Dexterity Potion"},{"floor":16,"key":"Fire Potion"}],"is_trial":false,"path_per_floor":["M","$","?","?","M","E","?","R","T","$","M","M","M","?","R","B",null],"character_chosen":"DEFECT","items_purchased":["Defragment","Coolheaded"],"campfire_rested":0,"item_purchase_floors":[2,10],"current_hp_per_floor":[75,75,75,75,75,75,75,75,75,75,75,62,57,45,45,10,75,75],"gold":284,"neow_bonus":"THREE_ENEMY_KILL","is_daily":false,"chose_seed":false,"campfire_upgraded":2,"win_rate":0.0,"timestamp":1612614808,"path_taken":["M","$","?","?","M","E","?","R","T","$","?","M","M","?","R","BOSS"],"items_purchased_type":["Card","Card"],"build_version":"2020-12-22","purchased_purges":0,"victory":false,"max_hp_per_floor":[75,75,75,75,75,75,75,75,75,75,75,75,75,75,75,75,75,75],"card_choices":[{"not_picked":["Barrage","Cold Snap"],"picked":"Rip and Tear","floor":1.0},{"not_picked":["Reprogram","Chill"],"picked":"White Noise","floor":5.0},{"not_picked":["Storm","Compile Driver"],"picked":"Coolheaded","floor":6.0},{"not_picked":["Defragment","Gash"],"picked":"Sunder","floor":11},{"not_picked":["Turbo","Rebound"],"picked":"Conserve Battery","floor":12},{"not_picked":["Reboot","Cold Snap"],"picked":"Sweeping Beam","floor":13},{"not_picked":["Amplify","Core Surge"],"picked":"Echo Form","floor":16}],"player_experience":82015,"relics_obtained":[{"floor":6.0,"key":"Ancient Tea Set"},{"floor":9,"key":"Ornamental Fan"}],"event_choices":[{"damage_healed":0.0,"max_hp_gain":0.0,"max_hp_loss":0.0,"gold_gain":0.0,"event_name":"Liars Game","player_choice":"Ignored","floor":3.0,"gold_loss":0.0,"damage_taken":0.0},{"damage_healed":0.0,"max_hp_gain":0.0,"max_hp_loss":0.0,"gold_gain":0.0,"event_name":"Golden Wing","player_choice":"Ignored","floor":4.0,"gold_loss":0.0,"damage_taken":0.0},{"damage_healed":0.0,"max_hp_gain":0.0,"max_hp_loss":0.0,"gold_gain":0.0,"event_name":"FaceTrader","player_choice":"Trade","floor":7.0,"gold_loss":0.0,"damage_taken":0.0,"relics_obtained":["SsserpentHead"]},{"damage_healed":0,"gold_gain":0,"player_choice":"Success","damage_taken":12,"relics_obtained":["Gremlin Horn"],"max_hp_gain":0,"max_hp_loss":0,"event_name":"Scrap Ooze","floor":14,"gold_loss":0}],"is_beta":false,"boss_relics":[{"not_picked":["FrozenCore","Empty Cage"],"picked":"Cursed Key"}],"items_purged_floors":[],"is_endless":false,"potions_floor_spawned":[5,11,16],"ascension_level":2}}