{"host":"fzjk61lpi4bwj033","time":1612643363,"event":{"mods":["BaseMod","Hermit","Jorbs\u0027s Wanderer Trilogy","Minty Spire (QoL Compilation)","Rare Cards Sparkle","Relic Stats","StSLib"],"gold_per_floor":[111,130,130,130,130,130,150,174,245,263,298,298,319,362,362,362,362],"floor_reached":16,"language":"ENG","playtime":482,"items_purged":[],"score":224,"play_id":"4febf457-517f-485d-9443-35fe84257496","local_time":"20210206142923","is_ascension_mode":true,"campfire_choices":[{"data":"Zap","floor":6,"key":"SMITH"},{"floor":12,"key":"REST"},{"data":"Chaos","floor":15,"key":"SMITH"}],"circlet_count":0,"master_deck":["AscendersBane","Strike_B","Strike_B","Strike_B","Strike_B","Defend_B","Defend_B","Defend_B","Defend_B","Zap+1","Dualcast","Coolheaded","White Noise+1","Sweeping Beam","Cold Snap","Chaos+1","Doom and Gloom","Core Surge"],"relics":["Cracked Core","Oddly Smooth Stone","Golden Idol","Singing Bowl","Orichalcum","Pantograph"],"acts_visited":["Exordium"],"potions_floor_usage":[10,16,16],"damage_taken":[{"damage":1,"enemies":"Jaw Worm","floor":1,"turns":4},{"damage":12,"enemies":"Small Slimes","floor":2,"turns":3},{"damage":8,"enemies":"2 Louse","floor":7,"turns":3},{"damage":5,"enemies":"Blue Slaver","floor":8,"turns":4},{"damage":0,"enemies":"Gremlin Gang","floor":10,"turns":1},{"damage":18,"enemies":"Lagavulin","floor":11,"turns":9},{"damage":14,"enemies":"Exordium Thugs","floor":13,"turns":3},{"damage":25,"enemies":"Gremlin Nob","floor":14,"turns":4},{"damage":28,"enemies":"Slime Boss","floor":16,"turns":7}],"seed_played":"-521886971757121565","potions_obtained":[{"floor":7,"key":"Explosive Potion"},{"floor":11,"key":"Swift Potion"},{"floor":14,"key":"PotionOfCapacity"}],"is_trial":false,"path_per_floor":["M","M","?","?","?","R","M","M","T","M","E","R","M","E","R","B"],"character_chosen":"DEFECT","items_purchased":[],"campfire_rested":1,"item_purchase_floors":[],"current_hp_per_floor":[63,51,51,51,51,51,43,38,38,38,20,39,27,2,2,0,0],"gold":362,"neow_bonus":"RANDOM_COMMON_RELIC","is_daily":false,"chose_seed":false,"campfire_upgraded":2,"win_rate":0.0,"timestamp":1612643363,"path_taken":["M","M","?","?","?","R","?","M","T","M","E","R","M","E","R","BOSS"],"items_purchased_type":[],"build_version":"2020-12-22","purchased_purges":0,"victory":false,"max_hp_per_floor":[71,71,71,71,64,64,64,64,64,64,64,64,66,66,66,66,66],"relic_stats":{"Singing Bowl":2,"counters":[9,38],"Golden Idol":33,"Pantograph":25,"Orichalcum":[42],"obtain_stats":[{"Singing Bowl":9,"Golden Idol":5,"Pantograph":14,"Oddly Smooth Stone":0,"Orichalcum":11,"Cracked Core":0},{"Singing Bowl":4,"Golden Idol":2,"Pantograph":8,"Oddly Smooth Stone":0,"Orichalcum":6,"Cracked Core":0},{"Singing Bowl":14,"Golden Idol":7,"Pantograph":31,"Oddly Smooth Stone":0,"Orichalcum":24,"Cracked Core":0}]},"card_choices":[{"not_picked":["Beam Cell","Sweeping Beam"],"picked":"Coolheaded","floor":1},{"not_picked":["Hologram","Sweeping Beam"],"picked":"White Noise","floor":2},{"not_picked":["Rebound","Turbo"],"picked":"Sweeping Beam","floor":7},{"not_picked":["Auto Shields","Lockon"],"picked":"Cold Snap","floor":8},{"not_picked":["Go for the Eyes","Compile Driver"],"picked":"Chaos","floor":10},{"not_picked":["Steam","Auto Shields"],"picked":"Doom and Gloom","floor":11},{"not_picked":["Chaos","Heatsinks","Conserve Battery"],"picked":"Singing Bowl","floor":13},{"not_picked":["Barrage","Beam Cell"],"picked":"Core Surge","floor":14}],"player_experience":789866,"relics_obtained":[{"floor":9,"key":"Singing Bowl"},{"floor":11,"key":"Orichalcum"},{"floor":14,"key":"Pantograph"}],"event_choices":[{"damage_healed":0,"gold_gain":0,"player_choice":"Leave","damage_taken":0,"max_hp_gain":0,"max_hp_loss":0,"event_name":"The Cleric","floor":3,"gold_loss":0},{"damage_healed":0,"gold_gain":0,"player_choice":"Grow","damage_taken":0,"max_hp_gain":0,"max_hp_loss":0,"event_name":"Living Wall","floor":4,"gold_loss":0,"cards_upgraded":["White Noise"]},{"damage_healed":0,"gold_gain":0,"player_choice":"Lose Max HP","damage_taken":0,"relics_obtained":["Golden Idol"],"max_hp_gain":0,"max_hp_loss":7,"event_name":"Golden Idol","floor":5,"gold_loss":0}],"is_beta":false,"boss_relics":[],"items_purged_floors":[],"is_endless":false,"potions_floor_spawned":[7,11,14],"killed_by":"Slime Boss","ascension_level":20}}