{"host":"1mv6gj0zv8k9e9tz","time":1612623990,"event":{"mods":["AchievementEnabler","BaseMod","Better Third Choice","Colored Map","DeckTracker","Highlight Path","KOR Keyword Fix","Keyboard Shortcuts","Minty Spire (QoL Compilation)","Permanent Neow","Quick Restart","Rare Cards Sparkle","StSLib","SuperFastMode","everything is the same but u backflip on backflip"],"gold_per_floor":[114,126,143,157,157,157,176,176,176,187,187,212,230,243,243,243,243],"floor_reached":16,"language":"KOR","playtime":285,"items_purged":[],"score":201,"play_id":"42f867e2-e57e-42f8-9c35-5ee155f543a6","local_time":"20210207000630","is_ascension_mode":true,"campfire_choices":[{"data":"Electrodynamics","floor":6.0,"key":"SMITH"},{"data":"Dualcast","floor":8.0,"key":"SMITH"},{"floor":11.0,"key":"REST"},{"data":"Zap","floor":15,"key":"SMITH"}],"circlet_count":0,"master_deck":["AscendersBane","Strike_B","Strike_B","Strike_B","Strike_B","Defend_B+1","Defend_B","Defend_B","Defend_B","Zap+1","Dualcast+1","Electrodynamics+1","Coolheaded","FTL+1","Stack+1"],"relics":["Cracked Core","Singing Bowl","Toxic Egg 2"],"acts_visited":["Exordium"],"potions_floor_usage":[16,16],"damage_taken":[{"damage":2.0,"enemies":"2 Louse","floor":1.0,"turns":3.0},{"damage":5.0,"enemies":"Small Slimes","floor":2.0,"turns":2.0},{"damage":7.0,"enemies":"Jaw Worm","floor":3.0,"turns":4.0},{"damage":5.0,"enemies":"Red Slaver","floor":4.0,"turns":5.0},{"damage":0.0,"enemies":"3 Louse","floor":7.0,"turns":1.0},{"damage":1.0,"enemies":"Exordium Wildlife","floor":10.0,"turns":2.0},{"damage":14.0,"enemies":"Gremlin Nob","floor":12.0,"turns":3.0},{"damage":0.0,"enemies":"2 Fungi Beasts","floor":13.0,"turns":2.0},{"damage":4,"enemies":"Lots of Slimes","floor":14,"turns":2},{"damage":32,"enemies":"Slime Boss","floor":16,"turns":5}],"seed_played":"-4884373631131161205","potions_obtained":[{"floor":1.0,"key":"ColorlessPotion"},{"floor":2.0,"key":"EssenceOfSteel"},{"floor":4.0,"key":"Swift Potion"},{"floor":13.0,"key":"Dexterity Potion"}],"is_trial":false,"path_per_floor":["M","M","M","M","?","R","M","R","T","M","R","E","M","M","R","B"],"character_chosen":"DEFECT","items_purchased":[],"campfire_rested":1,"item_purchase_floors":[],"current_hp_per_floor":[62,57,50,45,26,26,26,26,26,27,46,34,34,32,32,0,0],"gold":243,"neow_bonus":"THREE_RARE_CARDS","is_daily":false,"chose_seed":false,"campfire_upgraded":3,"win_rate":0.0,"timestamp":1612623990,"path_taken":["M","M","M","M","?","R","M","R","T","M","R","E","M","M","R","BOSS"],"items_purchased_type":[],"build_version":"2020-12-22","purchased_purges":0,"victory":false,"max_hp_per_floor":[64,64,64,64,64,64,64,64,64,66,66,68,68,70,70,70,70],"card_choices":[{"not_picked":["Hyperbeam","Creative AI"],"picked":"Electrodynamics","floor":0.0},{"not_picked":["Gash","Steam Power"],"picked":"Coolheaded","floor":1.0},{"not_picked":["Skim","Reprogram","Reinforced Body"],"picked":"SKIP","floor":2.0},{"not_picked":["Coolheaded","Cold Snap","Blizzard"],"picked":"SKIP","floor":3.0},{"not_picked":["Turbo","Genetic Algorithm"],"picked":"FTL","floor":4.0},{"not_picked":["Beam Cell","Steam","Doom and Gloom"],"picked":"SKIP","floor":7.0},{"not_picked":["Go for the Eyes","Rebound","Leap"],"picked":"Singing Bowl","floor":10.0},{"not_picked":["Aggregate+1","Beam Cell","Meteor Strike"],"picked":"Singing Bowl","floor":12.0},{"not_picked":["Beam Cell","Rebound"],"picked":"Stack+1","floor":13.0},{"not_picked":["Heatsinks","Barrage","Stack+1"],"picked":"Singing Bowl","floor":14}],"player_experience":633462,"relics_obtained":[{"floor":9.0,"key":"Singing Bowl"},{"floor":12.0,"key":"Toxic Egg 2"}],"event_choices":[{"damage_healed":45.0,"max_hp_gain":0.0,"max_hp_loss":64.0,"gold_gain":0.0,"event_name":"betterThird:BetterShining","player_choice":"Upgrade","floor":5.0,"gold_loss":0.0,"damage_taken":19.0,"cards_upgraded":["FTL","Defend_B"]}],"is_beta":false,"boss_relics":[],"items_purged_floors":[],"is_endless":false,"potions_floor_spawned":[1,2,4,13],"killed_by":"Slime Boss","ascension_level":18}}