{"host":"ydh61a5ftgdajrbo","time":1612634118,"event":{"mods":["BaseMod","Colored Map","DeckTracker","Downfall","Koishi","Marisa¡]Ãú«B¡@Å]²z¨F¡^","Minty Spire (QoL Compilation)","Spire Arcade","StSLib","The Administrix","The Animator","The Cursed","The Mystic","The Servant 0.9.4"],"gold_per_floor":[109,109,34,34,34,74,99,99,99,99,119,44,58,78,78,78,78],"floor_reached":16,"language":"ZHS","playtime":441,"items_purged":["Strike_G"],"score":218,"play_id":"5c7783a0-2a0d-4e3c-aa58-543957ae10bb","local_time":"20210207015518","is_ascension_mode":true,"campfire_choices":[{"data":"Catalyst","floor":8,"key":"SMITH"},{"data":"Flying Knee","floor":10,"key":"SMITH"},{"floor":15,"key":"REST"}],"circlet_count":0,"master_deck":["AscendersBane","Strike_G","Strike_G","Strike_G","Strike_G","Defend_G","Defend_G","Defend_G","Defend_G","Survivor","Neutralize","Flying Knee+1","Catalyst+1","Sucker Punch","Blade Dance"],"relics":["Ring of the Snake","NeowsBlessing","Letter Opener","Golden Idol","Spirit Poop","Snake Skull","bronze:BronzeIdol"],"acts_visited":["Exordium"],"potions_floor_usage":[16],"damage_taken":[{"damage":0.0,"enemies":"Jaw Worm","floor":1.0,"turns":1.0},{"damage":0,"enemies":"Lagavulin","floor":6,"turns":1},{"damage":0,"enemies":"Small Slimes","floor":7,"turns":1},{"damage":1,"enemies":"2 Louse","floor":11,"turns":4},{"damage":2,"enemies":"Red Slaver","floor":13,"turns":4},{"damage":17,"enemies":"Large Slime","floor":14,"turns":8},{"damage":58,"enemies":"The Guardian","floor":16,"turns":15}],"seed_played":"6864468444820357437","potions_obtained":[{"floor":7,"key":"DistilledChaos"},{"floor":13,"key":"DuplicationPotion"}],"is_trial":false,"path_per_floor":["M","?","$","?","?","E","M","R","T","R","M","?","M","M","R","B"],"character_chosen":"THE_SILENT","items_purchased":[],"campfire_rested":1,"item_purchase_floors":[],"current_hp_per_floor":[59,59,59,59,59,59,59,59,59,59,58,58,56,39,58,0,0],"gold":78,"neow_bonus":"THREE_ENEMY_KILL","is_daily":false,"chose_seed":false,"campfire_upgraded":2,"win_rate":0.0,"timestamp":1612634118,"path_taken":["M","?","$","?","?","E","M","R","T","R","?","?","M","M","R","BOSS"],"items_purchased_type":[],"build_version":"2020-12-22","purchased_purges":1,"victory":false,"max_hp_per_floor":[66,66,66,66,66,66,66,66,66,66,66,66,66,66,66,66,66],"card_choices":[{"not_picked":["Backflip","Quick Slash"],"picked":"Flying Knee","floor":1.0},{"not_picked":["Calculated Gamble","Skewer","Concentrate"],"picked":"SKIP","floor":6},{"not_picked":["PiercingWail","Flying Knee"],"picked":"Catalyst","floor":7},{"not_picked":["Dash","Cloak And Dagger"],"picked":"Sucker Punch","floor":11},{"not_picked":["Dagger Throw","Endless Agony","Underhanded Strike"],"picked":"SKIP","floor":13},{"not_picked":["Bane","Underhanded Strike"],"picked":"Blade Dance","floor":14}],"player_experience":358650,"relics_obtained":[{"floor":6,"key":"Snake Skull"},{"floor":9,"key":"bronze:BronzeIdol"}],"event_choices":[{"damage_healed":0,"gold_gain":0,"player_choice":"Take Wound","damage_taken":0,"relics_obtained":["Golden Idol"],"max_hp_gain":0,"max_hp_loss":0,"event_name":"Golden Idol","floor":4,"gold_loss":0,"cards_obtained":["Injury"]},{"cards_removed":["Injury"],"damage_healed":0,"gold_gain":0,"player_choice":"Offered Curse","damage_taken":0,"relics_obtained":["Spirit Poop"],"max_hp_gain":0,"max_hp_loss":0,"event_name":"Bonfire Elementals","floor":5,"gold_loss":0},{"cards_removed":["Defend_G"],"damage_healed":0,"gold_gain":0,"player_choice":"Card Removal","damage_taken":0,"max_hp_gain":0,"max_hp_loss":0,"event_name":"The Cleric","floor":12,"gold_loss":75}],"is_beta":false,"boss_relics":[],"items_purged_floors":[3],"is_endless":false,"potions_floor_spawned":[7,13,14],"killed_by":"The Guardian","ascension_level":15}}