{"host":"u6v0z43xi4vbzvq3","time":1612608460,"event":{"mods":["BaseMod","Beaked The Cultist","Colored Map","Downfall","Duelist Mod","Googly Eyes","Highlight Path","Hubris","Infinite Spire","Minty Spire (QoL Compilation)","Replay The Spire","Shop Mod","StSLib","SuperFastMode"],"gold_per_floor":[114,114,134,145,145,171,181,181,181,181,237,325,342,362,362,467,467,480,509,509,509,526,526,546,565,591,606,626,626,626],"floor_reached":29,"language":"ENG","playtime":1256,"items_purged":[],"score":254,"play_id":"651b549c-d3cc-4337-bf15-fbe09c4688a7","local_time":"20210206214740","is_ascension_mode":false,"campfire_choices":[{"floor":8,"key":"REST"},{"data":"Static Discharge","floor":10,"key":"SMITH"},{"floor":15,"key":"REST"},{"floor":23,"key":"REST"}],"circlet_count":0,"master_deck":["Strike_B+1","Strike_B+1","Strike_B+2","Strike_B+2","Defend_B+1","Defend_B+1","Defend_B+1","Defend_B+1","Zap","Dualcast","Sweeping Beam","Barrage","Ball Lightning","Barrage","Static Discharge+1","Hello World","Hologram","Redo","Barrage","Gash","Creative AI+1","Barrage","Panic Button"],"relics":["Cracked Core","NeowsBlessing","Replay:Rubber Ducky","infinitespire:WardingShard","Anchor","hubris:TenFootPole","Velvet Choker","Red Mask","Simple Rune"],"acts_visited":["Exordium","TheCity"],"potions_floor_usage":[16,25,27,27],"damage_taken":[{"damage":0,"enemies":"2 Louse","floor":1,"turns":1},{"damage":0,"enemies":"Cultist","floor":3,"turns":1},{"damage":0,"enemies":"Small Slimes","floor":4,"turns":1},{"damage":13,"enemies":"Gremlin Nob","floor":6,"turns":4},{"damage":20,"enemies":"Looter","floor":7,"turns":3},{"damage":3,"enemies":"3 Sentries","floor":11,"turns":4},{"damage":6,"enemies":"Large Slime","floor":13,"turns":4},{"damage":9,"enemies":"3 Louse","floor":14,"turns":2},{"damage":14,"enemies":"Fading Forest","floor":16,"turns":11},{"damage":0,"enemies":"Chosen","floor":18,"turns":4},{"damage":36,"enemies":"Masked Bandits","floor":19,"turns":4},{"damage":4,"enemies":"3 Byrds","floor":22,"turns":4},{"damage":13,"enemies":"Snecko","floor":24,"turns":4},{"damage":18,"enemies":"3 Cultists","floor":25,"turns":4},{"damage":2,"enemies":"Snake Plant","floor":27,"turns":3},{"damage":9,"enemies":"Snecko","floor":28,"turns":5},{"damage":0,"enemies":"Centurion and Healer","floor":29,"turns":1}],"seed_played":"6810880672339730394","potions_obtained":[{"floor":11,"key":"Explosive Potion"},{"floor":13,"key":"AttackPotion"},{"floor":14,"key":"Guardian:BlockOnCardUsePotion"},{"floor":22,"key":"AttackPotion"},{"floor":25,"key":"hexamod:SoulburnPotion"}],"is_trial":false,"path_per_floor":["M","?","M","M","$","E","M","R","T","R","?","?","M","M","R","B",null,"M","?","?","?","M","R","M","M","T","M","M","M"],"character_chosen":"DEFECT","items_purchased":[],"campfire_rested":3,"item_purchase_floors":[],"current_hp_per_floor":[75,68,68,68,68,55,35,57,57,57,54,54,48,39,61,57,75,75,39,39,39,35,57,44,26,26,24,15,15,15],"gold":626,"neow_bonus":"THREE_ENEMY_KILL","is_daily":false,"chose_seed":false,"campfire_upgraded":1,"win_rate":0.0,"timestamp":1612608460,"path_taken":["M","?","M","M","?","E","M","R","T","R","?","?","?","M","R","BOSS","M","?","?","?","M","R","M","?","T","M","M","M"],"items_purchased_type":[],"build_version":"2020-12-22","purchased_purges":0,"victory":false,"max_hp_per_floor":[75,75,75,75,75,75,75,75,75,75,75,75,75,75,75,75,75,75,75,75,75,75,75,75,75,75,75,75,75,75],"card_choices":[{"not_picked":["Stack","ReplaySolidLightProjector"],"picked":"Sweeping Beam","floor":1},{"not_picked":["FTL","Leap"],"picked":"Barrage","floor":3},{"not_picked":["Streamline","Conserve Battery"],"picked":"Ball Lightning","floor":4},{"not_picked":["Sweeping Beam","ReplayTheSpireMod:System Scan"],"picked":"Barrage","floor":6},{"not_picked":["BootSequence","Ball Lightning"],"picked":"Static Discharge","floor":7},{"not_picked":["Sweeping Beam","Fusion"],"picked":"Hello World","floor":11},{"not_picked":["Seek","Stack"],"picked":"Hologram","floor":12},{"not_picked":["Leap","Beam Cell"],"picked":"Redo","floor":12},{"not_picked":["Panic Button","Crystallizer"],"picked":"Barrage","floor":12},{"not_picked":["Storm","Stack","Conserve Battery"],"picked":"SKIP","floor":13},{"not_picked":["Hello World","Coolheaded"],"picked":"Gash","floor":14},{"not_picked":["Seek","hubris:SpecializedCircuitry"],"picked":"Creative AI","floor":16},{"not_picked":["Stack","Panic Button","Steam Power"],"picked":"SKIP","floor":18},{"not_picked":["Cold Snap+1","Time Bomb"],"picked":"Barrage","floor":22},{"not_picked":["Cold Snap+1","Redo","Aggregate"],"picked":"SKIP","floor":24},{"not_picked":["Compile Driver","Go for the Eyes"],"picked":"Panic Button","floor":25},{"not_picked":["Go for the Eyes","Hologram","Stack"],"picked":"SKIP","floor":27},{"not_picked":["Reprogram","Beam Cell","Fission"],"picked":"SKIP","floor":28}],"player_experience":123656,"relics_obtained":[{"floor":6,"key":"infinitespire:WardingShard"},{"floor":9,"key":"Anchor"},{"floor":11,"key":"hubris:TenFootPole"},{"floor":19,"key":"Red Mask"},{"floor":26,"key":"Simple Rune"}],"event_choices":[{"damage_healed":0,"gold_gain":0,"player_choice":"Success","damage_taken":7,"relics_obtained":["Replay:Rubber Ducky"],"max_hp_gain":0,"max_hp_loss":0,"event_name":"Scrap Ooze","floor":2,"gold_loss":0},{"damage_healed":0,"gold_gain":0,"player_choice":"Searched \u00272\u0027 times","damage_taken":0,"max_hp_gain":0,"max_hp_loss":0,"event_name":"Dead Adventurer","floor":11,"gold_loss":0},{"damage_healed":0,"gold_gain":0,"player_choice":"Fought Bandits","damage_taken":0,"max_hp_gain":0,"max_hp_loss":0,"event_name":"Masked Bandits","floor":19,"gold_loss":0},{"damage_healed":0,"gold_gain":0,"player_choice":"Simplicity","damage_taken":0,"max_hp_gain":0,"max_hp_loss":0,"event_name":"Back to Basics","floor":21,"gold_loss":0,"cards_upgraded":["Strike_B","Strike_B","Strike_B","Strike_B","Defend_B","Defend_B","Defend_B","Defend_B"]}],"is_beta":false,"boss_relics":[{"not_picked":["Empty Cage","SacredBark"],"picked":"Velvet Choker"}],"items_purged_floors":[],"is_endless":false,"potions_floor_spawned":[11,13,14,22,25],"killed_by":"Centurion and Healer","ascension_level":0}}