{"host":"og21o26alpnbwmz8","time":1612650641,"event":{"mods":["Act Like it!","Aspiration","BaseMod","Conspire","Downfall","Halation","Hallownest","Hubris","Jedi Mod","Mimic Mod","Minty Spire (QoL Compilation)","Pale of the Ancients","Reliquary","Replay The Spire","Shop Mod","Spikes Relics","StSLib","The Alterego","The Blackbeard","The Blue Laboratory","The Death Knight","The Runesmith","Waifu the Spire"],"gold_per_floor":[99,99,99,99,99,99,99,99,99,9,9,29,43,78,95,197,197,97,112,131,131,116,147,147,163,63,88,188,199,99,125,140,242,242,242,242,242,257,257,257,333,349,363,389,402,412,442,442,460,460,473,485,516,65,65,65,65,65,65,65],"floor_reached":61,"language":"ENG","playtime":3555,"items_purged":["bronze:Strike","bronze:Strike"],"score":1564,"play_id":"61f96f4f-9302-4489-bb11-6d3afda2cff9","local_time":"20210206173041","is_ascension_mode":false,"campfire_choices":[{"floor":1,"key":"RECALL"},{"data":"bronze:DelayedSlice","floor":6,"key":"SMITH"},{"data":"m_BronzeAgony","floor":9,"key":"SMITH"},{"data":"bronze:Separator","floor":11,"key":"SMITH"},{"data":"bronze:InfiniteBeams","floor":18,"key":"SMITH"},{"data":"bronze:CutThrough","floor":26,"key":"SMITH"},{"data":"bronze:BronzeOrb","floor":30,"key":"SMITH"},{"data":"bronze:HardenedForm","floor":35,"key":"SMITH"},{"data":"bronze:Boost","floor":40,"key":"SMITH"},{"data":"bronze:ClassDefault","floor":55,"key":"SMITH"},{"data":"bronze:Terminator","floor":57,"key":"SMITH"}],"circlet_count":0,"master_deck":["bronze:Defend+1","bronze:Defend+1","bronze:Defend+1","bronze:Defend+1","bronze:Philosophize","m_BronzeAgony+1","m_BronzeSurvivor","bronze:DelayedSlice+1","bronze:BronzeOrb+1","bronze:Separator+1","bronze:CutThrough+1","bronze:InfiniteBeams+1","bronze:Branch","bronze:Format","bronze:Terminator+1","bronze:ItsAFeature+1","bronze:WhirlingStrike+1","bronze:Boost+1","bronze:Separator+1","bronze:ClassDefault+1","bronze:HardenedForm+1","bronze:Repulsor+1"],"relics":["bronze:BronzeCore","downfall:HeartsMalice","ReplayTheSpireMod:Ninjato","Bottled Flame","ChewingGum","downfall:HeartBlessingRed","FossilizedHelix","SnailShell","Replay:Bottled Eggs","aspiration:ChemicalBlood","downfall:HeartBlessingGreen","Incense Burner","Toy Ornithopter","downfall:HeartBlessingBlue","Meat on the Bone","Empty Cage","Rawhide","halation:AfternoonTea","halation:KoshaPiece","paleoftheancients:Timepiece","paleoftheancients:KeyRelic","Gremlin Horn","CultistMask","paleoftheancients:SoulOfTheWokeBloke","Counterbalance","ReplayTheSpireMod:Lightbulb","halation:TwoAmDonut","HornCleat"],"acts_visited":["Exordium","TheCity","TheBeyond","TheBeyond"],"potions_floor_usage":[50,60,60,60],"damage_taken":[{"damage":0,"enemies":"2 Louse","floor":2,"turns":1},{"damage":0,"enemies":"Jaw Worm","floor":5,"turns":1},{"damage":0,"enemies":"Cultist","floor":8,"turns":1},{"damage":5,"enemies":"downfall:FleeingMerchant","floor":10,"turns":4},{"damage":0,"enemies":"Lots of Slimes","floor":12,"turns":2},{"damage":0,"enemies":"Gremlin Gang","floor":13,"turns":2},{"damage":0,"enemies":"Gremlin Nob","floor":14,"turns":2},{"damage":0,"enemies":"3 Louse","floor":15,"turns":2},{"damage":9,"enemies":"SI_SHIV_ARCHETYPE","floor":16,"turns":5},{"damage":0,"enemies":"Spheric Guardian","floor":19,"turns":1},{"damage":4,"enemies":"conspire:FuzzyDice","floor":20,"turns":4},{"damage":0,"enemies":"downfall:FleeingMerchant","floor":22,"turns":4},{"damage":0,"enemies":"Book of Stabbing","floor":23,"turns":4},{"damage":0,"enemies":"Sentry and Sphere","floor":25,"turns":3},{"damage":0,"enemies":"conspire:Head Lice","floor":27,"turns":3},{"damage":0,"enemies":"downfall:LadyInBlue","floor":28,"turns":7},{"damage":0,"enemies":"conspire:HollyBat","floor":29,"turns":4},{"damage":0,"enemies":"Slavers","floor":31,"turns":3},{"damage":0,"enemies":"Snecko","floor":32,"turns":3},{"damage":0,"enemies":"WA_ARCHETYPE_CALM","floor":33,"turns":7},{"damage":0,"enemies":"3 Shapes","floor":38,"turns":4},{"damage":0,"enemies":"Orb Walker","floor":42,"turns":2},{"damage":0,"enemies":"Spire Growth","floor":43,"turns":4},{"damage":0,"enemies":"R_Hoarder","floor":44,"turns":6},{"damage":0,"enemies":"3 Darklings","floor":45,"turns":3},{"damage":0,"enemies":"Sphere and 2 Shapes","floor":46,"turns":3},{"damage":7,"enemies":"Reptomancer","floor":47,"turns":6},{"damage":0,"enemies":"Jaw Worm Horde","floor":49,"turns":2},{"damage":3,"enemies":"IC_BLOCK_ARCHETYPE","floor":50,"turns":8},{"damage":17,"enemies":"IC_BLOCK_ARCHETYPE","floor":51,"turns":8},{"damage":20,"enemies":"IC_BLOCK_ARCHETYPE","floor":52,"turns":4},{"damage":72,"enemies":"IC_BLOCK_ARCHETYPE","floor":56,"turns":11},{"damage":58,"enemies":"paleoftheancients:N","floor":60,"turns":11}],"seed_played":"7899965960836261400","potions_obtained":[{"floor":12,"key":"blueLaboratory:StoneskinPotion"},{"floor":13,"key":"blueLaboratory:RecallPotion"},{"floor":14,"key":"CultistPotion"},{"floor":23,"key":"Strength Potion"},{"floor":45,"key":"blueLaboratory:FruitPunch"},{"floor":52,"key":"SpeedPotion"},{"floor":56,"key":"Energy Potion"},{"floor":56,"key":"sneckomod:MuddlingPotion"},{"floor":60,"key":"blueLaboratory:LouseDecoction"},{"floor":60,"key":"blueLaboratory:BubblePotion"},{"floor":60,"key":"jedi:StrikingPotion"}],"is_trial":false,"path_per_floor":["R","M","?","?","M","R","T","M","R","$","R","M","M","E","M","B",null,"R","M","M","$","$","E","T","M","R","E","?","M","R","E","M","B",null,"R","?","?","M","?","R","T","M","M","E","M","M","E","?","M","B","M","M","?","$","R","M","R","T","?","B",null],"character_chosen":"THE_AUTOMATON","items_purchased":["FossilizedHelix","SnailShell","Replay:Bottled Eggs","ReplayTheSpireMod:Lightbulb","halation:TwoAmDonut"],"campfire_rested":0,"item_purchase_floors":[21,21,21,54,54],"current_hp_per_floor":[70,70,70,70,70,70,70,70,70,65,65,65,65,65,65,56,70,70,70,66,15,15,15,15,15,15,15,15,15,25,25,37,49,80,80,80,80,80,80,80,80,80,80,80,80,80,73,73,73,82,74,69,69,69,69,82,82,82,82,64],"gold":65,"neow_bonus":"THREE_ENEMY_KILL","is_daily":false,"chose_seed":false,"campfire_upgraded":10,"win_rate":0.0,"timestamp":1612650641,"path_taken":["R","M","?","?","M","R","T","?","R","$","R","M","M","E","M","BOSS","R","M","M","?","$","E","T","M","R","E","?","?","R","E","M","BOSS","R","?","?","M","?","R","T","?","M","E","M","?","E","?","M","BOSS","M","M","?","$","R","M","R","T","?","BOSS"],"items_purchased_type":["Relic","Relic","Relic","Relic","Relic"],"build_version":"2020-12-22","purchased_purges":2,"victory":true,"max_hp_per_floor":[70,70,70,70,70,70,70,70,70,70,70,70,70,70,70,70,70,70,70,70,70,70,70,70,70,70,70,70,70,80,80,80,80,80,80,80,80,80,80,80,80,80,80,80,80,80,80,80,80,82,82,82,82,82,82,82,82,82,82,82],"card_choices":[{"not_picked":["bronze:DelayedSlice","bronze:BitShift"],"picked":"bronze:Philosophize","floor":2},{"not_picked":["bronze:Deprecate","bronze:Refactor"],"picked":"bronze:DelayedSlice","floor":5},{"not_picked":["bronze:Assembly","bronze:ChildClass"],"picked":"bronze:BronzeOrb","floor":8},{"not_picked":["bronze:BronzeOrb","bronze:Backtrace"],"picked":"bronze:Separator","floor":10},{"not_picked":["bronze:Turbo","bronze:WildBeam"],"picked":"bronze:CutThrough","floor":12},{"not_picked":["bronze:Terminator","bronze:BugBarrage"],"picked":"bronze:InfiniteBeams","floor":13},{"not_picked":["bronze:BitShift","bronze:WildBeam","bronze:Shell"],"picked":"SKIP","floor":14},{"not_picked":["bronze:ItsAFeature","bronze:OilSpill"],"picked":"bronze:Branch","floor":15},{"not_picked":["bronze:AlphaBuild","bronze:Break"],"picked":"bronze:Format","floor":16},{"not_picked":["bronze:CutThrough","bronze:ChildClass+1"],"picked":"bronze:Terminator","floor":19},{"not_picked":["bronze:MaxOutput+1","bronze:DelayedGuard","bronze:BitShift"],"picked":"SKIP","floor":20},{"not_picked":["bronze:Frontload+1","bronze:Shield+1"],"picked":"bronze:ItsAFeature+1","floor":22},{"not_picked":["bronze:Turbo","bronze:MaxOutput","bronze:BuggyMess"],"picked":"SKIP","floor":23},{"not_picked":["bronze:Allocate","bronze:Safeguard+1","bronze:BuggyMess"],"picked":"SKIP","floor":25},{"not_picked":["bronze:Format","bronze:WildBeam"],"picked":"bronze:WhirlingStrike+1","floor":27},{"not_picked":["bronze:BugBarrage+1","bronze:BronzeArmor"],"picked":"bronze:Boost","floor":28},{"not_picked":["bronze:ForLoop","bronze:Fortify"],"picked":"bronze:Separator+1","floor":29},{"not_picked":["bronze:Turbo","bronze:DigitalCarnage"],"picked":"bronze:ClassDefault","floor":31},{"not_picked":["bronze:Overheat","bronze:Separator","bronze:Refactor+1"],"picked":"SKIP","floor":32},{"not_picked":["bronze:Virus","bronze:Break"],"picked":"bronze:HardenedForm","floor":33},{"not_picked":["bronze:OilSpill+1","bronze:Constructor+1","bronze:Safeguard"],"picked":"SKIP","floor":38},{"not_picked":["bronze:DelayedSlice","bronze:Turbo+1","bronze:Constructor"],"picked":"SKIP","floor":42},{"not_picked":["bronze:Separator+1","bronze:WildBeam+1","bronze:BugBarrage+1"],"picked":"SKIP","floor":43},{"not_picked":["bronze:Shield","bronze:Separator+1","bronze:Allocate+1"],"picked":"SKIP","floor":44},{"not_picked":["bronze:Assembly","bronze:Iterate+1","bronze:BuggyMess"],"picked":"SKIP","floor":45},{"not_picked":["bronze:BugBarrage","bronze:Deprecate","bronze:Separator"],"picked":"SKIP","floor":46},{"not_picked":["bronze:HyperBeam","bronze:OilSpill+1","bronze:Safeguard"],"picked":"SKIP","floor":47},{"not_picked":["bronze:Overheat","bronze:BronzeArmor+1","bronze:FineTuning+1"],"picked":"SKIP","floor":49},{"not_picked":["bronze:Philosophize+1","bronze:OilSpill+1"],"picked":"bronze:Repulsor+1","floor":51},{"not_picked":["bronze:CutThrough+1","bronze:Frontload","bronze:BitShift"],"picked":"SKIP","floor":52}],"player_experience":243822,"relics_obtained":[{"floor":7,"key":"ReplayTheSpireMod:Ninjato"},{"floor":14,"key":"Bottled Flame"},{"floor":23,"key":"aspiration:ChemicalBlood"},{"floor":27,"key":"Incense Burner"},{"floor":28,"key":"Toy Ornithopter"},{"floor":31,"key":"Meat on the Bone"},{"floor":41,"key":"Rawhide"},{"floor":44,"key":"halation:AfternoonTea"},{"floor":47,"key":"halation:KoshaPiece"},{"floor":51,"key":"paleoftheancients:SoulOfTheWokeBloke"},{"floor":53,"key":"Counterbalance"},{"floor":58,"key":"HornCleat"}],"event_choices":[{"damage_healed":0,"gold_gain":0,"player_choice":"Ignored","damage_taken":0,"max_hp_gain":0,"max_hp_loss":0,"event_name":"NoteForYourself","floor":4,"gold_loss":0}],"is_beta":false,"boss_relics":[{"not_picked":["conspire:RunicOctahedron","Runic Pyramid"],"picked":"ChewingGum"},{"not_picked":["aspiration:RitualDagger","Painkiller Herb"],"picked":"Empty Cage"}],"items_purged_floors":[10,21],"is_endless":false,"potions_floor_spawned":[12,13,14,15,23,25,27,29,31,32,33,38,44,45,47,49,56],"ascension_level":0}}