{"host":"2lo6hma6kymb0g9i","time":1612598954,"event":{"mods":["BaseMod","Colored Map","DeckTracker","Minty Spire (QoL Compilation)"],"gold_per_floor":[119,119,134,134,145,145,165,165,165,165,200,218,218,250,250,321,321,341,351,401,435,435,463,483,513,513,913,315,315,215,231,231,306,306,322,347,347,364,375,375,409,284,334,334,361,361,583,611,611,611,611,611,611,89,120,120],"floor_reached":57,"language":"JPN","playtime":5574,"items_purged":["Strike_R","Strike_R","Wild Strike","Cleave"],"score":2768,"play_id":"c0a6d44a-9bda-406b-89e4-c8900e33be10","local_time":"20210206170914","is_ascension_mode":true,"campfire_choices":[{"data":"Pommel Strike","floor":6.0,"key":"SMITH"},{"floor":13.0,"key":"REST"},{"data":"Bash","floor":15.0,"key":"SMITH"},{"floor":29.0,"key":"REST"},{"floor":32.0,"key":"RECALL"},{"floor":40.0,"key":"REST"},{"floor":46.0,"key":"REST"},{"data":"Juggernaut","floor":49.0,"key":"SMITH"},{"data":"Ghostly Armor","floor":53.0,"key":"SMITH"}],"circlet_count":0,"master_deck":["AscendersBane","Bash+1","Pommel Strike+1","Ghostly Armor+1","Dropkick","Fiend Fire+1","Dark Embrace","Heavy Blade+1","Impervious","Shrug It Off","Apotheosis","Barricade","Shrug It Off","Brutality","Feed","Clothesline","Double Tap","Flame Barrier","Heavy Blade","Juggernaut+1","Bludgeon"],"relics":["Burning Blood","NeowsBlessing","Red Skull","White Beast Statue","Singing Bowl","Snecko Eye","Red Mask","Regal Pillow","Nunchaku","WingedGreaves","Old Coin","InkBottle","Potion Belt","ClockworkSouvenir","Pandora\u0027s Box","Lizard Tail","Eternal Feather","PreservedInsect","Sundial","Self Forming Clay","Blood Vial"],"acts_visited":["Exordium","TheCity","TheBeyond","TheEnding"],"potions_floor_usage":[56,56],"damage_taken":[{"damage":0.0,"enemies":"Jaw Worm","floor":1.0,"turns":1.0},{"damage":0.0,"enemies":"Cultist","floor":3.0,"turns":1.0},{"damage":0.0,"enemies":"Small Slimes","floor":5.0,"turns":1.0},{"damage":17.0,"enemies":"Looter","floor":7.0,"turns":3.0},{"damage":32.0,"enemies":"Lagavulin","floor":11.0,"turns":5.0},{"damage":4.0,"enemies":"2 Fungi Beasts","floor":12.0,"turns":4.0},{"damage":24.0,"enemies":"Gremlin Nob","floor":14.0,"turns":4.0},{"damage":7.0,"enemies":"Slime Boss","floor":16.0,"turns":5.0},{"damage":31.0,"enemies":"2 Thieves","floor":18.0,"turns":3.0},{"damage":16.0,"enemies":"3 Byrds","floor":19.0,"turns":4.0},{"damage":0.0,"enemies":"Masked Bandits","floor":21.0,"turns":2.0},{"damage":14.0,"enemies":"Book of Stabbing","floor":23.0,"turns":3.0},{"damage":5.0,"enemies":"Snake Plant","floor":24.0,"turns":2.0},{"damage":12.0,"enemies":"Gremlin Leader","floor":25.0,"turns":4.0},{"damage":1.0,"enemies":"Colosseum Slavers","floor":27.0,"turns":3.0},{"damage":5.0,"enemies":"Colosseum Nobs","floor":27.0,"turns":2.0},{"damage":12.0,"enemies":"Sentry and Sphere","floor":31.0,"turns":8.0},{"damage":28.0,"enemies":"Collector","floor":33.0,"turns":8.0},{"damage":0.0,"enemies":"3 Shapes","floor":35.0,"turns":7.0},{"damage":0.0,"enemies":"Mind Bloom Boss Battle","floor":36.0,"turns":3.0},{"damage":50.0,"enemies":"3 Darklings","floor":38.0,"turns":10.0},{"damage":0.0,"enemies":"Maw","floor":39.0,"turns":5.0},{"damage":16.0,"enemies":"Giant Head","floor":41.0,"turns":8.0},{"damage":71.0,"enemies":"Nemesis","floor":45.0,"turns":9.0},{"damage":0.0,"enemies":"Giant Head","floor":48.0,"turns":6.0},{"damage":91.0,"enemies":"Donu and Deca","floor":50.0,"turns":10.0},{"damage":10.0,"enemies":"Time Eater","floor":51.0,"turns":10.0},{"damage":42.0,"enemies":"Shield and Spear","floor":55.0,"turns":5.0},{"damage":95,"enemies":"The Heart","floor":56,"turns":9}],"seed_played":"-2274165019466461361","potions_obtained":[{"floor":1.0,"key":"EssenceOfSteel"},{"floor":11.0,"key":"Ancient Potion"},{"floor":12.0,"key":"PowerPotion"},{"floor":14.0,"key":"PowerPotion"},{"floor":16.0,"key":"PowerPotion"},{"floor":18.0,"key":"FearPotion"},{"floor":19.0,"key":"BlessingOfTheForge"},{"floor":21.0,"key":"LiquidMemories"},{"floor":23.0,"key":"Energy Potion"},{"floor":31.0,"key":"Weak Potion"},{"floor":33.0,"key":"AttackPotion"},{"floor":38.0,"key":"Block Potion"},{"floor":39.0,"key":"Regen Potion"},{"floor":45.0,"key":"SneckoOil"},{"floor":48.0,"key":"FearPotion"},{"floor":55.0,"key":"SteroidPotion"}],"is_trial":false,"path_per_floor":["M","?","M","?","M","R","M","?","T","$","E","M","R","E","R","B",null,"M","M","?","?","?","E","M","E","T","?","$","R","$","M","R","B",null,"M","?","?","M","M","R","E","$","T","?","E","R","?","E","R","B","B",null,"R","$","E","B",null],"character_chosen":"IRONCLAD","items_purchased":["Apotheosis","Potion Belt","ClockworkSouvenir","Self Forming Clay","Energy Potion","Fire Potion"],"campfire_rested":4,"item_purchase_floors":[28,28,28,54,54,54],"current_hp_per_floor":[74,70,75,75,75,75,64,41,41,41,15,17,39,21,21,20,61,38,28,28,34,34,26,29,23,23,29,29,67,67,63,63,41,71,83,87,83,43,49,87,77,77,77,77,33,87,87,99,99,18,14,81,93,93,59,29],"gold":120,"neow_bonus":"THREE_ENEMY_KILL","is_daily":false,"chose_seed":false,"campfire_upgraded":4,"win_rate":0.0,"timestamp":1612598954,"path_taken":["M","?","?","?","?","R","M","?","T","$","E","M","R","E","R","BOSS","M","M","?","?","?","E","?","E","T","?","$","R","$","M","R","BOSS","M","?","?","M","M","R","E","$","T","?","E","R","?","E","R","BOSS","BOSS","R","$","E","BOSS"],"items_purchased_type":["Card","Relic","Relic","Relic","Potion","Potion"],"build_version":"2020-12-22","purchased_purges":4,"victory":true,"max_hp_per_floor":[75,75,75,75,75,75,75,75,75,75,75,75,75,75,75,75,75,77,77,77,77,77,77,79,79,79,79,79,79,79,81,81,81,81,87,87,83,87,87,87,87,87,87,87,93,93,93,99,99,103,103,103,103,103,105,109],"card_choices":[{"not_picked":["Uppercut","Clothesline"],"picked":"Pommel Strike","floor":1.0},{"not_picked":["Twin Strike","Body Slam","Clash"],"picked":"SKIP","floor":3.0},{"not_picked":["Wild Strike","Spot Weakness","Dark Embrace"],"picked":"SKIP","floor":5.0},{"not_picked":["Wild Strike","Spot Weakness","Dark Embrace"],"picked":"SKIP","floor":5.0},{"not_picked":["Sword Boomerang","Thunderclap","Entrench"],"picked":"SKIP","floor":7.0},{"not_picked":["Barricade","Armaments"],"picked":"Ghostly Armor","floor":11.0},{"not_picked":["Entrench","Clash"],"picked":"Cleave","floor":12.0},{"not_picked":["Thunderclap","Feed"],"picked":"Dropkick","floor":14.0},{"not_picked":["Barricade","Exhume"],"picked":"Fiend Fire","floor":16.0},{"not_picked":["Combust","Dual Wield+1","Heavy Blade"],"picked":"Singing Bowl","floor":18.0},{"not_picked":["Thunderclap","Cleave+1"],"picked":"Dark Embrace","floor":19.0},{"not_picked":["Metallicize","Wild Strike"],"picked":"Heavy Blade+1","floor":21.0},{"not_picked":["Blood for Blood","Rage"],"picked":"Sever Soul+1","floor":23.0},{"not_picked":["Anger","Perfected Strike","Pommel Strike"],"picked":"Singing Bowl","floor":24.0},{"not_picked":["Shrug It Off","Pummel"],"picked":"Impervious","floor":25.0},{"not_picked":["Body Slam","Havoc"],"picked":"Shrug It Off","floor":27.0},{"not_picked":["Power Through","Sword Boomerang","Combust"],"picked":"Singing Bowl","floor":31.0},{"not_picked":["Impervious","Limit Break"],"picked":"Barricade","floor":33.0},{"not_picked":["Twin Strike","Bloodletting","Iron Wave+1"],"picked":"Singing Bowl","floor":35.0},{"not_picked":["Sword Boomerang","Perfected Strike+1"],"picked":"Flame Barrier","floor":36.0},{"not_picked":["Armaments","Pommel Strike+1"],"picked":"Heavy Blade","floor":38.0},{"not_picked":["Thunderclap","Cleave"],"picked":"Juggernaut","floor":39.0},{"not_picked":["Shrug It Off","Sword Boomerang"],"picked":"Bludgeon","floor":41.0},{"not_picked":["Barricade","Perfected Strike","Wild Strike"],"picked":"Singing Bowl","floor":45.0},{"not_picked":["Twin Strike","Bloodletting","Rage"],"picked":"Singing Bowl","floor":48.0},{"not_picked":["Anger","Thunderclap","Havoc+1"],"picked":"Singing Bowl","floor":55.0}],"player_experience":1128957,"relics_obtained":[{"floor":9.0,"key":"Red Skull"},{"floor":11.0,"key":"White Beast Statue"},{"floor":14.0,"key":"Singing Bowl"},{"floor":21.0,"key":"Red Mask"},{"floor":23.0,"key":"Regal Pillow"},{"floor":25.0,"key":"Nunchaku"},{"floor":26.0,"key":"WingedGreaves"},{"floor":27.0,"key":"Old Coin"},{"floor":27.0,"key":"InkBottle"},{"floor":36.0,"key":"Lizard Tail"},{"floor":41.0,"key":"Eternal Feather"},{"floor":45.0,"key":"PreservedInsect"},{"floor":48.0,"key":"Sundial"},{"floor":55.0,"key":"Blood Vial"}],"event_choices":[{"damage_healed":0.0,"max_hp_gain":0.0,"max_hp_loss":0.0,"gold_gain":0.0,"event_name":"The Woman in Blue","player_choice":"Bought 0 Potions","floor":2.0,"gold_loss":0.0,"damage_taken":0.0},{"cards_removed":["Strike_R"],"damage_healed":0.0,"max_hp_gain":0.0,"max_hp_loss":0.0,"gold_gain":0.0,"event_name":"Purifier","player_choice":"Purged","floor":4.0,"gold_loss":0.0,"damage_taken":0.0},{"damage_healed":0.0,"max_hp_gain":0.0,"max_hp_loss":0.0,"gold_gain":0.0,"event_name":"Shining Light","player_choice":"Entered Light","floor":8.0,"gold_loss":0.0,"damage_taken":23.0,"cards_upgraded":["Defend_R","Strike_R"]},{"damage_healed":0.0,"max_hp_gain":0.0,"max_hp_loss":0.0,"gold_gain":50.0,"event_name":"Nest","player_choice":"Stole From Cult","floor":20.0,"gold_loss":0.0,"damage_taken":0.0},{"damage_healed":0.0,"max_hp_gain":0.0,"max_hp_loss":0.0,"gold_gain":0.0,"event_name":"Masked Bandits","player_choice":"Fought Bandits","floor":21.0,"gold_loss":0.0,"damage_taken":0.0},{"damage_healed":0.0,"max_hp_gain":0.0,"max_hp_loss":0.0,"gold_gain":0.0,"event_name":"Upgrade Shrine","player_choice":"Upgraded","floor":22.0,"gold_loss":0.0,"damage_taken":0.0,"cards_upgraded":["Fiend Fire"]},{"damage_healed":0.0,"max_hp_gain":0.0,"max_hp_loss":0.0,"gold_gain":0.0,"event_name":"Colosseum","player_choice":"Fight","floor":27.0,"gold_loss":0.0,"damage_taken":0.0},{"damage_healed":0.0,"max_hp_gain":0.0,"max_hp_loss":0.0,"gold_gain":0.0,"event_name":"Colosseum","player_choice":"Fought Nobs","floor":27.0,"gold_loss":0.0,"damage_taken":0.0},{"damage_healed":0.0,"max_hp_gain":0.0,"max_hp_loss":0.0,"gold_gain":0.0,"event_name":"MindBloom","player_choice":"Fight","floor":36.0,"gold_loss":0.0,"damage_taken":0.0},{"damage_healed":0.0,"max_hp_gain":0.0,"max_hp_loss":4.0,"gold_gain":0.0,"event_name":"Winding Halls","player_choice":"Max HP","floor":37.0,"gold_loss":0.0,"damage_taken":0.0},{"cards_removed":["Sever Soul"],"damage_healed":0.0,"max_hp_gain":0.0,"max_hp_loss":0.0,"gold_gain":0.0,"event_name":"Falling","player_choice":"Removed Attack","floor":44.0,"gold_loss":0.0,"damage_taken":0.0},{"damage_healed":0.0,"max_hp_gain":0.0,"max_hp_loss":0.0,"gold_gain":222.0,"event_name":"Tomb of Lord Red Mask","player_choice":"Wore Mask","floor":47.0,"gold_loss":0.0,"damage_taken":0.0}],"is_beta":false,"boss_relics":[{"not_picked":["Runic Cube","Ectoplasm"],"picked":"Snecko Eye"},{"not_picked":["Black Blood","Velvet Choker"],"picked":"Pandora\u0027s Box"}],"items_purged_floors":[28,30,42,54],"is_endless":false,"potions_floor_spawned":[1,11,12,14,16,18,19,21,23,24,25,27,27,31,33,35,36,38,39,41,45,48,55],"ascension_level":20}}