{"host":"axuns55dzq466eei","time":1612621891,"event":{"mods":["BaseMod","Colored Map","Keyboard Shortcuts","Minty Spire (QoL Compilation)","StSLib","SuperFastMode"],"gold_per_floor":[118,118,118,138,138,138,172,14,62,87,123,137,153,173,173,269,269,294,66,79,79,79],"floor_reached":21,"language":"KOR","playtime":1393,"items_purged":["Strike_R"],"score":432,"play_id":"cc93ad2e-198f-460f-8061-721db1135c05","local_time":"20210206233131","is_ascension_mode":true,"campfire_choices":[{"data":"Inflame","floor":6.0,"key":"SMITH"},{"floor":15.0,"key":"REST"}],"circlet_count":0,"master_deck":["AscendersBane","Strike_R","Strike_R","Strike_R","Defend_R","Defend_R","Defend_R","Defend_R","Bash","Dark Embrace","Inflame+1","Spot Weakness+1","Shrug It Off+1","Evolve","Combust","Limit Break+1","Second Wind+1","Heavy Blade","Entrench+1"],"relics":["Burning Blood","NeowsBlessing","Golden Idol","Toxic Egg 2","Membership Card","Red Skull","Charon\u0027s Ashes","Mark of Pain","Eternal Feather"],"acts_visited":["Exordium","TheCity"],"potions_floor_usage":[],"damage_taken":[{"damage":0.0,"enemies":"Small Slimes","floor":1.0,"turns":1.0},{"damage":0.0,"enemies":"Jaw Worm","floor":4.0,"turns":1.0},{"damage":0.0,"enemies":"Lagavulin","floor":7.0,"turns":1.0},{"damage":13.0,"enemies":"2 Louse","floor":10.0,"turns":4.0},{"damage":45.0,"enemies":"3 Sentries","floor":11.0,"turns":7.0},{"damage":0.0,"enemies":"Exordium Wildlife","floor":12.0,"turns":3.0},{"damage":3.0,"enemies":"3 Louse","floor":13.0,"turns":3.0},{"damage":14.0,"enemies":"Exordium Thugs","floor":14.0,"turns":6.0},{"damage":45.0,"enemies":"Slime Boss","floor":16.0,"turns":9.0},{"damage":38.0,"enemies":"Spheric Guardian","floor":18.0,"turns":6.0},{"damage":23.0,"enemies":"2 Thieves","floor":20.0,"turns":4.0},{"damage":26,"enemies":"Sentry and Sphere","floor":21,"turns":3}],"seed_played":"7464130224300472883","potions_obtained":[{"floor":1.0,"key":"Energy Potion"},{"floor":11.0,"key":"AttackPotion"},{"floor":13.0,"key":"ColorlessPotion"},{"floor":14.0,"key":"Regen Potion"},{"floor":16.0,"key":"Regen Potion"}],"is_trial":false,"path_per_floor":["M","?","$","M","?","R","E","$","T","M","E","M","M","M","R","B",null,"M","$","M","M"],"character_chosen":"IRONCLAD","items_purchased":["Membership Card","Second Wind+1","Eternal Feather","Heavy Blade"],"campfire_rested":1,"item_purchase_floors":[8,19,19,19],"current_hp_per_floor":[74,48,48,54,54,54,60,60,60,53,14,20,23,15,37,13,60,28,28,23,0,0],"gold":79,"neow_bonus":"THREE_ENEMY_KILL","is_daily":false,"chose_seed":false,"campfire_upgraded":1,"win_rate":0.0,"timestamp":1612621891,"path_taken":["M","?","$","M","?","R","E","$","T","M","E","M","M","M","R","BOSS","M","$","M","M"],"items_purchased_type":["Relic","Card","Relic","Card"],"build_version":"2020-12-22","purchased_purges":1,"victory":false,"max_hp_per_floor":[75,75,75,75,75,75,75,75,75,75,75,75,75,75,75,75,75,75,75,75,75,75],"card_choices":[{"not_picked":["Pummel","Heavy Blade"],"picked":"Dark Embrace","floor":1.0},{"not_picked":["Clash","Burning Pact"],"picked":"Inflame","floor":4.0},{"not_picked":["Sword Boomerang","Entrench+1","Iron Wave"],"picked":"SKIP","floor":7.0},{"not_picked":["Thunderclap","Clash"],"picked":"Spot Weakness+1","floor":10.0},{"not_picked":["Metallicize","Feed"],"picked":"Shrug It Off+1","floor":11.0},{"not_picked":["Ghostly Armor+1","Heavy Blade"],"picked":"Evolve","floor":12.0},{"not_picked":["Thunderclap","Wild Strike","Body Slam"],"picked":"SKIP","floor":13.0},{"not_picked":["Wild Strike","Headbutt"],"picked":"Combust","floor":14.0},{"not_picked":["Corruption","Berserk"],"picked":"Limit Break+1","floor":16.0},{"not_picked":["Iron Wave","Clash","Searing Blow+1"],"picked":"SKIP","floor":18.0},{"not_picked":["Armaments+1","Iron Wave"],"picked":"Entrench+1","floor":20.0}],"player_experience":1104899,"relics_obtained":[{"floor":7.0,"key":"Toxic Egg 2"},{"floor":9.0,"key":"Red Skull"},{"floor":11.0,"key":"Charon\u0027s Ashes"}],"event_choices":[{"damage_healed":0.0,"max_hp_gain":0.0,"max_hp_loss":0.0,"gold_gain":0.0,"event_name":"Golden Idol","player_choice":"Take Damage","floor":2.0,"gold_loss":0.0,"damage_taken":26.0,"relics_obtained":["Golden Idol"]},{"cards_removed":["Strike_R"],"damage_healed":0.0,"max_hp_gain":0.0,"max_hp_loss":0.0,"gold_gain":0.0,"event_name":"Living Wall","player_choice":"Forget","floor":5.0,"gold_loss":0.0,"damage_taken":0.0}],"is_beta":false,"boss_relics":[{"not_picked":["SlaversCollar","SacredBark"],"picked":"Mark of Pain"}],"items_purged_floors":[19],"is_endless":false,"potions_floor_spawned":[1,11,13,14,16],"killed_by":"Sentry and Sphere","ascension_level":20}}