{"host":"d52brwsy6af8zvaq","time":1612580355,"event":{"mods":["AchievementEnabler","BaseMod","Bestiary","Highlight Path","Minty Spire (QoL Compilation)","Quick Restart","Relic Stats","ojb\u0027s Better Paths Mod"],"gold_per_floor":[114,114,127,141,141,172,172,188,213,229,265,265,305,323,323,413,413,426,426,445,466,161,161,161,161],"floor_reached":24,"language":"ENG","playtime":766,"items_purged":["Strike_B"],"score":436,"play_id":"bc15c829-36bc-43fb-a8ab-981671f99153","local_time":"20210205195915","is_ascension_mode":true,"campfire_choices":[{"data":"Zap","floor":7.0,"key":"SMITH"},{"data":"Dualcast","floor":12.0,"key":"SMITH"},{"floor":15.0,"key":"REST"},{"floor":23,"key":"REST"}],"circlet_count":0,"master_deck":["AscendersBane","Strike_B+1","Strike_B+1","Defend_B","Defend_B","Defend_B","Defend_B","Zap+1","Dualcast+1","Ball Lightning","Auto Shields","Rip and Tear","Chill","Sunder","Redo","Conserve Battery","Defragment","Core Surge","FTL","Capacitor","Consume","Leap","Apotheosis"],"relics":["Cracked Core","Golden Idol","Bag of Preparation","Whetstone","Centennial Puzzle","Ornamental Fan","Sozu"],"acts_visited":["Exordium","TheCity"],"potions_floor_usage":[],"damage_taken":[{"damage":3.0,"enemies":"Small Slimes","floor":1.0,"turns":4.0},{"damage":1.0,"enemies":"2 Louse","floor":3.0,"turns":2.0},{"damage":1.0,"enemies":"Cultist","floor":4.0,"turns":3.0},{"damage":18.0,"enemies":"Gremlin Nob","floor":6.0,"turns":4.0},{"damage":1.0,"enemies":"2 Fungi Beasts","floor":8.0,"turns":2.0},{"damage":0.0,"enemies":"Gremlin Gang","floor":10.0,"turns":3.0},{"damage":25.0,"enemies":"Lagavulin","floor":11.0,"turns":6.0},{"damage":3.0,"enemies":"3 Sentries","floor":13.0,"turns":5.0},{"damage":0.0,"enemies":"Looter","floor":14.0,"turns":2.0},{"damage":26,"enemies":"Hexaghost","floor":16,"turns":8},{"damage":14,"enemies":"Shell Parasite","floor":18,"turns":4},{"damage":9,"enemies":"Spheric Guardian","floor":20,"turns":4},{"damage":24,"enemies":"Snake Plant","floor":21,"turns":4},{"damage":31,"enemies":"Slavers","floor":24,"turns":3}],"seed_played":"-6087687633816958910","potions_obtained":[{"floor":1.0,"key":"Block Potion"},{"floor":4.0,"key":"Ancient Potion"},{"floor":8.0,"key":"Fire Potion"},{"floor":13.0,"key":"Ancient Potion"}],"is_trial":false,"path_per_floor":["M","?","M","M","?","E","R","M","T","M","E","R","E","M","R","B",null,"M","?","M","M","$","R","E"],"character_chosen":"DEFECT","items_purchased":["Leap","Apotheosis"],"campfire_rested":2,"item_purchase_floors":[22,22],"current_hp_per_floor":[68,68,67,66,66,48,48,47,47,47,22,22,19,19,40,14,57,43,43,34,10,10,31,0,0],"gold":161,"neow_bonus":"TEN_PERCENT_HP_BONUS","is_daily":false,"chose_seed":false,"campfire_upgraded":2,"win_rate":0.0,"timestamp":1612580355,"path_taken":["M","?","M","M","?","E","R","M","T","M","E","R","E","M","R","BOSS","M","?","?","M","$","R","E"],"items_purchased_type":["Card","Card"],"build_version":"2020-12-22","purchased_purges":1,"victory":false,"max_hp_per_floor":[78,71,71,71,71,71,71,71,71,71,71,71,71,71,71,71,71,71,71,71,71,71,71,71,71],"relic_stats":{"Sozu":1,"Centennial Puzzle":[18],"counters":[14,54],"Golden Idol":66,"Ornamental Fan":[16],"Bag of Preparation":[20],"Whetstone":["Strike_B","Strike_B"],"obtain_stats":[{"Sozu":17,"Centennial Puzzle":11,"Golden Idol":2,"Ornamental Fan":13,"Bag of Preparation":6,"Whetstone":9,"Cracked Core":0},{"Sozu":10,"Centennial Puzzle":7,"Golden Idol":1,"Ornamental Fan":8,"Bag of Preparation":4,"Whetstone":5,"Cracked Core":0},{"Sozu":39,"Centennial Puzzle":24,"Golden Idol":4,"Ornamental Fan":29,"Bag of Preparation":13,"Whetstone":15,"Cracked Core":0}]},"card_choices":[{"not_picked":["Sunder","Steam"],"picked":"Ball Lightning","floor":1.0},{"not_picked":["Stack","Gash"],"picked":"Auto Shields","floor":3.0},{"not_picked":["Recycle","Coolheaded"],"picked":"Rip and Tear","floor":4.0},{"not_picked":["Scrape","FTL"],"picked":"Chill","floor":6.0},{"not_picked":["Melter","Streamline"],"picked":"Sunder","floor":8.0},{"not_picked":["Turbo","Cold Snap"],"picked":"Redo","floor":10.0},{"not_picked":["Leap","Rebound"],"picked":"Conserve Battery","floor":11.0},{"not_picked":["Leap","Rebound"],"picked":"Defragment","floor":13.0},{"not_picked":["Reinforced Body","Rip and Tear","Rebound"],"picked":"SKIP","floor":14.0},{"not_picked":["Meteor Strike","Amplify"],"picked":"Core Surge","floor":16},{"not_picked":["Skim","Rebound"],"picked":"FTL","floor":18},{"not_picked":["Steam","Chill"],"picked":"Capacitor","floor":20},{"not_picked":["Stack","Skim"],"picked":"Consume","floor":21}],"player_experience":2161586,"relics_obtained":[{"floor":6.0,"key":"Bag of Preparation"},{"floor":9.0,"key":"Whetstone"},{"floor":11.0,"key":"Centennial Puzzle"},{"floor":13.0,"key":"Ornamental Fan"}],"event_choices":[{"damage_healed":0.0,"max_hp_gain":0.0,"max_hp_loss":7.0,"gold_gain":0.0,"event_name":"Golden Idol","player_choice":"Lose Max HP","floor":2.0,"gold_loss":0.0,"damage_taken":0.0,"relics_obtained":["Golden Idol"]},{"damage_healed":0.0,"max_hp_gain":0.0,"max_hp_loss":0.0,"gold_gain":0.0,"event_name":"Shining Light","player_choice":"Ignored","floor":5.0,"gold_loss":0.0,"damage_taken":0.0},{"cards_removed":["Strike_B"],"damage_healed":0,"gold_gain":0,"player_choice":"Purged","damage_taken":0,"max_hp_gain":0,"max_hp_loss":0,"event_name":"Purifier","floor":19,"gold_loss":0}],"is_beta":false,"boss_relics":[{"not_picked":["Calling Bell","Tiny House"],"picked":"Sozu"}],"items_purged_floors":[22],"is_endless":false,"potions_floor_spawned":[1,4,8,13,20],"killed_by":"Slavers","ascension_level":20}}