{"host":"d4nr47a59rmbesnz","time":1612654081,"event":{"mods":["A Magickal Journey","BaseMod","Better Third Choice","Hermit","Minty Spire (QoL Compilation)","Quick Restart","Replay The Spire","Shade Mod","StSLib","The Bladedancer","The Cursed","The Death Knight","The Disciple","The Forsaken","The Hierophant","The Necromancer","The Spell Scribe","The Valiant"],"gold_per_floor":[118,118,118,131,201,201,9,9,9,9,9,23,23,23,23],"floor_reached":14,"language":"ENG","playtime":349,"items_purged":[],"score":76,"play_id":"af3c72bc-7848-40bd-b0f9-efedfe01da69","local_time":"20210207022801","is_ascension_mode":false,"campfire_choices":[{"data":"Magicka:PreciseFingerCard","floor":6,"key":"SMITH"},{"data":"Magicka:PreciseFingerCard","floor":8,"key":"SMITH"},{"data":"Magicka:PreciseFingerCard","floor":11,"key":"SMITH"}],"circlet_count":0,"master_deck":["Magicka:SummonPhoenixCard","Magicka:ReviveCard","Magicka:PreciseFingerCard+1","Magicka:PreciseFingerCard+1","Magicka:PreciseFingerCard+1","Magicka:PreciseFingerCard","Magicka:PreciseFingerCard","Magicka:TheFistCard","Magicka:DefaultBladeCard","Magicka:WalkBackwardsCard","Magicka:RuinCrusherCard+1","Magicka:ShieldBoost","Magicka:SausageFingersCard+1"],"relics":["Magicka:WizardStaff","NeowsBlessing","ReplayTheSpireMod:Ring of Exchange","Ring of Fury","Frozen Egg 2","Medical Kit","Iron Hammer","GremlinMask"],"acts_visited":["Exordium"],"potions_floor_usage":[],"damage_taken":[{"damage":9,"enemies":"Jaw Worm","floor":1,"turns":1},{"damage":0,"enemies":"Small Slimes","floor":4,"turns":2},{"damage":0,"enemies":"Cultist","floor":12,"turns":1},{"damage":33,"enemies":"Lagavulin","floor":14,"turns":2}],"seed_played":"-2602594473676632795","potions_obtained":[{"floor":4,"key":"Regen Potion"}],"is_trial":false,"path_per_floor":["M","?","?","M","T","R","$","R","T","$","R","M","?","E"],"character_chosen":"MAGICKA_WIZARD","items_purchased":["Medical Kit","Fire Potion"],"campfire_rested":0,"item_purchase_floors":[7,7],"current_hp_per_floor":[31,31,31,31,31,31,31,31,31,31,31,31,31,0,0],"gold":23,"neow_bonus":"THREE_ENEMY_KILL","is_daily":false,"chose_seed":false,"campfire_upgraded":3,"win_rate":0.0,"timestamp":1612654081,"path_taken":["M","?","?","M","?","R","$","R","T","$","R","M","?","E"],"items_purchased_type":["Relic","Potion"],"build_version":"2020-12-22","purchased_purges":0,"victory":false,"max_hp_per_floor":[40,40,40,40,40,40,40,40,40,40,40,40,40,40,40],"card_choices":[{"not_picked":["Magicka:SlipperyLifeCard","Magicka:SnowballCard"],"picked":"Magicka:WalkBackwardsCard","floor":1},{"not_picked":["Magicka:SlipperyDeathCard","Magicka:TeleportCard"],"picked":"Magicka:ShieldBoost","floor":4},{"not_picked":["Magicka:InfernoCrusherCard","Magicka:SlipperyColdCard"],"picked":"Magicka:SausageFingersCard+1","floor":12}],"player_experience":83342,"relics_obtained":[{"floor":3,"key":"ReplayTheSpireMod:Ring of Exchange"},{"floor":3,"key":"Ring of Fury"},{"floor":5,"key":"Frozen Egg 2"},{"floor":9,"key":"Iron Hammer"}],"event_choices":[{"damage_healed":0,"gold_gain":0,"player_choice":"Trade","damage_taken":0,"relics_obtained":["GremlinMask"],"max_hp_gain":0,"max_hp_loss":0,"event_name":"FaceTrader","floor":13,"gold_loss":0}],"is_beta":false,"boss_relics":[],"items_purged_floors":[],"is_endless":false,"potions_floor_spawned":[4],"killed_by":"Lagavulin","ascension_level":0}}