{"host":"lmshf3swj20gmdor","time":1612600298,"event":{"mods":["2.2 Compatiblity","BaseMod","Conspire","Downfall","Googly Eyes","Hubris","Minty Spire (QoL Compilation)","Replay The Spire","Spikes Relics","StSLib","Synergy Search","The Servant 0.9.4"],"gold_per_floor":[109,139,154,154,154,154,166,176,255,271,287,287,87,152,152,178,178],"floor_reached":16,"language":"ENG","playtime":551,"items_purged":[],"score":127,"play_id":"c4640332-c307-42b6-bb4f-448bb818be22","local_time":"20210206083138","is_ascension_mode":false,"campfire_choices":[{"data":"Unruled","floor":6,"key":"SMITH"},{"data":"Barrier","floor":12,"key":"SMITH"},{"data":"Moondial","floor":15,"key":"SMITH"}],"circlet_count":0,"master_deck":["Strike_S","Strike_S","Strike_S","Defend_S","Defend_S","Defend_S","Defend_S","KidneyShot","Exchange","DoubleEdge","Unruled+1","Decay","Replay:Bootleg Shield Generator","DoubleEdge","SurpressingFire","Defy","Barrier+1","conspire:SpireCoStock","conspire:SpireCoStock","conspire:SpireCoStock","conspire:SpireCoStock","Moondial+1"],"relics":["Uniform","Pen Nib","HornCleat","Replay:WaspNest"],"acts_visited":["Exordium"],"potions_floor_usage":[14],"damage_taken":[{"damage":9,"enemies":"2 Louse","floor":1,"turns":3},{"damage":14,"enemies":"conspire:MimicChest","floor":2,"turns":5},{"damage":0,"enemies":"Small Slimes","floor":3,"turns":2},{"damage":0,"enemies":"Cultist","floor":7,"turns":2},{"damage":0,"enemies":"Looter","floor":8,"turns":3},{"damage":1,"enemies":"Large Slime","floor":10,"turns":5},{"damage":31,"enemies":"Exordium Wildlife","floor":11,"turns":4},{"damage":12,"enemies":"Gremlin Nob","floor":14,"turns":4},{"damage":30,"enemies":"Slime Boss","floor":16,"turns":6}],"seed_played":"821156443849567246","potions_obtained":[{"floor":2,"key":"Strength Potion"},{"floor":7,"key":"FairyPotion"},{"floor":8,"key":"SpeedPotion"},{"floor":11,"key":"Adrenaline Potion"}],"is_trial":false,"path_per_floor":["M","?","M","?","?","R","M","M","T","M","M","R","?","E","R","B"],"character_chosen":"THE_SERVANT","items_purchased":[],"campfire_rested":0,"item_purchase_floors":[],"current_hp_per_floor":[56,42,42,42,42,42,42,42,42,41,10,10,10,19,19,0,0],"gold":178,"neow_bonus":"RANDOM_COMMON_RELIC","is_daily":false,"chose_seed":false,"campfire_upgraded":3,"win_rate":0.0,"timestamp":1612600298,"path_taken":["M","?","M","?","?","R","?","M","T","M","M","R","?","E","R","BOSS"],"items_purchased_type":[],"build_version":"2020-12-22","purchased_purges":0,"victory":false,"max_hp_per_floor":[65,65,65,65,65,65,65,65,65,65,65,65,65,65,65,65,65],"card_choices":[{"not_picked":["Moondial","Potential"],"picked":"DoubleEdge","floor":1},{"not_picked":["Potential","Starlight"],"picked":"Unruled","floor":2},{"not_picked":["Revamp","Replace","TimeWarp"],"picked":"SKIP","floor":3},{"not_picked":["Starlight","Alleviate"],"picked":"SurpressingFire","floor":7},{"not_picked":["MurderousAura","Desolation"],"picked":"Defy","floor":8},{"not_picked":["Reset","Defy","Replace"],"picked":"SKIP","floor":10},{"not_picked":["Foresight","Defy"],"picked":"Barrier","floor":11},{"not_picked":["WasteNot","Replace"],"picked":"Moondial","floor":14}],"player_experience":783782,"relics_obtained":[{"floor":2,"key":"HornCleat"},{"floor":14,"key":"Replay:WaspNest"}],"event_choices":[{"damage_healed":0,"gold_gain":0,"player_choice":"3 cards matched","damage_taken":0,"max_hp_gain":0,"max_hp_loss":0,"event_name":"Match and Keep!","floor":5,"gold_loss":0,"cards_obtained":["Decay","Replay:Bootleg Shield Generator","DoubleEdge"]},{"damage_healed":0,"gold_gain":0,"player_choice":"Invest 4","damage_taken":0,"max_hp_gain":0,"max_hp_loss":0,"event_name":"conspire:Investor","floor":13,"gold_loss":0}],"is_beta":false,"boss_relics":[],"items_purged_floors":[],"is_endless":false,"potions_floor_spawned":[2,7,8,11],"killed_by":"Slime Boss","ascension_level":0}}