{"host":"mnpd8gh7cwxsn5kh","time":1612630878,"event":{"mods":["BaseMod","Bestiary","Block Reminder","Colored Map","Colored Powertips","Highlight Path","Minty Spire (QoL Compilation)","Relic Sorter","Relic Stats"],"gold_per_floor":[119,69,43,43,54,88,104,123,173,208,208,237,237,237,237,341,341,358,358,370,320,335,362,372,400,400,416,444,212,226,226,226,323,323,342,342,342,361,74,100,100,127,127,154,164,164,179,30,30,30],"floor_reached":51,"language":"ENG","playtime":5362,"items_purged":["Strike_G"],"score":1382,"play_id":"b38d500f-5a03-460c-8e48-d3009461f402","local_time":"20210206180118","is_ascension_mode":true,"campfire_choices":[{"data":"Glass Knife","floor":11,"key":"SMITH"},{"data":"Calculated Gamble","floor":13,"key":"SMITH"},{"data":"Blade Dance","floor":15,"key":"SMITH"},{"data":"Ghostly","floor":32,"key":"SMITH"},{"data":"Ghostly","floor":46,"key":"SMITH"},{"data":"Ghostly","floor":49,"key":"SMITH"}],"circlet_count":0,"master_deck":["AscendersBane","Strike_G","Strike_G","Defend_G","Defend_G","Defend_G","Defend_G","Defend_G","Survivor","Neutralize+1","Blade Dance+1","PiercingWail","Dagger Spray","PiercingWail","Glass Knife+1","Infinite Blades+1","Calculated Gamble+1","PiercingWail","Tools of the Trade+1","Prepared+1","Prepared+1","Well Laid Plans+1","Cloak And Dagger+1","Terror+1","Wraith Form v2+1","Footwork+1","Bandage Up","Dodge and Roll+1","Ghostly+1","Ghostly+1","Ghostly","Ghostly","Ghostly+1","A Thousand Cuts+1","Deflect+1","Secret Technique","Good Instincts","Eviscerate+1","Envenom+1","Decay","Acrobatics+1","Leg Sweep+1","Noxious Fumes+1"],"relics":["Ring of the Snake","NeowsBlessing","Frozen Egg 2","Blood Vial","Pen Nib","Lantern","WristBlade","Tiny Chest","Turnip","Ancient Tea Set","Orichalcum","SlaversCollar","Toxic Egg 2","Tough Bandages","Nunchaku","Oddly Smooth Stone","Bottled Lightning","Strawberry","Happy Flower"],"acts_visited":["Exordium","TheCity","TheBeyond"],"potions_floor_usage":[10,10,16,22,23,25,27,33,45,50,50],"damage_taken":[{"damage":0,"enemies":"2 Louse","floor":1,"turns":1},{"damage":0,"enemies":"Cultist","floor":5,"turns":1},{"damage":0,"enemies":"Gremlin Nob","floor":6,"turns":1},{"damage":0,"enemies":"Small Slimes","floor":7,"turns":3},{"damage":0,"enemies":"3 Louse","floor":8,"turns":3},{"damage":2,"enemies":"Lagavulin","floor":10,"turns":6},{"damage":15,"enemies":"3 Sentries","floor":12,"turns":8},{"damage":13,"enemies":"Slime Boss","floor":16,"turns":6},{"damage":9,"enemies":"Shell Parasite","floor":18,"turns":3},{"damage":0,"enemies":"3 Byrds","floor":20,"turns":3},{"damage":0,"enemies":"Snake Plant","floor":22,"turns":4},{"damage":0,"enemies":"Gremlin Leader","floor":23,"turns":5},{"damage":1,"enemies":"Chosen and Byrds","floor":24,"turns":5},{"damage":16,"enemies":"Book of Stabbing","floor":25,"turns":4},{"damage":4,"enemies":"Centurion and Healer","floor":27,"turns":3},{"damage":15,"enemies":"Slavers","floor":28,"turns":5},{"damage":0,"enemies":"Snecko","floor":30,"turns":4},{"damage":8,"enemies":"Collector","floor":33,"turns":13},{"damage":2,"enemies":"3 Shapes","floor":35,"turns":7},{"damage":4,"enemies":"3 Darklings","floor":38,"turns":7},{"damage":0,"enemies":"Nemesis","floor":40,"turns":9},{"damage":0,"enemies":"Reptomancer","floor":42,"turns":6},{"damage":0,"enemies":"Nemesis","floor":44,"turns":7},{"damage":0,"enemies":"Maw","floor":45,"turns":6},{"damage":0,"enemies":"Transient","floor":47,"turns":5},{"damage":15,"enemies":"Time Eater","floor":50,"turns":10}],"seed_played":"-7841645008383190313","potions_obtained":[{"floor":1,"key":"Swift Potion"},{"floor":6,"key":"LiquidMemories"},{"floor":8,"key":"CunningPotion"},{"floor":10,"key":"GamblersBrew"},{"floor":20,"key":"AttackPotion"},{"floor":23,"key":"FearPotion"},{"floor":25,"key":"CunningPotion"},{"floor":30,"key":"Dexterity Potion"},{"floor":33,"key":"PowerPotion"},{"floor":38,"key":"DistilledChaos"},{"floor":47,"key":"FearPotion"}],"is_trial":false,"path_per_floor":["M","?","$","?","M","E","M","M","T","E","R","E","R","?","R","B",null,"M","?","M","?","M","E","M","E","T","M","E","$","M","?","R","B",null,"M","?","T","M","$","E","?","E","T","E","M","R","M","$","R","B",null],"character_chosen":"THE_SILENT","items_purchased":["PiercingWail","Footwork+1","Bandage Up","Tough Bandages","Happy Flower"],"campfire_rested":0,"item_purchase_floors":[3,29,29,39,48],"current_hp_per_floor":[63,63,63,63,63,63,63,63,63,63,63,50,50,43,43,32,61,54,41,43,43,45,47,48,34,34,32,19,19,25,25,25,23,34,37,27,27,29,29,35,35,37,37,44,44,44,44,44,44,33],"gold":30,"neow_bonus":"THREE_ENEMY_KILL","is_daily":false,"chose_seed":false,"campfire_upgraded":6,"win_rate":0.0,"timestamp":1612630878,"path_taken":["M","?","$","?","M","E","M","?","T","E","R","E","R","?","R","BOSS","M","?","M","?","M","E","M","E","T","?","E","$","M","?","R","BOSS","M","?","?","M","$","E","?","E","T","E","M","R","M","$","R","BOSS"],"items_purchased_type":["Card","Card","Card","Relic","Relic"],"build_version":"2020-12-22","purchased_purges":1,"victory":true,"max_hp_per_floor":[70,70,70,70,70,70,70,70,70,70,70,70,70,70,70,70,70,70,75,75,75,75,75,75,75,75,75,75,75,75,37,37,37,37,37,37,37,37,37,37,37,37,37,44,44,44,44,44,44,44],"relic_stats":{"Blood Vial":34,"Tough Bandages":[198],"Nunchaku":[8],"Happy Flower":[3],"counters":[26,135],"Tiny Chest":1,"Pen Nib":[36],"Turnip":[6],"Orichalcum":[84],"obtain_stats":[{"Lantern":12,"NeowsBlessing":0,"Happy Flower":48,"Oddly Smooth Stone":42,"Pen Nib":10,"Frozen Egg 2":6,"Orichalcum":28,"Ancient Tea Set":26,"Blood Vial":9,"SlaversCollar":34,"Tough Bandages":39,"Nunchaku":40,"WristBlade":17,"Strawberry":44,"Tiny Chest":23,"Turnip":25,"Bottled Lightning":43,"Toxic Egg 2":37,"Ring of the Snake":0},{"Lantern":7,"NeowsBlessing":0,"Happy Flower":25,"Oddly Smooth Stone":22,"Pen Nib":6,"Frozen Egg 2":3,"Orichalcum":16,"Ancient Tea Set":14,"Blood Vial":5,"SlaversCollar":18,"Tough Bandages":20,"Nunchaku":21,"WristBlade":8,"Strawberry":23,"Tiny Chest":12,"Turnip":14,"Bottled Lightning":22,"Toxic Egg 2":19,"Ring of the Snake":0},{"Lantern":23,"NeowsBlessing":0,"Happy Flower":125,"Oddly Smooth Stone":107,"Pen Nib":15,"Frozen Egg 2":3,"Orichalcum":61,"Ancient Tea Set":53,"Blood Vial":9,"SlaversCollar":78,"Tough Bandages":92,"Nunchaku":101,"WristBlade":29,"Strawberry":114,"Tiny Chest":44,"Turnip":53,"Bottled Lightning":107,"Toxic Egg 2":85,"Ring of the Snake":0}],"Ring of the Snake":[52]},"card_choices":[{"not_picked":["Leg Sweep","Flying Knee"],"picked":"Blade Dance","floor":1},{"not_picked":["Sucker Punch","PiercingWail"],"picked":"Dagger Spray","floor":5},{"not_picked":["Backflip","Choke"],"picked":"PiercingWail","floor":6},{"not_picked":["Masterful Stab","Terror"],"picked":"Glass Knife","floor":7},{"not_picked":["Prepared","Cloak And Dagger"],"picked":"Infinite Blades+1","floor":8},{"not_picked":["Endless Agony","Outmaneuver"],"picked":"Calculated Gamble","floor":10},{"not_picked":["Finisher","Deflect"],"picked":"PiercingWail","floor":12},{"not_picked":["Malaise","Storm of Steel"],"picked":"Tools of the Trade+1","floor":16},{"not_picked":["Sucker Punch","Acrobatics"],"picked":"Prepared+1","floor":18},{"not_picked":["Acrobatics","Catalyst","Bane"],"picked":"SKIP","floor":20},{"not_picked":["Tools of the Trade+1","Flechettes","Deadly Poison"],"picked":"SKIP","floor":22},{"not_picked":["Poisoned Stab","Acrobatics"],"picked":"Prepared+1","floor":23},{"not_picked":["Backflip","Riddle With Holes"],"picked":"Well Laid Plans+1","floor":24},{"not_picked":["Flying Knee","Setup"],"picked":"Cloak And Dagger+1","floor":25},{"not_picked":["Sucker Punch","Dodge and Roll"],"picked":"Terror+1","floor":27},{"not_picked":["Sucker Punch","Dash"],"picked":"Wraith Form v2+1","floor":28},{"not_picked":["Deflect+1","Flechettes"],"picked":"Dodge and Roll+1","floor":30},{"not_picked":["Doppelganger","Unload"],"picked":"A Thousand Cuts+1","floor":33},{"not_picked":["Endless Agony","Sucker Punch+1"],"picked":"Deflect+1","floor":35},{"not_picked":["Finesse","Apotheosis"],"picked":"Secret Technique","floor":36},{"not_picked":["Purity","Dark Shackles"],"picked":"Good Instincts","floor":36},{"not_picked":["Flying Knee","Bane+1"],"picked":"Eviscerate+1","floor":38},{"not_picked":["Acrobatics+1","Slice+1"],"picked":"Envenom+1","floor":40},{"not_picked":["Setup+1","Poisoned Stab+1"],"picked":"Acrobatics+1","floor":42},{"not_picked":["Acrobatics+1","Crippling Poison+1"],"picked":"Leg Sweep+1","floor":44},{"not_picked":["Blur+1","Deadly Poison+1"],"picked":"Noxious Fumes+1","floor":45},{"not_picked":["Cloak And Dagger+1","Sucker Punch","PiercingWail+1"],"picked":"SKIP","floor":47}],"player_experience":345575,"relics_obtained":[{"floor":6,"key":"Frozen Egg 2"},{"floor":9,"key":"Blood Vial"},{"floor":10,"key":"Pen Nib"},{"floor":12,"key":"Lantern"},{"floor":23,"key":"Tiny Chest"},{"floor":25,"key":"Turnip"},{"floor":26,"key":"Ancient Tea Set"},{"floor":28,"key":"Orichalcum"},{"floor":37,"key":"Toxic Egg 2"},{"floor":40,"key":"Nunchaku"},{"floor":42,"key":"Oddly Smooth Stone"},{"floor":43,"key":"Bottled Lightning"},{"floor":44,"key":"Strawberry"}],"event_choices":[{"cards_removed":["Strike_G"],"damage_healed":0,"gold_gain":0,"player_choice":"Card Removal","damage_taken":0,"max_hp_gain":0,"max_hp_loss":0,"event_name":"The Cleric","floor":2,"gold_loss":50},{"damage_healed":0,"gold_gain":0,"player_choice":"Forge","damage_taken":0,"max_hp_gain":0,"max_hp_loss":0,"event_name":"Accursed Blacksmith","floor":4,"gold_loss":0,"cards_upgraded":["Neutralize"]},{"cards_removed":["Strike_G"],"damage_healed":0,"gold_gain":0,"player_choice":"Card Removal","damage_taken":7,"max_hp_gain":0,"max_hp_loss":0,"event_name":"Golden Wing","floor":14,"gold_loss":0},{"damage_healed":0,"gold_gain":0,"player_choice":"Shed Blood","damage_taken":18,"max_hp_gain":5,"max_hp_loss":0,"event_name":"Forgotten Altar","floor":19,"gold_loss":0},{"damage_healed":0,"gold_gain":0,"player_choice":"Bet on Murderer","damage_taken":0,"max_hp_gain":0,"max_hp_loss":0,"event_name":"The Joust","floor":21,"gold_loss":50},{"damage_healed":0,"gold_gain":0,"player_choice":"Became a Ghost","damage_taken":0,"max_hp_gain":0,"max_hp_loss":38,"event_name":"Ghosts","floor":31,"gold_loss":0,"cards_obtained":["Ghostly","Ghostly","Ghostly","Ghostly","Ghostly"]},{"damage_healed":0,"gold_gain":0,"player_choice":"Memory 3","damage_taken":10,"max_hp_gain":0,"max_hp_loss":0,"event_name":"SensoryStone","floor":36,"gold_loss":0},{"damage_healed":0,"gold_gain":0,"player_choice":"Cursed","damage_taken":0,"max_hp_gain":0,"max_hp_loss":0,"event_name":"Wheel of Change","floor":41,"gold_loss":0,"cards_obtained":["Decay"]}],"is_beta":false,"boss_relics":[{"not_picked":["Velvet Choker","Coffee Dripper"],"picked":"WristBlade"},{"not_picked":["Black Star","Ring of the Serpent"],"picked":"SlaversCollar"}],"items_purged_floors":[29],"is_endless":false,"potions_floor_spawned":[1,6,8,10,20,23,25,30,33,38,47],"ascension_level":10}}