{"host":"m2hq2wo54qenirc2","time":1612596688,"event":{"mods":["2.2 Compatiblity","AchievementEnabler","Act Like it!","Ascension Unlocker","Aspiration","BaseMod","Better Synergies","Better Vampires","Colored Map","Colored Powertips","Conspire","Elementarium","Energized Spire","Exacting","Gremlin Skip","Hermit","Hubris","Hyrulean Relics","Ironclad Rager","Mimic Mod","Minty Spire (QoL Compilation)","Permanent Neow","Replay The Spire","Somnambulant","Spikes Relics","StSLib","Strawberry Spire","The Blackbeard","The Bug Knight","The Construct","The Disciple","The Jungle","The Necromancer"],"gold_per_floor":[110,110,130,165,198,198,198,225,249,249,261,100106,100106,100124,100124,100222,100222,100232,99758,99789,99789,99805,99831,99831,99863,99887,99948,99983,100047,100066,100086,100086,100201,100201,100225,100283,100309,100325,100032,100032,100222,100222,100222,100222,100315,100333,100366,100383,100383,100418,100418,100418,100056,100121,100136,100136],"floor_reached":55,"language":"ENG","playtime":3564,"items_purged":[],"score":978,"play_id":"ea12eb3e-19e4-4bce-962c-aca6ef684d97","local_time":"20210206013128","is_ascension_mode":true,"campfire_choices":[{"data":"hermit:Glare","floor":6.0,"key":"SMITH"},{"data":"hermit:Vantage","floor":10,"key":"SMITH"},{"data":"hermit:Headshot","floor":13,"key":"SMITH"},{"floor":15,"key":"RECALL"},{"data":"hermit:EternalForm","floor":24,"key":"SMITH"},{"data":"hermit:ShadowCloak","floor":32,"key":"SMITH"},{"data":"hermit:Manifest","floor":40,"key":"SMITH"},{"data":"hermit:ShadowCloak","floor":40,"key":"SMITH"},{"data":"hermit:Dive","floor":42,"key":"SMITH"},{"data":"hermit:Dive","floor":42,"key":"SMITH"},{"data":"hermit:Deadeye","floor":49,"key":"SMITH"},{"data":"hermit:Snapshot","floor":49,"key":"SMITH"},{"data":"hermit:Defend_Hermit","floor":52,"key":"SMITH"},{"data":"hermit:Defend_Hermit","floor":52,"key":"SMITH"}],"circlet_count":0,"master_deck":["hermit:Strike_Hermit","hermit:Strike_Hermit","hermit:Strike_Hermit","hermit:Defend_Hermit+1","hermit:Defend_Hermit+1","hermit:Defend_Hermit+1","hermit:Defend_Hermit+1","hermit:Snapshot+1","hermit:Covet+1","hermit:Deadeye+1","hermit:Headshot+1","hermit:Glare+1","hermit:Vantage+1","hermit:EternalForm+1","hermit:NoHoldsBarred+1","hermit:ShadowCloak+1","hermit:Dive+1","hermit:Grudge+1","hermit:Dive+1","hermit:Manifest+1","hermit:ShadowCloak+1","conspire:NecroticWound","Pain","Voices","hermit:ShadowCloak+1","hermit:ShadowCloak","hermit:ShadowCloak","hermit:Dive+1"],"relics":["hermit:Momento","RollingBoulder","PreservedInsect","energizedSpire:MagnifyingGlass","Tiny Chest","Pear","hubris:ToyBattleship","Molten Egg 2","Replay:Bandana","ReplayTheSpireMod:Ninjato","Replay:Ancient Bell","Strawberry","Mercury Hourglass","Replay:Arrowhead","MiniBlackHole","Sling","Regal Pillow","Smiling Mask","Gremlin Horn","SpikesRelics:DaevaFist","War Paint","aspiration:FetidBarrel"],"acts_visited":["Exordium","TheCity","TheBeyond","TheEnding"],"potions_floor_usage":[8,22,27,27],"damage_taken":[{"damage":2.0,"enemies":"Small Slimes","floor":1.0,"turns":4.0},{"damage":0.0,"enemies":"2 Louse","floor":3.0,"turns":2.0},{"damage":27.0,"enemies":"conspire:MimicChest","floor":4.0,"turns":5.0},{"damage":0.0,"enemies":"Cultist","floor":5.0,"turns":2.0},{"damage":16,"enemies":"Gremlin Nob","floor":8,"turns":4},{"damage":5,"enemies":"2 Fungi Beasts","floor":11,"turns":3},{"damage":0,"enemies":"Exordium Wildlife","floor":14,"turns":3},{"damage":25,"enemies":"Fading Forest","floor":16,"turns":11},{"damage":2,"enemies":"Shell Parasite","floor":18,"turns":6},{"damage":15,"enemies":"Chosen","floor":20,"turns":6},{"damage":0,"enemies":"Chosen","floor":22,"turns":4},{"damage":11,"enemies":"HollowMod:Nosk","floor":23,"turns":7},{"damage":0,"enemies":"conspire:Head Lice","floor":25,"turns":6},{"damage":12,"enemies":"Book of Stabbing","floor":27,"turns":4},{"damage":3,"enemies":"Snecko","floor":28,"turns":6},{"damage":3,"enemies":"Centurion and Healer","floor":29,"turns":6},{"damage":0,"enemies":"Snake Plant","floor":30,"turns":1},{"damage":0,"enemies":"Snecko","floor":31,"turns":1},{"damage":18,"enemies":"conspire:MysteriousRune","floor":33,"turns":14},{"damage":0,"enemies":"3 Darklings","floor":35,"turns":1},{"damage":4,"enemies":"3 Shapes","floor":36,"turns":3},{"damage":0,"enemies":"Jaw Worm Horde","floor":38,"turns":1},{"damage":10,"enemies":"strawberrySpire:EssenceStones","floor":45,"turns":2},{"damage":0,"enemies":"Spire Growth","floor":46,"turns":1},{"damage":0,"enemies":"R_Hoarder","floor":47,"turns":1},{"damage":0,"enemies":"Writhing Mass","floor":48,"turns":1},{"damage":8,"enemies":"hubris:GrandSnecko","floor":50,"turns":4},{"damage":47,"enemies":"Shield and Spear","floor":54,"turns":7},{"damage":48,"enemies":"The Heart","floor":55,"turns":2}],"seed_played":"-1953049131058398872","potions_obtained":[{"floor":1.0,"key":"ColorlessPotion"},{"floor":4.0,"key":"PowerPotion"},{"floor":5.0,"key":"Fire Potion"},{"floor":16,"key":"Fire Potion"},{"floor":22,"key":"construct:ShiftPotion"},{"floor":28,"key":"hermit:Tonic"},{"floor":29,"key":"Regen Potion"}],"is_trial":false,"path_per_floor":["M","?","M","?","M","R","?","E","T","R","M","$","R","M","R_BF","B",null,"M","$","MIM","?","M","E","R","E","T","E","M","M","M","M","R","B",null,"M","M","T","M","$","R","?","R","T","?","E","M","E","M","R","B",null,"R","$","E","B"],"character_chosen":"HERMIT","items_purchased":["PreservedInsect","Tiny Chest","Pear","hermit:ShadowCloak","Sling","Regal Pillow","SpikesRelics:DaevaFist","War Paint","hermit:ShadowCloak"],"campfire_rested":0,"item_purchase_floors":[12,19,19,19,39,39,53,53,53],"current_hp_per_floor":[73,73,73,57,57,57,57,41,41,41,47,47,47,47,47,32,75,73,83,68,68,68,57,57,57,57,45,42,39,39,39,39,21,92,92,88,88,88,88,88,52,52,52,41,31,31,31,31,31,23,92,92,92,45,0,0],"gold":100136,"neow_bonus":"UPGRADE_CARD","is_daily":false,"chose_seed":false,"campfire_upgraded":13,"win_rate":0.0,"timestamp":1612596688,"path_taken":["M","?","M","?","M","R","?","E","T","R","M","$","R","M","R_BF","BOSS","M","$","?","?","M","E","R","E","T","E","M","M","M","?","R","BOSS","M","M","?","?","$","R","?","R","T","?","E","M","E","M","R","BOSS","R","$","E","BOSS"],"items_purchased_type":["Relic","Relic","Relic","Card","Relic","Relic","Relic","Relic","Card"],"build_version":"2020-12-22","purchased_purges":0,"victory":false,"max_hp_per_floor":[75,75,75,75,75,75,75,75,75,75,75,75,75,75,75,75,75,75,85,85,85,85,85,85,85,85,85,85,85,85,85,85,85,92,92,92,92,92,92,92,92,92,92,92,92,92,92,92,92,92,92,92,92,92,92,92],"card_choices":[{"not_picked":["hermit:BodyArmor","hermit:LuckOfTheDraw"],"picked":"hermit:Deadeye","floor":1.0},{"not_picked":["hermit:FlashPowder","hermit:Deadeye"],"picked":"hermit:Headshot","floor":3.0},{"not_picked":["hermit:Quickdraw","hermit:HoleUp","hermit:Midnight"],"picked":"SKIP","floor":3.0},{"not_picked":["hermit:Shortfuse","hermit:Coalescence"],"picked":"hermit:Glare","floor":5.0},{"not_picked":["hermit:Dissolve","hermit:Scavenge"],"picked":"hermit:Vantage","floor":8},{"not_picked":["hermit:Midnight","hermit:Cheat","hermit:SprayPray"],"picked":"SKIP","floor":11},{"not_picked":["hermit:Misfire","hermit:ItchyTrigger","hermit:Brawl"],"picked":"SKIP","floor":14},{"not_picked":["hermit:HeroicBravado","hermit:Dissolve"],"picked":"hermit:EternalForm","floor":16},{"not_picked":["hermit:Shortfuse+1","hermit:Ricochet"],"picked":"hermit:NoHoldsBarred+1","floor":18},{"not_picked":["hermit:Glare","hermit:Roulette","hermit:Desperado"],"picked":"SKIP","floor":22},{"not_picked":["hermit:Adapt","hermit:FullyLoaded"],"picked":"hermit:Dive","floor":23},{"not_picked":["hermit:Ricochet+1","hermit:FullyLoaded+1"],"picked":"hermit:Grudge+1","floor":25},{"not_picked":["hermit:Glare","hermit:WideOpen+1","hermit:Roulette+1"],"picked":"SKIP","floor":27},{"not_picked":["hermit:Vantage","hermit:HoleUp+1","hermit:EternalForm"],"picked":"SKIP","floor":28},{"not_picked":["hermit:HoleUp+1","hermit:Vantage+1"],"picked":"hermit:Dive","floor":29},{"not_picked":["hermit:WideOpen+1","hermit:LowProfile+1"],"picked":"hermit:Manifest","floor":30},{"not_picked":["hermit:WideOpen+1","hermit:Combo+1"],"picked":"hermit:ShadowCloak","floor":31},{"not_picked":["conspire:Blindness","Elementarium:StickyTar"],"picked":"conspire:NecroticWound","floor":34},{"not_picked":["Languid","Hatred"],"picked":"Pain","floor":34},{"not_picked":["hubris:Greed","hubris:Disease"],"picked":"Voices","floor":34},{"not_picked":["hermit:Feint","hermit:WideOpen+1","hermit:HighCaliber+1"],"picked":"SKIP","floor":35},{"not_picked":["hermit:SprayPray+1","hermit:Misfire+1","hermit:Dissolve"],"picked":"SKIP","floor":36},{"not_picked":["hermit:Manifest+1","hermit:Brawl+1","hermit:Headshot+1"],"picked":"SKIP","floor":38},{"not_picked":["hermit:LoneWolf+1","hermit:Gambit","hermit:Misfire+1"],"picked":"SKIP","floor":45},{"not_picked":["hermit:Desperado+1","hermit:Vantage","hermit:Gestalt+1"],"picked":"SKIP","floor":46},{"not_picked":["hermit:Snipe+1","hermit:BodyArmor+1","hermit:Roulette+1"],"picked":"SKIP","floor":47},{"not_picked":["hermit:Misfire+1","hermit:Roulette+1","hermit:HighCaliber+1"],"picked":"SKIP","floor":48},{"not_picked":["hermit:Headshot+1","hermit:Enervate+1"],"picked":"hermit:Dive+1","floor":54}],"player_experience":1068638,"relics_obtained":[{"floor":4.0,"key":"RollingBoulder"},{"floor":23,"key":"hubris:ToyBattleship"},{"floor":25,"key":"Molten Egg 2"},{"floor":26,"key":"Replay:Bandana"},{"floor":27,"key":"ReplayTheSpireMod:Ninjato"},{"floor":37,"key":"MiniBlackHole"},{"floor":43,"key":"Smiling Mask"},{"floor":47,"key":"Gremlin Horn"},{"floor":54,"key":"aspiration:FetidBarrel"}],"event_choices":[{"damage_healed":0.0,"max_hp_gain":0.0,"max_hp_loss":0.0,"gold_gain":0.0,"event_name":"conspire:Investor","player_choice":"Leave","floor":2.0,"gold_loss":0.0,"damage_taken":0.0},{"cards_removed":["hermit:Strike_Hermit"],"damage_healed":0.0,"max_hp_gain":0.0,"max_hp_loss":0.0,"gold_gain":0.0,"event_name":"Purifier","player_choice":"Purged","floor":7.0,"gold_loss":0.0,"damage_taken":0.0}],"is_beta":false,"boss_relics":[{"not_picked":["Runic Dome","construct:WeddingRing"],"picked":"energizedSpire:MagnifyingGlass"},{"not_picked":["Velvet Choker","aspiration:WatcherSkillbook"],"picked":"Replay:Ancient Bell"},{"not_picked":["Ancient Tea Set","hermit:RyeStalk"],"picked":"Strawberry"},{"not_picked":["BrokenLever","Replay:Bottled Snecko"],"picked":"Mercury Hourglass"},{"not_picked":["hubris:CuriousFeather","conspire:GlowingRock"],"picked":"Replay:Arrowhead"}],"items_purged_floors":[],"is_endless":false,"potions_floor_spawned":[1,4,5,16,18,22,23,28,29,35,45,46,47],"killed_by":"The Heart","ascension_level":1}}