{"host":"3498uni0c31c9bdm","time":1612637605,"event":{"mods":["BaseMod","Better Match","Better Note","Better Sensory Stone","Better Skull","Better Third Choice","Colored Map","Minty Spire (QoL Compilation)","Quick Restart","RNG Fix","Random Character Button","Replay The Spire","Shop Mod","Smile Girya","StSLib","Unceasing Turn Reminder"],"gold_per_floor":[113,38,10,10,24,55,55,1,71,89,104,130,145,145,145,245,245,259,5,23,23,37,37,37,37],"floor_reached":24,"language":"ENG","playtime":836,"items_purged":[],"score":347,"play_id":"1b3de4cc-0c99-4411-ae45-07737437a70a","local_time":"20210207055325","is_ascension_mode":true,"campfire_choices":[{"floor":7,"key":"RECALL"},{"floor":15,"key":"REST"},{"floor":23,"key":"REST"}],"circlet_count":0,"master_deck":["AscendersBane","Strike_G","Strike_G","Strike_G","Strike_G","Strike_G","Defend_G","Defend_G","Defend_G","Defend_G","Defend_G","Survivor","Neutralize","Tactician","Noxious Fumes","Blur","Quick Slash","Cloak And Dagger","Escape Plan","Catalyst","Burn","Corpse Explosion","Replay:Poison Smokescreen","Leg Sweep","J.A.X.","ReplayTheSpireMod:Tripwire+1"],"relics":["Ring of the Serpent","NeowsBlessing","betterThird:SlimedRelic","Mercury Hourglass","Divine Protection","Blood Vial","Membership Card","MerchantsRug","Matryoshka"],"acts_visited":["Exordium","TheCity"],"potions_floor_usage":[12,16,24],"damage_taken":[{"damage":0,"enemies":"2 Louse","floor":1,"turns":1},{"damage":0,"enemies":"Jaw Worm","floor":5,"turns":1},{"damage":0,"enemies":"Gremlin Nob","floor":6,"turns":1},{"damage":0,"enemies":"Cultist","floor":10,"turns":5},{"damage":0,"enemies":"Blue Slaver","floor":11,"turns":5},{"damage":8,"enemies":"Lagavulin","floor":12,"turns":11},{"damage":0,"enemies":"3 Louse","floor":13,"turns":3},{"damage":38,"enemies":"Slime Boss","floor":16,"turns":11},{"damage":26,"enemies":"Spheric Guardian","floor":18,"turns":7},{"damage":7,"enemies":"Shell Parasite","floor":20,"turns":8},{"damage":0,"enemies":"Snecko","floor":22,"turns":6},{"damage":78,"enemies":"Gremlin Leader","floor":24,"turns":6}],"seed_played":"1238795103038313572","potions_obtained":[{"floor":5,"key":"BlessingOfTheForge"},{"floor":6,"key":"DuplicationPotion"},{"floor":11,"key":"Strength Potion"},{"floor":13,"key":"Energy Potion"},{"floor":22,"key":"Regen Potion"}],"is_trial":false,"path_per_floor":["M","?","?","$","M","E","R","?","T","M","M","E","M","?","R","B",null,"M","$","M","?","M","R","E"],"character_chosen":"THE_SILENT","items_purchased":["Membership Card","MerchantsRug","Matryoshka"],"campfire_rested":2,"item_purchase_floors":[19,19,19],"current_hp_per_floor":[63,63,52,52,52,52,52,52,52,52,52,44,46,46,67,31,60,36,36,31,31,33,54,0,0],"gold":37,"neow_bonus":"THREE_ENEMY_KILL","is_daily":false,"chose_seed":false,"campfire_upgraded":0,"win_rate":0.0,"timestamp":1612637605,"path_taken":["M","?","?","$","?","E","R","?","T","M","M","E","M","?","R","BOSS","M","?","M","?","?","R","E"],"items_purchased_type":["Relic","Relic","Relic"],"build_version":"2020-12-22","purchased_purges":0,"victory":false,"max_hp_per_floor":[70,70,70,70,70,70,70,70,70,70,70,70,70,70,70,70,70,70,70,70,70,70,70,70,70],"card_choices":[{"not_picked":["Deflect","Dodge and Roll"],"picked":"Tactician","floor":1},{"not_picked":["Distraction","Flying Knee"],"picked":"Noxious Fumes","floor":5},{"not_picked":["Dodge and Roll","Backstab"],"picked":"Blur","floor":6},{"not_picked":["Skewer","Blade Dance","Eviscerate"],"picked":"Quick Slash","floor":10},{"not_picked":["Burst","Prepared","Hidden Blade"],"picked":"Cloak And Dagger","floor":11},{"not_picked":["Dagger Throw","Acrobatics","Deflect"],"picked":"Escape Plan","floor":12},{"not_picked":["Deflect","Hidden Blade","Prepared"],"picked":"Catalyst","floor":13},{"not_picked":["ReplayTheSpireMod:Necrosis","Malaise","Wraith Form v2"],"picked":"Corpse Explosion","floor":16},{"not_picked":["Endless Agony+1","Calculated Gamble","Toxin Wave"],"picked":"Replay:Poison Smokescreen","floor":18},{"not_picked":["Flying Knee","Sucker Punch"],"picked":"Leg Sweep","floor":20},{"not_picked":["Eviscerate","Caltrops"],"picked":"ReplayTheSpireMod:Tripwire+1","floor":22}],"player_experience":839006,"relics_obtained":[{"floor":6,"key":"Question Card"},{"floor":9,"key":"Divine Protection"},{"floor":12,"key":"Blood Vial"}],"event_choices":[{"damage_healed":0,"gold_gain":0,"player_choice":"3","damage_taken":0,"max_hp_gain":0,"max_hp_loss":0,"event_name":"betterMatch:BetterMatch","floor":2,"gold_loss":0,"cards_obtained":[]},{"damage_healed":0,"gold_gain":0,"player_choice":"Slimed","damage_taken":11,"max_hp_gain":0,"max_hp_loss":0,"event_name":"betterThird:BetterGoop","floor":3,"gold_loss":28},{"damage_healed":0,"gold_gain":0,"player_choice":"Paid Gold","damage_taken":0,"relics_obtained":["Mercury Hourglass"],"max_hp_gain":0,"max_hp_loss":0,"event_name":"WeMeetAgain","floor":8,"gold_loss":54},{"damage_healed":46,"gold_gain":0,"player_choice":"Embrace Burn","damage_taken":0,"max_hp_gain":0,"max_hp_loss":70,"event_name":"betterThird:BetterShining","floor":14,"gold_loss":0},{"damage_healed":0,"gold_gain":0,"player_choice":"Obtain J.A.X.","damage_taken":0,"max_hp_gain":0,"max_hp_loss":0,"event_name":"Drug Dealer","floor":21,"gold_loss":0,"cards_obtained":["J.A.X."]}],"is_beta":false,"boss_relics":[{"not_picked":["Pandora\u0027s Box","Snecko Scales"],"picked":"Ring of the Serpent"}],"items_purged_floors":[],"is_endless":false,"potions_floor_spawned":[5,6,11,13,22],"killed_by":"Gremlin Leader","ascension_level":10}}