{"host":"kth2ngi076kd734g","time":1612598611,"event":{"mods":["BaseMod","Colored Map","Filter the Spire","Minty Spire (QoL Compilation)","Relic Stats"],"gold_per_floor":[118,193,209,209,239,277,289,332,368,380,380],"floor_reached":10,"language":"ENG","playtime":744,"items_purged":[],"score":95,"play_id":"8ccee3fe-67f1-4c1b-89cb-373793bf455d","local_time":"20210206090331","is_ascension_mode":true,"campfire_choices":[{"data":"Night Terror","floor":7.0,"key":"SMITH"}],"circlet_count":0,"master_deck":["Survivor","Neutralize","Deflect","Night Terror+1","Escape Plan","Cloak And Dagger","Prepared","Setup","Predator","Glass Knife","PiercingWail","Acrobatics","Blade Dance","Masterful Stab","Choke","Masterful Stab"],"relics":["Pandora\u0027s Box","MawBank","Anchor","Smiling Mask","CeramicFish"],"acts_visited":["Exordium"],"potions_floor_usage":[],"damage_taken":[{"damage":10.0,"enemies":"Small Slimes","floor":1.0,"turns":3.0},{"damage":0.0,"enemies":"2 Louse","floor":3.0,"turns":3.0},{"damage":0.0,"enemies":"Cultist","floor":5.0,"turns":3.0},{"damage":27.0,"enemies":"Gremlin Nob","floor":6.0,"turns":4.0},{"damage":17,"enemies":"3 Sentries","floor":8,"turns":8},{"damage":14,"enemies":"Lagavulin","floor":10,"turns":2}],"seed_played":"-8681272714795402700","potions_obtained":[{"floor":1.0,"key":"SpeedPotion"},{"floor":5.0,"key":"SpeedPotion"}],"is_trial":false,"path_per_floor":["M","?","M","?","M","E","R","E","T","E"],"character_chosen":"THE_SILENT","items_purchased":[],"campfire_rested":0,"item_purchase_floors":[],"current_hp_per_floor":[60,49,49,49,49,22,22,5,5,0,0],"gold":380,"neow_bonus":"BOSS_RELIC","is_daily":false,"chose_seed":false,"campfire_upgraded":1,"win_rate":0.0,"timestamp":1612598611,"path_taken":["M","?","M","?","?","E","R","E","T","E"],"items_purchased_type":[],"build_version":"2020-12-22","purchased_purges":0,"victory":false,"max_hp_per_floor":[70,70,70,70,70,70,70,70,70,70,70],"relic_stats":{"counters":[6,23],"CeramicFish":0,"Pandora\u0027s Box":["Deflect","Night Terror","Escape Plan","Cloak And Dagger","Prepared","Setup","Predator","Glass Knife","Tactician","PiercingWail"],"MawBank":72,"Smiling Mask":0,"obtain_stats":[{"Anchor":6,"CeramicFish":9,"Pandora\u0027s Box":0,"MawBank":4,"Smiling Mask":8,"Ring of the Snake":0},{"Anchor":4,"CeramicFish":5,"Pandora\u0027s Box":0,"MawBank":2,"Smiling Mask":5,"Ring of the Snake":0},{"Anchor":13,"CeramicFish":21,"Pandora\u0027s Box":0,"MawBank":6,"Smiling Mask":21,"Ring of the Snake":0}]},"card_choices":[{"not_picked":["Heel Hook","Outmaneuver"],"picked":"Acrobatics","floor":1.0},{"not_picked":["Cloak And Dagger","Acrobatics"],"picked":"Blade Dance","floor":3.0},{"not_picked":["Quick Slash","Escape Plan"],"picked":"Masterful Stab","floor":5.0},{"not_picked":["Eviscerate","Bane"],"picked":"Choke","floor":6.0},{"not_picked":["Unload","Eviscerate"],"picked":"Masterful Stab","floor":8}],"player_experience":688442,"relics_obtained":[{"floor":6.0,"key":"Anchor"},{"floor":8,"key":"Smiling Mask"},{"floor":9,"key":"CeramicFish"}],"event_choices":[{"damage_healed":0.0,"max_hp_gain":0.0,"max_hp_loss":0.0,"gold_gain":75.0,"event_name":"World of Goop","player_choice":"Gather Gold","floor":2.0,"gold_loss":0.0,"damage_taken":11.0},{"cards_removed":["Tactician"],"damage_healed":0.0,"max_hp_gain":0.0,"max_hp_loss":0.0,"gold_gain":0.0,"event_name":"WeMeetAgain","player_choice":"Gave Card","floor":4.0,"gold_loss":0.0,"damage_taken":0.0,"relics_obtained":["MawBank"]}],"is_beta":false,"boss_relics":[],"items_purged_floors":[],"is_endless":false,"potions_floor_spawned":[1,5],"killed_by":"Lagavulin","ascension_level":5}}