{"host":"815dqs41i1y8uxms","time":1612649010,"event":{"mods":["A Penny For Your Troubles","Act Like it!","BaseMod","GungeonMod","Minty Spire (QoL Compilation)","Rare Cards Sparkle","Shop Mod","Spire Arcade","StSLib"],"gold_per_floor":[110,126,139,150,150,150,5,15,68,68,108,131,131,155,155,263,263,289,289,289,313,334,376,401,401,450,86,114,114,139,164,164,283,283,308,334,334,2,46,46,77,77,77,108,108,134,154,124,124,125,125,125,39,69,79,79],"floor_reached":55,"language":"ENG","playtime":3679,"items_purged":[],"score":804,"play_id":"d78b16c3-0fea-43da-8210-63ca1c881ed0","local_time":"20210206230330","is_ascension_mode":false,"campfire_choices":[{"floor":6,"key":"REST"},{"floor":13,"key":"REST"},{"data":"DemoMod:FullFirepower","floor":15,"key":"SMITH"},{"floor":25,"key":"REST"},{"floor":29,"key":"REST"},{"floor":32,"key":"REST"},{"floor":40,"key":"RECALL"},{"data":"DemoMod:TableSutra","floor":42,"key":"SMITH"},{"floor":45,"key":"REST"},{"floor":49,"key":"REST"},{"floor":52,"key":"DIG"}],"circlet_count":0,"master_deck":["DemoMod:Strike_Huntress","DemoMod:Strike_Huntress","DemoMod:Strike_Huntress","DemoMod:Defend_Huntress+1","DemoMod:Defend_Huntress","DemoMod:Defend_Huntress","DemoMod:Defend_Huntress","DemoMod:Roll+1","DemoMod:ManualReload+1","DemoMod:RustySidearm","DemoMod:CrossBow","DemoMod:Camera","DemoMod:MachoBrace","DemoMod:TeaPot","DemoMod:CombinedRifle","DemoMod:BoxingGlove","DemoMod:TeaPot","DemoMod:FullFirepower+1","DemoMod:PotionOfGunFriendShip","DemoMod:TripleGun","DemoMod:FightSabre","DemoMod:DirectionalPad","DemoMod:Ejector","DemoMod:PotionOfGunFriendShip+1","DemoMod:TableSutra+1","DemoMod:ConditionalReflex+1","DemoMod:AbyssalTentacle","DemoMod:StickyCrossBow+1","DemoMod:Gungine","DemoMod:SpreadAmmo","DemoMod:GunslingerForm","DemoMod:HungryBullets","DemoMod:BattleInHaste+1","DemoMod:HungryBullets+1","DemoMod:HungryBullets+1","DemoMod:ZorGun","DemoMod:EasyReloadBullets+1","DemoMod:Purify","Magnetism","DemoMod:MegaHand+1"],"relics":["DemoMod:Dog","ClockworkSouvenir","Akabeko","DemoMod:ElasticCartridgeClip","DemoMod:ClearGuonStone","MerchantsRug","Ancient Tea Set","DemoMod:Wolf","OrangePellets","DemoMod:BlueGuonStone","Nunchaku","Letter Opener","DemoMod:MonsterBlood","Happy Flower","HornCleat","Orichalcum"],"acts_visited":["Exordium","TheCity","TheBeyond","TheEnding"],"potions_floor_usage":[5,11,16,16,16,16,16,23,31,33,36,41,46,50,55],"damage_taken":[{"damage":0,"enemies":"Cultist","floor":1,"turns":3},{"damage":19,"enemies":"Jaw Worm","floor":2,"turns":6},{"damage":6,"enemies":"2 Louse","floor":3,"turns":2},{"damage":6,"enemies":"Blue Slaver","floor":4,"turns":4},{"damage":9,"enemies":"Looter","floor":8,"turns":3},{"damage":6,"enemies":"3 Sentries","floor":11,"turns":6},{"damage":0,"enemies":"2 Fungi Beasts","floor":12,"turns":2},{"damage":0,"enemies":"3 Louse","floor":14,"turns":1},{"damage":35,"enemies":"Hexaghost","floor":16,"turns":9},{"damage":0,"enemies":"Chosen","floor":18,"turns":3},{"damage":3,"enemies":"Spheric Guardian","floor":21,"turns":3},{"damage":22,"enemies":"Snecko","floor":22,"turns":5},{"damage":29,"enemies":"Slavers","floor":23,"turns":4},{"damage":0,"enemies":"Centurion and Healer","floor":24,"turns":2},{"damage":6,"enemies":"Snake Plant","floor":28,"turns":4},{"damage":4,"enemies":"Cultist and Chosen","floor":30,"turns":5},{"damage":6,"enemies":"Snecko","floor":31,"turns":5},{"damage":42,"enemies":"Automaton","floor":33,"turns":10},{"damage":48,"enemies":"3 Shapes","floor":35,"turns":6},{"damage":2,"enemies":"Orb Walker","floor":36,"turns":3},{"damage":4,"enemies":"4 Shapes","floor":39,"turns":7},{"damage":4,"enemies":"Giant Head","floor":41,"turns":7},{"damage":33,"enemies":"Nemesis","floor":44,"turns":5},{"damage":20,"enemies":"Giant Head","floor":46,"turns":8},{"damage":34,"enemies":"4 Shapes","floor":47,"turns":3},{"damage":59,"enemies":"Time Eater","floor":50,"turns":9},{"damage":17,"enemies":"Shield and Spear","floor":54,"turns":7},{"damage":74,"enemies":"The Heart","floor":55,"turns":9}],"seed_played":"-6848883580430676270","potions_obtained":[{"floor":2,"key":"LiquidMemories"},{"floor":4,"key":"Energy Potion"},{"floor":5,"key":"Fruit Juice"},{"floor":5,"key":"EntropicBrew"},{"floor":12,"key":"AttackPotion"},{"floor":14,"key":"SkillPotion"},{"floor":22,"key":"AttackPotion"},{"floor":23,"key":"DemoMod:LeadSkinPotion"},{"floor":28,"key":"DemoMod:BlankPotion"},{"floor":31,"key":"FairyPotion"},{"floor":35,"key":"DistilledChaos"},{"floor":36,"key":"SmokeBomb"},{"floor":41,"key":"SteroidPotion"},{"floor":44,"key":"SkillPotion"}],"is_trial":false,"path_per_floor":["M","M","M","M","?","R","$","M","T","?","E","M","R","M","R","B",null,"M","?","?","M","M","E","M","R","T","$","M","R","M","M","R","B",null,"M","M","?","$","?","R","E","R","T","E","R","E","M","?","R","B",null,"R","$","E","B"],"character_chosen":"HUNTRESS","items_purchased":["ClockworkSouvenir","MerchantsRug","Ancient Tea Set","DemoMod:AbyssalTentacle","Matryoshka","OrangePellets","Magnetism","Strength Potion"],"campfire_rested":7,"item_purchase_floors":[7,27,27,27,38,38,53,53],"current_hp_per_floor":[70,51,45,39,44,66,66,57,57,54,48,48,70,70,70,35,75,75,75,75,72,50,21,21,43,43,43,37,59,55,49,71,29,75,27,25,66,66,76,76,72,72,79,46,72,52,18,18,44,11,87,87,87,70,0,0],"gold":79,"neow_bonus":"UPGRADE_CARD","is_daily":false,"chose_seed":false,"campfire_upgraded":2,"win_rate":0.0,"timestamp":1612649010,"path_taken":["M","?","M","M","?","R","?","M","T","?","E","M","R","M","R","BOSS","M","?","?","M","M","E","M","R","T","$","M","R","M","M","R","BOSS","M","M","?","$","?","R","E","R","T","E","R","E","M","?","R","BOSS","R","$","E","BOSS"],"items_purchased_type":["Relic","Relic","Relic","Card","Relic","Relic","Card","Potion"],"build_version":"2020-12-22","purchased_purges":0,"victory":false,"max_hp_per_floor":[70,70,70,70,75,75,75,75,75,75,75,75,75,75,75,75,75,75,75,75,75,75,75,75,75,75,75,75,75,75,75,75,75,75,75,75,66,66,80,80,80,80,87,87,87,87,87,87,87,87,87,87,87,87,87,87],"card_choices":[{"not_picked":["DemoMod:StickyCrossBow","DemoMod:Unmoved"],"picked":"DemoMod:Camera","floor":1},{"not_picked":["DemoMod:FastSwitch","DemoMod:ConditionalReflex"],"picked":"DemoMod:MachoBrace","floor":2},{"not_picked":["DemoMod:EasyReloadBullets","DemoMod:Unmoved"],"picked":"DemoMod:TeaPot","floor":3},{"not_picked":["DemoMod:PotionOfGunFriendShip","DemoMod:Rummage"],"picked":"DemoMod:CombinedRifle","floor":4},{"not_picked":["DemoMod:MachoBrace","DemoMod:SpreadAmmo"],"picked":"DemoMod:BoxingGlove","floor":4},{"not_picked":["DemoMod:JK47","DemoMod:ProbeStrike"],"picked":"DemoMod:TeaPot","floor":8},{"not_picked":["DemoMod:Casey","DemoMod:ShadowBullets"],"picked":"DemoMod:FullFirepower","floor":11},{"not_picked":["DemoMod:Ejector","DemoMod:BoxingGlove"],"picked":"DemoMod:PotionOfGunFriendShip","floor":12},{"not_picked":["DemoMod:TeaPot","DemoMod:AC15"],"picked":"DemoMod:TripleGun","floor":14},{"not_picked":["DemoMod:BlackHoleGun","DemoMod:FullFirepower"],"picked":"DemoMod:FightSabre","floor":16},{"not_picked":["DemoMod:HuntsMan","DemoMod:SAA"],"picked":"DemoMod:DirectionalPad","floor":18},{"not_picked":["DemoMod:BoxingGlove","DemoMod:AC15"],"picked":"DemoMod:Ejector","floor":21},{"not_picked":["DemoMod:ChanceBullets","DemoMod:StickyCrossBow"],"picked":"DemoMod:PotionOfGunFriendShip+1","floor":22},{"not_picked":["DemoMod:FastSwitch","DemoMod:BattleInHaste"],"picked":"DemoMod:TableSutra","floor":23},{"not_picked":["DemoMod:AC15","DemoMod:Replace"],"picked":"DemoMod:ConditionalReflex+1","floor":24},{"not_picked":["DemoMod:AC15","DemoMod:Casey"],"picked":"DemoMod:StickyCrossBow+1","floor":28},{"not_picked":["DemoMod:LifeOrb","DemoMod:CombinedRifle+1"],"picked":"DemoMod:Gungine","floor":30},{"not_picked":["DemoMod:ZorGun","DemoMod:StickyCrossBow"],"picked":"DemoMod:SpreadAmmo","floor":31},{"not_picked":["DemoMod:Slinger","DemoMod:Desperate"],"picked":"DemoMod:GunslingerForm","floor":33},{"not_picked":["DemoMod:StickyCrossBow+1","DemoMod:AC15+1"],"picked":"DemoMod:HungryBullets","floor":35},{"not_picked":["DemoMod:FastSwitch","DemoMod:StrategicReserve"],"picked":"DemoMod:BattleInHaste+1","floor":36},{"not_picked":["DemoMod:MachoBrace+1","DemoMod:HuntsMan"],"picked":"DemoMod:HungryBullets+1","floor":39},{"not_picked":["DemoMod:Replace","DemoMod:TeaPot"],"picked":"DemoMod:HungryBullets+1","floor":41},{"not_picked":["DemoMod:StickyCrossBow+1","DemoMod:AC15+1"],"picked":"DemoMod:ZorGun","floor":44},{"not_picked":["DemoMod:BalloonGun","DemoMod:Casey+1"],"picked":"DemoMod:EasyReloadBullets+1","floor":46},{"not_picked":["DemoMod:ConditionalReflex","DemoMod:PotionOfGunFriendShip+1"],"picked":"DemoMod:Purify","floor":47},{"not_picked":["DemoMod:AC15","DemoMod:RadGun+1"],"picked":"DemoMod:MegaHand+1","floor":54}],"player_experience":3751218,"relics_obtained":[{"floor":9,"key":"CeramicFish"},{"floor":11,"key":"War Paint"},{"floor":23,"key":"DemoMod:ClearGuonStone"},{"floor":39,"key":"Mango"},{"floor":39,"key":"DemoMod:BlueGuonStone"},{"floor":41,"key":"Nunchaku"},{"floor":43,"key":"Letter Opener"},{"floor":43,"key":"DemoMod:MonsterBlood"},{"floor":44,"key":"Happy Flower"},{"floor":46,"key":"Shovel"},{"floor":52,"key":"HornCleat"},{"floor":54,"key":"Orichalcum"}],"event_choices":[{"damage_healed":0,"gold_gain":0,"player_choice":"Got Potions","damage_taken":0,"max_hp_gain":0,"max_hp_loss":0,"event_name":"Lab","floor":5,"gold_loss":0},{"damage_healed":0,"gold_gain":0,"player_choice":"Success","damage_taken":3,"relics_obtained":["Akabeko"],"max_hp_gain":0,"max_hp_loss":0,"event_name":"Scrap Ooze","floor":10,"gold_loss":0},{"damage_healed":0,"gold_gain":0,"player_choice":"Ignored","damage_taken":0,"max_hp_gain":0,"max_hp_loss":0,"event_name":"Beggar","floor":20,"gold_loss":0},{"damage_healed":66,"gold_gain":0,"player_choice":"Heal","damage_taken":0,"max_hp_gain":0,"max_hp_loss":9,"event_name":"The Moai Head","floor":37,"gold_loss":0}],"is_beta":false,"boss_relics":[{"not_picked":["Ectoplasm","Fusion Hammer"],"picked":"DemoMod:ElasticCartridgeClip"},{"not_picked":["Cursed Key","Sozu"],"picked":"DemoMod:Wolf"}],"items_purged_floors":[],"is_endless":false,"potions_floor_spawned":[2,4,12,14,22,23,28,31,35,36,41,44],"killed_by":"The Heart","ascension_level":0}}