{"host":"mo324zvkdr1xwprd","time":1612627142,"event":{"mods":["BaseMod","Better Note","BetterRewards","Hermit","Highlight Path","Hubris","Minty Spire (QoL Compilation)","Quick Restart","Rare Cards Sparkle","Shop Mod","StSLib","The Cursed","The Hierophant"],"gold_per_floor":[311,113,154,195,208,208,258,258,258,310,353,353,353,369,369,445,445,486,503,538,580,67,100,141,197,223,0,32,44,44,64,64,135,135,154,165,165,228,228,228,255,297,376,401,401,415,453,493,493,493,493,493,9,36,36],"floor_reached":56,"language":"ENG","playtime":6571,"items_purged":[],"score":2787,"play_id":"dc4cb975-cf88-4583-9e00-b547b414dc0f","local_time":"20210206155902","is_ascension_mode":true,"campfire_choices":[{"floor":6.0,"key":"REST"},{"floor":8.0,"key":"RECALL"},{"data":"TheCursedMod:Grudge","floor":12.0,"key":"SMITH"},{"data":"Enlightenment","floor":15.0,"key":"SMITH"},{"data":"TheCursedMod:CollectTribute","floor":32.0,"key":"SMITH"},{"data":"TheCursedMod:CollectTribute","floor":40.0,"key":"SMITH"},{"data":"TheCursedMod:DarkBarrier","floor":45.0,"key":"SMITH"},{"data":"TheCursedMod:SpitefulPray","floor":49.0,"key":"SMITH"},{"data":"TheCursedMod:DoubleShield","floor":52.0,"key":"SMITH"}],"circlet_count":0,"master_deck":["AscendersBane","TheCursedMod:CursedWand","TheCursedMod:CleanUpWorkshop+1","TheCursedMod:Dregs","TheCursedMod:Grudge+1","Parasite","TheCursedMod:CircleOfFocus","TheCursedMod:StingEye","TheCursedMod:CursedBlade","TheCursedMod:Obscuration","TheCursedMod:HellfireBreathing","Violence","TheCursedMod:WearCloak","TheCursedMod:StunningStrike+1","HandOfGreed+1","TheCursedMod:SpitefulPlan","TheCursedMod:CursedAmulet","TheCursedMod:Mangle+1","TheCursedMod:HellsGateOpen","Enlightenment+1","TheCursedMod:LuckyCharm","TheCursedMod:ReleasedKnowledge","TheCursedMod:CircleOfCorruption","TheCursedMod:SpitefulPray+1","TheCursedMod:RapidMovement","TheCursedMod:SmokeScreen","Regret","TheCursedMod:CursedBlade+1","TheCursedMod:CollectTribute+1","TheCursedMod:Wield+1","TheCursedMod:CursedBlade+1","TheCursedMod:SoulReap+1","TheCursedMod:WearCloak+1","TheCursedMod:StunningStrike+1","HandOfGreed+1","TheCursedMod:RapidMovement","TheCursedMod:Obscuration+1","TheCursedMod:SpitefulPlan","TheCursedMod:SurpriseAttack+1","TheCursedMod:WearCloak","TheCursedMod:VitalStrike+1","TheCursedMod:ReleasedStrength","TheCursedMod:CursedBlade+1","TheCursedMod:StingEye+1","TheCursedMod:CollectTribute+1","TheCursedMod:CursedShiv+1","TheCursedMod:CollectTribute","TheCursedMod:SaltUponWound","Enlightenment","TheCursedMod:RapidMovement","TheCursedMod:EmpowerCircles","TheCursedMod:Torture","TheCursedMod:CircleOfCorruption","TheCursedMod:CollectTribute","TheCursedMod:DarkBarrier+1","Parasite","TheCursedMod:CursedBlade+1","TheCursedMod:Stretching","TheCursedMod:ReleasedKnowledge","TheCursedMod:DoubleShield+1","TheCursedMod:ReleasedKnowledge+1","Dramatic Entrance+1","TheCursedMod:SpreadPlague"],"relics":["TheCursedMod:BlackMagic101","Bag of Preparation","Toy Ornithopter","Torii","Incense Burner","Molten Egg 2","Eternal Feather","Bird Faced Urn","hubris:TinFlute","hubris:GrandSneckoEye","Nunchaku","TungstenRod","Regal Pillow","Centennial Puzzle","Oddly Smooth Stone","Calipers","Pandora\u0027s Box","War Paint","HornCleat","Lantern","Ornamental Fan","Gambling Chip"],"acts_visited":[],"potions_floor_usage":[55,55],"damage_taken":[{"damage":0.0,"enemies":"Small Slimes","floor":1.0,"turns":2.0},{"damage":0.0,"enemies":"2 Louse","floor":3.0,"turns":3.0},{"damage":0.0,"enemies":"Cultist","floor":4.0,"turns":3.0},{"damage":0.0,"enemies":"Blue Slaver","floor":5.0,"turns":5.0},{"damage":11.0,"enemies":"Lagavulin","floor":7.0,"turns":7.0},{"damage":0.0,"enemies":"Gremlin Nob","floor":10.0,"turns":4.0},{"damage":7.0,"enemies":"Exordium Wildlife","floor":11.0,"turns":4.0},{"damage":0.0,"enemies":"Gremlin Gang","floor":14.0,"turns":3.0},{"damage":2.0,"enemies":"The Guardian","floor":16.0,"turns":10.0},{"damage":1.0,"enemies":"2 Thieves","floor":18.0,"turns":3.0},{"damage":0.0,"enemies":"Chosen","floor":19.0,"turns":4.0},{"damage":8.0,"enemies":"Shelled Parasite and Fungi","floor":20.0,"turns":6.0},{"damage":0.0,"enemies":"Centurion and Healer","floor":21.0,"turns":3.0},{"damage":3.0,"enemies":"Book of Stabbing","floor":23.0,"turns":5.0},{"damage":0.0,"enemies":"Cultist and Chosen","floor":24.0,"turns":6.0},{"damage":0.0,"enemies":"Slavers","floor":25.0,"turns":4.0},{"damage":1.0,"enemies":"Gremlin Leader","floor":28.0,"turns":3.0},{"damage":0.0,"enemies":"Chosen and Byrds","floor":29.0,"turns":4.0},{"damage":13.0,"enemies":"Centurion and Healer","floor":31.0,"turns":4.0},{"damage":7.0,"enemies":"Champ","floor":33.0,"turns":12.0},{"damage":0.0,"enemies":"Orb Walker","floor":35.0,"turns":3.0},{"damage":8.0,"enemies":"3 Darklings","floor":36.0,"turns":3.0},{"damage":0.0,"enemies":"4 Shapes","floor":38.0,"turns":6.0},{"damage":37.0,"enemies":"Reptomancer","floor":41.0,"turns":5.0},{"damage":0.0,"enemies":"Writhing Mass","floor":42.0,"turns":4.0},{"damage":0.0,"enemies":"Giant Head","floor":44.0,"turns":6.0},{"damage":0.0,"enemies":"Transient","floor":46.0,"turns":5.0},{"damage":5.0,"enemies":"Sphere and 2 Shapes","floor":47.0,"turns":5.0},{"damage":0.0,"enemies":"4 Shapes","floor":48.0,"turns":3.0},{"damage":3.0,"enemies":"Time Eater","floor":50.0,"turns":10.0},{"damage":23,"enemies":"Shield and Spear","floor":54,"turns":6},{"damage":52,"enemies":"The Heart","floor":55,"turns":9}],"seed_played":"-8550568225256338435","potions_obtained":[{"floor":3.0,"key":"Weak Potion"},{"floor":10.0,"key":"SkillPotion"},{"floor":14.0,"key":"CultistPotion"},{"floor":16.0,"key":"DuplicationPotion"},{"floor":18.0,"key":"SteroidPotion"},{"floor":19.0,"key":"CultistPotion"},{"floor":21.0,"key":"FearPotion"},{"floor":25.0,"key":"DuplicationPotion"},{"floor":29.0,"key":"LiquidBronze"},{"floor":36.0,"key":"SteroidPotion"},{"floor":41.0,"key":"PowerPotion"}],"is_trial":false,"path_per_floor":["M","$","M","M","M","R","E","R","T","E","M","R","?","M","R","B",null,"M","M","M","M","$","E","M","E","T","$","E","M","?","M","R","B",null,"M","M","?","M","?","R","E","M","T","E","R","M","M","M","R","B",null,"R","$","E","B",null],"character_chosen":"THE_CURSED","items_purchased":["TheCursedMod:StingEye","TheCursedMod:CursedBlade","TheCursedMod:Obscuration","TheCursedMod:HellfireBreathing","Violence","Molten Egg 2","TheCursedMod:WearCloak","TheCursedMod:StunningStrike+1","HandOfGreed+1","TheCursedMod:SpitefulPlan","Fire Potion","Block Potion","TheCursedMod:Mangle+1","TheCursedMod:HellsGateOpen","Enlightenment","Nunchaku","TheCursedMod:StunningStrike+1","HandOfGreed+1","TheCursedMod:RapidMovement","Oddly Smooth Stone","TheCursedMod:WearCloak","TheCursedMod:VitalStrike+1","Dramatic Entrance+1","LiquidBronze","Ornamental Fan","TheCursedMod:SpreadPlague"],"campfire_rested":1,"item_purchase_floors":[0,0,0,0,0,0,0,0,0,0,0,0,2,2,2,22,22,22,22,27,27,27,53,53,53,53],"current_hp_per_floor":[27,27,27,27,27,48,47,65,65,65,58,71,71,71,71,69,71,70,71,66,71,71,71,71,71,71,71,71,71,71,70,71,70,71,71,63,63,71,71,71,40,50,50,71,71,71,68,71,71,73,73,73,73,65,46],"gold":36,"neow_bonus":"","is_daily":false,"chose_seed":false,"campfire_upgraded":7,"win_rate":0.0,"timestamp":1612627142,"path_taken":["M","$","M","M","M","R","E","R","T","E","M","R","?","M","R","BOSS","M","M","M","M","$","E","M","E","T","$","E","M","?","M","R","BOSS","M","M","?","?","?","R","E","M","T","E","R","M","M","M","R","BOSS","R","$","E","BOSS"],"items_purchased_type":["Card","Card","Card","Card","Card","Relic","Card","Card","Card","Card","Potion","Potion","Card","Card","Card","Relic","Card","Card","Card","Relic","Card","Card","Card","Potion","Relic","Card"],"build_version":"2020-12-22","purchased_purges":0,"victory":true,"max_hp_per_floor":[71,71,71,71,71,71,71,71,71,71,71,71,71,71,71,71,71,71,71,71,71,71,71,71,71,71,71,71,71,71,71,71,71,71,71,71,71,71,71,71,71,71,71,71,71,71,71,71,71,73,73,73,73,73,73],"card_choices":[{"not_picked":["TheCursedMod:StingEye+1","TheCursedMod:VitalStrike+1"],"picked":"TheCursedMod:CursedAmulet","floor":1.0},{"not_picked":["TheCursedMod:HellfireBreathing","TheCursedMod:SpitefulPlan"],"picked":"TheCursedMod:LuckyCharm","floor":3.0},{"not_picked":["TheCursedMod:Torture","TheCursedMod:BloodBarrier"],"picked":"TheCursedMod:ReleasedKnowledge","floor":4.0},{"not_picked":["TheCursedMod:WearCloak","TheCursedMod:AbyssShockwave+1"],"picked":"TheCursedMod:CircleOfCorruption","floor":5.0},{"not_picked":["TheCursedMod:Torture","TheCursedMod:CursedSpellbook"],"picked":"TheCursedMod:SpitefulPray","floor":7.0},{"not_picked":["TheCursedMod:Wield+1","TheCursedMod:RavingStaff+1"],"picked":"TheCursedMod:RapidMovement","floor":10.0},{"not_picked":["TheCursedMod:Stigma+1","TheCursedMod:Stretching"],"picked":"TheCursedMod:SmokeScreen","floor":11.0},{"not_picked":["TheCursedMod:Mangle+1","TheCursedMod:HellsGateOpen"],"picked":"TheCursedMod:CursedBlade+1","floor":14.0},{"not_picked":["TheCursedMod:DemonicPact","TheCursedMod:ManaCirculation"],"picked":"TheCursedMod:CollectTribute","floor":16.0},{"not_picked":["TheCursedMod:FleshFromBone","TheCursedMod:RavingStaff+1"],"picked":"TheCursedMod:Wield+1","floor":18.0},{"not_picked":["TheCursedMod:Wield+1","TheCursedMod:RapidMovement"],"picked":"TheCursedMod:CursedBlade+1","floor":19.0},{"not_picked":["TheCursedMod:ParallelWorld","TheCursedMod:RapidMovement+1"],"picked":"TheCursedMod:SoulReap+1","floor":20.0},{"not_picked":["TheCursedMod:Evocation","TheCursedMod:SaltUponWound"],"picked":"TheCursedMod:WearCloak","floor":21.0},{"not_picked":["TheCursedMod:CircleOfFlame","TheCursedMod:SaltUponWound"],"picked":"TheCursedMod:Obscuration+1","floor":23.0},{"not_picked":["TheCursedMod:Obscuration","TheCursedMod:CircleOfWindfury"],"picked":"TheCursedMod:SpitefulPlan","floor":24.0},{"not_picked":["TheCursedMod:SoulCrush+1","TheCursedMod:CircleOfFlame"],"picked":"TheCursedMod:SurpriseAttack+1","floor":25.0},{"not_picked":["TheCursedMod:ManaBullet+1","TheCursedMod:DoubleShield"],"picked":"TheCursedMod:ReleasedStrength","floor":28.0},{"not_picked":["TheCursedMod:Torture","TheCursedMod:SmokeScreen"],"picked":"TheCursedMod:CursedBlade+1","floor":29.0},{"not_picked":["TheCursedMod:Evocation","TheCursedMod:Neurasthenia"],"picked":"TheCursedMod:StingEye+1","floor":31.0},{"not_picked":["TheCursedMod:ShockAndAwe+1","TheCursedMod:ManaCirculation"],"picked":"TheCursedMod:CollectTribute","floor":33.0},{"not_picked":["TheCursedMod:Evocation","TheCursedMod:FleshFromBone"],"picked":"TheCursedMod:Torture","floor":35.0},{"not_picked":["TheCursedMod:CursedMace+1","TheCursedMod:FleshFromBone"],"picked":"TheCursedMod:CircleOfCorruption","floor":36.0},{"not_picked":["TheCursedMod:ManaBullet+1","TheCursedMod:CursedBlade+1"],"picked":"TheCursedMod:CollectTribute","floor":38.0},{"not_picked":["TheCursedMod:Wield+1","TheCursedMod:CircleOfCorruption+1"],"picked":"TheCursedMod:DarkBarrier","floor":41.0},{"not_picked":["TheCursedMod:Evocation","TheCursedMod:LuckyCharm"],"picked":"TheCursedMod:CursedBlade+1","floor":42.0},{"not_picked":["TheCursedMod:CursedMace+1","TheCursedMod:CircleOfAbyss"],"picked":"TheCursedMod:Stretching","floor":44.0},{"not_picked":["TheCursedMod:Stigma+1","TheCursedMod:WearCloak"],"picked":"TheCursedMod:ReleasedKnowledge","floor":46.0},{"not_picked":["TheCursedMod:BloodBarrier","TheCursedMod:FleshFromBone"],"picked":"TheCursedMod:DoubleShield","floor":47.0},{"not_picked":["TheCursedMod:CursedMace+1","TheCursedMod:Evocation"],"picked":"TheCursedMod:ReleasedKnowledge+1","floor":48.0},{"not_picked":["TheCursedMod:CircleOfWindfury","TheCursedMod:EmpowerCircles","TheCursedMod:RavingStaff+1"],"picked":"SKIP","floor":54}],"player_experience":488569,"relics_obtained":[{"floor":7.0,"key":"Eternal Feather"},{"floor":10.0,"key":"Bird Faced Urn"},{"floor":23.0,"key":"TungstenRod"},{"floor":25.0,"key":"Regal Pillow"},{"floor":26.0,"key":"Centennial Puzzle"},{"floor":28.0,"key":"Calipers"},{"floor":41.0,"key":"War Paint"},{"floor":43.0,"key":"HornCleat"},{"floor":44.0,"key":"Lantern"},{"floor":54,"key":"Gambling Chip"}],"event_choices":[{"damage_healed":0.0,"max_hp_gain":0.0,"max_hp_loss":0.0,"gold_gain":0.0,"event_name":"Big Fish","player_choice":"Box","floor":13.0,"gold_loss":0.0,"damage_taken":0.0,"relics_obtained":["hubris:TinFlute"],"cards_obtained":["Regret"]},{"damage_healed":0.0,"max_hp_gain":0.0,"max_hp_loss":0.0,"gold_gain":0.0,"event_name":"Ghosts","player_choice":"Ignored","floor":30.0,"gold_loss":0.0,"damage_taken":0.0},{"damage_healed":0.0,"max_hp_gain":0.0,"max_hp_loss":0.0,"gold_gain":0.0,"event_name":"Fountain of Cleansing","player_choice":"Ignored","floor":37.0,"gold_loss":0.0,"damage_taken":0.0},{"cards_removed":["TheCursedMod:FuryStrike"],"damage_healed":0.0,"max_hp_gain":0.0,"max_hp_loss":0.0,"gold_gain":0.0,"event_name":"Falling","player_choice":"Removed Attack","floor":39.0,"gold_loss":0.0,"damage_taken":0.0}],"is_beta":false,"boss_relics":[{"not_picked":["SacredBark","hubris:BlackHole"],"picked":"hubris:GrandSneckoEye"},{"not_picked":["Coffee Dripper","Empty Cage"],"picked":"Pandora\u0027s Box"}],"items_purged_floors":[],"is_endless":false,"potions_floor_spawned":[3,10,14,16,18,19,21,25,29,36,41,47],"ascension_level":14}}