{"host":"5n1fl7z5i1vf7jan","time":1612572453,"event":{"mods":["BaseMod","Minty Spire (QoL Compilation)","Quick Restart","Relic Stats"],"gold_per_floor":[110,110,110,128,142,173,173,183,183,203,233,233,260,284,284,284,284],"floor_reached":16,"language":"ENG","playtime":393,"items_purged":[],"score":222,"play_id":"3994038f-b69b-4a0c-92db-c7b0d8b8b760","local_time":"20210205164733","is_ascension_mode":true,"campfire_choices":[{"floor":7.0,"key":"REST"},{"floor":12.0,"key":"REST"},{"floor":15.0,"key":"REST"}],"circlet_count":0,"master_deck":["AscendersBane","Strike_R","Strike_R","Strike_R","Strike_R","Strike_R","Defend_R","Defend_R","Defend_R","Defend_R","Bash","Wild Strike","Sword Boomerang","Fire Breathing","True Grit","Feel No Pain","Anger","Anger"],"relics":["Burning Blood","NeowsBlessing","Kunai","Art of War","Tiny Chest","Du-Vu Doll","Ornamental Fan","Shovel","PreservedInsect"],"acts_visited":["Exordium"],"potions_floor_usage":[16,16],"damage_taken":[{"damage":0.0,"enemies":"Cultist","floor":1.0,"turns":1.0},{"damage":0.0,"enemies":"Small Slimes","floor":4.0,"turns":1.0},{"damage":0.0,"enemies":"Jaw Worm","floor":5.0,"turns":1.0},{"damage":56.0,"enemies":"Lagavulin","floor":6.0,"turns":8.0},{"damage":14.0,"enemies":"3 Louse","floor":8.0,"turns":4.0},{"damage":23.0,"enemies":"Exordium Wildlife","floor":10.0,"turns":5.0},{"damage":17.0,"enemies":"3 Sentries","floor":11.0,"turns":6.0},{"damage":16.0,"enemies":"Gremlin Nob","floor":13.0,"turns":3.0},{"damage":49,"enemies":"Hexaghost","floor":16,"turns":9}],"seed_played":"2820213557396098229","potions_obtained":[{"floor":6.0,"key":"Ancient Potion"},{"floor":10.0,"key":"Ancient Potion"},{"floor":11.0,"key":"Fire Potion"},{"floor":13.0,"key":"Swift Potion"}],"is_trial":false,"path_per_floor":["M","T","?","M","M","E","R","M","T","M","E","R","E","T","R","B"],"character_chosen":"IRONCLAD","items_purchased":[],"campfire_rested":3,"item_purchase_floors":[],"current_hp_per_floor":[74,74,63,69,75,25,47,39,39,22,11,33,23,23,45,0,0],"gold":284,"neow_bonus":"THREE_ENEMY_KILL","is_daily":false,"chose_seed":false,"campfire_upgraded":0,"win_rate":0.0,"timestamp":1612572453,"path_taken":["M","?","?","M","M","E","R","M","T","M","E","R","E","?","R","BOSS"],"items_purchased_type":[],"build_version":"2020-12-22","purchased_purges":0,"victory":false,"max_hp_per_floor":[75,75,75,75,75,75,75,75,75,75,75,75,75,75,75,75,75],"relic_stats":{"Shovel":0,"counters":[9,38],"Ornamental Fan":[28],"Tiny Chest":0,"PreservedInsect":0,"Art of War":[4],"Kunai":[9],"obtain_stats":[{"Du-Vu Doll":9,"Shovel":13,"NeowsBlessing":0,"Ornamental Fan":11,"Tiny Chest":6,"PreservedInsect":14,"Art of War":3,"Kunai":2,"Burning Blood":0},{"Du-Vu Doll":5,"Shovel":8,"NeowsBlessing":0,"Ornamental Fan":7,"Tiny Chest":4,"PreservedInsect":8,"Art of War":1,"Kunai":1,"Burning Blood":0},{"Du-Vu Doll":15,"Shovel":29,"NeowsBlessing":0,"Ornamental Fan":26,"Tiny Chest":11,"PreservedInsect":29,"Art of War":1,"Kunai":1,"Burning Blood":0}],"Burning Blood":48},"card_choices":[{"not_picked":["Armaments","Body Slam"],"picked":"Wild Strike","floor":1.0},{"not_picked":["Thunderclap","Second Wind"],"picked":"Sword Boomerang","floor":4.0},{"not_picked":["Entrench","Sword Boomerang"],"picked":"Fire Breathing","floor":5.0},{"not_picked":["Disarm","Dual Wield"],"picked":"True Grit","floor":6.0},{"not_picked":["Clash","Whirlwind","Warcry"],"picked":"SKIP","floor":8.0},{"not_picked":["Second Wind","Inflame"],"picked":"Feel No Pain","floor":10.0},{"not_picked":["Armaments","Flame Barrier"],"picked":"Anger","floor":11.0},{"not_picked":["Dark Embrace","Berserk"],"picked":"Anger","floor":13.0}],"player_experience":323210,"relics_obtained":[{"floor":2.0,"key":"Kunai"},{"floor":6.0,"key":"Tiny Chest"},{"floor":9.0,"key":"Du-Vu Doll"},{"floor":11.0,"key":"Ornamental Fan"},{"floor":13.0,"key":"Shovel"},{"floor":14.0,"key":"PreservedInsect"}],"event_choices":[{"damage_healed":0.0,"max_hp_gain":0.0,"max_hp_loss":0.0,"gold_gain":0.0,"event_name":"Scrap Ooze","player_choice":"Success","floor":3.0,"gold_loss":0.0,"damage_taken":11.0,"relics_obtained":["Art of War"]}],"is_beta":false,"boss_relics":[],"items_purged_floors":[],"is_endless":false,"potions_floor_spawned":[6,10,11,13],"killed_by":"Hexaghost","ascension_level":17}}