{"host":"bpdbi03e31cbjklx","time":1612651386,"event":{"mods":["BaseMod","Colored Map","Colored Powertips","Downfall","Highlight Path","Minty Spire (QoL Compilation)","StSLib","The Senshi"],"gold_per_floor":[116,116,136,148,103,103,120,138,138,164,164,164,175,187,187,292,292,302,302,242,242,3,28,48,58,82,92,92,106,106,126,126,221,221,238,257,257,277,40,40,40,40,40,40,40],"floor_reached":44,"language":"ENG","playtime":6822,"items_purged":["Writhe"],"score":457,"play_id":"f184b629-00d3-4455-97e1-e9f4f2c9da08","local_time":"20210206164306","is_ascension_mode":false,"campfire_choices":[{"data":"theSenshi:RoseThrow","floor":6,"key":"SMITH"},{"data":"theSenshi:TuxedoMaskAssists","floor":11,"key":"SMITH"},{"data":"theSenshi:SteeledNerves","floor":15,"key":"SMITH"},{"floor":28,"key":"REST"},{"floor":30,"key":"REST"},{"data":"theSenshi:MoonCrisisMakeUp","floor":32,"key":"SMITH"},{"data":"theSenshi:MoonGorgeousMeditation","floor":40,"key":"SMITH"}],"circlet_count":0,"master_deck":["theSenshi:SailorKick+1","theSenshi:SailorKick+1","theSenshi:SailorKick","theSenshi:SailorKick","theSenshi:SailorBlock","theSenshi:RoseThrow+1","theSenshi:MoonPrismPowerMakeUp","theSenshi:SailorMercuryAssists+1","theSenshi:SailorVenusAssists","theSenshi:TuxedoMaskAssists+1","theSenshi:SailorMercuryAssists","theSenshi:TallSilhouette","theSenshi:SailorMercuryAssists","theSenshi:MoonGorgeousMeditation+1","theSenshi:SteeledNerves+1","theSenshi:MoonGorgeousMeditation","theSenshi:MoonPunch","theSenshi:MoonKick+1","theSenshi:MoonlightKnight","theSenshi:MoonCrisisMakeUp","theSenshi:MoonCrisisMakeUp+1","theSenshi:MoonTiaraMagic+1","theSenshi:MoonPunch+1","theSenshi:StudyParty","theSenshi:MoonsReflection+1","theSenshi:JupitersPower+1","theSenshi:MoonSpiralHeartAttack+1","theSenshi:MoonCosmicPowerMakeUp+1","theSenshi:LunaSensingAllies+1","theSenshi:MoonKick+1","theSenshi:MoonCosmicPowerMakeUp+1","Parasite","theSenshi:SchoolBag","theSenshi:ChibiMoonsLove"],"relics":["theSenshi:TransformationBroochRelic","NeowsBlessing","The Courier","HornCleat","SacredBark","Molten Egg 2","Strawberry","Akabeko","theSenshi:TiaraRelic","Astrolabe","theSenshi:RedHairPiecesRelic","theSenshi:CosmicHeartCompactRelic","Shuriken"],"acts_visited":["Exordium","TheCity","TheBeyond"],"potions_floor_usage":[10,16,18,23,24,29,29,36],"damage_taken":[{"damage":0,"enemies":"2 Louse","floor":1,"turns":1},{"damage":0,"enemies":"Small Slimes","floor":3,"turns":1},{"damage":0,"enemies":"Cultist","floor":4,"turns":1},{"damage":0,"enemies":"Exordium Thugs","floor":7,"turns":4},{"damage":0,"enemies":"3 Louse","floor":8,"turns":4},{"damage":6,"enemies":"Lagavulin","floor":10,"turns":6},{"damage":0,"enemies":"2 Fungi Beasts","floor":13,"turns":3},{"damage":1,"enemies":"Gremlin Gang","floor":14,"turns":6},{"damage":3,"enemies":"The Guardian","floor":16,"turns":16},{"damage":2,"enemies":"Spheric Guardian","floor":18,"turns":7},{"damage":2,"enemies":"2 Thieves","floor":20,"turns":4},{"damage":41,"enemies":"Slavers","floor":23,"turns":11},{"damage":0,"enemies":"Snecko","floor":24,"turns":4},{"damage":13,"enemies":"Centurion and Healer","floor":25,"turns":8},{"damage":11,"enemies":"Shelled Parasite and Fungi","floor":27,"turns":8},{"damage":28,"enemies":"Cultist and Chosen","floor":29,"turns":8},{"damage":1,"enemies":"Snake Plant","floor":31,"turns":4},{"damage":19,"enemies":"Champ","floor":33,"turns":13},{"damage":48,"enemies":"3 Shapes","floor":35,"turns":5},{"damage":22,"enemies":"3 Darklings","floor":36,"turns":12},{"damage":32,"enemies":"Writhing Mass","floor":38,"turns":7},{"damage":9,"enemies":"Jaw Worm Horde","floor":44,"turns":1}],"seed_played":"-9015776964746720534","potions_obtained":[{"floor":4,"key":"Guardian:BlockOnCardUsePotion"},{"floor":7,"key":"CultistPotion"},{"floor":8,"key":"SpeedPotion"},{"floor":13,"key":"SpeedPotion"},{"floor":14,"key":"Explosive Potion"},{"floor":18,"key":"LiquidBronze"},{"floor":23,"key":"Ancient Potion"},{"floor":27,"key":"Block Potion"},{"floor":35,"key":"ColorlessPotion"},{"floor":38,"key":"Energy Potion"}],"is_trial":false,"path_per_floor":["M","?","M","M","$","R","M","M","T","E","R","?","M","M","R","B",null,"M","?","M","T","$","E","M","M","T","M","R","M","R","M","R","B",null,"M","M","?","M","$","R","?","$","T","M"],"character_chosen":"THE_SENSHI","items_purchased":["theSenshi:SailorMercuryAssists","theSenshi:MoonlightKnight","theSenshi:MoonCrisisMakeUp","Strawberry","theSenshi:ChibiMoonsLove","theSenshi:RedHairPiecesRelic"],"campfire_rested":2,"item_purchase_floors":[5,22,22,22,39,39],"current_hp_per_floor":[75,60,60,60,60,60,60,60,60,54,54,54,54,53,53,50,75,73,73,71,71,78,37,37,24,24,13,37,9,33,32,32,13,82,34,12,33,1,1,1,1,1,1,0,0],"gold":40,"neow_bonus":"THREE_ENEMY_KILL","is_daily":false,"chose_seed":false,"campfire_upgraded":5,"win_rate":0.0,"timestamp":1612651386,"path_taken":["M","?","M","M","$","R","M","M","T","E","R","?","M","M","R","BOSS","M","?","?","?","$","E","M","M","T","M","R","M","R","M","R","BOSS","M","M","?","M","$","R","?","$","T","M"],"items_purchased_type":["Card","Card","Card","Relic","Card","Relic"],"build_version":"2020-12-22","purchased_purges":1,"victory":false,"max_hp_per_floor":[75,75,75,75,75,75,75,75,75,75,75,75,75,75,75,75,75,75,75,75,75,82,82,82,82,82,82,82,82,82,82,82,82,82,82,82,82,82,82,82,82,82,82,82,82],"card_choices":[{"not_picked":["theSenshi:MoonPrincessHalation","theSenshi:SchoolBag"],"picked":"theSenshi:SailorMercuryAssists","floor":1},{"not_picked":["theSenshi:MoonPunch","theSenshi:SailorMarsAssists"],"picked":"theSenshi:SailorVenusAssists","floor":3},{"not_picked":["theSenshi:SaturnsMystery","theSenshi:YouCanTalk"],"picked":"theSenshi:TuxedoMaskAssists","floor":4},{"not_picked":["theSenshi:SailorPlanetAttack","theSenshi:MoonsReflection"],"picked":"theSenshi:TallSilhouette","floor":7},{"not_picked":["theSenshi:LunaWiseMentor","theSenshi:SailorPlanetAttack","theSenshi:TuxedoSmokingBomber"],"picked":"SKIP","floor":8},{"not_picked":["theSenshi:SchoolBag","theSenshi:TuxedoSmokingBomber"],"picked":"theSenshi:SailorMercuryAssists","floor":10},{"not_picked":["theSenshi:MoonPunch","theSenshi:SailorVenusAssists"],"picked":"theSenshi:MoonGorgeousMeditation","floor":13},{"not_picked":["theSenshi:SchoolBag","theSenshi:SailorChibiMoonAssists"],"picked":"theSenshi:SteeledNerves","floor":14},{"not_picked":["theSenshi:GlimpseOfThePast","theSenshi:IWillPunishYou"],"picked":"theSenshi:MoonGorgeousMeditation","floor":16},{"not_picked":["theSenshi:SailorMercuryAssists","theSenshi:SupersonicWaves+1"],"picked":"theSenshi:MoonPunch","floor":18},{"not_picked":["theSenshi:SailorMarsAssists","theSenshi:SailorVenusAssists+1"],"picked":"theSenshi:MoonKick+1","floor":20},{"not_picked":["theSenshi:LunasBite+1","theSenshi:NeptunesGrace+1"],"picked":"theSenshi:MoonCrisisMakeUp","floor":23},{"not_picked":["theSenshi:LunaWiseMentor","theSenshi:SteeledNerves"],"picked":"theSenshi:MoonTiaraMagic+1","floor":24},{"not_picked":["theSenshi:HesSoDreamy","theSenshi:MoonsReflection","theSenshi:SailorVenusAssists+1"],"picked":"SKIP","floor":25},{"not_picked":["theSenshi:SailorMarsAssists+1","theSenshi:EncouragingSpeech"],"picked":"theSenshi:MoonPunch+1","floor":27},{"not_picked":["theSenshi:SailorMercuryAssists+1","theSenshi:OdangoHead+1"],"picked":"theSenshi:StudyParty","floor":29},{"not_picked":["theSenshi:PlutosSolemnity","theSenshi:SailorStarMakerAssists+1"],"picked":"theSenshi:MoonsReflection+1","floor":31},{"not_picked":["theSenshi:ChibiMoonsLove","theSenshi:InTheNameOfTheMoon"],"picked":"theSenshi:JupitersPower+1","floor":33},{"not_picked":["theSenshi:TallSilhouette","theSenshi:CrisisMakeUp"],"picked":"theSenshi:MoonKick+1","floor":35},{"not_picked":["theSenshi:MoonPrincessHalation+1","theSenshi:LunaWiseMentor"],"picked":"theSenshi:MoonCosmicPowerMakeUp+1","floor":36},{"not_picked":["theSenshi:TallSilhouette+1","theSenshi:MoonTiaraMagic+1"],"picked":"theSenshi:SchoolBag","floor":38}],"player_experience":396536,"relics_obtained":[{"floor":9,"key":"The Courier"},{"floor":10,"key":"HornCleat"},{"floor":21,"key":"Molten Egg 2"},{"floor":23,"key":"Akabeko"},{"floor":26,"key":"theSenshi:TiaraRelic"},{"floor":43,"key":"Shuriken"}],"event_choices":[{"damage_healed":0,"gold_gain":0,"player_choice":"Entered Light","damage_taken":15,"max_hp_gain":0,"max_hp_loss":0,"event_name":"Shining Light","floor":2,"gold_loss":0,"cards_upgraded":["theSenshi:SailorKick","theSenshi:SailorMercuryAssists"]},{"damage_healed":0,"gold_gain":0,"player_choice":"Grow","damage_taken":0,"max_hp_gain":0,"max_hp_loss":0,"event_name":"Living Wall","floor":12,"gold_loss":0,"cards_upgraded":["theSenshi:SailorKick"]},{"damage_healed":0,"gold_gain":0,"player_choice":"Ignored","damage_taken":0,"max_hp_gain":0,"max_hp_loss":0,"event_name":"NoteForYourself","floor":19,"gold_loss":0},{"damage_healed":21,"gold_gain":0,"player_choice":"Writhe","damage_taken":0,"max_hp_gain":0,"max_hp_loss":0,"event_name":"Winding Halls","floor":37,"gold_loss":0,"cards_obtained":["Writhe"]},{"damage_healed":0,"gold_gain":0,"player_choice":"Gave Potion","damage_taken":0,"relics_obtained":["theSenshi:CosmicHeartCompactRelic"],"max_hp_gain":0,"max_hp_loss":0,"event_name":"WeMeetAgain","floor":41,"gold_loss":0}],"is_beta":false,"boss_relics":[{"not_picked":["Velvet Choker","Sozu"],"picked":"SacredBark"},{"not_picked":["Coffee Dripper","Fusion Hammer"],"picked":"Astrolabe"}],"items_purged_floors":[39],"is_endless":false,"potions_floor_spawned":[4,7,8,13,14,18,23,27,35,38],"killed_by":"Jaw Worm Horde","ascension_level":0}}