{"host":"ptdaee2ej39qy5bf","time":1612585356,"event":{"mods":["BaseMod","Beaked The Cultist","GifTheSpireLib","Hubris","Marisa????????","Minty Spire (QoL Compilation)","StSLib","The Blackbeard","The Bladedancer","The Cursed","The Disciple","The Druid","The Forsaken","The Necromancer","The Runesmith","The Servant 0.9.4","TheBandit"],"gold_per_floor":[116,135,135,210,435,471,491,491,518,534,109,145,145,163,163,287,287,300,324,249,270,294,294,338,437,509,509,158,158,202,263,263,416,416,436,449,67,67,67,137,137,183,236,236,287,350,389,402,402,432],"floor_reached":51,"language":"ENG","playtime":3236,"items_purged":["blackbeard:BlackbeardStrike"],"score":832,"play_id":"551c58fc-5e31-4576-9ae2-453a9898bebf","local_time":"20210206012236","is_ascension_mode":false,"campfire_choices":[{"data":"blackbeard:CaptainsCabin","floor":8.0,"key":"SMITH"},{"data":"blackbeard:FinalBarrage","floor":13.0,"key":"SMITH"},{"data":"blackbeard:PowderKeg","floor":15.0,"key":"SMITH"},{"data":"blackbeard:Cutlass","floor":23.0,"key":"SMITH"},{"data":"blackbeard:IntimidatingStrike","floor":27.0,"key":"SMITH"},{"data":"blackbeard:Bandana","floor":29.0,"key":"SMITH"},{"data":"blackbeard:GoldenRain","floor":32.0,"key":"SMITH"},{"data":"blackbeard:GoldenCannonball","floor":44.0,"key":"SMITH"},{"data":"blackbeard:CloakAndCannonball","floor":49,"key":"SMITH"}],"circlet_count":0,"master_deck":["blackbeard:BlackbeardStrike","blackbeard:BlackbeardStrike","blackbeard:BlackbeardStrike+1","blackbeard:IntimidatingStrike+1","blackbeard:BlackbeardDefend","blackbeard:BlackbeardDefend","blackbeard:Cutlass+1","blackbeard:DeadlyArsenal","blackbeard:PowderKeg+1","blackbeard:GoldenStrike+1","blackbeard:CaptainsCabin+1","blackbeard:GoldenDefense","blackbeard:FinalBarrage+1","blackbeard:CloakAndCannonball+1","blackbeard:GoldenDefense","blackbeard:Shrapnel","blackbeard:GoldenRain+1","blackbeard:JollyRoger","blackbeard:Toast+1","blackbeard:FieryDefense","blackbeard:CatONineTails","blackbeard:Bandana+1","Flash of Steel","blackbeard:AgileStrike","blackbeard:CannonballSupply","blackbeard:FinalBarrage+1","blackbeard:Eyepatch+1","blackbeard:RearmingStrike","blackbeard:GoldenCannonball+1","Finesse+1","blackbeard:SwordDance+1","blackbeard:FishingNets+1","blackbeard:CloakAndCannonball+1","Parasite","blackbeard:PirateHook+1"],"relics":["blackbeard:LoadTheCannons","Golden Idol","blackbeard:HipFlask","hubris:ToyBattleship","Whetstone","hubris:OldNail","Sozu","Juzu Bracelet","Meat on the Bone","blackbeard:Spearhead","Toxic Egg 2","hubris:Backtick","beaked:MendingPlumage","blackbeard:CrossedSwords","Strawberry","hubris:MysteriousPyramids","PreservedInsect","Toy Ornithopter"],"acts_visited":["Exordium","TheCity","TheBeyond"],"potions_floor_usage":[50],"damage_taken":[{"damage":0.0,"enemies":"2 Louse","floor":1.0,"turns":2.0},{"damage":2.0,"enemies":"Jaw Worm","floor":2.0,"turns":4.0},{"damage":23.0,"enemies":"Lagavulin","floor":6.0,"turns":8.0},{"damage":2.0,"enemies":"Small Slimes","floor":7.0,"turns":2.0},{"damage":0.0,"enemies":"2 Fungi Beasts","floor":10.0,"turns":2.0},{"damage":0.0,"enemies":"3 Sentries","floor":12.0,"turns":4.0},{"damage":0.0,"enemies":"3 Louse","floor":14.0,"turns":1.0},{"damage":3.0,"enemies":"Hexaghost","floor":16.0,"turns":9.0},{"damage":0.0,"enemies":"Chosen","floor":18.0,"turns":6.0},{"damage":0.0,"enemies":"Shell Parasite","floor":19.0,"turns":4.0},{"damage":5.0,"enemies":"Snecko","floor":21.0,"turns":5.0},{"damage":0.0,"enemies":"Centurion and Healer","floor":22.0,"turns":5.0},{"damage":3.0,"enemies":"Slavers","floor":24.0,"turns":4.0},{"damage":0.0,"enemies":"Chosen and Byrds","floor":30.0,"turns":3.0},{"damage":5.0,"enemies":"Gremlin Leader","floor":31.0,"turns":6.0},{"damage":29.0,"enemies":"hubris:MusketHawk","floor":33.0,"turns":7.0},{"damage":0.0,"enemies":"3 Shapes","floor":35.0,"turns":1.0},{"damage":3.0,"enemies":"3 Darklings","floor":36.0,"turns":3.0},{"damage":22.0,"enemies":"Nemesis","floor":40.0,"turns":5.0},{"damage":0.0,"enemies":"Transient","floor":42.0,"turns":5.0},{"damage":0.0,"enemies":"4 Shapes","floor":45.0,"turns":5.0},{"damage":9.0,"enemies":"beaked:SuperParasite","floor":46.0,"turns":6.0},{"damage":14,"enemies":"3 Darklings","floor":47,"turns":3},{"damage":10,"enemies":"Writhing Mass","floor":48,"turns":4},{"damage":36,"enemies":"hubris:GrandSnecko","floor":50,"turns":10}],"seed_played":"3618037885309015570","potions_obtained":[{"floor":1.0,"key":"Fire Potion"},{"floor":10.0,"key":"Weak Potion"},{"floor":14.0,"key":"Weak Potion"}],"is_trial":false,"path_per_floor":["M","M","?","?","?","E","M","R","T","M","$","E","R","M","R","B",null,"M","M","?","M","M","R","E","?","T","R","$","R","M","E","R","B",null,"M","M","$","?","?","E","?","M","T","R","M","E","M","M","R","B",null],"character_chosen":"BLACKBEARD_CLASS","items_purchased":["Whetstone","blackbeard:FinalBarrage","blackbeard:CloakAndCannonball","blackbeard:Spearhead","blackbeard:Bandana","Flash of Steel","blackbeard:AgileStrike","blackbeard:CrossedSwords","Strawberry","blackbeard:GoldenCannonball"],"campfire_rested":0,"item_purchase_floors":[11,11,11,28,28,28,28,37,37,37],"current_hp_per_floor":[82,80,60,49,49,26,24,24,24,24,24,24,24,24,24,21,82,82,82,82,77,77,77,74,74,74,74,74,74,74,69,69,52,82,82,80,87,87,87,82,82,89,89,89,89,84,84,89,89,89],"gold":432,"neow_bonus":"TEN_PERCENT_HP_BONUS","is_daily":false,"chose_seed":false,"campfire_upgraded":9,"win_rate":0.0,"timestamp":1612585356,"path_taken":["M","M","?","?","?","E","M","R","T","M","$","E","R","M","R","BOSS","M","M","?","M","M","R","E","?","T","R","$","R","M","E","R","BOSS","M","M","$","?","?","E","?","M","T","R","M","E","M","M","R","BOSS"],"items_purchased_type":["Relic","Card","Card","Relic","Card","Card","Card","Relic","Relic","Card"],"build_version":"2020-12-22","purchased_purges":1,"victory":true,"max_hp_per_floor":[82,82,82,82,82,82,82,82,82,82,82,82,82,82,82,82,82,82,82,82,82,82,82,82,82,82,82,82,82,82,82,82,82,82,82,82,89,89,89,89,89,89,89,89,89,89,89,89,89,89],"card_choices":[{"not_picked":["blackbeard:GhostInTheRum","blackbeard:WoodenLeg"],"picked":"blackbeard:DeadlyArsenal","floor":1.0},{"not_picked":["blackbeard:Sword","blackbeard:ArmorUp"],"picked":"blackbeard:PowderKeg","floor":2.0},{"not_picked":["blackbeard:BrownPants","blackbeard:Sword"],"picked":"blackbeard:GoldenStrike","floor":6.0},{"not_picked":["blackbeard:Spear","blackbeard:TacticalRetreat"],"picked":"blackbeard:CaptainsCabin","floor":7.0},{"not_picked":["blackbeard:RearmingStrike","blackbeard:DangerousBlow"],"picked":"blackbeard:GoldenDefense","floor":10.0},{"not_picked":["blackbeard:Sword","blackbeard:DeadlyArsenal"],"picked":"blackbeard:GoldenDefense","floor":12.0},{"not_picked":["blackbeard:SwordDance","blackbeard:CannonBarrage"],"picked":"blackbeard:Shrapnel","floor":14.0},{"not_picked":["blackbeard:BountyHunter","blackbeard:ReapersScythe"],"picked":"blackbeard:GoldenRain","floor":16.0},{"not_picked":["blackbeard:Shrapnel","blackbeard:Spear","blackbeard:ArmorUp"],"picked":"SKIP","floor":18.0},{"not_picked":["blackbeard:Shrapnel","blackbeard:GoldenDefense"],"picked":"blackbeard:JollyRoger","floor":19.0},{"not_picked":["blackbeard:GoldenStrike","blackbeard:PowderKeg"],"picked":"blackbeard:Toast+1","floor":21.0},{"not_picked":["blackbeard:BlindAttacks","blackbeard:Fencing"],"picked":"blackbeard:FieryDefense","floor":22.0},{"not_picked":["blackbeard:DeadlyArsenal","blackbeard:BlindAttacks"],"picked":"blackbeard:CatONineTails","floor":24.0},{"not_picked":["blackbeard:Scrap","blackbeard:Intoxication"],"picked":"blackbeard:CannonballSupply","floor":30.0},{"not_picked":["blackbeard:BlindAttacks","blackbeard:WiseDefense+1","blackbeard:DoubleBottom+1"],"picked":"SKIP","floor":31.0},{"not_picked":["blackbeard:UndeadForm","blackbeard:HumongousCannonball"],"picked":"blackbeard:FinalBarrage","floor":33.0},{"not_picked":["blackbeard:GhostInTheRum+1","blackbeard:DeadlyArsenal+1"],"picked":"blackbeard:Eyepatch+1","floor":35.0},{"not_picked":["blackbeard:JollyRoger+1","blackbeard:Fencing+1"],"picked":"blackbeard:RearmingStrike","floor":36.0},{"not_picked":["Transmutation+1","Enlightenment+1"],"picked":"Finesse+1","floor":38.0},{"not_picked":["blackbeard:Toast+1","blackbeard:Salvager"],"picked":"blackbeard:SwordDance+1","floor":40.0},{"not_picked":["blackbeard:Upgrade+1","blackbeard:Dagger+1"],"picked":"blackbeard:FishingNets+1","floor":42.0},{"not_picked":["blackbeard:VengefulSpirit+1","blackbeard:GoldenStrike","blackbeard:FieryDefense+1"],"picked":"SKIP","floor":45.0},{"not_picked":["blackbeard:Fencing+1","blackbeard:DeadlyArsenal+1","blackbeard:TacticalRetreat+1"],"picked":"SKIP","floor":46.0},{"not_picked":["blackbeard:Spear+1","blackbeard:Toast+1"],"picked":"blackbeard:CloakAndCannonball+1","floor":47},{"not_picked":["blackbeard:CloakAndCannonball+1","blackbeard:Bandana+1"],"picked":"blackbeard:PirateHook+1","floor":48}],"player_experience":14491,"relics_obtained":[{"floor":9.0,"key":"hubris:ToyBattleship"},{"floor":12.0,"key":"hubris:OldNail"},{"floor":24.0,"key":"Juzu Bracelet"},{"floor":26.0,"key":"Meat on the Bone"},{"floor":31.0,"key":"Toxic Egg 2"},{"floor":40.0,"key":"hubris:MysteriousPyramids"},{"floor":43.0,"key":"PreservedInsect"},{"floor":46.0,"key":"Toy Ornithopter"}],"event_choices":[{"damage_healed":0.0,"max_hp_gain":0.0,"max_hp_loss":0.0,"gold_gain":0.0,"event_name":"Golden Idol","player_choice":"Take Damage","floor":3.0,"gold_loss":0.0,"damage_taken":20.0,"relics_obtained":["Golden Idol"]},{"damage_healed":0.0,"max_hp_gain":0.0,"max_hp_loss":0.0,"gold_gain":75.0,"event_name":"World of Goop","player_choice":"Gather Gold","floor":4.0,"gold_loss":0.0,"damage_taken":11.0},{"damage_healed":0.0,"max_hp_gain":0.0,"max_hp_loss":0.0,"gold_gain":225.0,"event_name":"blackbeard:Ssssserpent","player_choice":"YARR","floor":5.0,"gold_loss":0.0,"damage_taken":0.0,"relics_obtained":["blackbeard:HipFlask"]},{"cards_removed":["blackbeard:BlackbeardDefend"],"damage_healed":0.0,"max_hp_gain":0.0,"max_hp_loss":0.0,"gold_gain":0.0,"event_name":"Beggar","player_choice":"Gave Gold","floor":20.0,"gold_loss":75.0,"damage_taken":0.0},{"damage_healed":0.0,"max_hp_gain":0.0,"max_hp_loss":0.0,"gold_gain":99.0,"event_name":"Nest","player_choice":"Stole From Cult","floor":25.0,"gold_loss":0.0,"damage_taken":0.0},{"damage_healed":0.0,"max_hp_gain":0.0,"max_hp_loss":0.0,"gold_gain":0.0,"event_name":"SensoryStone","player_choice":"Memory 1","floor":38.0,"gold_loss":0.0,"damage_taken":0.0},{"cards_removed":["blackbeard:BlackbeardDefend"],"damage_healed":0.0,"max_hp_gain":0.0,"max_hp_loss":0.0,"gold_gain":0.0,"event_name":"Bonfire Elementals","player_choice":"Offered Basic","floor":39.0,"gold_loss":0.0,"damage_taken":0.0},{"damage_healed":0.0,"max_hp_gain":0.0,"max_hp_loss":0.0,"gold_gain":0.0,"event_name":"Upgrade Shrine","player_choice":"Upgraded","floor":41.0,"gold_loss":0.0,"damage_taken":0.0,"cards_upgraded":["blackbeard:FinalBarrage"]}],"is_beta":false,"boss_relics":[{"not_picked":["Busted Crown","hubris:GrandSneckoEye"],"picked":"Sozu"},{"not_picked":["Philosopher\u0027s Stone","beaked:SacredDeck"],"picked":"hubris:Backtick"}],"items_purged_floors":[11],"is_endless":false,"potions_floor_spawned":[1,6,10,14,18,21,31,40,45,47],"ascension_level":0}}