{"host":"sq533724ysd7e9og","time":1612598275,"event":{"mods":["AchievementEnabler","Act Like it!","Aspiration","Astrologer","BaseMod","Better Note","Better Third Choice","CapriCore","Colored Map","Conspire","Custom Start","Dio Mod","Dota2Spire","Friendly Minions","Gensokyo","Halation","Hermit","HololiveMod","Hubris","Infinite Spire","Koishi","KomeijiMod","LagranYue(?????)","Lobotomy","LobotomyExtend","Mad Scientist","Marisa????????","Minty Spire (QoL Compilation)","MostiFishMod","Replay The Spire","SOS???????","Shade Mod","Small Relic Pack","StSLib","The Administrix","The Animator","The Cursed","The Forsaken","The Gatherer","The Kombatant","The Servant 0.9.4","The Wild Card","Waifu the Spire","Yakumo Yukari mod","Yohane!","Yuyuko","??????REMEMod"],"gold_per_floor":[117,117,185,135,410,452,452,226,226,251,251,251,263,283,283,283,283],"floor_reached":16,"language":"ENG","playtime":495,"items_purged":["Regret"],"score":131,"play_id":"4034d86e-5dd5-4295-a767-bc66ffcd1a70","local_time":"25640206145755","is_ascension_mode":false,"campfire_choices":[{"floor":7,"key":"RECALL"},{"floor":12,"key":"REST"},{"floor":15,"key":"REST"}],"circlet_count":0,"master_deck":["Yohane:Strike_Grey","Yohane:Strike_Grey","Yohane:Strike_Grey","Yohane:Strike_Grey","Yohane:Defend_Grey","Yohane:Defend_Grey","Yohane:Defend_Grey","Yohane:Defend_Grey","Yohane:Little_Demon_Lily","Yohane:Well_Laid_Ambush","Poisoned Strike","Yohane:Lust","conspire:SpireCoStock","Yohane:Debut","Yohane:Livestream_Donation","Yohane:Little_Demon_Ruby","Yohane:Envious"],"relics":["dioMod:VampireBlood","DaveBox","REME_ComplimentaryCards","LagranYue:RandomDrawCardRelic","aspiration:Nostalgia","Combocheck","xbg","SynthV:TestCard","LetterFromLob","infinitespire:Cubic Diamond","halation:BottledLove","HandDrill","Dota2Spire:Dagon"],"acts_visited":["Exordium"],"potions_floor_usage":[],"damage_taken":[{"damage":0,"enemies":"Cultist","floor":1,"turns":3},{"damage":1,"enemies":"Replay:BlueRogue","floor":6,"turns":3},{"damage":53,"enemies":"3 Sentries","floor":10,"turns":10},{"damage":7,"enemies":"Small Slimes","floor":13,"turns":2},{"damage":0,"enemies":"2 Louse","floor":14,"turns":2},{"damage":65,"enemies":"Hexaghost","floor":16,"turns":2}],"seed_played":"5290500794698623995","potions_obtained":[{"floor":10,"key":"Weak Potion"},{"floor":14,"key":"SpeedPotion"}],"is_trial":false,"path_per_floor":["M","?","?","?","?","E","R","$","T","E","M","R","M","M","R","B"],"character_chosen":"FallenAngel","items_purchased":["HandDrill"],"campfire_rested":2,"item_purchase_floors":[8],"current_hp_per_floor":[60,60,60,60,60,60,60,60,60,16,16,34,33,39,57,0,0],"gold":283,"neow_bonus":"NOSTALGIA","is_daily":false,"chose_seed":false,"campfire_upgraded":0,"win_rate":0.0,"timestamp":1612598275,"path_taken":["M","?","?","?","?","E","R","$","T","E","?","R","M","M","R","BOSS"],"items_purchased_type":["Relic"],"build_version":"2020-12-22","purchased_purges":1,"victory":false,"max_hp_per_floor":[60,60,60,60,60,60,60,60,60,60,60,60,60,60,60,60,60],"card_choices":[{"not_picked":["Yohane:Lailapse","Yohane:Guilty_Kiss"],"picked":"Yohane:Lust","floor":1},{"not_picked":["Yohane:Lailapse","Yohane:Soul_Peek","Yohane:Backfoot","Yohane:Curse_The_Heavens"],"picked":"Yohane:Debut","floor":6},{"not_picked":["Yohane:Hell_Zone","Yohane:Gluttony","Yohane:Lailapse","Yohane:Yousoro"],"picked":"Yohane:Livestream_Donation","floor":10},{"not_picked":["Yohane:Adept_Technology","Yohane:Inspiration","Yohane:Scorn","Yohane:One_Two"],"picked":"Yohane:Little_Demon_Ruby","floor":13},{"not_picked":["Yohane:Misfortune","Yohane:Blazing","Yohane:Energy_Change","Yohane:Gluttony"],"picked":"Yohane:Envious","floor":14}],"player_experience":162977,"relics_obtained":[{"floor":1,"key":"SynthV:TestCard"},{"floor":1,"key":"LetterFromLob"},{"floor":6,"key":"halation:BottledLove"},{"floor":10,"key":"Dota2Spire:Dagon"}],"event_choices":[{"damage_healed":0,"gold_gain":68,"player_choice":"Gained Gold","damage_taken":0,"max_hp_gain":0,"max_hp_loss":0,"event_name":"Golden Wing","floor":3,"gold_loss":0},{"damage_healed":0,"gold_gain":0,"player_choice":"Invest 1","damage_taken":0,"max_hp_gain":0,"max_hp_loss":0,"event_name":"conspire:Investor","floor":4,"gold_loss":0},{"damage_healed":0,"gold_gain":275,"player_choice":"Desecrate","damage_taken":0,"max_hp_gain":0,"max_hp_loss":0,"event_name":"Golden Shrine","floor":5,"gold_loss":0,"cards_obtained":["Regret"]}],"is_beta":false,"boss_relics":[],"items_purged_floors":[8],"is_endless":false,"potions_floor_spawned":[10,14],"killed_by":"Hexaghost","ascension_level":0}}