{"host":"r53pw7z744tg3fxg","time":1612628783,"event":{"mods":["AchievementEnabler","BaseMod","Colored Map","Colored Powertips","Highlight Path","Minty Spire (QoL Compilation)","Quick Restart","Transform Curses"],"gold_per_floor":[3115,3132,3143,3143,2506,2539,2539,2553,2631,2642,2642,2313,2313,2271,2271,2346,2346,2365,2365,2316,2335,2347,2347,2373,2373,2450,2484,2484,2500,2600,2634,2634,2709,3009,3028,3053,2866,2881,2899,2933,2933,2965,3017,3065,3092,3092,2773,2773,2773,2773,2773,2773,2314,2346,2346],"floor_reached":56,"language":"ENG","playtime":2409,"items_purged":[],"score":3187,"play_id":"e0053186-791f-49f7-b1e0-4c1a9e0fbc64","local_time":"20210206092623","is_ascension_mode":true,"campfire_choices":[{"data":"1","floor":7,"key":"LIFT"},{"data":"2","floor":11,"key":"LIFT"},{"data":"3","floor":15,"key":"LIFT"},{"data":"Eruption","floor":23,"key":"SMITH"},{"data":"Prostrate","floor":25,"key":"SMITH"},{"data":"FearNoEvil","floor":28,"key":"SMITH"},{"data":"Vigilance","floor":32,"key":"SMITH"},{"data":"Strike_P","floor":41,"key":"SMITH"},{"floor":46,"key":"RECALL"},{"data":"Defend_P","floor":49,"key":"SMITH"},{"data":"Strike_P","floor":52,"key":"SMITH"}],"circlet_count":3,"master_deck":["AscendersBane","Strike_P","Strike_P+1","Strike_P+1","Defend_P+1","Defend_P","Defend_P+1","Eruption+1","Vigilance+1","Prostrate+1","Evaluate+1","FearNoEvil+1","Crescendo+1","Dramatic Entrance+1","WaveOfTheHand+1","Prostrate+1","Rainbow+1","BowlingBash+1","Sweeping Beam+1","BattleHymn+1","ReachHeaven+1","DeceiveReality+1","Brilliance+1","Shrug It Off+1","ClearTheMind+1","Wallop+1","PathToVictory+1","FlurryOfBlows+1","Halt+1","Panacea+1","MentalFortress+1","Sadistic Nature+1","Panache+1","Cold Snap+1","The Bomb+1","Dark Shackles+1","Clothesline+1","Dagger Spray+1","Nirvana+1","Trip+1","Apotheosis+1","LikeWater+1","WheelKick+1","Prostrate+1","Dark Shackles+1","Ball Lightning+1"],"relics":["PureWater","Meat on the Bone","Toxic Egg 2","Omamori","Strange Spoon","Anchor","Astrolabe","Art of War","Circlet","Bag of Marbles","Bag of Preparation","CaptainsWheel","Centennial Puzzle","Calipers","Bird Faced Urn","Du-Vu Doll","FossilizedHelix","Ginger","Girya","Ice Cream","Incense Burner","Lizard Tail","Peace Pipe","Pen Nib","Pocketwatch","StoneCalendar","Thread and Needle","Torii","TungstenRod","Turnip","Unceasing Top","GoldenEye","CloakClasp","ClockworkSouvenir","HandDrill","Medical Kit","Membership Card","OrangePellets","Orichalcum","Ornamental Fan","PrismaticShard","SlaversCollar","Sling","TheAbacus","Melange","TeardropLocket","Sundial","Frozen Egg 2","Molten Egg 2","Gremlin Horn","HornCleat","Kunai","Letter Opener","Mercury Hourglass","Mummified Hand","Pantograph","Shuriken","StrikeDummy","White Beast Statue","Damaru","Vajra","Toy Ornithopter","Regal Pillow","PreservedInsect","Potion Belt","Oddly Smooth Stone","Nunchaku","MealTicket","Lantern","Juzu Bracelet","Happy Flower","Bronze Scales","Blood Vial","SlaversCollar","Red Mask","Nuclear Battery","WristBlade","Potion Belt","Molten Egg 2","GoldenEye","SacredBark","War Paint","TungstenRod","Inserter","Unceasing Top","Bottled Flame","Strawberry","Calling Bell","Smiling Mask","Darkstone Periapt","Old Coin","Calipers","Frozen Eye","Letter Opener","HolyWater","Bottled Tornado","Ancient Tea Set","Lantern","Regal Pillow","Yang","TheAbacus","Pear","Dead Branch","Pantograph"],"acts_visited":["Exordium","TheCity","TheBeyond","TheEnding"],"potions_floor_usage":[24,24,30,33,50,50],"damage_taken":[{"damage":0.0,"enemies":"Cultist","floor":1.0,"turns":3.0},{"damage":2.0,"enemies":"Jaw Worm","floor":2.0,"turns":4.0},{"damage":0.0,"enemies":"2 Louse","floor":3.0,"turns":2.0},{"damage":0,"enemies":"Lagavulin","floor":6,"turns":4},{"damage":0,"enemies":"Exordium Thugs","floor":8,"turns":1},{"damage":0,"enemies":"Exordium Wildlife","floor":10,"turns":1},{"damage":0,"enemies":"Hexaghost","floor":16,"turns":2},{"damage":0,"enemies":"3 Byrds","floor":18,"turns":1},{"damage":0,"enemies":"Shell Parasite","floor":21,"turns":1},{"damage":0,"enemies":"Snecko","floor":22,"turns":2},{"damage":0,"enemies":"Gremlin Leader","floor":24,"turns":1},{"damage":0,"enemies":"Slavers","floor":27,"turns":1},{"damage":0,"enemies":"Cultist and Chosen","floor":29,"turns":1},{"damage":0,"enemies":"Colosseum Slavers","floor":30,"turns":1},{"damage":0,"enemies":"Colosseum Nobs","floor":30,"turns":1},{"damage":0,"enemies":"Book of Stabbing","floor":31,"turns":1},{"damage":0,"enemies":"Collector","floor":33,"turns":1},{"damage":0,"enemies":"Orb Walker","floor":35,"turns":1},{"damage":0,"enemies":"Mind Bloom Boss Battle","floor":36,"turns":2},{"damage":0,"enemies":"3 Darklings","floor":38,"turns":1},{"damage":0,"enemies":"4 Shapes","floor":39,"turns":1},{"damage":0,"enemies":"Reptomancer","floor":40,"turns":1},{"damage":0,"enemies":"Giant Head","floor":42,"turns":2},{"damage":0,"enemies":"Reptomancer","floor":45,"turns":1},{"damage":0,"enemies":"Awakened One","floor":50,"turns":3},{"damage":0,"enemies":"Shield and Spear","floor":54,"turns":1},{"damage":0,"enemies":"The Heart","floor":55,"turns":3}],"seed_played":"-1239495998943751412","potions_obtained":[{"floor":1.0,"key":"AttackPotion"},{"floor":6,"key":"SpeedPotion"},{"floor":8,"key":"Swift Potion"},{"floor":10,"key":"Swift Potion"},{"floor":24,"key":"Dexterity Potion"},{"floor":27,"key":"SkillPotion"},{"floor":30,"key":"Energy Potion"},{"floor":33,"key":"Energy Potion"}],"is_trial":false,"path_per_floor":["M","M","M","T","$","E","R","M","T","M","R","$","?","$","R","B",null,"M","?","$","M","M","R","E","R","T","E","R","M","?","E","R","B",null,"M","?","$","M","M","E","R","E","T","T","E","R","$","T","R","B",null,"R","$","E","B",null],"character_chosen":"WATCHER","items_purchased":["Toxic Egg 2","Omamori","Strange Spoon","Crescendo+1","GoldenEye","BattleHymn+1","ReachHeaven+1","Regen Potion","Regen Potion","DeceiveReality+1","Wallop+1","PathToVictory+1","Frozen Eye","The Bomb+1","Yang","TheAbacus","Nirvana+1","Trip+1","Apotheosis+1","LikeWater+1","WheelKick+1","Prostrate+1","Dark Shackles+1","Dead Branch","Weak Potion","BottledMiracle"],"campfire_rested":0,"item_purchase_floors":[5,5,5,5,12,12,12,12,12,14,20,20,37,37,47,47,47,47,53,53,53,53,53,53,53,53],"current_hp_per_floor":[275,273,273,273,273,273,273,275,275,277,277,292,292,300,300,300,300,300,300,300,300,300,300,300,300,300,300,300,300,300,307,307,307,307,307,307,307,307,307,307,307,307,307,307,307,307,307,317,317,317,317,317,317,317,317],"gold":2346,"neow_bonus":"RANDOM_COLORLESS_2","is_daily":false,"chose_seed":false,"campfire_upgraded":7,"win_rate":0.0,"timestamp":1612628783,"path_taken":["M","M","M","?","?","E","R","M","T","M","R","$","?","$","R","BOSS","M","?","$","M","M","R","E","R","T","E","R","M","?","E","R","BOSS","M","?","$","M","M","E","R","E","T","?","E","R","$","?","R","BOSS","R","$","E","BOSS"],"items_purchased_type":["Relic","Relic","Relic","Card","Relic","Card","Card","Potion","Potion","Card","Card","Card","Relic","Card","Relic","Relic","Card","Card","Card","Card","Card","Card","Card","Relic","Potion","Potion"],"build_version":"2020-12-22","purchased_purges":0,"victory":true,"max_hp_per_floor":[300,300,300,300,300,300,300,300,300,300,300,300,300,300,300,300,300,300,300,300,300,300,300,300,300,300,300,300,300,300,307,307,307,307,307,307,307,307,307,307,307,307,307,307,307,307,307,317,317,317,317,317,317,317,317],"card_choices":[{"not_picked":["Chrysalis","Secret Technique"],"picked":"Metamorphosis","floor":0.0},{"not_picked":["ThirdEye","CutThroughFate"],"picked":"Prostrate","floor":1.0},{"not_picked":["FlyingSleeves","Collect"],"picked":"Evaluate","floor":2.0},{"not_picked":["EmptyBody","FollowUp"],"picked":"FearNoEvil","floor":3.0},{"not_picked":["CutThroughFate+1","Concentrate+1"],"picked":"Rainbow+1","floor":6},{"not_picked":["Pommel Strike+1","FlyingSleeves+1"],"picked":"BowlingBash+1","floor":8},{"not_picked":["Rip and Tear+1","Headbutt+1"],"picked":"Sweeping Beam+1","floor":10},{"not_picked":["Ragnarok+1","Amplify+1"],"picked":"Brilliance+1","floor":16},{"not_picked":["Flex+1","All Out Attack+1"],"picked":"Shrug It Off+1","floor":18},{"not_picked":["Stack+1","Pommel Strike+1","Scrape+1"],"picked":"SKIP","floor":21},{"not_picked":["CrushJoints+1","CutThroughFate+1","BowlingBash+1"],"picked":"SKIP","floor":22},{"not_picked":["Wild Strike+1","Dark Shackles+1"],"picked":"FlurryOfBlows+1","floor":24},{"not_picked":["Discovery+1","Clash+1"],"picked":"Halt+1","floor":27},{"not_picked":["Blade Dance+1","Shockwave+1","Coolheaded+1"],"picked":"SKIP","floor":29},{"not_picked":["True Grit+1","Streamline+1"],"picked":"Panacea+1","floor":30},{"not_picked":["Warcry+1","Darkness+1"],"picked":"MentalFortress+1","floor":31},{"not_picked":["Bludgeon+1","Bullet Time+1"],"picked":"Sadistic Nature+1","floor":33},{"not_picked":["Dodge and Roll+1","Bane+1"],"picked":"Panache+1","floor":35},{"not_picked":["FollowUp+1","ThirdEye+1"],"picked":"Cold Snap+1","floor":36},{"not_picked":["Masterful Stab+1","Compile Driver+1"],"picked":"Dark Shackles+1","floor":38},{"not_picked":["Bloodletting+1","Poisoned Stab+1"],"picked":"Clothesline+1","floor":39},{"not_picked":["Dagger Spray+1","DeceiveReality+1","Clothesline+1"],"picked":"SKIP","floor":40},{"not_picked":["Madness+1","Bullet Time+1"],"picked":"Dagger Spray+1","floor":42},{"not_picked":["Rebound+1","Skim+1","Blood for Blood+1"],"picked":"SKIP","floor":45},{"not_picked":["Sweeping Beam+1","DeceiveReality+1"],"picked":"Ball Lightning+1","floor":54}],"player_experience":1443656,"relics_obtained":[{"floor":4.0,"key":"Meat on the Bone"},{"floor":6,"key":"Potion Belt"},{"floor":9,"key":"Molten Egg 2"},{"floor":24,"key":"War Paint"},{"floor":27,"key":"TungstenRod"},{"floor":30,"key":"Unceasing Top"},{"floor":30,"key":"Bottled Flame"},{"floor":31,"key":"Strawberry"},{"floor":34,"key":"Smiling Mask"},{"floor":34,"key":"Darkstone Periapt"},{"floor":34,"key":"Old Coin"},{"floor":36,"key":"Calipers"},{"floor":40,"key":"Letter Opener"},{"floor":42,"key":"Bottled Tornado"},{"floor":43,"key":"Ancient Tea Set"},{"floor":44,"key":"Lantern"},{"floor":45,"key":"Regal Pillow"},{"floor":48,"key":"Pear"},{"floor":54,"key":"Pantograph"}],"event_choices":[{"damage_healed":0,"gold_gain":0,"player_choice":"Leave","damage_taken":0,"max_hp_gain":0,"max_hp_loss":0,"event_name":"The Cleric","floor":13,"gold_loss":0},{"damage_healed":0,"gold_gain":0,"player_choice":"Read","damage_taken":0,"max_hp_gain":0,"max_hp_loss":0,"event_name":"The Library","floor":19,"gold_loss":0,"cards_obtained":["ClearTheMind"]},{"damage_healed":0,"gold_gain":0,"player_choice":"Fight","damage_taken":0,"max_hp_gain":0,"max_hp_loss":0,"event_name":"Colosseum","floor":30,"gold_loss":0},{"damage_healed":0,"gold_gain":0,"player_choice":"Fought Nobs","damage_taken":0,"max_hp_gain":0,"max_hp_loss":0,"event_name":"Colosseum","floor":30,"gold_loss":0},{"damage_healed":0,"gold_gain":0,"player_choice":"Fight","damage_taken":0,"max_hp_gain":0,"max_hp_loss":0,"event_name":"MindBloom","floor":36,"gold_loss":0}],"is_beta":false,"boss_relics":[{"not_picked":["Astrolabe","Pandora\u0027s Box"],"picked":"SacredBark"},{"not_picked":["Sozu","Philosopher\u0027s Stone"],"picked":"Calling Bell"}],"items_purged_floors":[],"is_endless":false,"potions_floor_spawned":[1,6,8,10,16,18,21,22,24,27,29,30,30,31,33,35,36,38,39,40,42,45,54],"ascension_level":18}}