{"host":"gopu3kmfaoww0llm","time":1612623004,"event":{"mods":["BaseMod","DeckTracker","Minty Spire (QoL Compilation)","Quick Restart","StSLib","SuperFastMode"],"gold_per_floor":[113,127,127,139,64,89,89,115,115,125,158,169,202,215,215,288,288,307,207,218,229,249,249,44,69,69,69,69,69,98,116,116,189,189,209,227,227,239,249,249,268,301,352,382,392,411,261,275,275,275,275,275,275,100,131,131],"floor_reached":57,"language":"KOR","playtime":2951,"items_purged":["Strike_P","Strike_P","Strike_P","Defend_P+1","Defend_P+1"],"score":3326,"play_id":"767151c1-2569-42fe-a520-b00235df8cb4","local_time":"20210206235004","is_ascension_mode":true,"campfire_choices":[{"data":"Eruption","floor":7.0,"key":"SMITH"},{"data":"Adaptation","floor":15.0,"key":"SMITH"},{"floor":23.0,"key":"REST"},{"floor":27.0,"key":"RECALL"},{"floor":32.0,"key":"REST"},{"data":"BowlingBash+1","floor":40.0,"key":"PURGE"},{"data":"LessonLearned+1","floor":49.0,"key":"PURGE"},{"data":"Blasphemy+1","floor":53,"key":"PURGE"}],"circlet_count":0,"master_deck":["AscendersBane","Defend_P+1","Eruption+1","Vigilance+1","MentalFortress+1","CarveReality+1","Adaptation+1","Crescendo+1","FearNoEvil+1","Adaptation+1","Establishment+1","Vault+1","EmptyMind+1","Meditate+1"],"relics":["PureWater","FaceOfCleric","Akabeko","TungstenRod","Toxic Egg 2","Ancient Tea Set","Thread and Needle","Fusion Hammer","Peace Pipe","Nilry\u0027s Codex","Anchor","Sozu","StoneCalendar","Vajra","Damaru","Torii"],"acts_visited":["Exordium","TheCity","TheBeyond","TheEnding"],"potions_floor_usage":[56],"damage_taken":[{"damage":0.0,"enemies":"Cultist","floor":1.0,"turns":2.0},{"damage":5.0,"enemies":"Small Slimes","floor":2.0,"turns":3.0},{"damage":9.0,"enemies":"Jaw Worm","floor":4.0,"turns":4.0},{"damage":6.0,"enemies":"Lagavulin","floor":6.0,"turns":7.0},{"damage":16.0,"enemies":"3 Sentries","floor":8.0,"turns":6.0},{"damage":0.0,"enemies":"Red Slaver","floor":10.0,"turns":1.0},{"damage":0.0,"enemies":"Gremlin Nob","floor":11.0,"turns":2.0},{"damage":0.0,"enemies":"Blue Slaver","floor":12.0,"turns":2.0},{"damage":15.0,"enemies":"3 Sentries","floor":13.0,"turns":4.0},{"damage":0.0,"enemies":"2 Fungi Beasts","floor":14.0,"turns":4.0},{"damage":9.0,"enemies":"The Guardian","floor":16.0,"turns":10.0},{"damage":16.0,"enemies":"Shell Parasite","floor":18.0,"turns":3.0},{"damage":0.0,"enemies":"2 Thieves","floor":20.0,"turns":4.0},{"damage":0.0,"enemies":"Snecko","floor":21.0,"turns":5.0},{"damage":22.0,"enemies":"Snake Plant","floor":22.0,"turns":4.0},{"damage":0.0,"enemies":"Book of Stabbing","floor":25.0,"turns":3.0},{"damage":0.0,"enemies":"Gremlin Leader","floor":30.0,"turns":4.0},{"damage":0.0,"enemies":"Shelled Parasite and Fungi","floor":31.0,"turns":3.0},{"damage":23.0,"enemies":"Automaton","floor":33.0,"turns":7.0},{"damage":5.0,"enemies":"Orb Walker","floor":35.0,"turns":3.0},{"damage":0.0,"enemies":"3 Darklings","floor":36.0,"turns":3.0},{"damage":0.0,"enemies":"Jaw Worm Horde","floor":38.0,"turns":3.0},{"damage":0.0,"enemies":"Maw","floor":39.0,"turns":4.0},{"damage":0.0,"enemies":"Sphere and 2 Shapes","floor":41.0,"turns":4.0},{"damage":0.0,"enemies":"Nemesis","floor":42.0,"turns":6.0},{"damage":0.0,"enemies":"Giant Head","floor":44.0,"turns":5.0},{"damage":0.0,"enemies":"Writhing Mass","floor":45.0,"turns":4.0},{"damage":0.0,"enemies":"Maw","floor":46.0,"turns":4.0},{"damage":0.0,"enemies":"Sphere and 2 Shapes","floor":48.0,"turns":3.0},{"damage":0,"enemies":"Time Eater","floor":50,"turns":6},{"damage":0,"enemies":"Donu and Deca","floor":51,"turns":3},{"damage":0,"enemies":"Shield and Spear","floor":55,"turns":3},{"damage":20,"enemies":"The Heart","floor":56,"turns":7}],"seed_played":"6050389123937099430","potions_obtained":[{"floor":1.0,"key":"Regen Potion"},{"floor":4.0,"key":"EntropicBrew"},{"floor":25.0,"key":"LiquidBronze"}],"is_trial":false,"path_per_floor":["M","M","?","M","$","E","R","E","T","M","E","M","E","M","R","B",null,"M","$","M","M","M","R","$","E","T","R","?","$","E","M","R","B",null,"M","M","?","M","M","R","M","E","T","E","M","M","$","M","R","B","B",null,"R","$","E","B",null],"character_chosen":"WATCHER","items_purchased":["Adaptation"],"campfire_rested":2,"item_purchase_floors":[24],"current_hp_per_floor":[61,56,56,48,48,43,43,28,28,29,30,31,17,18,18,10,56,41,41,42,43,22,44,44,54,54,54,37,37,38,39,62,40,69,65,66,66,67,68,68,69,70,70,71,72,73,73,74,74,75,76,84,84,84,85,66],"gold":131,"neow_bonus":"TRANSFORM_TWO_CARDS","is_daily":false,"chose_seed":false,"campfire_upgraded":2,"win_rate":0.0,"timestamp":1612623004,"path_taken":["M","M","?","M","$","E","R","E","T","M","E","M","E","M","R","BOSS","M","$","M","?","M","R","?","E","T","R","?","?","E","?","R","BOSS","M","M","?","M","M","R","M","E","T","E","M","M","$","M","R","BOSS","BOSS","R","$","E","BOSS"],"items_purchased_type":["Card"],"build_version":"2020-12-22","purchased_purges":5,"victory":true,"max_hp_per_floor":[62,62,62,63,63,64,64,65,65,66,67,68,69,70,70,71,71,72,72,73,74,75,75,75,76,76,76,76,76,77,78,78,79,79,80,81,77,78,79,79,80,81,81,82,83,84,84,85,85,86,87,87,87,87,88,89],"card_choices":[{"not_picked":["Halt","FollowUp"],"picked":"Adaptation","floor":1.0},{"not_picked":["FlurryOfBlows","Evaluate"],"picked":"BowlingBash","floor":2.0},{"not_picked":["Halt","FlyingSleeves","SandsOfTime"],"picked":"SKIP","floor":4.0},{"not_picked":["PathToVictory","Perseverance","Judgement"],"picked":"SKIP","floor":6.0},{"not_picked":["Adaptation","EmptyBody"],"picked":"LessonLearned","floor":8.0},{"not_picked":["Evaluate+1","FlurryOfBlows"],"picked":"Crescendo+1","floor":10.0},{"not_picked":["ThirdEye+1","Prostrate+1"],"picked":"FearNoEvil","floor":11.0},{"not_picked":["CutThroughFate","PathToVictory+1","CrushJoints"],"picked":"SKIP","floor":12.0},{"not_picked":["FlyingSleeves","Evaluate+1","Protect+1"],"picked":"SKIP","floor":13.0},{"not_picked":["ClearTheMind+1","EmptyFist","Nirvana"],"picked":"SKIP","floor":14.0},{"not_picked":["DevaForm","Judgement+1"],"picked":"Blasphemy+1","floor":16.0},{"not_picked":["SandsOfTime","Crescendo+1","ClearTheMind+1"],"picked":"SKIP","floor":18.0},{"not_picked":["LikeWater","Wireheading","DeceiveReality+1"],"picked":"SKIP","floor":20.0},{"not_picked":["CutThroughFate","JustLucky","Protect+1"],"picked":"SKIP","floor":21.0},{"not_picked":["ClearTheMind+1","Vengeance+1","Protect+1"],"picked":"SKIP","floor":22.0},{"not_picked":["Evaluate+1","ThirdEye+1","ClearTheMind+1"],"picked":"SKIP","floor":25.0},{"not_picked":["Brilliance","FollowUp","Study"],"picked":"SKIP","floor":30.0},{"not_picked":["ClearTheMind+1","CutThroughFate","FlyingSleeves"],"picked":"SKIP","floor":31.0},{"not_picked":["LessonLearned","Ragnarok"],"picked":"Establishment","floor":33.0},{"not_picked":["BowlingBash","Collect+1","Conclude"],"picked":"SKIP","floor":35.0},{"not_picked":["Vengeance+1","JustLucky","Pray+1"],"picked":"SKIP","floor":36.0},{"not_picked":["JustLucky","Perseverance+1","Swivel+1"],"picked":"SKIP","floor":38.0},{"not_picked":["JustLucky","EmptyFist+1"],"picked":"Vault+1","floor":39.0},{"not_picked":["JustLucky","PathToVictory+1","SashWhip"],"picked":"SKIP","floor":41.0},{"not_picked":["CutThroughFate","FearNoEvil","SandsOfTime+1"],"picked":"SKIP","floor":42.0},{"not_picked":["Nirvana","EmptyMind+1","Wireheading"],"picked":"SKIP","floor":44.0},{"not_picked":["Perseverance+1","FlyingSleeves+1"],"picked":"EmptyMind+1","floor":45.0},{"not_picked":["JustLucky","Evaluate+1","CrushJoints"],"picked":"SKIP","floor":46.0},{"not_picked":["Prostrate+1","BattleHymn"],"picked":"Meditate+1","floor":48.0},{"not_picked":["Adaptation","Wallop","WheelKick+1"],"picked":"SKIP","floor":55}],"player_experience":2910494,"relics_obtained":[{"floor":6.0,"key":"Akabeko"},{"floor":8.0,"key":"TungstenRod"},{"floor":9.0,"key":"Toxic Egg 2"},{"floor":11.0,"key":"Ancient Tea Set"},{"floor":13.0,"key":"Thread and Needle"},{"floor":25.0,"key":"Peace Pipe"},{"floor":28.0,"key":"Nilry\u0027s Codex"},{"floor":30.0,"key":"Anchor"},{"floor":42.0,"key":"StoneCalendar"},{"floor":43.0,"key":"Vajra"},{"floor":44.0,"key":"Damaru"},{"floor":55,"key":"Torii"}],"event_choices":[{"damage_healed":0.0,"max_hp_gain":0.0,"max_hp_loss":0.0,"gold_gain":0.0,"event_name":"FaceTrader","player_choice":"Trade","floor":3.0,"gold_loss":0.0,"damage_taken":0.0,"relics_obtained":["FaceOfCleric"]},{"damage_healed":0.0,"max_hp_gain":0.0,"max_hp_loss":0.0,"gold_gain":0.0,"event_name":"Cursed Tome","player_choice":"Obtained Book","floor":28.0,"gold_loss":0.0,"damage_taken":21.0},{"damage_healed":0.0,"max_hp_gain":0.0,"max_hp_loss":4.0,"gold_gain":0.0,"event_name":"Winding Halls","player_choice":"Max HP","floor":37.0,"gold_loss":0.0,"damage_taken":0.0}],"is_beta":false,"boss_relics":[{"not_picked":["Pandora\u0027s Box","Runic Dome"],"picked":"Fusion Hammer"},{"not_picked":["Tiny House","SacredBark"],"picked":"Sozu"}],"items_purged_floors":[5,19,24,47,54],"is_endless":false,"potions_floor_spawned":[1,4,8,12,13,18,20,25,33,36,38,42,48],"ascension_level":20}}