{"host":"ypzb5vvnu9f3ii1t","time":1612601891,"event":{"mods":["AchievementEnabler","BaseMod","Colored Map","DeckTracker","Keyboard Shortcuts","Minty Spire (QoL Compilation)","Permanent Neow","Quick Restart","SuperFastMode"],"gold_per_floor":[13,25,43,43,58,58,133,149,173,183,258,258,292,165,165,269,269,284,284,140,140,160,160,175,98,98,110,110,35,35,35,35,134,134,150,150,166,177,177,177,177,177],"floor_reached":41,"language":"KOR","playtime":1875,"items_purged":[],"score":489,"play_id":"252c7f0b-3daa-4858-b267-6cc19280f499","local_time":"20210206175811","is_ascension_mode":true,"campfire_choices":[{"data":"Fire Breathing","floor":6.0,"key":"SMITH"},{"data":"Reckless Charge","floor":12.0,"key":"SMITH"},{"data":"Wild Strike","floor":15.0,"key":"SMITH"},{"floor":23.0,"key":"REST"},{"data":"Power Through","floor":28.0,"key":"SMITH"},{"data":"Rupture","floor":30.0,"key":"SMITH"},{"data":"Shrug It Off","floor":32.0,"key":"SMITH"},{"data":"Limit Break","floor":40,"key":"SMITH"}],"circlet_count":0,"master_deck":["Strike_R+1","Strike_R+1","Strike_R+1","Strike_R+1","Strike_R+1","Defend_R+1","Defend_R+1","Defend_R+1","Defend_R+1","Bash","Fire Breathing+1","Shrug It Off+1","Reckless Charge+1","Shrug It Off","Wild Strike+1","Combust+1","Reaper","Wild Strike+1","Power Through+1","Rupture+1","Limit Break+1","Inflame+1","Rupture"],"relics":["Black Blood","Thread and Needle","Torii","Smiling Mask","Pantograph","Strange Spoon","Shuriken","Mark of Pain"],"acts_visited":["Exordium","TheCity","TheBeyond"],"potions_floor_usage":[38,38],"damage_taken":[{"damage":2.0,"enemies":"Cultist","floor":1.0,"turns":3.0},{"damage":6.0,"enemies":"2 Louse","floor":2.0,"turns":3.0},{"damage":8.0,"enemies":"Jaw Worm","floor":3.0,"turns":4.0},{"damage":7.0,"enemies":"Looter","floor":5.0,"turns":4.0},{"damage":2.0,"enemies":"Exordium Thugs","floor":8.0,"turns":6.0},{"damage":2.0,"enemies":"Blue Slaver","floor":10.0,"turns":5.0},{"damage":28.0,"enemies":"3 Sentries","floor":13.0,"turns":5.0},{"damage":16.0,"enemies":"The Guardian","floor":16.0,"turns":11.0},{"damage":36.0,"enemies":"2 Thieves","floor":18.0,"turns":5.0},{"damage":21.0,"enemies":"3 Byrds","floor":22.0,"turns":3.0},{"damage":36.0,"enemies":"Centurion and Healer","floor":24.0,"turns":7.0},{"damage":15.0,"enemies":"Cultist and Chosen","floor":27.0,"turns":6.0},{"damage":49.0,"enemies":"Champ","floor":33.0,"turns":9.0},{"damage":12.0,"enemies":"3 Shapes","floor":35.0,"turns":4.0},{"damage":27,"enemies":"3 Darklings","floor":37,"turns":4},{"damage":46,"enemies":"Spire Growth","floor":38,"turns":5},{"damage":71,"enemies":"Giant Head","floor":41,"turns":6}],"seed_played":"4923630933596278935","potions_obtained":[{"floor":2.0,"key":"LiquidBronze"},{"floor":3.0,"key":"DistilledChaos"},{"floor":16.0,"key":"FearPotion"},{"floor":24.0,"key":"BloodPotion"},{"floor":33.0,"key":"DistilledChaos"},{"floor":37,"key":"LiquidMemories"}],"is_trial":false,"path_per_floor":["M","M","M","T","M","R","?","M","T","M","?","R","E","$","R","B",null,"M","?","$","?","M","R","M","$","T","M","R","$","R","$","R","B",null,"M","?","M","M","?","R","E"],"character_chosen":"IRONCLAD","items_purchased":["Wild Strike","Combust","Strange Spoon","Power Through","Rupture"],"campfire_rested":1,"item_purchase_floors":[14,14,20,25,29],"current_hp_per_floor":[80,80,78,78,77,77,69,73,73,77,66,66,44,44,44,59,75,55,55,55,55,46,70,46,46,46,59,59,59,59,59,59,43,71,77,77,77,57,57,57,0,0],"gold":177,"neow_bonus":"ONE_RARE_RELIC","is_daily":false,"chose_seed":false,"campfire_upgraded":7,"win_rate":0.0,"timestamp":1612601891,"path_taken":["M","M","M","?","M","R","?","?","T","M","?","R","E","$","R","BOSS","M","?","?","?","M","R","M","$","T","?","R","?","R","$","R","BOSS","M","?","M","?","?","R","E"],"items_purchased_type":["Card","Card","Relic","Card","Card"],"build_version":"2020-12-22","purchased_purges":0,"victory":false,"max_hp_per_floor":[80,80,80,80,80,80,80,80,80,80,80,80,80,80,80,80,80,80,80,80,80,80,80,80,80,80,80,80,80,80,80,80,80,80,80,80,80,80,80,80,80,80],"card_choices":[{"not_picked":["Clothesline","Twin Strike","Havoc"],"picked":"SKIP","floor":1.0},{"not_picked":["Anger","Clothesline"],"picked":"Fire Breathing","floor":2.0},{"not_picked":["Sword Boomerang","Warcry","Pommel Strike"],"picked":"SKIP","floor":3.0},{"not_picked":["Anger","Twin Strike"],"picked":"Shrug It Off","floor":5.0},{"not_picked":["Headbutt","Pommel Strike","Sever Soul"],"picked":"SKIP","floor":8.0},{"not_picked":["Armaments","Spot Weakness"],"picked":"Reckless Charge","floor":10.0},{"not_picked":["Sword Boomerang","Double Tap"],"picked":"Shrug It Off","floor":13.0},{"not_picked":["Double Tap","Barricade"],"picked":"Reaper","floor":16.0},{"not_picked":["Shockwave","Uppercut","Perfected Strike+1"],"picked":"SKIP","floor":18.0},{"not_picked":["Sever Soul+1","Cleave+1"],"picked":"Wild Strike+1","floor":22.0},{"not_picked":["Anger","Twin Strike","Barricade"],"picked":"SKIP","floor":24.0},{"not_picked":["Havoc","Ghostly Armor","Heavy Blade"],"picked":"SKIP","floor":27.0},{"not_picked":["Impervious","Reaper"],"picked":"Limit Break","floor":33.0},{"not_picked":["Armaments+1","True Grit+1"],"picked":"Inflame+1","floor":35.0},{"not_picked":["Bloodletting","Shrug It Off"],"picked":"Rupture","floor":37},{"not_picked":["Pommel Strike+1","Iron Wave","Cleave"],"picked":"SKIP","floor":38}],"player_experience":180522,"relics_obtained":[{"floor":4.0,"key":"Torii"},{"floor":9.0,"key":"Smiling Mask"},{"floor":13.0,"key":"Pantograph"},{"floor":26.0,"key":"Shuriken"}],"event_choices":[{"damage_healed":0.0,"max_hp_gain":0.0,"max_hp_loss":0.0,"gold_gain":75.0,"event_name":"FaceTrader","player_choice":"Touch","floor":7.0,"gold_loss":0.0,"damage_taken":8.0},{"damage_healed":0.0,"max_hp_gain":0.0,"max_hp_loss":0.0,"gold_gain":75.0,"event_name":"World of Goop","player_choice":"Gather Gold","floor":11.0,"gold_loss":0.0,"damage_taken":11.0},{"damage_healed":0.0,"max_hp_gain":0.0,"max_hp_loss":0.0,"gold_gain":0.0,"event_name":"Accursed Blacksmith","player_choice":"Forge","floor":19.0,"gold_loss":0.0,"damage_taken":0.0,"cards_upgraded":["Combust"]},{"damage_healed":0.0,"max_hp_gain":0.0,"max_hp_loss":0.0,"gold_gain":0.0,"event_name":"Back to Basics","player_choice":"Simplicity","floor":21.0,"gold_loss":0.0,"damage_taken":0.0,"cards_upgraded":["Strike_R","Strike_R","Strike_R","Strike_R","Strike_R","Defend_R","Defend_R","Defend_R","Defend_R"]},{"damage_healed":0,"gold_gain":0,"player_choice":"Ignored","damage_taken":0,"max_hp_gain":0,"max_hp_loss":0,"event_name":"Transmorgrifier","floor":36,"gold_loss":0},{"damage_healed":0,"gold_gain":0,"player_choice":"Ignored","damage_taken":0,"max_hp_gain":0,"max_hp_loss":0,"event_name":"Mysterious Sphere","floor":39,"gold_loss":0}],"is_beta":false,"boss_relics":[{"not_picked":["Runic Dome","Busted Crown"],"picked":"Black Blood"},{"not_picked":["Calling Bell","Tiny House"],"picked":"Mark of Pain"}],"items_purged_floors":[],"is_endless":false,"potions_floor_spawned":[2,3,16,24,33,37],"killed_by":"Giant Head","ascension_level":5}}