{"host":"f5gffvlv6a66yqkd","time":1612586168,"event":{"mods":["2.2 Compatiblity","BaseMod","Colored Map","Custom Start","DeckTracker","Keyboard Shortcuts","Minty Spire (QoL Compilation)","Permanent Neow","Quick Restart","Relic Stats","StSLib","SuperFastMode"],"gold_per_floor":[119,135,149,17,17,17,44,44,70,80,80,100,100,120,120,120,120],"floor_reached":16,"language":"KOR","playtime":331,"items_purged":["Strike_R"],"score":204,"play_id":"5c14b410-d6ce-4869-af71-878912e6614e","local_time":"20210206133608","is_ascension_mode":true,"campfire_choices":[{"data":"Headbutt","floor":6.0,"key":"SMITH"},{"data":"Armaments","floor":11.0,"key":"SMITH"},{"data":"Rage","floor":13,"key":"SMITH"},{"data":"Fiend Fire","floor":15,"key":"SMITH"}],"circlet_count":0,"master_deck":["AscendersBane","Strike_R","Strike_R","Strike_R","Strike_R","Defend_R","Defend_R","Defend_R","Defend_R","Bash+1","Shrug It Off","Thunderclap","Spot Weakness","Headbutt+1","Impervious","Armaments+1","Rage+1","Fiend Fire+1"],"relics":["Burning Blood","Lantern","Anchor"],"acts_visited":["Exordium"],"potions_floor_usage":[],"damage_taken":[{"damage":4.0,"enemies":"2 Louse","floor":1.0,"turns":3.0},{"damage":2.0,"enemies":"Cultist","floor":2.0,"turns":4.0},{"damage":0.0,"enemies":"Small Slimes","floor":3.0,"turns":4.0},{"damage":17.0,"enemies":"3 Sentries","floor":7.0,"turns":4.0},{"damage":11.0,"enemies":"Exordium Thugs","floor":10.0,"turns":5.0},{"damage":0,"enemies":"Looter","floor":12,"turns":4},{"damage":0,"enemies":"Large Slime","floor":14,"turns":5},{"damage":62,"enemies":"Slime Boss","floor":16,"turns":10}],"seed_played":"4591445975189044886","potions_obtained":[{"floor":0.0,"key":"Explosive Potion"},{"floor":0.0,"key":"EntropicBrew"},{"floor":7.0,"key":"Ancient Potion"},{"floor":14,"key":"SpeedPotion"}],"is_trial":false,"path_per_floor":["M","M","M","$","?","R","E","$","T","M","R","M","R","M","R","B"],"character_chosen":"IRONCLAD","items_purchased":["Headbutt"],"campfire_rested":0,"item_purchase_floors":[4],"current_hp_per_floor":[70,74,75,75,75,75,64,64,64,59,59,65,65,71,71,9,9],"gold":120,"neow_bonus":"THREE_SMALL_POTIONS","is_daily":false,"chose_seed":false,"campfire_upgraded":4,"win_rate":0.0,"timestamp":1612586168,"path_taken":["M","M","M","$","?","R","E","?","T","M","R","M","R","M","R","BOSS"],"items_purchased_type":["Card"],"build_version":"2020-12-22","purchased_purges":1,"victory":false,"max_hp_per_floor":[75,75,75,75,75,75,75,75,75,75,75,75,75,75,75,75,75],"relic_stats":{"counters":[8,39],"obtain_stats":[{"Lantern":7,"Anchor":9,"Burning Blood":0},{"Lantern":4,"Anchor":4,"Burning Blood":0},{"Lantern":15,"Anchor":15,"Burning Blood":0}],"Burning Blood":37},"card_choices":[{"not_picked":["Armaments","Wild Strike"],"picked":"Shrug It Off","floor":1.0},{"not_picked":["Iron Wave","Rage"],"picked":"Thunderclap","floor":2.0},{"not_picked":["Flame Barrier","Searing Blow"],"picked":"Spot Weakness","floor":3.0},{"not_picked":["Burning Pact","Wild Strike"],"picked":"Impervious","floor":7.0},{"not_picked":["Combust","Rupture"],"picked":"Armaments","floor":10.0},{"not_picked":["Body Slam","Havoc"],"picked":"Rage","floor":12},{"not_picked":["Dark Embrace","Wild Strike"],"picked":"Fiend Fire","floor":14}],"player_experience":1661361,"relics_obtained":[{"floor":7.0,"key":"Lantern"},{"floor":9.0,"key":"Anchor"}],"event_choices":[{"damage_healed":0.0,"max_hp_gain":0.0,"max_hp_loss":0.0,"gold_gain":0.0,"event_name":"Upgrade Shrine","player_choice":"Upgraded","floor":5.0,"gold_loss":0.0,"damage_taken":0.0,"cards_upgraded":["Bash"]}],"is_beta":false,"boss_relics":[],"items_purged_floors":[4],"is_endless":false,"potions_floor_spawned":[1,7,14],"killed_by":"Slime Boss","ascension_level":20}}