{"host":"n605f8gctjc87d7h","time":1612635553,"event":{"mods":["Aspiration","Bard","BaseMod","Better Match","Better Note","Better Skull","Better Third Choice","Conspire","Downfall","Halation","Hermit","Infinite Spire","Minty Spire (QoL Compilation)","Replay The Spire","Retaliation","Shade Mod","Spicy Shops","StSLib","The IronCluck","The Jungle"],"gold_per_floor":[112,137,156,175,187,187,187,205,205,205,62,62,88,158,158,254,254,274,34,44,4,73,73,123,123,123,123,148,198,212,262,262,366,366,380,47,97,147,165,199,199,215,215,14,64,74,74,124,124,124],"floor_reached":51,"language":"ENG","playtime":3323,"items_purged":["Strike_G"],"score":1072,"play_id":"e4bc4a8b-8bac-4951-a21f-517a2be983d0","local_time":"20210206101913","is_ascension_mode":true,"campfire_choices":[{"floor":6,"key":"REST"},{"data":"Slice","floor":10,"key":"SMITH"},{"data":"Quick Slash","floor":12,"key":"SMITH"},{"floor":15,"key":"REST"},{"floor":23,"key":"REST"},{"data":"Leg Sweep","floor":25,"key":"SMITH"},{"floor":32,"key":"REST"},{"floor":41,"key":"REST"},{"data":"Footwork","floor":47,"key":"SMITH"},{"data":"Deflect","floor":49,"key":"SMITH"}],"circlet_count":0,"master_deck":["AscendersBane","Strike_G","Strike_G","Strike_G","Defend_G","Defend_G","Defend_G","Defend_G","Defend_G","Survivor+1","Neutralize","All Out Attack","Slice+1","Quick Slash+1","Underhanded Strike","PiercingWail+1","Distraction","Leg Sweep+1","A Thousand Cuts+1","Well Laid Plans+1","Dagger Throw+1","Footwork+1","Sucker Punch+1","Dash+1","Deflect+1","Quick Slash+1"],"relics":["Ring of the Snake","Pondfish Scales","SsserpentHead","halation:WeightlessCrab","Oddly Smooth Stone","Replay:Bottled Snecko","aspiration:PoetsPen_weak","Kunai","Juzu Bracelet","Peace Pipe","conspire:SpecialSausage","Vajra","WristBlade","Lee\u0027s Waffle","War Paint","halation:VictoryRuler","infinitespire:Satchel","infinitespire:Broken Mirror","Sling","aspiration:TomeofQuesting"],"acts_visited":["Exordium","TheCity","TheBeyond"],"potions_floor_usage":[14,16,16,18,33,35,50,50],"damage_taken":[{"damage":0,"enemies":"2 Louse","floor":1,"turns":3},{"damage":0,"enemies":"Small Slimes","floor":3,"turns":3},{"damage":2,"enemies":"Cultist","floor":4,"turns":4},{"damage":4,"enemies":"Blue Slaver","floor":5,"turns":5},{"damage":2,"enemies":"Red Slaver","floor":8,"turns":4},{"damage":29,"enemies":"Gremlin Nob","floor":13,"turns":6},{"damage":1,"enemies":"Exordium Thugs","floor":14,"turns":4},{"damage":58,"enemies":"Slime Boss","floor":16,"turns":17},{"damage":7,"enemies":"2 Thieves","floor":18,"turns":4},{"damage":16,"enemies":"Spheric Guardian","floor":20,"turns":6},{"damage":3,"enemies":"3 Cultists","floor":22,"turns":4},{"damage":9,"enemies":"Book of Stabbing","floor":28,"turns":7},{"damage":5,"enemies":"conspire:HollyBat","floor":30,"turns":6},{"damage":31,"enemies":"Automaton","floor":33,"turns":11},{"damage":21,"enemies":"3 Darklings","floor":35,"turns":5},{"damage":6,"enemies":"Orb Walker","floor":39,"turns":3},{"damage":25,"enemies":"Nemesis","floor":40,"turns":11},{"damage":1,"enemies":"Maw","floor":42,"turns":7},{"damage":0,"enemies":"3 Darklings","floor":46,"turns":4},{"damage":29,"enemies":"Awakened One","floor":50,"turns":18}],"seed_played":"9060484871250417379","potions_obtained":[{"floor":3,"key":"Dexterity Potion"},{"floor":13,"key":"LiquidMemories"},{"floor":14,"key":"Elixir"},{"floor":16,"key":"ColorlessPotion"},{"floor":20,"key":"Energy Potion"},{"floor":28,"key":"DuplicationPotion"},{"floor":33,"key":"sneckomod:MuddlingPotion"},{"floor":35,"key":"SkillPotion"},{"floor":40,"key":"SteroidPotion"},{"floor":42,"key":"GhostInAJar"}],"is_trial":false,"path_per_floor":["M","?","M","M","M","R","?","M","T","R","$","R","E","M","R","B",null,"M","$","M","?","M","R","?","R","T","AVR","E","?","M","?","R","B",null,"M","$","?","?","M","E","R","M","T","$","?","M","R","?","R","B",null],"character_chosen":"THE_SILENT","items_purchased":["Oddly Smooth Stone","Kunai","Lee\u0027s Waffle","War Paint","Footwork","Sling","Deflect"],"campfire_rested":5,"item_purchase_floors":[11,19,36,36,36,44,44],"current_hp_per_floor":[70,51,51,49,45,68,68,66,66,66,66,66,37,36,59,1,58,51,51,35,35,32,55,55,55,55,55,46,46,41,41,64,33,66,45,84,84,84,78,53,78,77,77,77,94,94,94,94,94,65],"gold":124,"neow_bonus":"TEN_PERCENT_HP_BONUS","is_daily":false,"chose_seed":false,"campfire_upgraded":5,"win_rate":0.0,"timestamp":1612635553,"path_taken":["M","?","M","M","M","R","?","M","T","R","$","R","E","?","R","BOSS","M","$","M","?","?","R","?","R","T","AVR","E","?","M","?","R","BOSS","M","$","?","?","M","E","R","M","T","$","?","M","R","?","R","BOSS"],"items_purchased_type":["Relic","Relic","Relic","Relic","Card","Relic","Card"],"build_version":"2020-12-22","purchased_purges":1,"victory":true,"max_hp_per_floor":[77,77,77,77,77,77,77,77,77,77,77,77,77,77,77,77,77,77,77,77,77,77,77,77,77,77,77,77,77,77,77,77,77,77,77,84,84,84,84,84,84,84,84,84,94,94,94,94,94,94],"card_choices":[{"not_picked":["Acrobatics","Sneak Up"],"picked":"All Out Attack","floor":1},{"not_picked":["Leg Sweep","Flying Knee"],"picked":"Slice","floor":2},{"not_picked":["Calculated Gamble","Leg Sweep"],"picked":"Quick Slash","floor":3},{"not_picked":["Expertise","Prepared"],"picked":"Underhanded Strike","floor":4},{"not_picked":["Hidden Blade","Dodge and Roll"],"picked":"PiercingWail","floor":5},{"not_picked":["conspire:PoisonWeapons","ReplayTheSpireMod:The Works","Slice"],"picked":"SKIP","floor":8},{"not_picked":["Outmaneuver","Dodge and Roll"],"picked":"Distraction","floor":13},{"not_picked":["Blur","All Out Attack"],"picked":"Leg Sweep","floor":14},{"not_picked":["Poison Darts","Atom Bomb"],"picked":"A Thousand Cuts","floor":16},{"not_picked":["Bane","Dagger Throw","Hidden Blade+1"],"picked":"SKIP","floor":18},{"not_picked":["Blur","Replay:Poison Smokescreen","Bane"],"picked":"SKIP","floor":20},{"not_picked":["ReplayTheSpireMod:Shiv Toss","Cloak And Dagger","Well Laid Plans"],"picked":"SKIP","floor":22},{"not_picked":["Deadly Poison","conspire:DoublingDagger","Predator"],"picked":"SKIP","floor":28},{"not_picked":["Cloak And Dagger","Bouncing Flask"],"picked":"Well Laid Plans+1","floor":30},{"not_picked":["A Thousand Cuts","Unload"],"picked":"Die Die Die","floor":33},{"not_picked":["Blade Dance","ReplayTheSpireMod:Speed Training"],"picked":"Dagger Throw+1","floor":35},{"not_picked":["Acrobatics+1","Accuracy+1"],"picked":"Sucker Punch+1","floor":39},{"not_picked":["Corpse Explosion","Draining Mist"],"picked":"Dash+1","floor":40},{"not_picked":["Accuracy+1","ReplayTheSpireMod:Shiv Toss+1","Calculated Gamble"],"picked":"SKIP","floor":42},{"not_picked":["ReplayTheSpireMod:Exploit Weakness+1","conspire:PoisonWeapons+1"],"picked":"Quick Slash+1","floor":46}],"player_experience":829863,"relics_obtained":[{"floor":2,"key":"Pondfish Scales"},{"floor":9,"key":"halation:WeightlessCrab"},{"floor":13,"key":"Replay:Bottled Snecko"},{"floor":26,"key":"Juzu Bracelet"},{"floor":28,"key":"Vajra"},{"floor":40,"key":"infinitespire:Satchel"},{"floor":43,"key":"infinitespire:Broken Mirror"}],"event_choices":[{"damage_healed":0,"gold_gain":0,"player_choice":"Trade","damage_taken":0,"relics_obtained":["SsserpentHead"],"max_hp_gain":0,"max_hp_loss":0,"event_name":"FaceTrader","floor":7,"gold_loss":0},{"cards_removed":["Strike_G"],"damage_healed":0,"gold_gain":0,"player_choice":"Upgrade and Remove","damage_taken":0,"max_hp_gain":0,"max_hp_loss":0,"event_name":"Designer","floor":21,"gold_loss":90,"cards_upgraded":["A Thousand Cuts"]},{"damage_healed":0,"gold_gain":0,"player_choice":"Ignored","damage_taken":0,"max_hp_gain":0,"max_hp_loss":0,"event_name":"Vampires","floor":24,"gold_loss":0},{"damage_healed":0,"gold_gain":0,"player_choice":"Leave","damage_taken":0,"max_hp_gain":0,"max_hp_loss":0,"event_name":"conspire:Investor","floor":31,"gold_loss":0},{"damage_healed":0,"gold_gain":0,"player_choice":"Gave Potion","damage_taken":0,"relics_obtained":["halation:VictoryRuler"],"max_hp_gain":0,"max_hp_loss":0,"event_name":"WeMeetAgain","floor":37,"gold_loss":0},{"damage_healed":0,"gold_gain":0,"player_choice":"Ignored","damage_taken":0,"max_hp_gain":0,"max_hp_loss":0,"event_name":"Tomb of Lord Red Mask","floor":38,"gold_loss":0},{"cards_removed":["Die Die Die"],"damage_healed":7,"gold_gain":0,"player_choice":"Offered Rare","damage_taken":0,"max_hp_gain":10,"max_hp_loss":0,"event_name":"Bonfire Elementals","floor":45,"gold_loss":0}],"is_beta":false,"boss_relics":[{"not_picked":["halation:MonkeysPaw","infinitespire:Cupcake"],"picked":"aspiration:PoetsPen_weak"},{"not_picked":["aspiration:RunicSpoon","Replay:Ancient Bell"],"picked":"WristBlade"}],"items_purged_floors":[27],"is_endless":false,"potions_floor_spawned":[3,13,14,16,20,28,33,35,40,42,46],"ascension_level":11}}