{"host":"e1r14iqujvrv6qpf","time":1612611706,"event":{"mods":["AchievementEnabler","Act Like it!","Aspiration","BaseMod","BetterRewards","Colored Map","Colored Powertips","Conspire","Downfall","Friendly Minions","Gensokyo","Googly Eyes","Hallownest","Highlight Path","Hubris","KinomotoSakuraMod(木之本樱)","Koishi","KomeijiMod","LagranYue(拉格朗・月)","Lobotomy","Marisa（F雨　魔理沙）","Minty Spire (QoL Compilation)","Quick Restart","Reimu（博丽灵梦）","Remilia（蕾米莉亚）","Replay The Spire","Shop Mod","StSLib","The Administrix","The Animator","The Bug Knight","The Construct","The Cursed","The Servant 0.9.4","Waifu the Spire","WarShipGirlsR/战舰少女R mod","Youmu（魂魄妖梦）","Yuyuko"],"gold_per_floor":[110,10,20,37,137,165,178,208,208,220,220,220,234,269,269,364,364,374,391,401,441,454,488,488,516,516,516,542,312,312,345,345,443,493,504,521,531,65,65,91,91,121,146,197,207,222,222,222,222,222,222,222,371,775,775],"floor_reached":56,"language":"ZHS","playtime":15031,"items_purged":["HollowMod:NailStrikeStart","HollowMod:NailStrikeStart","HollowMod:NailStrikeStart","HollowMod:NailStrikeStart"],"score":1816,"play_id":"d1f9f655-70d1-4ad0-b7e2-c62b870dfe9c","local_time":"20210206194146","is_ascension_mode":true,"campfire_choices":[{"data":"HollowMod:MantisMark","floor":11.0,"key":"SMITH"},{"floor":15.0,"key":"DIG"},{"floor":24.0,"key":"DIG"},{"floor":30.0,"key":"DIG"},{"floor":32.0,"key":"DIG"},{"floor":41.0,"key":"DIG"},{"floor":49,"key":"RECALL"},{"floor":52,"key":"DIG"}],"circlet_count":0,"master_deck":["HollowMod:QuickDashStart","HollowMod:QuickDashStart","HollowMod:QuickDashStart","HollowMod:QuickDashStart","Ghostly","HollowMod:FastStrike+1","HollowMod:CoiledNail","HollowMod:MantisMark+1","HollowMod:ZotesMagnificence","HollowMod:CloakDash+1","HollowMod:CycloneSlash+1","HollowMod:MantisMark","HollowMod:FastStrike+1","HollowMod:ChannelNail+1","HollowMod:ZotesMagnificence","HollowMod:HeavyBlow+1","HollowMod:SharpenedNail+1","HollowMod:CloakDash+1","ReplayTheSpireMod:Private Reserves+1","HollowMod:CloakDash+1","hubris:DuctTapeCard"],"relics":["HollowMod:VesselMask","LagranYue:RandomDrawCardRelic","aspiration:Nostalgia","Cracked Core","Durian","LagranYue:MagicReflectiveArmorRelic","Kunai","Shovel","Replay:Baseball","conspire:SeveredTorchhead","Blood Vial","conspire:Flyswatter","aspiration:Lifesprig","Simple Rune","Frozen Egg 2","ReplayTheSpireMod:Ninjato","Bag of Marbles","Iron Hammer","hubris:HerbalPaste","Quantum Egg","Toy Ornithopter","Toxic Egg 2","Dream Catcher","hubris:SphereOfDissonance","Tiny House","hubris:DuctTape","hubris:Icosahedron","ReplayTheSpireMod:Shallot","Replay:Bottled Eggs","Pear","hubris:MysteriousPyramids","Ring of Panic","Replay:Bottled Flurry","ReplayFunnel","hubris:NiceRug","PrismaticShard","Blue Doll","HollowMod:KingsBrand"],"acts_visited":["Exordium","TheCity","TheBeyond","TheEnding"],"potions_floor_usage":[50,50,55,55,55],"damage_taken":[{"damage":4.0,"enemies":"Jaw Worm","floor":1.0,"turns":4.0},{"damage":2.0,"enemies":"Small Slimes","floor":3.0,"turns":3.0},{"damage":0.0,"enemies":"Cultist","floor":4.0,"turns":2.0},{"damage":21.0,"enemies":"3 Sentries","floor":6.0,"turns":9.0},{"damage":1.0,"enemies":"Looter","floor":7.0,"turns":2.0},{"damage":9.0,"enemies":"Lagavulin","floor":8.0,"turns":5.0},{"damage":10.0,"enemies":"Gremlin Gang","floor":10.0,"turns":4.0},{"damage":8.0,"enemies":"Exordium Wildlife","floor":13.0,"turns":3.0},{"damage":1.0,"enemies":"Gremlin Nob","floor":14.0,"turns":2.0},{"damage":10.0,"enemies":"HollowMod:FalseKnight","floor":16.0,"turns":6.0},{"damage":0.0,"enemies":"Spheric Guardian","floor":18.0,"turns":3.0},{"damage":3.0,"enemies":"conspire:FuzzyDice","floor":19.0,"turns":3.0},{"damage":0.0,"enemies":"Snecko","floor":20.0,"turns":3.0},{"damage":0.0,"enemies":"conspire:MimicChest","floor":21.0,"turns":6.0},{"damage":0.0,"enemies":"Centurion and Healer","floor":22.0,"turns":4.0},{"damage":0.0,"enemies":"conspire:SneckoGhost","floor":23.0,"turns":4.0},{"damage":7.0,"enemies":"Replay:Snechameleon","floor":25.0,"turns":4.0},{"damage":0.0,"enemies":"Slavers","floor":28.0,"turns":4.0},{"damage":0.0,"enemies":"conspire:SneckoGhost","floor":31.0,"turns":3.0},{"damage":0.0,"enemies":"Automaton","floor":33.0,"turns":5.0},{"damage":8.0,"enemies":"3 Shapes","floor":35.0,"turns":5.0},{"damage":2.0,"enemies":"Orb Walker","floor":36.0,"turns":2.0},{"damage":0.0,"enemies":"Maw","floor":37.0,"turns":5.0},{"damage":0.0,"enemies":"Reptomancer","floor":40.0,"turns":3.0},{"damage":0.0,"enemies":"HollowMod:StalkingDevout","floor":42.0,"turns":4.0},{"damage":0.0,"enemies":"R_Hoarder","floor":44.0,"turns":4.0},{"damage":0.0,"enemies":"Sphere and 2 Shapes","floor":45.0,"turns":2.0},{"damage":0.0,"enemies":"Transient","floor":46.0,"turns":5.0},{"damage":0,"enemies":"Donu and Deca","floor":50,"turns":4},{"damage":0,"enemies":"hubris:Merchant","floor":53,"turns":4},{"damage":0,"enemies":"Shield and Spear","floor":54,"turns":8},{"damage":1,"enemies":"The Heart","floor":55,"turns":7}],"seed_played":"-1448467772108849836","potions_obtained":[{"floor":1.0,"key":"DuplicationPotion"},{"floor":10.0,"key":"PowerPotion"},{"floor":12.0,"key":"GrandPatriotsElixir:ReiMu"},{"floor":13.0,"key":"Fire Potion"},{"floor":16.0,"key":"BlessingOfTheForge"},{"floor":18.0,"key":"Elixir"},{"floor":19.0,"key":"Energy Potion"},{"floor":22.0,"key":"Fire Potion"},{"floor":34.0,"key":"Flashbang"},{"floor":40.0,"key":"bronze:BurnAndBuffPotion"},{"floor":46.0,"key":"Adrenaline Potion"},{"floor":53,"key":"Venom Potion"},{"floor":53,"key":"Energy Potion"},{"floor":53,"key":"Toxic Potion"},{"floor":54,"key":"Strength Potion"}],"is_trial":false,"path_per_floor":["M","?","M","M","?","E","M","E","T","M","R","?","M","E","R","B",null,"M","M","M","?","M","E","R","E","T","$","E","$","R","E","R","B",null,"M","M","M","$","?","E","R","E","T","E","M","M","?","?","R","B",null,"R","$","E","B",null],"character_chosen":"THE_BUGKNIGHT","items_purchased":["ReplayTheSpireMod:Ninjato","Bag of Marbles","Iron Hammer","hubris:HerbalPaste","Toy Ornithopter","hubris:DuctTape","HollowMod:CloakDash+1","ReplayTheSpireMod:Private Reserves+1","ReplayFunnel"],"campfire_rested":0,"item_purchase_floors":[27,27,27,27,29,38,38,38,53],"current_hp_per_floor":[75,75,73,73,73,63,62,59,59,49,49,49,41,40,40,30,80,80,77,77,77,80,80,80,79,79,15,29,29,29,46,46,65,85,83,83,85,85,85,85,85,95,95,95,95,95,95,95,95,95,95,95,95,95,95],"gold":775,"neow_bonus":"NOSTALGIA","is_daily":false,"chose_seed":false,"campfire_upgraded":1,"win_rate":0.0,"timestamp":1612611706,"path_taken":["M","?","M","M","?","E","M","E","T","?","R","?","M","E","R","BOSS","M","?","M","?","M","E","R","E","T","?","E","$","R","E","R","BOSS","M","M","M","$","?","E","R","E","T","E","M","M","?","?","R","BOSS","R","$","E","BOSS"],"items_purchased_type":["Relic","Relic","Relic","Relic","Relic","Relic","Card","Card","Relic"],"build_version":"2020-12-22","purchased_purges":4,"victory":true,"max_hp_per_floor":[75,75,75,75,75,80,80,80,80,80,80,80,80,80,80,80,80,80,80,80,80,80,80,80,80,80,80,80,80,80,80,80,80,85,85,85,85,85,85,85,85,95,95,95,95,95,95,95,95,95,95,95,95,95,95],"card_choices":[{"not_picked":["HollowMod:DesolateDive","HollowMod:DashSlash","HollowMod:SoulStrike"],"picked":"SKIP","floor":1.0},{"not_picked":["HollowMod:ShadowDash","HollowMod:DoubleDash"],"picked":"HollowMod:FastStrike","floor":3.0},{"not_picked":["HollowMod:CloakDash","HollowMod:SharpenedNail"],"picked":"HollowMod:CoiledNail","floor":4.0},{"not_picked":["HollowMod:FallenFury","HollowMod:AwokenDreamNail","HollowMod:MawleksShell"],"picked":"SKIP","floor":6.0},{"not_picked":["HollowMod:BlackTendrils","HollowMod:SiblingsSouls","HollowMod:SharpenedNail"],"picked":"SKIP","floor":7.0},{"not_picked":["HollowMod:SharpenedNail","HollowMod:DashSlash"],"picked":"HollowMod:QuirrelsAssistance","floor":8.0},{"not_picked":["HollowMod:SiblingsSouls","HollowMod:WraithStrike"],"picked":"HollowMod:MantisMark","floor":10.0},{"not_picked":["HollowMod:CornifersMapStart","HollowMod:InfectedCysts","HollowMod:CycloneSlash"],"picked":"SKIP","floor":13.0},{"not_picked":["HollowMod:TaintedHusks","HollowMod:LifebloodCocoon","HollowMod:InfectedCysts"],"picked":"SKIP","floor":14.0},{"not_picked":["HollowMod:ElderbugsWisdom","HollowMod:SoulMaster"],"picked":"HollowMod:ZotesMagnificence","floor":16.0},{"not_picked":["HollowMod:SharpenedNail","HollowMod:SiblingsSouls+1"],"picked":"HollowMod:CloakDash+1","floor":18.0},{"not_picked":["HollowMod:LifebloodCocoon","HollowMod:NewJinnsSoul","HollowMod:DungDefenderAura"],"picked":"SKIP","floor":19.0},{"not_picked":["HollowMod:CycloneSlash","HollowMod:SiblingsShadow+1","HollowMod:NewLittleFool+1"],"picked":"SKIP","floor":20.0},{"not_picked":["HollowMod:DescendingDark","HollowMod:SoulSplash"],"picked":"HollowMod:CycloneSlash+1","floor":22.0},{"not_picked":["HollowMod:NewJinnsSoul","HollowMod:WraithStrike","HollowMod:Grubsong"],"picked":"SKIP","floor":23.0},{"not_picked":["HollowMod:MidwifesHunger","HollowMod:InfectionAssault"],"picked":"HollowMod:MantisMark","floor":25.0},{"not_picked":["HollowMod:DashSlash","HollowMod:BlackTendrils+1"],"picked":"HollowMod:FastStrike+1","floor":28.0},{"not_picked":["HollowMod:GrimmsGift+1","HollowMod:SiblingsSouls+1"],"picked":"HollowMod:ChannelNail+1","floor":31.0},{"not_picked":["HollowMod:AwokenDreamNail","HollowMod:Hiveblood+1"],"picked":"HollowMod:ZotesMagnificence","floor":33.0},{"not_picked":["HollowMod:SoulSplash+1","HollowMod:NewLittleFool"],"picked":"HollowMod:HeavyBlow+1","floor":35.0},{"not_picked":["HollowMod:NewGlowingWomb+1","HollowMod:SoulSplash+1","HollowMod:GoodIntentions+1"],"picked":"SKIP","floor":36.0},{"not_picked":["HollowMod:QuirrelsAssistance+1","HollowMod:VengefulVoid+1"],"picked":"HollowMod:SharpenedNail+1","floor":37.0},{"not_picked":["HollowMod:QuirrelsAssistance+1","HollowMod:TaintedHusks+1","HollowMod:NewInfectedGuardian+1"],"picked":"SKIP","floor":40.0},{"not_picked":["HollowMod:WraithStrike+1","HollowMod:ShapeofUnn+1","HollowMod:VoidDash+1"],"picked":"SKIP","floor":42.0},{"not_picked":["HollowMod:InfectedAttack","HollowMod:PureNailStrike+1"],"picked":"HollowMod:CloakDash+1","floor":44.0},{"not_picked":["HollowMod:SoulStrike+1","HollowMod:MawleksShell+1","HollowMod:BaldurShell+1"],"picked":"SKIP","floor":45.0},{"not_picked":["HollowMod:SoulStrike+1","HollowMod:PureNailStrike+1","HollowMod:BaldurShell+1"],"picked":"SKIP","floor":46.0},{"not_picked":["HollowMod:CoiledNail"],"picked":"SKIP","floor":53},{"not_picked":["HollowMod:NewLittleFool"],"picked":"SKIP","floor":53},{"not_picked":["HollowMod:CornifersMapStart+1"],"picked":"SKIP","floor":53},{"not_picked":["HollowMod:SoulShaman+1"],"picked":"SKIP","floor":53},{"not_picked":["HollowMod:MothsMistake+1"],"picked":"SKIP","floor":53},{"not_picked":["Swift Strike"],"picked":"SKIP","floor":53},{"not_picked":["The Bomb+1"],"picked":"SKIP","floor":53},{"not_picked":["Guardian:Gem_Lightblue","ScarletGensokyo+1","AsteroidBelt+1"],"picked":"SKIP","floor":54}],"player_experience":280236,"relics_obtained":[{"floor":6.0,"key":"Durian"},{"floor":8.0,"key":"LagranYue:MagicReflectiveArmorRelic"},{"floor":9.0,"key":"Kunai"},{"floor":14.0,"key":"Shovel"},{"floor":15.0,"key":"Replay:Baseball"},{"floor":21.0,"key":"Blood Vial"},{"floor":23.0,"key":"conspire:Flyswatter"},{"floor":24.0,"key":"aspiration:Lifesprig"},{"floor":25.0,"key":"Simple Rune"},{"floor":26.0,"key":"Frozen Egg 2"},{"floor":28.0,"key":"Quantum Egg"},{"floor":30.0,"key":"Toxic Egg 2"},{"floor":31.0,"key":"Dream Catcher"},{"floor":32.0,"key":"hubris:SphereOfDissonance"},{"floor":40.0,"key":"ReplayTheSpireMod:Shallot"},{"floor":41.0,"key":"Replay:Bottled Eggs"},{"floor":42.0,"key":"Pear"},{"floor":44.0,"key":"hubris:MysteriousPyramids"},{"floor":47.0,"key":"Ring of Panic"},{"floor":52,"key":"Replay:Bottled Flurry"},{"floor":53,"key":"PrismaticShard"},{"floor":53,"key":"Blue Doll"},{"floor":54,"key":"HollowMod:KingsBrand"}],"event_choices":[{"damage_healed":0.0,"max_hp_gain":0.0,"max_hp_loss":0.0,"gold_gain":0.0,"event_name":"conspire:LoneGhost","player_choice":"Argue","floor":2.0,"gold_loss":0.0,"damage_taken":0.0},{"damage_healed":0.0,"max_hp_gain":0.0,"max_hp_loss":0.0,"gold_gain":100.0,"event_name":"Golden Shrine","player_choice":"Pray","floor":5.0,"gold_loss":0.0,"damage_taken":0.0},{"damage_healed":0.0,"max_hp_gain":0.0,"max_hp_loss":0.0,"gold_gain":0.0,"event_name":"Lab","player_choice":"Got Potions","floor":12.0,"gold_loss":0.0,"damage_taken":0.0}],"is_beta":false,"boss_relics":[{"not_picked":["HollowMod:KingsSoulRelic","Astrolabe"],"picked":"conspire:SeveredTorchhead"},{"not_picked":["aspiration:FutureDiary","aspiration:RunicSpoon"],"picked":"Tiny House"}],"items_purged_floors":[27,27,29,38],"is_endless":false,"potions_floor_spawned":[1,10,13,16,18,19,22,31,40,42,44,46,54],"ascension_level":2}}