{"host":"p08oqmr389b4tgxi","time":1612595511,"event":{"mods":["100% Spire Juice","ATMod(°¢èªMod)","Act Like it!","Arknights","BaseMod","Colored Powertips","Gensokyo","Hallownest","KomeijiMod","Minty Spire (QoL Compilation)","Quick Restart","Relic Filter Mod","Relic Stats","Reliquary","StSLib","Yakumo Yukari mod","¡¾ÒÅÎï¿¨ÅÆ¡¿REMEMod"],"gold_per_floor":[177,177,197,214,228,262,262,262,289,304,304,318,318,318,318,423,423,433,451,226,226,226,257,268,268,291,305,305,338,338,372,372,372,372],"floor_reached":33,"language":"ZHS","playtime":1986,"items_purged":["CurseofVladTepes"],"score":312,"play_id":"d5b61a5c-afb5-4ef3-a931-887672e7767e","local_time":"20210206151151","is_ascension_mode":false,"campfire_choices":[{"data":"MillenniumVampire","floor":7.0,"key":"SMITH"},{"data":"PartStrengthen","floor":11.0,"key":"SMITH"},{"data":"VampirishNight","floor":15.0,"key":"SMITH"},{"data":"RemiliaStalker","floor":25.0,"key":"SMITH"},{"data":"Culling","floor":28.0,"key":"SMITH"},{"data":"BloodCollect","floor":30,"key":"SMITH"},{"data":"NightDance","floor":32,"key":"SMITH"}],"circlet_count":0,"master_deck":["Absorbed","Scratch","REME_Cut","VampirishNight+1","DemonLordWalk","FateEnsemble","MillenniumVampire+1","PartStrengthen+1","Feint","RemiliaStretch_Remiria","VampireClaw","VampireClaw","RemiliaStalker+1","Culling+1","NightDance+1","BloodCollect+1","Hallownest:curseDreamersLament","FateMeister+1","Rewrite","DemonsDinnerFork_Remiria"],"relics":["ThirstyCrossSpe","REME_ComplimentaryCards","AT_ATBox","NeowsBlessing","Hallownest:DreamNailRelic","reliquary:SharkskinSheath","Pandora\u0027s Box","reliquary:BrokenClock","Hallownest:WatcherSealRelic","Vajra","Oddly Smooth Stone","Ancient Tea Set"],"acts_visited":["Exordium","Hallownest:Greenpath"],"potions_floor_usage":[],"damage_taken":[{"damage":0.0,"enemies":"Hallownest:monsterHuskWarrior","floor":1.0,"turns":1.0},{"damage":0.0,"enemies":"Hallownest:2_MossCreeps","floor":3.0,"turns":1.0},{"damage":1.0,"enemies":"Hallownest:2_Tiktiks_and_1_Crawlid","floor":4.0,"turns":2.0},{"damage":3.0,"enemies":"Hallownest:MossCreep_and_Mosskin","floor":5.0,"turns":5.0},{"damage":3.0,"enemies":"Hallownest:eliteCrystalGuardian","floor":6.0,"turns":5.0},{"damage":11.0,"enemies":"Hallownest:1_Baldur_1_Crawlid_1_Warrior","floor":10.0,"turns":6.0},{"damage":8.0,"enemies":"Hallownest:Wandering_and_Horned","floor":12.0,"turns":4.0},{"damage":6.0,"enemies":"Hallownest:monsterMarmu","floor":13.0,"turns":5.0},{"damage":0.0,"enemies":"Hallownest:monsterAspidMother","floor":14.0,"turns":3.0},{"damage":24.0,"enemies":"Hallownest:BossFalseKnight","floor":16.0,"turns":6.0},{"damage":2.0,"enemies":"Hallownest:2_Mistakes","floor":18.0,"turns":8.0},{"damage":24.0,"enemies":"Hallownest:3_Youths","floor":19.0,"turns":6.0},{"damage":16.0,"enemies":"Hallownest:eliteWatcherKnight","floor":23.0,"turns":10.0},{"damage":20.0,"enemies":"Hallownest:2_Husk_Sentries","floor":24.0,"turns":6.0},{"damage":43.0,"enemies":"Hallownest:3_Mistakes","floor":27.0,"turns":6.0},{"damage":7,"enemies":"Hallownest:Nosk","floor":29,"turns":6},{"damage":10,"enemies":"Hallownest:Glutton_and_Coward","floor":31,"turns":3},{"damage":60,"enemies":"Hallownest:BossSoulMaster","floor":33,"turns":3}],"seed_played":"-5108503970933128383","potions_obtained":[{"floor":1.0,"key":"JyouchiReiPotion"},{"floor":4.0,"key":"Fire Potion"},{"floor":10.0,"key":"GamblersBrew"},{"floor":16.0,"key":"DuplicationPotion"},{"floor":27.0,"key":"Weak Potion"}],"is_trial":false,"path_per_floor":["M","?","M","M","M","E","R","?","T","M","R","M","?","M","R","B",null,"M","M","$","?","?","E","M","R","T","M","R","E","R","M","R","B"],"character_chosen":"RemiriaScarlet","items_purchased":["reliquary:BrokenClock"],"campfire_rested":0,"item_purchase_floors":[20],"current_hp_per_floor":[100,100,100,99,96,93,93,93,93,94,94,90,88,92,92,72,100,100,88,88,88,88,88,76,76,76,58,58,61,61,51,51,0,0],"gold":372,"neow_bonus":"THREE_ENEMY_KILL","is_daily":false,"chose_seed":false,"campfire_upgraded":7,"win_rate":0.0,"timestamp":1612595511,"path_taken":["M","?","M","M","?","E","R","?","T","M","R","M","?","?","R","BOSS","M","M","$","?","?","E","M","R","T","M","R","E","R","M","R","BOSS"],"items_purchased_type":["Relic"],"build_version":"2020-12-22","purchased_purges":1,"victory":false,"max_hp_per_floor":[100,100,100,100,100,100,100,100,100,100,100,100,100,100,100,100,100,100,100,100,100,100,100,100,100,100,100,100,100,100,100,100,100,100],"relic_stats":{"counters":[18,83],"Pandora\u0027s Box":["VampireClaw","VampireClaw","RemiliaStalker","Culling","NightDance","CurseofVladTepes"],"obtain_stats":[{"Hallownest:WatcherSealRelic":21,"AT_ATBox":0,"ThirstyCrossSpe":0,"NeowsBlessing":0,"Vajra":23,"Oddly Smooth Stone":26,"Pandora\u0027s Box":17,"Hallownest:DreamNailRelic":2,"reliquary:BrokenClock":20,"Ancient Tea Set":29,"REME_ComplimentaryCards":0,"reliquary:SharkskinSheath":6},{"Hallownest:WatcherSealRelic":12,"AT_ATBox":0,"ThirstyCrossSpe":0,"NeowsBlessing":0,"Vajra":13,"Oddly Smooth Stone":14,"Pandora\u0027s Box":10,"Hallownest:DreamNailRelic":1,"reliquary:BrokenClock":12,"Ancient Tea Set":16,"REME_ComplimentaryCards":0,"reliquary:SharkskinSheath":5},{"Hallownest:WatcherSealRelic":50,"AT_ATBox":0,"ThirstyCrossSpe":0,"NeowsBlessing":0,"Vajra":60,"Oddly Smooth Stone":66,"Pandora\u0027s Box":37,"Hallownest:DreamNailRelic":1,"reliquary:BrokenClock":50,"Ancient Tea Set":78,"REME_ComplimentaryCards":0,"reliquary:SharkskinSheath":14}]},"card_choices":[{"not_picked":["BloodCleaner","VampireClaw"],"picked":"VampirishNight","floor":1.0},{"not_picked":["BodyStrengthen","FierceSweep"],"picked":"DemonLordWalk","floor":3.0},{"not_picked":["StigmaNizer","FierceSweep","BathedInBlood"],"picked":"SKIP","floor":4.0},{"not_picked":["BloodyMagicSquare","NightDance"],"picked":"FateEnsemble","floor":5.0},{"not_picked":["Cripple","NaturallyHealing"],"picked":"MillenniumVampire","floor":6.0},{"not_picked":["RocketKickup","DoubleEdge"],"picked":"PartStrengthen","floor":10.0},{"not_picked":["NaturallyHealing","DoubleEdge"],"picked":"Feint","floor":12.0},{"not_picked":["Culling","BloodySuit","Exsanguinate"],"picked":"SKIP","floor":14.0},{"not_picked":["RedMagic","FateConcerto"],"picked":"RemiliaStretch_Remiria","floor":16.0},{"not_picked":["BloodySuit+1","Feint+1"],"picked":"BloodCollect","floor":18.0},{"not_picked":["BloodySuit","BodyStrengthen+1","ThirstForBlood"],"picked":"SKIP","floor":19.0},{"not_picked":["FierceSweep","VampirishNight"],"picked":"FateMeister+1","floor":23.0},{"not_picked":["TricksterDevil","StigmaNizer+1"],"picked":"Rewrite","floor":24.0},{"not_picked":["Offensive","NaturallyHealing"],"picked":"DemonsDinnerFork_Remiria","floor":27.0},{"not_picked":["ChainGang","Tearing","Warpath"],"picked":"SKIP","floor":29},{"not_picked":["ChainGang","FierceSweep","DemonsDinnerFork_Remiria+1"],"picked":"SKIP","floor":31}],"player_experience":68793,"relics_obtained":[{"floor":6.0,"key":"reliquary:SharkskinSheath"},{"floor":23.0,"key":"Vajra"},{"floor":26.0,"key":"Oddly Smooth Stone"},{"floor":29,"key":"Ancient Tea Set"}],"event_choices":[],"is_beta":false,"boss_relics":[{"not_picked":["reliquary:RedCape","Busted Crown"],"picked":"Pandora\u0027s Box"}],"items_purged_floors":[20],"is_endless":false,"potions_floor_spawned":[1,4,10,13,16,18,27,31],"killed_by":"Hallownest:BossSoulMaster","ascension_level":0}}