{"host":"a1eatafr7pisesky","time":1612591847,"event":{"mods":["AchievementEnabler","BaseMod","Colored Map","Keyboard Shortcuts","Minty Spire (QoL Compilation)","Say the Spire","StSLib","SuperFastMode","everything is the same but u backflip on backflip"],"gold_per_floor":[20,38,38,54,135,135,166,177,177,30,55,55,89,54,54,54,54],"floor_reached":16,"language":"KOR","playtime":380,"items_purged":["Strike_R"],"score":233,"play_id":"9ff7ad59-0c5d-4ba9-847d-845e75dcf689","local_time":"20210206151047","is_ascension_mode":true,"campfire_choices":[{"data":"Bash","floor":6.0,"key":"SMITH"},{"data":"Shockwave","floor":15.0,"key":"SMITH"}],"circlet_count":0,"master_deck":["AscendersBane","Strike_R","Strike_R","Strike_R","Strike_R","Defend_R","Defend_R","Defend_R","Defend_R","Bash+1","Whirlwind","Carnage","Flame Barrier","Pummel","Battle Trance","Shockwave+1","Barricade","Inflame"],"relics":["Burning Blood","Incense Burner","Matryoshka","Turnip","Mummified Hand","Orichalcum","Singing Bowl","Golden Idol","Odd Mushroom"],"acts_visited":["Exordium"],"potions_floor_usage":[16,16],"damage_taken":[{"damage":6.0,"enemies":"Cultist","floor":1.0,"turns":3.0},{"damage":12.0,"enemies":"Small Slimes","floor":2.0,"turns":3.0},{"damage":8.0,"enemies":"Jaw Worm","floor":4.0,"turns":4.0},{"damage":37.0,"enemies":"3 Sentries","floor":7.0,"turns":9.0},{"damage":18.0,"enemies":"Red Slaver","floor":8.0,"turns":3.0},{"damage":0.0,"enemies":"Gremlin Nob","floor":11.0,"turns":4.0},{"damage":8.0,"enemies":"The Mushroom Lair","floor":13.0,"turns":3.0},{"damage":28,"enemies":"Hexaghost","floor":16,"turns":12}],"seed_played":"-5296689833284309513","potions_obtained":[{"floor":2.0,"key":"SpeedPotion"},{"floor":8.0,"key":"Explosive Potion"},{"floor":11.0,"key":"Fire Potion"}],"is_trial":false,"path_per_floor":["M","M","?","M","T","R","E","M","T","$","E","?","?","$","R","B"],"character_chosen":"IRONCLAD","items_purchased":["Shockwave","Inflame"],"campfire_rested":0,"item_purchase_floors":[10,14],"current_hp_per_floor":[68,62,62,60,60,60,29,17,17,17,23,23,23,23,23,0,0],"gold":54,"neow_bonus":"ONE_RARE_RELIC","is_daily":false,"chose_seed":false,"campfire_upgraded":2,"win_rate":0.0,"timestamp":1612591847,"path_taken":["M","?","?","M","?","R","E","?","T","$","E","?","?","$","R","BOSS"],"items_purchased_type":["Card","Card"],"build_version":"2020-12-22","purchased_purges":1,"victory":false,"max_hp_per_floor":[75,75,75,75,75,75,75,75,75,75,75,68,70,70,70,70,70],"card_choices":[{"not_picked":["True Grit","Clothesline"],"picked":"Whirlwind","floor":1.0},{"not_picked":["Havoc","Shrug It Off"],"picked":"Carnage","floor":2.0},{"not_picked":["Twin Strike","Sentinel"],"picked":"Flame Barrier","floor":4.0},{"not_picked":["Cleave","Rampage"],"picked":"Pummel","floor":7.0},{"not_picked":["Sword Boomerang","Headbutt"],"picked":"Battle Trance","floor":8.0},{"not_picked":["Dropkick","Demon Form"],"picked":"Barricade","floor":11.0},{"not_picked":["Headbutt","Perfected Strike","Sword Boomerang"],"picked":"Singing Bowl","floor":13.0}],"player_experience":413771,"relics_obtained":[{"floor":5.0,"key":"Matryoshka"},{"floor":7.0,"key":"Turnip"},{"floor":9.0,"key":"Mummified Hand"},{"floor":9.0,"key":"Orichalcum"},{"floor":11.0,"key":"Singing Bowl"},{"floor":13.0,"key":"Odd Mushroom"}],"event_choices":[{"damage_healed":0.0,"max_hp_gain":0.0,"max_hp_loss":0.0,"gold_gain":0.0,"event_name":"Liars Game","player_choice":"Ignored","floor":3.0,"gold_loss":0.0,"damage_taken":0.0},{"damage_healed":0.0,"max_hp_gain":0.0,"max_hp_loss":7.0,"gold_gain":0.0,"event_name":"Golden Idol","player_choice":"Lose Max HP","floor":12.0,"gold_loss":0.0,"damage_taken":0.0,"relics_obtained":["Golden Idol"]},{"damage_healed":0.0,"max_hp_gain":0.0,"max_hp_loss":0.0,"gold_gain":0.0,"event_name":"Mushrooms","player_choice":"Fought Mushrooms","floor":13.0,"gold_loss":0.0,"damage_taken":0.0}],"is_beta":false,"boss_relics":[],"items_purged_floors":[10],"is_endless":false,"potions_floor_spawned":[2,8,11,13],"killed_by":"Hexaghost","ascension_level":15}}