{"host":"4nqeo0vu1vuav7gg","time":1612569758,"event":{"mods":["AchievementEnabler","BaseMod","Block Reminder","Colored Map","Colored Powertips","Highlight Path","Minty Spire (QoL Compilation)","Quick Restart","Rare Cards Sparkle","Relic Relevance Reorder","StSLib"],"gold_per_floor":[112,112,112,126,51,51,51,81,104,104,118,138,156,173,173,252,252,263,188,204,204,218,218,236,236,236,236,255,255,255,47,47,124,124,142,142,142,142,160,160,160],"floor_reached":40,"language":"ENG","playtime":1103,"items_purged":[],"score":847,"play_id":"68adabe7-3805-454e-8a9a-34d86f0f52c1","local_time":"20210206010238","is_ascension_mode":true,"campfire_choices":[{"data":"Tempest","floor":6.0,"key":"SMITH"},{"data":"Zap","floor":10.0,"key":"SMITH"},{"data":"White Noise","floor":15.0,"key":"SMITH"},{"floor":23.0,"key":"REST"},{"floor":25.0,"key":"REST"},{"data":"Biased Cognition","floor":27.0,"key":"SMITH"},{"floor":32.0,"key":"REST"}],"circlet_count":0,"master_deck":["AscendersBane","Zap+1","Dualcast","Tempest+1","Ball Lightning","Storm","White Noise+1","Chill","Biased Cognition","Cold Snap","White Noise+1","Ball Lightning","Biased Cognition+1","Defragment+1","Defragment+1","Fission","Reinforced Body","Thunder Strike","Barrage","Ball Lightning","BootSequence","Reboot","Double Energy+1"],"relics":["Cracked Core","Art of War","Lantern","HornCleat","NeowsBlessing","Bronze Scales","PreservedInsect","Black Star","Frozen Egg 2","Pandora\u0027s Box"],"acts_visited":["Exordium","TheCity","TheBeyond"],"potions_floor_usage":[],"damage_taken":[{"damage":0.0,"enemies":"Cultist","floor":1.0,"turns":1.0},{"damage":0.0,"enemies":"Jaw Worm","floor":4.0,"turns":1.0},{"damage":0.0,"enemies":"Lagavulin","floor":8.0,"turns":1.0},{"damage":0.0,"enemies":"2 Louse","floor":11.0,"turns":1.0},{"damage":6.0,"enemies":"Looter","floor":12.0,"turns":1.0},{"damage":8.0,"enemies":"Blue Slaver","floor":13.0,"turns":2.0},{"damage":2.0,"enemies":"Exordium Wildlife","floor":14.0,"turns":2.0},{"damage":34.0,"enemies":"Hexaghost","floor":16.0,"turns":9.0},{"damage":0.0,"enemies":"Spheric Guardian","floor":18.0,"turns":3.0},{"damage":11.0,"enemies":"Shell Parasite","floor":20.0,"turns":3.0},{"damage":30.0,"enemies":"Cultist and Chosen","floor":22.0,"turns":7.0},{"damage":10.0,"enemies":"Snake Plant","floor":24.0,"turns":2.0},{"damage":6.0,"enemies":"Centurion and Healer","floor":28.0,"turns":4.0},{"damage":51,"enemies":"Collector","floor":33,"turns":8},{"damage":0,"enemies":"Orb Walker","floor":35,"turns":3},{"damage":17,"enemies":"3 Darklings","floor":39,"turns":4},{"damage":50,"enemies":"Giant Head","floor":40,"turns":5}],"seed_played":"-4825294414778716574","potions_obtained":[{"floor":1.0,"key":"SneckoOil"},{"floor":8.0,"key":"Strength Potion"},{"floor":12.0,"key":"Strength Potion"},{"floor":16.0,"key":"SkillPotion"},{"floor":20.0,"key":"FearPotion"},{"floor":24.0,"key":"SpeedPotion"}],"is_trial":false,"path_per_floor":["M","?","?","M","?","R","T","E","T","R","M","M","M","M","R","B",null,"M","?","M","?","M","R","M","R","T","R","M","?","?","$","R","B",null,"M","?","?","?","M","E"],"character_chosen":"DEFECT","items_purchased":["PreservedInsect","Defragment+1"],"campfire_rested":3,"item_purchase_floors":[31,31],"current_hp_per_floor":[64,64,64,64,64,64,64,64,64,64,64,58,50,48,48,14,57,57,57,46,46,16,37,27,48,48,48,42,42,42,42,63,12,56,56,56,56,56,39,0,0],"gold":160,"neow_bonus":"THREE_ENEMY_KILL","is_daily":false,"chose_seed":false,"campfire_upgraded":4,"win_rate":0.0,"timestamp":1612569758,"path_taken":["M","?","?","M","?","R","?","E","T","R","M","M","M","?","R","BOSS","M","?","M","?","?","R","M","R","T","R","?","?","?","$","R","BOSS","M","?","?","?","?","E"],"items_purchased_type":["Relic","Card"],"build_version":"2020-12-22","purchased_purges":0,"victory":false,"max_hp_per_floor":[71,71,71,71,71,71,71,71,71,71,71,71,71,71,71,71,71,71,71,71,71,71,71,71,71,71,71,71,71,71,71,71,71,71,71,71,71,71,71,71,71],"card_choices":[{"not_picked":["Coolheaded","Leap"],"picked":"Tempest","floor":1.0},{"not_picked":["Chaos","Turbo"],"picked":"Ball Lightning","floor":4.0},{"not_picked":["Steam","Rebound"],"picked":"Storm","floor":8.0},{"not_picked":["Auto Shields","Force Field","Coolheaded"],"picked":"SKIP","floor":11.0},{"not_picked":["Steam","Compile Driver"],"picked":"White Noise","floor":12.0},{"not_picked":["Redo","Scrape"],"picked":"Chill","floor":13.0},{"not_picked":["Leap","Go for the Eyes"],"picked":"Cold Snap","floor":14.0},{"not_picked":["Seek","All For One"],"picked":"Biased Cognition","floor":16.0},{"not_picked":["Steam","Rebound"],"picked":"Cold Snap","floor":18.0},{"not_picked":["Steam Power","Tempest"],"picked":"White Noise+1","floor":20.0},{"not_picked":["Coolheaded","Redo"],"picked":"Ball Lightning","floor":22.0},{"not_picked":["Barrage","Tempest+1"],"picked":"Biased Cognition","floor":24.0},{"not_picked":["Glacier","Cold Snap+1"],"picked":"Defragment+1","floor":28.0},{"not_picked":["Multi-Cast","Biased Cognition+1"],"picked":"Fission","floor":33},{"not_picked":["Redo","Gash"],"picked":"BootSequence","floor":35},{"not_picked":["Fusion","Rebound"],"picked":"Double Energy+1","floor":39}],"player_experience":1093723,"relics_obtained":[{"floor":7.0,"key":"HornCleat"},{"floor":8.0,"key":"Art of War"},{"floor":9.0,"key":"Bronze Scales"},{"floor":26.0,"key":"Frozen Egg 2"}],"event_choices":[{"damage_healed":0.0,"max_hp_gain":0.0,"max_hp_loss":0.0,"gold_gain":0.0,"event_name":"Big Fish","player_choice":"Box","floor":2.0,"gold_loss":0.0,"damage_taken":0.0,"relics_obtained":["Lantern"],"cards_obtained":["Regret"]},{"cards_removed":["Regret"],"damage_healed":0.0,"max_hp_gain":0.0,"max_hp_loss":0.0,"gold_gain":0.0,"event_name":"Living Wall","player_choice":"Forget","floor":3.0,"gold_loss":0.0,"damage_taken":0.0},{"cards_removed":["Strike_B"],"damage_healed":0.0,"max_hp_gain":0.0,"max_hp_loss":0.0,"gold_gain":0.0,"event_name":"The Cleric","player_choice":"Card Removal","floor":5.0,"gold_loss":75.0,"damage_taken":0.0},{"cards_removed":["Strike_B"],"damage_healed":0.0,"max_hp_gain":0.0,"max_hp_loss":0.0,"gold_gain":0.0,"event_name":"Beggar","player_choice":"Gave Gold","floor":19.0,"gold_loss":75.0,"damage_taken":0.0},{"damage_healed":0.0,"max_hp_gain":0.0,"max_hp_loss":0.0,"gold_gain":0.0,"event_name":"Match and Keep!","player_choice":"0 cards matched","floor":21.0,"gold_loss":0.0,"damage_taken":0.0,"cards_obtained":[]},{"damage_healed":0.0,"max_hp_gain":0.0,"max_hp_loss":0.0,"gold_gain":0.0,"event_name":"Vampires","player_choice":"Ignored","floor":29.0,"gold_loss":0.0,"damage_taken":0.0},{"cards_removed":["Strike_B"],"damage_healed":0.0,"max_hp_gain":0.0,"max_hp_loss":0.0,"gold_gain":0.0,"event_name":"Back to Basics","player_choice":"Elegance","floor":30.0,"gold_loss":0.0,"damage_taken":0.0},{"damage_healed":0,"gold_gain":0,"player_choice":"Ignored","damage_taken":0,"max_hp_gain":0,"max_hp_loss":0,"event_name":"Tomb of Lord Red Mask","floor":36,"gold_loss":0},{"cards_removed":["Cold Snap"],"damage_healed":0,"gold_gain":0,"player_choice":"Removed Attack","damage_taken":0,"max_hp_gain":0,"max_hp_loss":0,"event_name":"Falling","floor":37,"gold_loss":0},{"damage_healed":0,"gold_gain":0,"cards_transformed":["FTL"],"player_choice":"Transformed","damage_taken":0,"max_hp_gain":0,"max_hp_loss":0,"event_name":"Transmorgrifier","floor":38,"gold_loss":0,"cards_obtained":["Reboot"]}],"is_beta":false,"boss_relics":[{"not_picked":["Runic Dome","Ectoplasm"],"picked":"Black Star"},{"not_picked":["SlaversCollar","Calling Bell"],"picked":"Pandora\u0027s Box"}],"items_purged_floors":[],"is_endless":false,"potions_floor_spawned":[1,8,12,16,20,24],"killed_by":"Giant Head","ascension_level":20}}