{"host":"rx3fqeecbcmic2ko","time":1612642232,"event":{"mods":["BaseMod","Better Sensory Stone","Disable Question Mark Monsters","Energized Spire","Hyrulean Relics","Minty Spire (QoL Compilation)","Quick Restart","Relic Filter","Small Relic Pack","StSLib","The Wild Card"],"gold_per_floor":[109,109,71,71,87,115,76,76,76,126,126,145,145,161,161,284,284,304,304,319,319,319,339,339,352,352,372,153,153,6,25,25,124,124,143,143,143,154,154,154],"floor_reached":39,"language":"ENG","playtime":1336,"items_purged":[],"score":404,"play_id":"2cdcbbfd-8c23-470b-a4ff-e3ee7e905cf3","local_time":"20210206151032","is_ascension_mode":false,"campfire_choices":[{"data":"theWildCard:Odin","floor":11,"key":"SMITH"},{"data":"Crippling Poison","floor":13,"key":"SMITH"},{"data":"Cloak And Dagger","floor":15,"key":"SMITH"},{"data":"Envenom","floor":24,"key":"SMITH"},{"floor":29,"key":"REST"},{"data":"relicPack:StarPlatinum","floor":32,"key":"SMITH"}],"circlet_count":0,"master_deck":["Strike_G","Strike_G","Strike_G","Strike_G","Strike_G","Defend_G","Defend_G","Defend_G","Defend_G","Defend_G","Survivor","Neutralize","Dash","theWildCard:Odin+1","Dagger Spray","Crippling Poison+1","Finisher","Prepared","Cloak And Dagger+1","Envenom+1","relicPack:StarPlatinum+1","Deflect+1","Noxious Fumes","Deadly Poison","Caltrops+1","Accuracy","Slice","Poisoned Stab","Bane","Blade Dance"],"relics":["energizedSpire:NeverEndingSparkler","Omamori","Bloody Idol","relicPack:DarknessArmor","relicPack:StarArrow","Pear","Lantern","Tiny Chest","WristBlade","relicPack:DSword"],"acts_visited":["Exordium","TheCity","TheBeyond"],"potions_floor_usage":[20],"damage_taken":[{"damage":0,"enemies":"2 Louse","floor":1,"turns":3},{"damage":0,"enemies":"Small Slimes","floor":5,"turns":3},{"damage":0,"enemies":"Lagavulin","floor":6,"turns":8},{"damage":0,"enemies":"Jaw Worm","floor":12,"turns":3},{"damage":1,"enemies":"Large Slime","floor":14,"turns":4},{"damage":7,"enemies":"Hexaghost","floor":16,"turns":14},{"damage":0,"enemies":"Shell Parasite","floor":18,"turns":4},{"damage":13,"enemies":"Spheric Guardian","floor":20,"turns":6},{"damage":2,"enemies":"Centurion and Healer","floor":23,"turns":7},{"damage":2,"enemies":"Sentry and Sphere","floor":25,"turns":6},{"damage":16,"enemies":"Cultist and Chosen","floor":27,"turns":7},{"damage":8,"enemies":"Centurion and Healer","floor":31,"turns":4},{"damage":51,"enemies":"Automaton","floor":33,"turns":10},{"damage":29,"enemies":"3 Darklings","floor":35,"turns":6},{"damage":6,"enemies":"Orb Walker","floor":38,"turns":3},{"damage":20,"enemies":"3 Darklings","floor":39,"turns":2}],"seed_played":"-8446359695314954826","potions_obtained":[{"floor":1,"key":"PowerPotion"},{"floor":5,"key":"LiquidBronze"},{"floor":12,"key":"PowerPotion"},{"floor":14,"key":"GamblersBrew"},{"floor":20,"key":"Poison Potion"},{"floor":22,"key":"GhostInAJar"},{"floor":22,"key":"Block Potion"}],"is_trial":false,"path_per_floor":["M","?","?","?","M","E","$","?","T","?","R","M","R","M","R","B",null,"M","?","M","?","?","M","R","M","T","M","$","R","$","M","R","B",null,"M","?","?","M","M"],"character_chosen":"THE_SILENT","items_purchased":["Finisher","Lantern","Accuracy","Tiny Chest"],"campfire_rested":1,"item_purchase_floors":[7,28,28,30],"current_hp_per_floor":[70,63,63,63,63,63,63,63,63,63,63,63,63,62,62,55,70,70,70,62,62,62,65,65,68,78,67,67,80,80,77,77,31,80,56,21,21,20,0,0],"gold":154,"neow_bonus":"BOSS_RELIC","is_daily":false,"chose_seed":false,"campfire_upgraded":5,"win_rate":0.0,"timestamp":1612642232,"path_taken":["M","?","?","?","M","E","$","?","T","?","R","M","R","M","R","BOSS","M","?","M","?","?","M","R","M","T","?","?","R","$","M","R","BOSS","M","?","?","M","M"],"items_purchased_type":["Card","Relic","Card","Relic"],"build_version":"2020-12-22","purchased_purges":0,"victory":false,"max_hp_per_floor":[70,70,70,70,70,70,70,70,70,70,70,70,70,70,70,70,70,70,70,70,70,70,70,70,70,80,80,80,80,80,80,80,80,80,80,80,80,80,80,80],"card_choices":[{"not_picked":["Flying Knee","Prepared"],"picked":"Dash","floor":1},{"not_picked":["Well Laid Plans","Tactician"],"picked":"Dagger Spray","floor":5},{"not_picked":["Escape Plan","Dodge and Roll"],"picked":"Crippling Poison","floor":6},{"not_picked":["Dash","Dagger Spray"],"picked":"Prepared","floor":12},{"not_picked":["Outmaneuver","Endless Agony"],"picked":"Cloak And Dagger","floor":14},{"not_picked":["Night Terror","Adrenaline"],"picked":"Envenom","floor":16},{"not_picked":["Dodge and Roll","Eviscerate"],"picked":"Deflect+1","floor":18},{"not_picked":["Heel Hook","Sucker Punch","Cloak And Dagger"],"picked":"SKIP","floor":20},{"not_picked":["Quick Slash+1","Bane"],"picked":"Deadly Poison","floor":23},{"not_picked":["Backflip","Flying Knee"],"picked":"Caltrops+1","floor":25},{"not_picked":["Endless Agony","Noxious Fumes","PiercingWail"],"picked":"SKIP","floor":27},{"not_picked":["Quick Slash","Backflip"],"picked":"Slice","floor":31},{"not_picked":["Venomology","Storm of Steel"],"picked":"Unload","floor":33},{"not_picked":["Concentrate","Expertise+1"],"picked":"Poisoned Stab","floor":35},{"not_picked":["Backflip","PiercingWail"],"picked":"Blade Dance","floor":38}],"player_experience":97302,"relics_obtained":[{"floor":6,"key":"Omamori"},{"floor":9,"key":"relicPack:DarknessArmor"},{"floor":26,"key":"Pear"}],"event_choices":[{"damage_healed":0,"gold_gain":0,"player_choice":"Fled","damage_taken":7,"max_hp_gain":0,"max_hp_loss":0,"event_name":"Scrap Ooze","floor":2,"gold_loss":0},{"damage_healed":0,"gold_gain":0,"player_choice":"Left Gold","damage_taken":0,"max_hp_gain":0,"max_hp_loss":0,"event_name":"World of Goop","floor":3,"gold_loss":38},{"damage_healed":0,"gold_gain":0,"player_choice":"Take Wound","damage_taken":0,"relics_obtained":["Golden Idol"],"max_hp_gain":0,"max_hp_loss":0,"event_name":"Golden Idol","floor":8,"gold_loss":0,"cards_obtained":["Injury"]},{"damage_healed":0,"gold_gain":50,"player_choice":"Gained Gold","damage_taken":0,"max_hp_gain":0,"max_hp_loss":0,"event_name":"Golden Wing","floor":10,"gold_loss":0},{"damage_healed":0,"gold_gain":0,"player_choice":"Gave Idol","damage_taken":0,"relics_obtained":["Bloody Idol"],"max_hp_gain":0,"max_hp_loss":0,"event_name":"Forgotten Altar","floor":19,"relics_lost":["Golden Idol"],"gold_loss":0},{"damage_healed":0,"gold_gain":0,"player_choice":"Read","damage_taken":0,"max_hp_gain":0,"max_hp_loss":0,"event_name":"The Library","floor":21,"gold_loss":0,"cards_obtained":["Noxious Fumes"]},{"damage_healed":0,"gold_gain":0,"player_choice":"Got Potions","damage_taken":0,"max_hp_gain":0,"max_hp_loss":0,"event_name":"Lab","floor":22,"gold_loss":0},{"damage_healed":0,"gold_gain":0,"cards_transformed":["Unload"],"player_choice":"Transformed","damage_taken":0,"max_hp_gain":0,"max_hp_loss":0,"event_name":"Transmorgrifier","floor":37,"gold_loss":0,"cards_obtained":["Bane"]}],"is_beta":false,"boss_relics":[{"not_picked":["energizedSpire:EnergizedDie","energizedSpire:StickyHand"],"picked":"relicPack:StarArrow"},{"not_picked":["SacredBark","SlaversCollar"],"picked":"WristBlade"}],"items_purged_floors":[],"is_endless":false,"potions_floor_spawned":[1,5,12,14,20,23,27],"killed_by":"3 Darklings","ascension_level":0}}