{"host":"vyjryxuuuxkt43k4","time":1612610309,"event":{"mods":["AchievementEnabler","BaseMod","Colored Map","DeckTracker","Highlight Path","Keyboard Shortcuts","Minty Spire (QoL Compilation)","Permanent Neow","Quick Restart","Relic Stats","StSLib","SuperFastMode","everything is the same but u backflip on backflip"],"gold_per_floor":[118,118,136,61,71,71,88,120,146,146,146],"floor_reached":10,"language":"KOR","playtime":267,"items_purged":[],"score":129,"play_id":"36e5d248-0b85-4296-aa24-df77d0e22715","local_time":"20210206201829","is_ascension_mode":true,"campfire_choices":[{"data":"Eruption","floor":6,"key":"SMITH"}],"circlet_count":0,"master_deck":["AscendersBane","Strike_P","Strike_P","Strike_P","Defend_P","Defend_P","Defend_P","Defend_P","Eruption+1","Vigilance","BowlingBash","WreathOfFlame","TalkToTheHand","PathToVictory","Study"],"relics":["Sozu","Ancient Tea Set","Regal Pillow"],"acts_visited":["Exordium"],"potions_floor_usage":[],"damage_taken":[{"damage":0.0,"enemies":"Cultist","floor":1.0,"turns":3.0},{"damage":12,"enemies":"Small Slimes","floor":3,"turns":3},{"damage":0,"enemies":"Jaw Worm","floor":5,"turns":3},{"damage":6,"enemies":"Large Slime","floor":7,"turns":4},{"damage":35,"enemies":"3 Sentries","floor":8,"turns":11},{"damage":17,"enemies":"Gremlin Nob","floor":10,"turns":2}],"seed_played":"2018808441304240059","potions_obtained":[],"is_trial":false,"path_per_floor":["M","?","M","?","M","R","M","E","T","E"],"character_chosen":"WATCHER","items_purchased":[],"campfire_rested":0,"item_purchase_floors":[],"current_hp_per_floor":[61,61,49,49,49,49,43,8,8,0,0],"gold":146,"neow_bonus":"BOSS_RELIC","is_daily":false,"chose_seed":false,"campfire_upgraded":1,"win_rate":0.0,"timestamp":1612610309,"path_taken":["M","?","M","?","M","R","M","E","T","E"],"items_purchased_type":[],"build_version":"2020-12-22","purchased_purges":0,"victory":false,"max_hp_per_floor":[68,68,68,68,68,68,68,68,68,68,68],"relic_stats":{"Sozu":1,"Regal Pillow":0,"counters":[6,26],"obtain_stats":[{"Sozu":0,"Regal Pillow":9,"PureWater":0,"Ancient Tea Set":8},{"Sozu":0,"Regal Pillow":5,"PureWater":0,"Ancient Tea Set":5},{"Sozu":0,"Regal Pillow":24,"PureWater":0,"Ancient Tea Set":24}]},"card_choices":[{"not_picked":["FlurryOfBlows","ClearTheMind"],"picked":"BowlingBash","floor":1.0},{"not_picked":["EmptyBody","SashWhip"],"picked":"WreathOfFlame","floor":3},{"not_picked":["Wallop","Weave"],"picked":"TalkToTheHand","floor":5},{"not_picked":["BowlingBash","Consecrate"],"picked":"PathToVictory","floor":7},{"not_picked":["BowlingBash","Prostrate"],"picked":"Study","floor":8}],"player_experience":797620,"relics_obtained":[{"floor":8,"key":"Ancient Tea Set"},{"floor":9,"key":"Regal Pillow"}],"event_choices":[{"damage_healed":0.0,"max_hp_gain":0.0,"max_hp_loss":0.0,"gold_gain":0.0,"event_name":"Liars Game","player_choice":"Ignored","floor":2.0,"gold_loss":0.0,"damage_taken":0.0},{"cards_removed":["Strike_P"],"damage_healed":0,"gold_gain":0,"player_choice":"Card Removal","damage_taken":0,"max_hp_gain":0,"max_hp_loss":0,"event_name":"The Cleric","floor":4,"gold_loss":75}],"is_beta":false,"boss_relics":[],"items_purged_floors":[],"is_endless":false,"potions_floor_spawned":[8],"killed_by":"Gremlin Nob","ascension_level":18}}