{"host":"1ecbliur7lfoj0sl","time":1612578621,"event":{"mods":["BaseMod","Minty Spire (QoL Compilation)","StSLib","The Animator","Waifu the Spire"],"gold_per_floor":[109,184,184,184,201,201,265,289,343,393,424,38,65,78,78,183,183,167,247,297,358,320,320,331,363,363,392,542,279,279,289,289,393,393,410,257,307,357,418,446,446,459,459,459,509,584,451,479,479,479,479,479,543,593,648,719,719,238,313,393,393,150,245,245,487,166,281,281,285],"floor_reached":70,"language":"ZHS","playtime":8177,"items_purged":["animator:Strike","animator:Defend","animator:Strike_HitsugiNoChaika","animator:Defend_HitsugiNoChaika+1","animator:Entoma+16"],"score":1340,"play_id":"f61f955d-9272-4c28-b03d-bf4b84860202","local_time":"20210206103021","is_ascension_mode":true,"campfire_choices":[{"data":"animator:AcuraAkari","floor":6.0,"key":"SMITH"},{"data":"animator:Pride","floor":15.0,"key":"SMITH"},{"data":"animator:FeridBathory","floor":23.0,"key":"SMITH"},{"data":"animator:Kaijin","floor":30.0,"key":"SMITH"},{"data":"animator:Ara","floor":32.0,"key":"SMITH"},{"data":"Iron Wave","floor":41.0,"key":"SMITH"},{"floor":44.0,"key":"RECALL"},{"data":"animator:MumenRider","floor":49.0,"key":"SMITH"},{"data":"animator:Geryuganshoop","floor":52.0,"key":"SMITH"},{"floor":68,"key":"REST"}],"circlet_count":0,"master_deck":["animator:AcuraAkari+1","animator:Gillette+1","animator:Rimuru","animator:ChaikaBohdan+1","animator:Ara+1","animator:Pride+1","animator:Boros+1","Iron Wave+1","animator:FeridBathory+1","animator:Vesta+1","animator:Kaijin+1","animator:Geryuganshoop+1","animator:Envy+1","animator:HigakiRinne+1","animator:WinryRockbell+1","animator:Emonzaemon+1","animator:MumenRider+1","animator:TsurugaMeisai+1","animator:DolaRiku+1","animator:MumenRider+1","animator:Shiro+1","animator:Hitei+1"],"relics":["animator:TheWolleyCore","animator:LivingPicture","animator:TheMissingPiece","animator:AncientMedallion"],"acts_visited":["Exordium","TheCity","TheBeyond","TheEnding","EYB:TheUnnamedReign"],"potions_floor_usage":[59,59,63],"damage_taken":[{"damage":11.0,"enemies":"Jaw Worm","floor":1.0,"turns":3.0},{"damage":0.0,"enemies":"2 Louse","floor":5.0,"turns":2.0},{"damage":1.0,"enemies":"Cultist","floor":7.0,"turns":3.0},{"damage":8.0,"enemies":"Large Slime","floor":8.0,"turns":4.0},{"damage":13.0,"enemies":"Lagavulin","floor":11.0,"turns":4.0},{"damage":0.0,"enemies":"2 Fungi Beasts","floor":13.0,"turns":4.0},{"damage":1.0,"enemies":"Red Slaver","floor":14.0,"turns":3.0},{"damage":12.0,"enemies":"Hexaghost","floor":16.0,"turns":6.0},{"damage":2.0,"enemies":"2 Thieves","floor":18.0,"turns":4.0},{"damage":14.0,"enemies":"Masked Bandits","floor":19.0,"turns":4.0},{"damage":0.0,"enemies":"Chosen","floor":21.0,"turns":3.0},{"damage":17.0,"enemies":"Snake Plant","floor":24.0,"turns":4.0},{"damage":37.0,"enemies":"animator:HornedBat","floor":25.0,"turns":9.0},{"damage":0.0,"enemies":"Book of Stabbing","floor":27.0,"turns":6.0},{"damage":0.0,"enemies":"Cultist and Chosen","floor":31.0,"turns":5.0},{"damage":25.0,"enemies":"Automaton","floor":33.0,"turns":7.0},{"damage":4.0,"enemies":"Orb Walker","floor":35.0,"turns":4.0},{"damage":11.0,"enemies":"3 Shapes","floor":39.0,"turns":4.0},{"damage":3.0,"enemies":"Nemesis","floor":40.0,"turns":7.0},{"damage":0.0,"enemies":"Sphere and 2 Shapes","floor":42.0,"turns":5.0},{"damage":9.0,"enemies":"3 Darklings","floor":46.0,"turns":6.0},{"damage":0.0,"enemies":"Giant Head","floor":48.0,"turns":6.0},{"damage":55.0,"enemies":"Time Eater","floor":50.0,"turns":7.0},{"damage":78.0,"enemies":"animator:TRIPLE_SHAPES_WEAK","floor":54.0,"turns":7.0},{"damage":4.0,"enemies":"animator:UNNAMED_HAT","floor":55.0,"turns":12.0},{"damage":28,"enemies":"animator:LARGE_CRYSTAL","floor":59,"turns":7},{"damage":5,"enemies":"animator:TRIPLE_LAGAVULIN","floor":60,"turns":8},{"damage":0,"enemies":"animator:ULTIMATE_WISP","floor":63,"turns":6},{"damage":0,"enemies":"animator:ULTIMATE_CUBE","floor":67,"turns":6}],"seed_played":"-837867907872884719","potions_obtained":[{"floor":7.0,"key":"SpeedPotion"},{"floor":11.0,"key":"LiquidBronze"},{"floor":13.0,"key":"LiquidBronze"},{"floor":14.0,"key":"Fruit Juice"},{"floor":16.0,"key":"Dexterity Potion"},{"floor":19.0,"key":"EntropicBrew"},{"floor":21.0,"key":"Ancient Potion"},{"floor":24.0,"key":"AttackPotion"},{"floor":25.0,"key":"PowerPotion"},{"floor":27.0,"key":"GamblersBrew"},{"floor":33.0,"key":"DuplicationPotion"},{"floor":46.0,"key":"SkillPotion"},{"floor":54.0,"key":"animator:FalseLifePotion"},{"floor":55.0,"key":"animator:FalseLifePotion"},{"floor":59,"key":"animator:FalseLifePotion"},{"floor":60,"key":"animator:FalseLifePotion"},{"floor":63,"key":"animator:FalseLifePotion"},{"floor":67,"key":"animator:FalseLifePotion"}],"is_trial":false,"path_per_floor":["M","?","?","?","M","R","M","M","T","?","E","$","M","M","R","B",null,"M","?","?","M","$","R","M","E","T","E","?","$","R","M","R","B",null,"M","$","?","?","M","E","R","M","T","R","?","M","$","E","R","B",null,"R","??","M","M","T","?","$","M","M","?","$","E","T","?","$","E","R","B",null],"character_chosen":"THE_ANIMATOR","items_purchased":["Membership Card","Oddly Smooth Stone","animator:OldCoffin","animator:Vesta","Mummified Hand","Sling","animator:Envy","animator:MumenRider","animator:TsurugaMeisai","animator:AncientMedallion","animator:AncientMedallion","animator:AncientMedallion","animator:AncientMedallion","animator:Hitei"],"campfire_rested":1,"item_purchase_floors":[12,12,12,22,29,29,36,47,47,58,58,62,66,66],"current_hp_per_floor":[55,44,41,41,43,43,44,38,38,31,18,18,20,26,26,16,83,81,69,69,74,74,74,59,30,30,36,36,36,36,38,38,19,93,91,91,79,79,71,70,70,72,72,72,72,65,65,65,65,16,102,102,86,23,25,25,25,25,15,22,22,22,34,34,34,34,58,83,86],"gold":285,"neow_bonus":"ONE_RANDOM_RARE_CARD","is_daily":false,"chose_seed":false,"campfire_upgraded":8,"win_rate":0.0,"timestamp":1612578621,"path_taken":["M","?","?","?","M","R","?","M","T","?","E","$","M","M","R","BOSS","M","?","?","?","?","R","M","E","T","E","?","$","R","M","R","BOSS","M","$","?","?","?","E","R","M","T","R","?","?","$","E","R","BOSS","R","??","M","M","T","?","$","M","M","?","$","E","T","?","$","E","R","BOSS"],"items_purchased_type":["Relic","Relic","Relic","Card","Relic","Relic","Card","Card","Card","Relic","Relic","Relic","Relic","Card"],"build_version":"2020-12-22","purchased_purges":5,"victory":true,"max_hp_per_floor":[66,66,66,66,68,68,70,72,72,72,72,72,74,81,81,83,83,83,85,85,87,87,87,89,91,91,91,91,91,91,93,93,93,93,93,93,93,93,96,98,98,100,100,100,100,102,102,102,102,102,102,102,86,86,86,86,86,86,86,86,86,86,86,86,86,86,86,86,86],"card_choices":[{"not_picked":["animator:Shuna","animator:Hakurou"],"picked":"animator:Entoma","floor":1.0},{"not_picked":["animator:Mitsuba","animator:Chung","animator:Shigure"],"picked":"SKIP","floor":5.0},{"not_picked":["animator:MaesHughes","animator:Benimaru","animator:ChaikaTrabant"],"picked":"SKIP","floor":7.0},{"not_picked":["animator:Guy","animator:AcuraTooru"],"picked":"animator:ChaikaBohdan","floor":8.0},{"not_picked":["animator:HiiragiShinya","animator:Viivi"],"picked":"animator:Ara","floor":11.0},{"not_picked":["animator:TsurugaMeisai","animator:Kaijin"],"picked":"animator:Pride","floor":13.0},{"not_picked":["animator:Sloth","animator:MaesHughes","animator:Konayuki"],"picked":"SKIP","floor":14.0},{"not_picked":["animator:Father","animator:Guren"],"picked":"animator:Boros","floor":16.0},{"not_picked":["animator:Shion","animator:Lu"],"picked":"animator:Entoma","floor":19.0},{"not_picked":["animator:DolaRiku","animator:Hakurou"],"picked":"animator:FeridBathory","floor":21.0},{"not_picked":["animator:Elsword+1","animator:KrulTepes","animator:Aisha"],"picked":"SKIP","floor":24.0},{"not_picked":["animator:GazelDwargon","animator:ElricEdward"],"picked":"animator:Kaijin","floor":25.0},{"not_picked":["animator:MumenRider","animator:SilverFang"],"picked":"animator:Geryuganshoop","floor":27.0},{"not_picked":["animator:Millim","animator:Nanami+1","animator:Ciel+1"],"picked":"SKIP","floor":31.0},{"not_picked":["animator:Millim","animator:Nanami+1","animator:Ciel+1"],"picked":"SKIP","floor":31.0},{"not_picked":["animator:NarberalGamma","animator:Laby","animator:Elsword"],"picked":"SKIP","floor":35.0},{"not_picked":["animator:Ara+1","animator:Jibril"],"picked":"animator:WinryRockbell+1","floor":39.0},{"not_picked":["animator:Souei","animator:Lu","animator:Yuuichirou"],"picked":"SKIP","floor":42.0},{"not_picked":["animator:MetalKnight+1","animator:Yuuichirou"],"picked":"animator:Emonzaemon","floor":46.0},{"not_picked":["animator:Ain+1","animator:ZankiKiguchi+1"],"picked":"animator:DolaRiku+1","floor":48.0},{"not_picked":["animator:MetalKnight","animator:Boros"],"picked":"animator:MumenRider","floor":54.0},{"not_picked":["animator:Ain","animator:Kaijin","animator:DolaCouronne"],"picked":"SKIP","floor":55.0},{"not_picked":["animator:ElricEdward+1","animator:ZankiKiguchi","animator:Ara+1"],"picked":"SKIP","floor":59},{"not_picked":["animator:AcuraTooru+1","animator:Benimaru","animator:Viivi"],"picked":"SKIP","floor":60},{"not_picked":["animator:Sora+1","animator:Albedo+1"],"picked":"animator:Shiro+1","floor":61},{"not_picked":["animator:Kaijin","animator:MetalKnight","animator:Aisha"],"picked":"SKIP","floor":67}],"player_experience":29143,"relics_obtained":[{"floor":11.0,"key":"White Beast Statue"},{"floor":19.0,"key":"Red Mask"},{"floor":25.0,"key":"Paper Crane"},{"floor":26.0,"key":"Matryoshka"},{"floor":27.0,"key":"War Paint"},{"floor":40.0,"key":"Frozen Egg 2"},{"floor":43.0,"key":"Bottled Tornado"},{"floor":43.0,"key":"TungstenRod"},{"floor":48.0,"key":"StoneCalendar"},{"floor":53.0,"key":"animator:TheWolleyCore"},{"floor":56.0,"key":"animator:AncientMedallion"},{"floor":63,"key":"animator:AncientMedallion"},{"floor":64,"key":"animator:AncientMedallion"},{"floor":67,"key":"animator:AncientMedallion"}],"event_choices":[{"damage_healed":0.0,"max_hp_gain":0.0,"max_hp_loss":0.0,"gold_gain":75.0,"event_name":"World of Goop","player_choice":"Gather Gold","floor":2.0,"gold_loss":0.0,"damage_taken":11.0},{"damage_healed":0.0,"max_hp_gain":0.0,"max_hp_loss":0.0,"gold_gain":0.0,"event_name":"Scrap Ooze","player_choice":"Success","floor":3.0,"gold_loss":0.0,"damage_taken":3.0,"relics_obtained":["animator:ShionDessert"]},{"damage_healed":0.0,"max_hp_gain":0.0,"max_hp_loss":0.0,"gold_gain":0.0,"event_name":"FaceTrader","player_choice":"Trade","floor":4.0,"gold_loss":0.0,"damage_taken":0.0,"relics_obtained":["SsserpentHead"]},{"cards_removed":["animator:Strike"],"damage_healed":0.0,"max_hp_gain":0.0,"max_hp_loss":0.0,"gold_gain":0.0,"event_name":"Golden Wing","player_choice":"Card Removal","floor":10.0,"gold_loss":0.0,"damage_taken":7.0},{"damage_healed":0.0,"max_hp_gain":0.0,"max_hp_loss":0.0,"gold_gain":0.0,"event_name":"Masked Bandits","player_choice":"Fought Bandits","floor":19.0,"gold_loss":0.0,"damage_taken":0.0},{"cards_removed":["animator:Strike"],"damage_healed":0.0,"max_hp_gain":0.0,"max_hp_loss":0.0,"gold_gain":0.0,"event_name":"NoteForYourself","player_choice":"Took Card","floor":20.0,"gold_loss":0.0,"damage_taken":0.0,"cards_obtained":["Iron Wave"]},{"damage_healed":0.0,"max_hp_gain":0.0,"max_hp_loss":0.0,"gold_gain":100.0,"event_name":"Golden Shrine","player_choice":"Pray","floor":28.0,"gold_loss":0.0,"damage_taken":0.0},{"damage_healed":0.0,"max_hp_gain":0.0,"max_hp_loss":0.0,"gold_gain":0.0,"event_name":"Winding Halls","player_choice":"Embrace Madness","floor":37.0,"gold_loss":0.0,"damage_taken":12.0,"cards_obtained":["animator:HigakiRinne"]},{"damage_healed":0.0,"max_hp_gain":0.0,"max_hp_loss":0.0,"gold_gain":0.0,"event_name":"Accursed Blacksmith","player_choice":"Forge","floor":38.0,"gold_loss":0.0,"damage_taken":0.0,"cards_upgraded":["animator:HigakiRinne"]},{"damage_healed":0.0,"max_hp_gain":0.0,"max_hp_loss":0.0,"gold_gain":0.0,"event_name":"SecretPortal","player_choice":"Ignored","floor":45.0,"gold_loss":0.0,"damage_taken":0.0}],"is_beta":false,"boss_relics":[{"not_picked":["Mark of Pain","SlaversCollar"],"picked":"animator:VividPicture"},{"not_picked":["Cursed Key","Velvet Choker"],"picked":"Empty Cage"}],"items_purged_floors":[12,22,29,36,47],"is_endless":false,"potions_floor_spawned":[7,11,13,14,16,18,19,21,24,25,27,31,33,35,39,40,42,46,48,59,63],"ascension_level":1}}