{"host":"4kmvpqjeiacgn1pr","time":1612655374,"event":{"mods":["A Penny For Your Troubles","AchievementEnabler","AlwaysNeverKeys","Aspiration","BaseMod","Bestiary","Better Altar","Better Match","Better Note","Better Sensory Stone","Better Skull","Better Third Choice","Better Vampires","BetterRewards","Colored Map","Colored Powertips","Conspire","Curses Come First","Downfall","Halation","Highlight Path","Infinite Spire","Minty Spire (QoL Compilation)","Permanent Neow","Quick Restart","Rare Cards Sparkle","Relic Sorter","Relic Stats","Replay The Spire","Reworked Bosses","Shop Mod","Smile Girya","Spicy Shops","Spikes Relics","StSLib","Waifu the Spire"],"gold_per_floor":[119,548,562,578,578,578,621,621,646,646,646,82,105,121,121,135,135],"floor_reached":16,"language":"ENG","playtime":539,"items_purged":[],"score":150,"play_id":"a9e8e924-c667-4630-a3d5-8dcb2525b601","local_time":"20210206184934","is_ascension_mode":true,"campfire_choices":[{"data":"Predator","floor":6,"key":"SMITH"},{"data":"Crippling Poison","floor":10,"key":"SMITH"},{"floor":15,"key":"DIG"}],"circlet_count":0,"master_deck":["AscendersBane","Strike_G","Strike_G","Strike_G","Strike_G","Defend_G","Defend_G","Defend_G","Defend_G","Defend_G","Survivor","Neutralize","Predator+1","Blade Dance","Cloak And Dagger","Crippling Poison+1","Outmaneuver","Deflect+1","ForeignInfluence","BowlingBash","Bullet Time"],"relics":["Replay:M_SmolderingBlood","aspiration:Nostalgia","Burning Blood","Omamori","RollingBoulder","Golden Idol","Singing Bowl","Akabeko","infinitespire:Cubic Diamond","halation:LostSnail","Strawberry","MealTicket","Replay:Bandana"],"acts_visited":["Exordium"],"potions_floor_usage":[7,16,16],"damage_taken":[{"damage":5,"enemies":"2 Louse","floor":1,"turns":3},{"damage":1,"enemies":"Cultist","floor":3,"turns":3},{"damage":0,"enemies":"Small Slimes","floor":4,"turns":3},{"damage":7,"enemies":"Lagavulin","floor":7,"turns":7},{"damage":5,"enemies":"3 Louse","floor":13,"turns":3},{"damage":0,"enemies":"Looter","floor":14,"turns":2},{"damage":32,"enemies":"The Guardian","floor":16,"turns":8}],"seed_played":"1339991261638587613","potions_obtained":[{"floor":3,"key":"Strength Potion"},{"floor":7,"key":"AttackPotion"},{"floor":13,"key":"PowerPotion"}],"is_trial":false,"path_per_floor":["M","?","M","M","?","R","E","?","T","R","?","$","M","M","R_BF","B"],"character_chosen":"THE_SILENT","items_purchased":["Deflect+1","ForeignInfluence","BowlingBash","halation:LostSnail","Strawberry","MealTicket"],"campfire_rested":0,"item_purchase_floors":[12,12,12,12,12,12],"current_hp_per_floor":[64,3,8,14,14,14,13,13,13,13,13,20,23,29,29,0,0],"gold":135,"neow_bonus":"NOSTALGIA","is_daily":false,"chose_seed":false,"campfire_upgraded":2,"win_rate":0.0,"timestamp":1612655374,"path_taken":["M","?","?","?","?","R","E","?","T","R","?","?","M","M","R_BF","BOSS"],"items_purchased_type":["Card","Card","Card","Relic","Relic","Relic"],"build_version":"2020-12-22","purchased_purges":0,"victory":false,"max_hp_per_floor":[70,70,70,70,65,65,65,65,65,65,65,72,74,74,74,74,74],"relic_stats":{"Singing Bowl":2,"counters":[7,29],"Golden Idol":17,"MealTicket":0,"obtain_stats":[{"Singing Bowl":7,"aspiration:Nostalgia":0,"Golden Idol":5,"infinitespire:Cubic Diamond":11,"Omamori":2,"Burning Blood":0,"Akabeko":9,"Replay:Bandana":15,"Replay:M_SmolderingBlood":11,"Strawberry":12,"RollingBoulder":2,"MealTicket":12,"halation:LostSnail":12,"Ring of the Snake":0},{"Singing Bowl":4,"aspiration:Nostalgia":0,"Golden Idol":3,"infinitespire:Cubic Diamond":4,"Omamori":1,"Burning Blood":0,"Akabeko":4,"Replay:Bandana":6,"Replay:M_SmolderingBlood":4,"Strawberry":4,"RollingBoulder":1,"MealTicket":4,"halation:LostSnail":4,"Ring of the Snake":0},{"Singing Bowl":16,"aspiration:Nostalgia":0,"Golden Idol":9,"infinitespire:Cubic Diamond":16,"Omamori":3,"Burning Blood":0,"Akabeko":16,"Replay:Bandana":21,"Replay:M_SmolderingBlood":16,"Strawberry":16,"RollingBoulder":3,"MealTicket":16,"halation:LostSnail":16,"Ring of the Snake":0}],"Burning Blood":36},"card_choices":[{"not_picked":["Flying Knee","Dodge and Roll"],"picked":"Predator","floor":1},{"not_picked":["Backflip","Infinite Blades"],"picked":"Blade Dance","floor":3},{"not_picked":["Dagger Spray","Quick Slash"],"picked":"Cloak And Dagger","floor":4},{"not_picked":["Deflect","ReplayTheSpireMod:Exploit Weakness"],"picked":"Crippling Poison","floor":7},{"not_picked":["Poisoned Stab","Dagger Throw","Acrobatics"],"picked":"Singing Bowl","floor":13},{"not_picked":["Outmaneuver","Cloak And Dagger"],"picked":"Bullet Time","floor":14}],"player_experience":448819,"relics_obtained":[{"floor":7,"key":"Singing Bowl"},{"floor":9,"key":"Akabeko"},{"floor":15,"key":"Replay:Bandana"}],"event_choices":[{"damage_healed":0,"gold_gain":429,"player_choice":"RE RE GO GO GO GO ","damage_taken":69,"relics_obtained":["Omamori","RollingBoulder"],"max_hp_gain":0,"max_hp_loss":0,"event_name":"betterSkull:BetterSkull","floor":2,"gold_loss":0,"cards_upgraded":[]},{"damage_healed":0,"gold_gain":0,"player_choice":"Lose Max HP","damage_taken":0,"relics_obtained":["Golden Idol"],"max_hp_gain":0,"max_hp_loss":5,"event_name":"Golden Idol","floor":5,"gold_loss":0},{"damage_healed":0,"gold_gain":0,"cards_transformed":["Strike_G"],"player_choice":"Change","damage_taken":0,"max_hp_gain":0,"max_hp_loss":0,"event_name":"Living Wall","floor":8,"gold_loss":0,"cards_obtained":["Outmaneuver"]}],"is_beta":false,"boss_relics":[],"items_purged_floors":[],"is_endless":false,"potions_floor_spawned":[3,7,13],"killed_by":"The Guardian","ascension_level":10}}