{"host":"vumwfieg2b2mnrfl","time":1612588813,"event":{"mods":["AchievementEnabler","BaseMod","Minty Spire (QoL Compilation)","Rare Cards Sparkle","Relic Stats"],"gold_per_floor":[109,259,334,66,66,66,99,99,99,116,132,132,158,158,158,158,158],"floor_reached":16,"language":"ENG","playtime":316,"items_purged":[],"score":262,"play_id":"2e0b50ac-5c5a-4357-97e2-a80b00692bf0","local_time":"20210205232013","is_ascension_mode":true,"campfire_choices":[{"data":"Neutralize","floor":6.0,"key":"SMITH"},{"data":"Calculated Gamble","floor":8.0,"key":"SMITH"},{"data":"Dash","floor":12.0,"key":"SMITH"},{"floor":15.0,"key":"REST"}],"circlet_count":0,"master_deck":["AscendersBane","Strike_G","Strike_G","Strike_G","Strike_G","Strike_G","Defend_G","Defend_G","Defend_G","Defend_G","Defend_G","Survivor","Neutralize+1","Poisoned Stab","Doubt","Pain","Calculated Gamble+1","Dash+1","Prepared"],"relics":["Ring of the Snake","NeowsBlessing","Frozen Egg 2","WarpedTongs","Prayer Wheel","WingedGreaves","Thread and Needle","Vajra"],"acts_visited":["Exordium"],"potions_floor_usage":[],"damage_taken":[{"damage":0.0,"enemies":"Cultist","floor":1.0,"turns":1.0},{"damage":1.0,"enemies":"Gremlin Nob","floor":7.0,"turns":1.0},{"damage":1.0,"enemies":"Small Slimes","floor":10.0,"turns":1.0},{"damage":2.0,"enemies":"2 Louse","floor":11.0,"turns":3.0},{"damage":31.0,"enemies":"3 Sentries","floor":13.0,"turns":12.0},{"damage":37,"enemies":"Slime Boss","floor":16,"turns":6}],"seed_played":"2825778637364255433","potions_obtained":[{"floor":10.0,"key":"FearPotion"}],"is_trial":false,"path_per_floor":["M","?","?","$","?","R","E","R","T","M","M","R","E","?","R","B"],"character_chosen":"THE_SILENT","items_purchased":["Frozen Egg 2"],"campfire_rested":1,"item_purchase_floors":[4],"current_hp_per_floor":[59,59,48,48,48,48,47,47,47,46,44,44,13,13,32,0,0],"gold":158,"neow_bonus":"THREE_ENEMY_KILL","is_daily":false,"chose_seed":false,"campfire_upgraded":3,"win_rate":0.0,"timestamp":1612588813,"path_taken":["M","?","?","$","?","R","E","R","T","?","M","R","E","?","R","BOSS"],"items_purchased_type":["Relic"],"build_version":"2020-12-22","purchased_purges":0,"victory":false,"max_hp_per_floor":[66,66,66,66,66,66,66,66,66,66,66,66,66,66,66,66,66],"relic_stats":{"counters":[6,24],"Prayer Wheel":2,"obtain_stats":[{"NeowsBlessing":0,"Vajra":14,"Prayer Wheel":7,"Thread and Needle":13,"WingedGreaves":9,"Frozen Egg 2":4,"Ring of the Snake":0,"WarpedTongs":5},{"NeowsBlessing":0,"Vajra":5,"Prayer Wheel":2,"Thread and Needle":5,"WingedGreaves":2,"Frozen Egg 2":1,"Ring of the Snake":0,"WarpedTongs":1},{"NeowsBlessing":0,"Vajra":18,"Prayer Wheel":2,"Thread and Needle":18,"WingedGreaves":2,"Frozen Egg 2":1,"Ring of the Snake":0,"WarpedTongs":1}],"Ring of the Snake":[12],"WarpedTongs":[21]},"card_choices":[{"not_picked":["Sucker Punch","Accuracy"],"picked":"Poisoned Stab","floor":1.0},{"not_picked":["Concentrate","Underhanded Strike"],"picked":"Calculated Gamble","floor":7.0},{"not_picked":["Deflect","Dodge and Roll","Concentrate"],"picked":"SKIP","floor":10.0},{"not_picked":["Infinite Blades+1","Acrobatics","Catalyst"],"picked":"SKIP","floor":10.0},{"not_picked":["Dodge and Roll","Concentrate"],"picked":"Dash","floor":11.0},{"not_picked":["Reflex","Dagger Throw","Choke"],"picked":"SKIP","floor":11.0},{"not_picked":["Flying Knee","Underhanded Strike"],"picked":"Prepared","floor":13.0}],"player_experience":529201,"relics_obtained":[{"floor":7.0,"key":"Prayer Wheel"},{"floor":9.0,"key":"WingedGreaves"},{"floor":13.0,"key":"Thread and Needle"}],"event_choices":[{"damage_healed":0.0,"max_hp_gain":0.0,"max_hp_loss":0.0,"gold_gain":150.0,"event_name":"Liars Game","player_choice":"AGREE","floor":2.0,"gold_loss":0.0,"damage_taken":0.0,"cards_obtained":["Doubt"]},{"damage_healed":0.0,"max_hp_gain":0.0,"max_hp_loss":0.0,"gold_gain":75.0,"event_name":"World of Goop","player_choice":"Gather Gold","floor":3.0,"gold_loss":0.0,"damage_taken":11.0},{"damage_healed":0.0,"max_hp_gain":0.0,"max_hp_loss":0.0,"gold_gain":0.0,"event_name":"Accursed Blacksmith","player_choice":"Rummage","floor":5.0,"gold_loss":0.0,"damage_taken":0.0,"relics_obtained":["WarpedTongs"],"cards_obtained":["Pain"]},{"damage_healed":0.0,"max_hp_gain":0.0,"max_hp_loss":0.0,"gold_gain":0.0,"event_name":"WeMeetAgain","player_choice":"Gave Potion","floor":14.0,"gold_loss":0.0,"damage_taken":0.0,"relics_obtained":["Vajra"]}],"is_beta":false,"boss_relics":[],"items_purged_floors":[],"is_endless":false,"potions_floor_spawned":[10],"killed_by":"Slime Boss","ascension_level":20}}