{"host":"v54ek091sdz7ha6h","time":1612577630,"event":{"mods":["BaseMod","Better Vampires","Colored Map","Colored Powertips","DeckTracker","Highlight Path","KOR Keyword Fix","Minty Spire (QoL Compilation)","Rare Cards Sparkle","Relic Stats","StSLib","SuperFastMode","everything is the same but u backflip on backflip"],"gold_per_floor":[11,27,27,42,42,42,115,14,40,90,103,134,149,189,189,288,288,288,288],"floor_reached":18,"language":"KOR","playtime":450,"items_purged":["Defend_G"],"score":344,"play_id":"93a15d3b-913a-4c55-9660-ae8d72cefd4b","local_time":"20210206111350","is_ascension_mode":true,"campfire_choices":[{"data":"Neutralize","floor":6.0,"key":"SMITH"},{"data":"A Thousand Cuts","floor":15.0,"key":"SMITH"}],"circlet_count":0,"master_deck":["AscendersBane","Strike_G","Strike_G","Strike_G","Strike_G","Strike_G","Defend_G","Defend_G","Defend_G","Defend_G","Survivor","Neutralize+1","Heel Hook","Tactician","Acrobatics","Dash","Dagger Spray","A Thousand Cuts+1"],"relics":["Ring of the Snake","Tingsha","Golden Idol","SsserpentHead","Tiny Chest","Anchor","Oddly Smooth Stone","Black Star"],"acts_visited":["Exordium","TheCity"],"potions_floor_usage":[16,16],"damage_taken":[{"damage":1.0,"enemies":"Cultist","floor":1.0,"turns":5.0},{"damage":4.0,"enemies":"Jaw Worm","floor":2.0,"turns":6.0},{"damage":0.0,"enemies":"2 Louse","floor":4.0,"turns":3.0},{"damage":4.0,"enemies":"Looter","floor":7.0,"turns":5.0},{"damage":0.0,"enemies":"2 Fungi Beasts","floor":11.0,"turns":3.0},{"damage":4.0,"enemies":"Lagavulin","floor":12.0,"turns":8.0},{"damage":1.0,"enemies":"Exordium Thugs","floor":13.0,"turns":5.0},{"damage":20.0,"enemies":"3 Sentries","floor":14.0,"turns":7.0},{"damage":22,"enemies":"Hexaghost","floor":16,"turns":8},{"damage":51,"enemies":"Spheric Guardian","floor":18,"turns":7}],"seed_played":"6324643712813161021","potions_obtained":[{"floor":1.0,"key":"Strength Potion"},{"floor":2.0,"key":"SkillPotion"},{"floor":11.0,"key":"SneckoOil"},{"floor":13.0,"key":"Weak Potion"}],"is_trial":false,"path_per_floor":["M","M","?","M","?","R","M","$","T","?","M","E","M","E","R","B",null,"M"],"character_chosen":"THE_SILENT","items_purchased":["Dash"],"campfire_rested":0,"item_purchase_floors":[8],"current_hp_per_floor":[58,54,54,54,54,54,50,50,50,55,55,51,50,30,30,8,51,0,0],"gold":288,"neow_bonus":"ONE_RARE_RELIC","is_daily":false,"chose_seed":false,"campfire_upgraded":2,"win_rate":0.0,"timestamp":1612577630,"path_taken":["M","M","?","M","?","R","?","?","T","?","M","E","M","E","R","BOSS","M"],"items_purchased_type":["Card"],"build_version":"2020-12-22","purchased_purges":1,"victory":false,"max_hp_per_floor":[66,66,60,60,60,60,60,60,60,65,65,65,65,65,65,65,65,65,65],"relic_stats":{"SsserpentHead":150,"counters":[10,57],"Golden Idol":48,"Tingsha":[71],"Tiny Chest":0,"Black Star":0,"obtain_stats":[{"SsserpentHead":5,"Anchor":12,"Golden Idol":3,"Oddly Smooth Stone":14,"Tingsha":0,"Tiny Chest":9,"Black Star":17,"Ring of the Snake":0},{"SsserpentHead":3,"Anchor":6,"Golden Idol":2,"Oddly Smooth Stone":8,"Tingsha":0,"Tiny Chest":4,"Black Star":9,"Ring of the Snake":0},{"SsserpentHead":14,"Anchor":30,"Golden Idol":11,"Oddly Smooth Stone":42,"Tingsha":0,"Tiny Chest":19,"Black Star":50,"Ring of the Snake":0}],"Ring of the Snake":[20]},"card_choices":[{"not_picked":["Setup","Escape Plan"],"picked":"Heel Hook","floor":1.0},{"not_picked":["Cloak And Dagger","Endless Agony","Sucker Punch"],"picked":"SKIP","floor":2.0},{"not_picked":["Dodge and Roll","Quick Slash"],"picked":"Tactician","floor":4.0},{"not_picked":["Flying Knee","Flechettes"],"picked":"Acrobatics","floor":7.0},{"not_picked":["Poisoned Stab","Sucker Punch"],"picked":"Dagger Spray","floor":11.0},{"not_picked":["Acrobatics","Endless Agony","Cloak And Dagger"],"picked":"SKIP","floor":12.0},{"not_picked":["Outmaneuver","Concentrate","Acrobatics"],"picked":"SKIP","floor":13.0},{"not_picked":["Outmaneuver","Expertise"],"picked":"A Thousand Cuts","floor":14.0}],"player_experience":1475361,"relics_obtained":[{"floor":9.0,"key":"Tiny Chest"},{"floor":12.0,"key":"Anchor"},{"floor":14.0,"key":"Oddly Smooth Stone"}],"event_choices":[{"damage_healed":0.0,"max_hp_gain":0.0,"max_hp_loss":6.0,"gold_gain":0.0,"event_name":"Golden Idol","player_choice":"Lose Max HP","floor":3.0,"gold_loss":0.0,"damage_taken":0.0,"relics_obtained":["Golden Idol"]},{"damage_healed":0.0,"max_hp_gain":0.0,"max_hp_loss":0.0,"gold_gain":0.0,"event_name":"FaceTrader","player_choice":"Trade","floor":5.0,"gold_loss":0.0,"damage_taken":0.0,"relics_obtained":["SsserpentHead"]},{"damage_healed":0.0,"max_hp_gain":5.0,"max_hp_loss":0.0,"gold_gain":0.0,"event_name":"Big Fish","player_choice":"Donut","floor":10.0,"gold_loss":0.0,"damage_taken":0.0}],"is_beta":false,"boss_relics":[{"not_picked":["Philosopher\u0027s Stone","Velvet Choker"],"picked":"Black Star"}],"items_purged_floors":[8],"is_endless":false,"potions_floor_spawned":[1,2,11,13,14],"killed_by":"Spheric Guardian","ascension_level":20}}