{"host":"hf83sijwe64ts2lm","time":1612633663,"event":{"mods":["2.2 Compatiblity","BaseMod","Better Altar","Better Match","Better Note","Better Sensory Stone","Better Skull","Better Third Choice","Colored Map","Colored Powertips","Highlight Path","Hubris","Infinite Spire","Minty Spire (QoL Compilation)","Quick Restart","Rare Cards Sparkle","Relic Stats","Reliquary","Replay The Spire","Shop Mod","Spicy Shops","Spire Arcade","StSLib","Thieving Mod"],"gold_per_floor":[114,36,36,53,63,63,81,81,81,116,133,85,85,85],"floor_reached":13,"language":"ENG","playtime":317,"items_purged":[],"score":98,"play_id":"3f5c3074-33f9-43e1-b6bb-399d6f35a501","local_time":"20210206124743","is_ascension_mode":true,"campfire_choices":[{"floor":6,"key":"RECALL"},{"data":"ReplayTheSpireMod:Exploit Weakness","floor":8,"key":"SMITH"}],"circlet_count":0,"master_deck":["Strike_G","Strike_G","Strike_G","Strike_G","Strike_G","Defend_G","Defend_G","Defend_G","Defend_G","Defend_G","Survivor","Neutralize","Blade Dance","Sucker Punch","Poisoned Stab","Deadly Poison","ReplayTheSpireMod:Exploit Weakness+1","hubris:TrickCloak","Blade Dance","Slice"],"relics":["Ring of the Snake","infinitespire:Lucky Rock","White Beast Statue","Paper Crane"],"acts_visited":["Exordium"],"potions_floor_usage":[10,13],"damage_taken":[{"damage":0,"enemies":"Small Slimes","floor":1,"turns":4},{"damage":0,"enemies":"Jaw Worm","floor":4,"turns":2},{"damage":6,"enemies":"Cultist","floor":5,"turns":3},{"damage":6,"enemies":"Large Slime","floor":7,"turns":5},{"damage":29,"enemies":"Gremlin Nob","floor":10,"turns":5},{"damage":12,"enemies":"Lots of Slimes","floor":11,"turns":5},{"damage":10,"enemies":"3 Sentries","floor":13,"turns":5}],"seed_played":"-3929850069125389338","potions_obtained":[{"floor":1,"key":"Weak Potion"},{"floor":10,"key":"Elixir"},{"floor":11,"key":"Energy Potion"}],"is_trial":false,"path_per_floor":["M","$","?","M","M","R","M","R","T","E","M","$","E"],"character_chosen":"THE_SILENT","items_purchased":["Sucker Punch","Slice"],"campfire_rested":0,"item_purchase_floors":[2,12],"current_hp_per_floor":[70,70,75,75,69,69,63,63,63,34,22,22,12,12],"gold":85,"neow_bonus":"RANDOM_COMMON_RELIC","is_daily":false,"chose_seed":false,"campfire_upgraded":1,"win_rate":0.0,"timestamp":1612633663,"path_taken":["M","$","?","?","M","R","M","R","T","E","M","$","E"],"items_purchased_type":["Card","Card"],"build_version":"2020-12-22","purchased_purges":0,"victory":false,"max_hp_per_floor":[70,70,75,75,75,75,75,75,75,75,75,75,75,75],"relic_stats":{"counters":[7,29],"obtain_stats":[{"infinitespire:Lucky Rock":0,"Paper Crane":10,"White Beast Statue":9,"Ring of the Snake":0},{"infinitespire:Lucky Rock":0,"Paper Crane":5,"White Beast Statue":4,"Ring of the Snake":0},{"infinitespire:Lucky Rock":0,"Paper Crane":19,"White Beast Statue":14,"Ring of the Snake":0}],"Ring of the Snake":[14]},"card_choices":[{"not_picked":["Bane","Crippling Poison"],"picked":"Blade Dance","floor":1},{"not_picked":["Calculated Gamble","Escape Plan"],"picked":"Poisoned Stab","floor":4},{"not_picked":["Dagger Throw","Quick Slash"],"picked":"Deadly Poison","floor":5},{"not_picked":["Dodge and Roll","Blur"],"picked":"ReplayTheSpireMod:Exploit Weakness","floor":7},{"not_picked":["Unload","Hidden Blade"],"picked":"hubris:TrickCloak","floor":10},{"not_picked":["Acrobatics","Flying Knee"],"picked":"Blade Dance","floor":11}],"player_experience":143822,"relics_obtained":[{"floor":9,"key":"White Beast Statue"},{"floor":10,"key":"Paper Crane"}],"event_choices":[{"damage_healed":0,"gold_gain":0,"player_choice":"Donut","damage_taken":0,"max_hp_gain":5,"max_hp_loss":0,"event_name":"Big Fish","floor":3,"gold_loss":0}],"is_beta":false,"boss_relics":[],"items_purged_floors":[],"is_endless":false,"potions_floor_spawned":[1,10,11],"killed_by":"3 Sentries","ascension_level":3}}