{"host":"1xfdmobzcya69py0","time":1612651658,"event":{"mods":["AchievementEnabler","BaseMod","BetterRewards","Colored Powertips","Downfall","Gold Saver","Marisa£¨ìFÓê¡¡Ä§ÀíÉ³£©","Minty Spire (QoL Compilation)","MostiFishMod","Relic Filter Mod","Remove Card Discount Mod","Shop Mod","Spicy Shops","StSLib","SuperFastMode","The Bug Knight","The Cursed","The Jungle","noobMod","óô»ðÖ¸ÄÏ"],"gold_per_floor":[1160,1125,1142,1142,802,834,845,845,871,887,906,906,938,1013,3,103,103,113,431,431,448,461,493,327,337,337,337,337,364,378,442,298,401,401,419,419,437,448,448,478,387,387,387,413,468,500,500,535,279,279,279,-1121,-1121,-1090,-1090],"floor_reached":56,"language":"ZHS","playtime":2026,"items_purged":["Strike_G","Strike_G","Strike_G","Strike_G","Strike_G","Defend_G","Defend_G","Defend_G","Defend_G","Defend_G","Survivor","MostiFishMod:SpreadingSpore","MostiFishMod:ThornCasing+1","Injury","Quick Slash","Neutralize"],"score":1712,"play_id":"ac7c9389-fd27-4560-af26-c6da2b2ea259","local_time":"20210207064738","is_ascension_mode":true,"campfire_choices":[{"floor":8,"key":"RECALL"},{"data":"Slice","floor":12,"key":"SMITH"},{"data":"Blade Dance","floor":27,"key":"SMITH"},{"data":"Finisher","floor":42,"key":"SMITH"}],"circlet_count":0,"master_deck":["Slice+1","MostiFishMod:ShivMaster+1","Infinite Blades+1","Blade Dance+1","Finisher+1","Quick Slash+1","Blade Dance+1"],"relics":["Ring of the Snake","ice","DaveBox","PatriotShield","SynthV:TestCard","MerchantsRug","Frozen Egg 2","Blue Candle","Lee\u0027s Waffle","MealTicket","Kunai","ImprovedEquipment","Dodecahedron","GuanYuAspect","Bag of Marbles","HornCleat","Whetstone","DianPoetry","Lantern","White Beast Statue","Civilization","Pen Nib","SynthV:MejaisSoulstealer","Sundial"],"acts_visited":["Exordium","TheCity","TheBeyond","TheEnding"],"potions_floor_usage":[55],"damage_taken":[{"damage":2,"enemies":"Small Slimes","floor":1,"turns":2},{"damage":0,"enemies":"2 Louse","floor":3,"turns":1},{"damage":0,"enemies":"3 Sentries","floor":6,"turns":1},{"damage":0,"enemies":"Cultist","floor":7,"turns":1},{"damage":0,"enemies":"2 Fungi Beasts","floor":10,"turns":1},{"damage":0,"enemies":"Exordium Wildlife","floor":11,"turns":1},{"damage":0,"enemies":"Lagavulin","floor":13,"turns":1},{"damage":15,"enemies":"The Guardian","floor":16,"turns":2},{"damage":2,"enemies":"3 Byrds","floor":18,"turns":2},{"damage":0,"enemies":"Shelled Parasite and Fungi","floor":21,"turns":2},{"damage":2,"enemies":"Chosen and Byrds","floor":22,"turns":3},{"damage":20,"enemies":"Slavers","floor":23,"turns":3},{"damage":9,"enemies":"Centurion and Healer","floor":25,"turns":2},{"damage":0,"enemies":"Book of Stabbing","floor":29,"turns":1},{"damage":0,"enemies":"3 Cultists","floor":30,"turns":1},{"damage":0,"enemies":"Collector","floor":33,"turns":2},{"damage":16,"enemies":"3 Shapes","floor":35,"turns":1},{"damage":0,"enemies":"Orb Walker","floor":37,"turns":1},{"damage":8,"enemies":"4 Shapes","floor":38,"turns":1},{"damage":0,"enemies":"Giant Head","floor":40,"turns":2},{"damage":0,"enemies":"Nemesis","floor":44,"turns":1},{"damage":0,"enemies":"2 Orb Walkers","floor":45,"turns":1},{"damage":0,"enemies":"Giant Head","floor":46,"turns":1},{"damage":0,"enemies":"Nemesis","floor":48,"turns":1},{"damage":6,"enemies":"Time Eater","floor":50,"turns":2},{"damage":0,"enemies":"Shield and Spear","floor":54,"turns":1},{"damage":25,"enemies":"The Heart","floor":55,"turns":3}],"seed_played":"4336767552618932193","potions_obtained":[{"floor":1,"key":"Fire Potion"},{"floor":3,"key":"Energy Potion"},{"floor":11,"key":"Fire Potion"},{"floor":13,"key":"GamblersBrew"},{"floor":16,"key":"FairyPotion"},{"floor":23,"key":"Explosive Potion"},{"floor":30,"key":"Explosive Potion"},{"floor":33,"key":"Explosive Potion"},{"floor":35,"key":"SkillPotion"},{"floor":44,"key":"Fire Potion"},{"floor":54,"key":"EssenceOfSteel"}],"is_trial":false,"path_per_floor":["M","?","M","?","$","E","M","R","T","M","M","R","E","?","R","B",null,"M","$","?","M","M","E","R","M","T","R","?","E","M","$","R","B",null,"M","$","M","M","?","E","$","R","T","E","?","E","$","E","R","B",null,"R","$","E","B",null],"character_chosen":"THE_SILENT","items_purchased":["MerchantsRug","Frozen Egg 2","Slice","MostiFishMod:ThornCasing+1","BirthdayGift-Tetrahedron","Infinite Blades+1","Blade Dance","Lee\u0027s Waffle","MealTicket","Dodecahedron","Bag of Marbles","Civilization","Pen Nib","SynthV:MejaisSoulstealer"],"campfire_rested":0,"item_purchase_floors":[5,5,5,5,15,19,24,24,24,32,41,49,49,52],"current_hp_per_floor":[49,66,66,59,59,59,59,59,59,59,59,59,59,52,52,39,70,68,68,63,63,61,41,77,68,68,68,68,68,68,77,77,77,39,34,39,39,39,37,37,37,37,37,37,37,37,37,37,37,38,38,38,38,40,30],"gold":-1090,"neow_bonus":"THREE_RARE_CARDS","is_daily":false,"chose_seed":false,"campfire_upgraded":3,"win_rate":0.0,"timestamp":1612651658,"path_taken":["M","?","M","?","$","E","M","R","T","M","M","R","E","?","R","BOSS","M","$","?","M","M","E","R","M","T","R","?","E","M","?","R","BOSS","M","$","M","M","?","E","$","R","T","E","?","E","?","E","R","BOSS","R","$","E","BOSS"],"items_purchased_type":["Relic","Relic","Card","Card","Relic","Card","Card","Relic","Relic","Relic","Relic","Relic","Relic","Relic"],"build_version":"2020-12-22","purchased_purges":16,"victory":true,"max_hp_per_floor":[70,70,70,70,70,70,70,70,70,70,70,70,70,70,70,70,70,70,70,70,70,70,70,77,77,77,77,77,77,77,77,77,77,39,39,39,39,39,37,37,37,37,37,37,37,37,37,37,37,38,38,38,38,41,45],"card_choices":[{"not_picked":["MostiFishMod:AdrenalineArouse","Adrenaline"],"picked":"MostiFishMod:SpreadingSpore","floor":0},{"not_picked":["Escape Plan","Outmaneuver","Caltrops"],"picked":"SKIP","floor":1},{"not_picked":["Underhanded Strike","Terror","Outmaneuver","Acrobatics"],"picked":"Quick Slash","floor":3},{"not_picked":["Underhanded Strike","Reflex","MostiFishMod:AdrenalineArouse","Slice","Dash"],"picked":"SKIP","floor":6},{"not_picked":["Sucker Punch","Quick Slash","Masterful Stab","Slice","Bane"],"picked":"SKIP","floor":7},{"not_picked":["Choke","MostiFishMod:ThornCasing+1","Flying Knee","Deadly Poison","Acrobatics"],"picked":"SKIP","floor":10},{"not_picked":["Prepared","MostiFishMod:ShivMaster+1","Deadly Poison","Dagger Spray","Quick Slash"],"picked":"SKIP","floor":11},{"not_picked":["Dagger Throw","Outmaneuver","Flying Knee","Prepared","Endless Agony"],"picked":"SKIP","floor":13},{"not_picked":["Wraith Form v2+1","MostiFishMod:SpreadingSpore","Doppelganger","MostiFishMod:AdrenalineArouse"],"picked":"MostiFishMod:ShivMaster+1","floor":16},{"not_picked":["Slice+1","PiercingWail","Sucker Punch","MostiFishMod:VineMother+1","Outmaneuver+1"],"picked":"SKIP","floor":18},{"not_picked":["Riddle With Holes","Underhanded Strike+1","Dagger Throw","Flying Knee","Catalyst"],"picked":"SKIP","floor":21},{"not_picked":["Dodge and Roll","Masterful Stab+1","Eviscerate","Terror","Prepared+1"],"picked":"SKIP","floor":22},{"not_picked":["MostiFishMod:PerfectParry","Noxious Fumes+1","PiercingWail","Predator","Doppelganger"],"picked":"SKIP","floor":23},{"not_picked":["Masterful Stab","Prepared","Flying Knee","Acrobatics","Expertise+1"],"picked":"SKIP","floor":25},{"not_picked":["MostiFishMod:HiddenBlade","Prepared","Dagger Spray","Eviscerate"],"picked":"Finisher","floor":29},{"not_picked":["Underhanded Strike","Escape Plan","Poisoned Stab+1","Prepared"],"picked":"Quick Slash+1","floor":30},{"not_picked":["Dagger Spray","Backflip","Skewer+1","MostiFishMod:VineMother+1"],"picked":"Blade Dance+1","floor":35},{"not_picked":["Flying Knee+1","MostiFishMod:PreservedThorns+1","Deadly Poison","Slice","Prepared"],"picked":"SKIP","floor":37},{"not_picked":["MostiFishMod:PerfectParry+1","Slice+1","Outmaneuver+1","Blade Dance","Underhanded Strike+1"],"picked":"SKIP","floor":38},{"not_picked":["MostiFishMod:VineMother+1","Glass Knife","Reflex+1","Deflect","Sucker Punch+1"],"picked":"SKIP","floor":40},{"not_picked":["Backflip+1","MostiFishMod:PreservedThorns+1","Caltrops+1","Acrobatics","MostiFishMod:PerfectParry+1"],"picked":"SKIP","floor":44},{"not_picked":["MostiFishMod:FullyArmed","Outmaneuver+1","Slice+1","Prepared","Deadly Poison+1"],"picked":"SKIP","floor":46},{"not_picked":["PiercingWail+1","Dagger Spray+1","Well Laid Plans+1","Backflip","Quick Slash+1"],"picked":"SKIP","floor":48},{"not_picked":["Deadly Poison+1","Bane+1","Quick Slash","MostiFishMod:PoisonShield","Glass Knife"],"picked":"SKIP","floor":54}],"player_experience":81348,"relics_obtained":[{"floor":1,"key":"SynthV:TestCard"},{"floor":6,"key":"Snake Skull"},{"floor":13,"key":"SynthV:C4"},{"floor":23,"key":"Paper Crane"},{"floor":26,"key":"Kunai"},{"floor":29,"key":"ImprovedEquipment"},{"floor":40,"key":"InkBottle"},{"floor":43,"key":"HornCleat"},{"floor":44,"key":"Whetstone"},{"floor":45,"key":"DianPoetry"},{"floor":46,"key":"Lantern"},{"floor":48,"key":"White Beast Statue"},{"floor":54,"key":"Sundial"}],"event_choices":[{"damage_healed":17,"gold_gain":0,"player_choice":"Healed","damage_taken":0,"max_hp_gain":0,"max_hp_loss":0,"event_name":"The Cleric","floor":2,"gold_loss":35},{"damage_healed":0,"gold_gain":0,"player_choice":"Success","damage_taken":7,"relics_obtained":["Dream Catcher"],"max_hp_gain":0,"max_hp_loss":0,"event_name":"Scrap Ooze","floor":4,"gold_loss":0},{"damage_healed":0,"gold_gain":75,"player_choice":"Touch","damage_taken":7,"max_hp_gain":0,"max_hp_loss":0,"event_name":"FaceTrader","floor":14,"gold_loss":0},{"damage_healed":0,"gold_gain":0,"player_choice":"Ignored","damage_taken":0,"max_hp_gain":0,"max_hp_loss":0,"event_name":"Beggar","floor":28,"gold_loss":0},{"damage_healed":0,"gold_gain":0,"player_choice":"Max HP","damage_taken":0,"max_hp_gain":0,"max_hp_loss":2,"event_name":"Winding Halls","floor":39,"gold_loss":0},{"damage_healed":0,"gold_gain":0,"player_choice":"Fight","damage_taken":0,"max_hp_gain":0,"max_hp_loss":0,"event_name":"Mysterious Sphere","floor":45,"gold_loss":0}],"is_beta":false,"boss_relics":[{"not_picked":["Astrolabe","Ectoplasm"],"picked":"BloodWine"},{"not_picked":["Runic Pyramid","Empty Cage"],"picked":"GuanYuAspect"}],"items_purged_floors":[5,5,5,5,5,5,5,5,5,5,5,19,19,24,31,41],"is_endless":false,"potions_floor_spawned":[1,3,11,13,16,23,30,33,35,44,45,54],"ascension_level":2}}