{"host":"oehe2dxjvdgux73m","time":1612619955,"event":{"mods":["AchievementEnabler","BaseMod","Colored Map","Colored Powertips","DeckTracker","Keyboard Shortcuts","Minty Spire (QoL Compilation)","Permanent Neow","Quick Restart","StSLib","SuperFastMode"],"gold_per_floor":[18,30,50,100,120,133,133,17,43,4,36,66,86,105,105,177,227,244,30,40,40,40,40,56,56,83,97,14,28,28,40,40,40,40],"floor_reached":33,"language":"KOR","playtime":1173,"items_purged":["Strike_G","Strike_G"],"score":602,"play_id":"d24f2500-e3a0-48bf-aa03-04a8860be973","local_time":"20210206225915","is_ascension_mode":true,"campfire_choices":[{"data":"Cloak And Dagger","floor":7.0,"key":"SMITH"},{"data":"Acrobatics","floor":15.0,"key":"SMITH"},{"data":"Tactician","floor":23.0,"key":"SMITH"},{"floor":30.0,"key":"REST"},{"data":"Prepared","floor":32.0,"key":"SMITH"}],"circlet_count":0,"master_deck":["AscendersBane","Strike_G","Defend_G","Defend_G","Defend_G","Defend_G","Defend_G","Survivor","Neutralize+1","Doppelganger","Unload","Terror","Concentrate+1","Well Laid Plans","Cloak And Dagger+1","Crippling Poison","Flechettes","Grand Finale+1","Acrobatics+1","Tactician+1","Backflip","Acrobatics","Prepared+1"],"relics":["Ring of the Snake","Bag of Preparation","Strawberry","Tiny House","Membership Card","Art of War","Whetstone"],"acts_visited":["Exordium","TheCity"],"potions_floor_usage":[33],"damage_taken":[{"damage":5.0,"enemies":"Small Slimes","floor":1.0,"turns":5.0},{"damage":3.0,"enemies":"Cultist","floor":2.0,"turns":4.0},{"damage":4.0,"enemies":"2 Louse","floor":3.0,"turns":3.0},{"damage":1.0,"enemies":"Exordium Wildlife","floor":5.0,"turns":5.0},{"damage":11.0,"enemies":"2 Fungi Beasts","floor":6.0,"turns":5.0},{"damage":3.0,"enemies":"Gremlin Nob","floor":11.0,"turns":3.0},{"damage":1.0,"enemies":"Looter","floor":13.0,"turns":3.0},{"damage":1.0,"enemies":"3 Louse","floor":14.0,"turns":4.0},{"damage":0.0,"enemies":"Slime Boss","floor":16.0,"turns":3.0},{"damage":12.0,"enemies":"Spheric Guardian","floor":18.0,"turns":5.0},{"damage":30.0,"enemies":"2 Thieves","floor":20.0,"turns":5.0},{"damage":19.0,"enemies":"Snake Plant","floor":24.0,"turns":3.0},{"damage":0.0,"enemies":"Chosen and Byrds","floor":27.0,"turns":3.0},{"damage":0.0,"enemies":"Snecko","floor":29.0,"turns":3.0},{"damage":6.0,"enemies":"3 Cultists","floor":31.0,"turns":5.0},{"damage":15,"enemies":"Champ","floor":33,"turns":15}],"seed_played":"-3514958958835181443","potions_obtained":[{"floor":5.0,"key":"DuplicationPotion"},{"floor":6.0,"key":"Weak Potion"},{"floor":11.0,"key":"Energy Potion"},{"floor":17.0,"key":"CultistPotion"},{"floor":27.0,"key":"Explosive Potion"},{"floor":29.0,"key":"BlessingOfTheForge"},{"floor":31.0,"key":"LiquidBronze"}],"is_trial":false,"path_per_floor":["M","M","M","?","M","M","R","$","T","$","E","?","M","M","R","B",null,"M","$","M","?","?","R","M","?","T","M","$","M","R","M","R","B"],"character_chosen":"THE_SILENT","items_purchased":["Crippling Poison","Flechettes","Membership Card","Whetstone"],"campfire_rested":1,"item_purchase_floors":[8,10,19,28],"current_hp_per_floor":[54,51,47,47,46,35,35,35,35,35,39,39,38,37,37,37,69,57,57,27,27,27,27,8,8,8,8,8,8,31,25,25,10,10],"gold":40,"neow_bonus":"TRANSFORM_TWO_CARDS","is_daily":false,"chose_seed":false,"campfire_upgraded":4,"win_rate":0.0,"timestamp":1612619955,"path_taken":["M","M","M","?","M","?","R","?","T","$","E","?","M","M","R","BOSS","M","$","M","?","?","R","M","?","T","M","$","M","R","M","R","BOSS"],"items_purchased_type":["Card","Card","Relic","Relic"],"build_version":"2020-12-22","purchased_purges":2,"victory":false,"max_hp_per_floor":[66,66,66,66,66,66,66,66,66,66,73,73,73,73,73,73,78,78,78,78,78,78,78,78,78,78,78,78,78,78,78,78,78,78],"card_choices":[{"not_picked":["Outmaneuver","Dodge and Roll","Deflect"],"picked":"SKIP","floor":1.0},{"not_picked":["PiercingWail","Backstab"],"picked":"Terror","floor":2.0},{"not_picked":["Underhanded Strike","Leg Sweep"],"picked":"Concentrate","floor":3.0},{"not_picked":["Slice","Caltrops"],"picked":"Well Laid Plans","floor":5.0},{"not_picked":["Deadly Poison","Flying Knee"],"picked":"Cloak And Dagger","floor":6.0},{"not_picked":["Noxious Fumes","Leg Sweep"],"picked":"Grand Finale","floor":11.0},{"not_picked":["Bouncing Flask","Concentrate","Caltrops"],"picked":"SKIP","floor":13.0},{"not_picked":["Bane","Poisoned Stab"],"picked":"Acrobatics","floor":14.0},{"not_picked":["Sucker Punch","PiercingWail"],"picked":"Tactician","floor":17.0},{"not_picked":["PiercingWail","Flying Knee","Blade Dance"],"picked":"SKIP","floor":18.0},{"not_picked":["Endless Agony","Heel Hook"],"picked":"Backflip","floor":20.0},{"not_picked":["Poisoned Stab+1","Riddle With Holes","Dodge and Roll"],"picked":"SKIP","floor":24.0},{"not_picked":["Backstab","PiercingWail","Slice"],"picked":"SKIP","floor":27.0},{"not_picked":["Riddle With Holes","Deflect"],"picked":"Prepared","floor":29.0},{"not_picked":["Poisoned Stab+1","Backstab","Flying Knee"],"picked":"SKIP","floor":31.0}],"player_experience":391490,"relics_obtained":[{"floor":9.0,"key":"Bag of Preparation"},{"floor":11.0,"key":"Strawberry"},{"floor":26.0,"key":"Art of War"}],"event_choices":[{"damage_healed":0.0,"max_hp_gain":0.0,"max_hp_loss":0.0,"gold_gain":50.0,"event_name":"Golden Shrine","player_choice":"Pray","floor":4.0,"gold_loss":0.0,"damage_taken":0.0},{"damage_healed":0.0,"max_hp_gain":0.0,"max_hp_loss":0.0,"gold_gain":30.0,"event_name":"Dead Adventurer","player_choice":"Searched \u00271\u0027 times","floor":12.0,"gold_loss":0.0,"damage_taken":0.0},{"damage_healed":0.0,"max_hp_gain":0.0,"max_hp_loss":0.0,"gold_gain":0.0,"event_name":"Vampires","player_choice":"Ignored","floor":21.0,"gold_loss":0.0,"damage_taken":0.0},{"damage_healed":0.0,"max_hp_gain":0.0,"max_hp_loss":0.0,"gold_gain":0.0,"event_name":"The Library","player_choice":"Read","floor":22.0,"gold_loss":0.0,"damage_taken":0.0,"cards_obtained":["Acrobatics"]},{"damage_healed":0.0,"max_hp_gain":0.0,"max_hp_loss":0.0,"gold_gain":0.0,"event_name":"The Mausoleum","player_choice":"Ignored","floor":25.0,"gold_loss":0.0,"damage_taken":0.0}],"is_beta":false,"boss_relics":[{"not_picked":["Busted Crown","Black Star"],"picked":"Tiny House"}],"items_purged_floors":[8,19],"is_endless":false,"potions_floor_spawned":[5,6,11,13,27,29,31],"killed_by":"Champ","ascension_level":20}}