{"host":"bnpj5ln693dhfj4y","time":1612599478,"event":{"mods":["AchievementEnabler","BaseMod","Colored Map","Colored Powertips","DeckTracker","Minty Spire (QoL Compilation)","Weighted Paths"],"gold_per_floor":[115,126,126,138,149,177,177,177,250,250,302,335,349,377,377,476,526,538,557,557,557,168,168,168],"floor_reached":23,"language":"ENG","playtime":2330,"items_purged":["Writhe"],"score":261,"play_id":"086e02d2-5558-4867-b290-7813f11f0f0d","local_time":"20210206091758","is_ascension_mode":true,"campfire_choices":[{"data":"Evolve","floor":7,"key":"SMITH"},{"data":"Heavy Blade","floor":10,"key":"SMITH"},{"data":"Demon Form","floor":15,"key":"SMITH"}],"circlet_count":0,"master_deck":["Strike_R","Strike_R","Strike_R","Strike_R","Defend_R","Defend_R","Defend_R","Defend_R+1","Bash","Armaments+1","Heavy Blade+1","Evolve+1","Inflame","Cleave","Demon Form+1","Double Tap","Headbutt","Shrug It Off","Inflame"],"relics":["Burning Blood","Oddly Smooth Stone","CaptainsWheel","Blood Vial","InkBottle","Regal Pillow","WingedGreaves","Tiny House","Peace Pipe","Membership Card","Champion Belt"],"acts_visited":["Exordium","TheCity"],"potions_floor_usage":[6,14,23,23,23],"damage_taken":[{"damage":8,"enemies":"2 Louse","floor":1,"turns":3},{"damage":4,"enemies":"Small Slimes","floor":2,"turns":4},{"damage":0,"enemies":"Jaw Worm","floor":4,"turns":5},{"damage":5,"enemies":"Exordium Thugs","floor":5,"turns":5},{"damage":16,"enemies":"3 Sentries","floor":6,"turns":7},{"damage":17,"enemies":"Gremlin Nob","floor":12,"turns":5},{"damage":2,"enemies":"3 Louse","floor":13,"turns":4},{"damage":14,"enemies":"Lagavulin","floor":14,"turns":6},{"damage":5,"enemies":"Slime Boss","floor":16,"turns":7},{"damage":4,"enemies":"Spheric Guardian","floor":18,"turns":4},{"damage":30,"enemies":"3 Byrds","floor":19,"turns":5},{"damage":62,"enemies":"Slavers","floor":23,"turns":6}],"seed_played":"-5685569866462070855","potions_obtained":[{"floor":5,"key":"Explosive Potion"},{"floor":6,"key":"PowerPotion"},{"floor":13,"key":"SkillPotion"},{"floor":16,"key":"Weak Potion"},{"floor":17,"key":"Dexterity Potion"}],"is_trial":false,"path_per_floor":["M","M","?","M","M","E","R","?","T","R","?","E","M","E","R","B",null,"M","M","?","?","$","E"],"character_chosen":"IRONCLAD","items_purchased":["Membership Card","Shrug It Off","Champion Belt","Inflame"],"campfire_rested":0,"item_purchase_floors":[22,22,22,22],"current_hp_per_floor":[78,80,80,80,80,70,70,58,58,58,58,49,55,49,49,52,78,82,60,60,60,60,0,0],"gold":168,"neow_bonus":"RANDOM_COMMON_RELIC","is_daily":false,"chose_seed":false,"campfire_upgraded":3,"win_rate":0.0,"timestamp":1612599478,"path_taken":["M","M","?","M","M","E","R","?","T","R","?","E","?","E","R","BOSS","M","M","?","?","$","E"],"items_purchased_type":["Relic","Card","Relic","Card"],"build_version":"2020-12-22","purchased_purges":1,"victory":false,"max_hp_per_floor":[80,80,80,80,80,80,80,80,80,80,80,80,80,80,80,80,85,85,85,85,85,85,85,85],"card_choices":[{"not_picked":["Wild Strike","Perfected Strike","Sever Soul"],"picked":"SKIP","floor":1},{"not_picked":["Anger","Havoc"],"picked":"Armaments","floor":2},{"not_picked":["Thunderclap","Warcry"],"picked":"Heavy Blade","floor":4},{"not_picked":["Wild Strike","Heavy Blade"],"picked":"Evolve","floor":5},{"not_picked":["Sentinel","Iron Wave"],"picked":"Inflame","floor":6},{"not_picked":["Intimidate","Havoc"],"picked":"Cleave","floor":12},{"not_picked":["Sentinel","Searing Blow","Dropkick"],"picked":"SKIP","floor":13},{"not_picked":["Ghostly Armor","Heavy Blade"],"picked":"Demon Form","floor":14},{"not_picked":["Immolate","Berserk"],"picked":"Double Tap","floor":16},{"not_picked":["Hemokinesis","Thunderclap"],"picked":"Headbutt","floor":17},{"not_picked":["Headbutt","Dual Wield+1","Armaments"],"picked":"SKIP","floor":18},{"not_picked":["Reckless Charge","Anger","Warcry+1"],"picked":"SKIP","floor":19}],"player_experience":338208,"relics_obtained":[{"floor":6,"key":"CaptainsWheel"},{"floor":9,"key":"InkBottle"},{"floor":12,"key":"Regal Pillow"},{"floor":14,"key":"WingedGreaves"}],"event_choices":[{"damage_healed":0,"gold_gain":0,"player_choice":"Grow","damage_taken":0,"max_hp_gain":0,"max_hp_loss":0,"event_name":"Living Wall","floor":3,"gold_loss":0,"cards_upgraded":["Armaments"]},{"damage_healed":0,"gold_gain":0,"player_choice":"Success","damage_taken":12,"relics_obtained":["Blood Vial"],"max_hp_gain":0,"max_hp_loss":0,"event_name":"Scrap Ooze","floor":8,"gold_loss":0},{"damage_healed":0,"gold_gain":52,"player_choice":"Gained Gold","damage_taken":0,"max_hp_gain":0,"max_hp_loss":0,"event_name":"Golden Wing","floor":11,"gold_loss":0},{"cards_removed":["Strike_R"],"damage_healed":0,"gold_gain":0,"player_choice":"Elegance","damage_taken":0,"max_hp_gain":0,"max_hp_loss":0,"event_name":"Back to Basics","floor":20,"gold_loss":0},{"damage_healed":0,"gold_gain":0,"player_choice":"Opened","damage_taken":0,"relics_obtained":["Peace Pipe"],"max_hp_gain":0,"max_hp_loss":0,"event_name":"The Mausoleum","floor":21,"gold_loss":0,"cards_obtained":["Writhe"]}],"is_beta":false,"boss_relics":[{"not_picked":["Coffee Dripper","Busted Crown"],"picked":"Tiny House"}],"items_purged_floors":[22],"is_endless":false,"potions_floor_spawned":[5,6,13,16],"killed_by":"Slavers","ascension_level":5}}