{"host":"3fd6e6c5cltq175f","time":1612616713,"event":{"mods":["AchievementEnabler","BaseMod","Colored Map","Colored Powertips","DeckTracker","Minty Spire (QoL Compilation)"],"gold_per_floor":[10,26,101,0,0,33,33,59,59,70,70,86,116,116,116,218,218,229,218,21,21,35,35,35],"floor_reached":23,"language":"ENG","playtime":1033,"items_purged":[],"score":293,"play_id":"6ab4ee17-7d95-49f9-999c-4b2db3f5d8cc","local_time":"20210206140513","is_ascension_mode":true,"campfire_choices":[{"data":"Barricade","floor":7,"key":"SMITH"},{"data":"Metallicize","floor":11,"key":"SMITH"},{"data":"Ghostly Armor","floor":15,"key":"SMITH"}],"circlet_count":0,"master_deck":["Strike_R","Strike_R","Strike_R","Strike_R","Strike_R","Defend_R","Defend_R","Defend_R","Defend_R","Bash","Barricade+1","Ghostly Armor+1","Metallicize+1","Shrug It Off","Body Slam+1","Ghostly Armor+1"],"relics":["Burning Blood","Unceasing Top","Vajra","Molten Egg 2","Pear","Red Skull","Black Star","Lantern"],"acts_visited":["Exordium","TheCity"],"potions_floor_usage":[6,8,23,23],"damage_taken":[{"damage":19,"enemies":"Jaw Worm","floor":1,"turns":5},{"damage":5,"enemies":"Cultist","floor":2,"turns":4},{"damage":5,"enemies":"Lagavulin","floor":6,"turns":15},{"damage":17,"enemies":"3 Sentries","floor":8,"turns":9},{"damage":4,"enemies":"Small Slimes","floor":10,"turns":5},{"damage":0,"enemies":"2 Fungi Beasts","floor":12,"turns":5},{"damage":0,"enemies":"Lagavulin","floor":13,"turns":9},{"damage":14,"enemies":"The Guardian","floor":16,"turns":15},{"damage":13,"enemies":"Spheric Guardian","floor":18,"turns":12},{"damage":17,"enemies":"2 Thieves","floor":19,"turns":5},{"damage":15,"enemies":"Centurion and Healer","floor":22,"turns":9},{"damage":99,"enemies":"Gremlin Leader","floor":23,"turns":7}],"seed_played":"-7731078367565113211","potions_obtained":[{"floor":2,"key":"AttackPotion"},{"floor":12,"key":"FairyPotion"},{"floor":18,"key":"Weak Potion"}],"is_trial":false,"path_per_floor":["M","M","?","$","?","E","R","E","T","M","R","M","E","?","R","B",null,"M","M","$","?","M","E"],"character_chosen":"IRONCLAD","items_purchased":["Shrug It Off","BlessingOfTheForge","Lantern","SpeedPotion"],"campfire_rested":0,"item_purchase_floors":[4,4,20,20],"current_hp_per_floor":[67,68,60,60,80,80,80,69,69,71,71,77,90,87,87,79,87,80,69,69,69,60,0,0],"gold":35,"neow_bonus":"THREE_RARE_CARDS","is_daily":false,"chose_seed":false,"campfire_upgraded":3,"win_rate":0.0,"timestamp":1612616713,"path_taken":["M","M","?","?","?","E","R","E","T","M","R","M","E","?","R","BOSS","M","M","$","?","M","E"],"items_purchased_type":["Card","Potion","Relic","Potion"],"build_version":"2020-12-22","purchased_purges":0,"victory":false,"max_hp_per_floor":[80,80,80,80,80,80,80,80,80,80,80,80,90,90,90,90,90,90,90,90,90,90,90,90],"card_choices":[{"not_picked":["Offering","Corruption"],"picked":"Barricade","floor":0},{"not_picked":["Wild Strike","Rupture"],"picked":"Ghostly Armor","floor":1},{"not_picked":["Pummel","Headbutt"],"picked":"Metallicize","floor":2},{"not_picked":["Sword Boomerang","True Grit","Dropkick"],"picked":"SKIP","floor":6},{"not_picked":["Dark Embrace","Feel No Pain","Disarm"],"picked":"SKIP","floor":8},{"not_picked":["Fire Breathing","Infernal Blade"],"picked":"Body Slam+1","floor":10},{"not_picked":["True Grit","Twin Strike+1","Sentinel"],"picked":"SKIP","floor":12},{"not_picked":["Combust","Disarm","Flex"],"picked":"SKIP","floor":13},{"not_picked":["Rage","Twin Strike+1"],"picked":"Ghostly Armor","floor":18},{"not_picked":["Perfected Strike+1","Sentinel","Sword Boomerang+1"],"picked":"SKIP","floor":19},{"not_picked":["Flex","Evolve+1","Armaments"],"picked":"SKIP","floor":22}],"player_experience":181233,"relics_obtained":[{"floor":6,"key":"Unceasing Top"},{"floor":8,"key":"Vajra"},{"floor":9,"key":"Molten Egg 2"},{"floor":13,"key":"Pear"}],"event_choices":[{"damage_healed":0,"gold_gain":75,"player_choice":"Touch","damage_taken":8,"max_hp_gain":0,"max_hp_loss":0,"event_name":"FaceTrader","floor":3,"gold_loss":0},{"damage_healed":26,"gold_gain":0,"player_choice":"Banana","damage_taken":0,"max_hp_gain":0,"max_hp_loss":0,"event_name":"Big Fish","floor":5,"gold_loss":0},{"damage_healed":0,"gold_gain":0,"player_choice":"Success","damage_taken":3,"relics_obtained":["Red Skull"],"max_hp_gain":0,"max_hp_loss":0,"event_name":"Scrap Ooze","floor":14,"gold_loss":0},{"damage_healed":0,"gold_gain":0,"player_choice":"Upgraded","damage_taken":0,"max_hp_gain":0,"max_hp_loss":0,"event_name":"Upgrade Shrine","floor":21,"gold_loss":0,"cards_upgraded":["Ghostly Armor"]}],"is_beta":false,"boss_relics":[{"not_picked":["Mark of Pain","Black Blood"],"picked":"Black Star"}],"items_purged_floors":[],"is_endless":false,"potions_floor_spawned":[2,12,18],"killed_by":"Gremlin Leader","ascension_level":5}}