{"host":"njruw0b0uprlitpx","time":1612625392,"event":{"mods":["2.2 Compatiblity","Aspiration","BaseMod","Beaked The Cultist","Better Altar","Better Match","Better Note","Better Sensory Stone","Better Skull","Better Third Choice","BetterRewards","Block Reminder","Colored Map","Colored Powertips","Energized Spire","Jedi Mod","Keyboard Shortcuts","Minty Spire (QoL Compilation)","Quick Restart","Rare Cards Sparkle","Relic Stats","Replay The Spire","SacredBarkPlus","Spicy Shops","StSLib","SuperFastMode","The Blackbeard"],"gold_per_floor":[114,129,129,29,29,59,74,113,163,163,187,187,211,250,250,359,418,442,466,16,25,25,25,25,25,25,49,73,97,136,175,175,284,284,308,332,332,341,3,3,3,27,36,75,99,114,123,162,162,162],"floor_reached":51,"language":"ENG","playtime":1705,"items_purged":["Doubt"],"score":990,"play_id":"f0b15d97-c648-492b-98b7-286b6f73526e","local_time":"20210206092952","daily_mods":["Draft","Diverse","DeadlyEvents"],"is_ascension_mode":false,"campfire_choices":[{"floor":10,"key":"REST"},{"data":"Reprogram","floor":12,"key":"SMITH"},{"floor":15,"key":"REST"},{"floor":23,"key":"REST"},{"data":"RitualDagger","floor":25,"key":"SMITH"},{"data":"1","floor":32,"key":"LIFT"},{"data":"2","floor":40,"key":"LIFT"},{"floor":49,"key":"REST"}],"circlet_count":0,"master_deck":["beaked:DesperateSwing+1","blackbeard:Sword","blackbeard:TerrorOfTheSeas","Dagger Throw+1","CutThroughFate","CrushJoints","blackbeard:DelayedPain","Headbutt","Prepared","Prostrate","Cleave","jedi:collectorstrike","Skewer","Reprogram+1","Sucker Punch","beaked:Foresight","Riddle With Holes+1","Exhume+1","RitualDagger+1","Flying Knee","Leap+1","blackbeard:GoldenDefense+1","Adrenaline+1","Clumsy","Sickly","Carnage+1","blackbeard:WiseDefense+1","Looming Evil","blackbeard:BoostMorale+1"],"relics":["PureWater","Potion Belt","Du-Vu Doll","Bottled Lightning","aspiration:DSix","CeramicFish","Lantern","jedi:angrymask","Tiny House","Toxic Egg 2","Guide Book","Tiny Chest","Replay:Baseball","Girya","Cursed Key","MawBank","Singing Bowl","aspiration:ChemicalBlood","beaked:ShinyBauble","Replay:Wax Seal","Golden Egg"],"acts_visited":["Exordium","TheCity","TheBeyond"],"potions_floor_usage":[8,18,33,33,33,35,48,48,48,48,50,50],"damage_taken":[{"damage":0,"enemies":"Small Slimes","floor":1,"turns":2},{"damage":0,"enemies":"2 Louse","floor":2,"turns":2},{"damage":0,"enemies":"Replay:BlueRogue","floor":6,"turns":4},{"damage":0,"enemies":"Cultist","floor":7,"turns":2},{"damage":0,"enemies":"Gremlin Nob","floor":8,"turns":2},{"damage":3,"enemies":"Red Slaver","floor":11,"turns":2},{"damage":3,"enemies":"Looter","floor":13,"turns":2},{"damage":9,"enemies":"Replay:BlueRogue","floor":14,"turns":2},{"damage":26,"enemies":"The Guardian","floor":16,"turns":7},{"damage":12,"enemies":"Shell Parasite","floor":18,"turns":2},{"damage":5,"enemies":"3 Byrds","floor":19,"turns":5},{"damage":0,"enemies":"Sentry and Sphere","floor":27,"turns":2},{"damage":3,"enemies":"Cultist and Chosen","floor":28,"turns":4},{"damage":10,"enemies":"Chosen and Byrds","floor":29,"turns":3},{"damage":3,"enemies":"Gremlin Leader","floor":30,"turns":5},{"damage":0,"enemies":"Book of Stabbing","floor":31,"turns":3},{"damage":21,"enemies":"Collector","floor":33,"turns":9},{"damage":16,"enemies":"3 Darklings","floor":35,"turns":4},{"damage":0,"enemies":"Orb Walker","floor":36,"turns":2},{"damage":0,"enemies":"Transient","floor":42,"turns":5},{"damage":0,"enemies":"Giant Head","floor":44,"turns":4},{"damage":18,"enemies":"Sphere and 2 Shapes","floor":45,"turns":3},{"damage":0,"enemies":"Writhing Mass","floor":46,"turns":3},{"damage":4,"enemies":"Nemesis","floor":48,"turns":5},{"damage":27,"enemies":"Time Eater","floor":50,"turns":4}],"seed_played":"5285009320175426936","potions_obtained":[{"floor":2,"key":"SteroidPotion"},{"floor":11,"key":"jedi:StrikingPotion"},{"floor":13,"key":"Swift Potion"},{"floor":16,"key":"jedi:StrikingPotion"},{"floor":17,"key":"LifebloodPotion"},{"floor":18,"key":"Milkshake"},{"floor":28,"key":"Flashbang"},{"floor":29,"key":"jedi:mysterypotion"},{"floor":33,"key":"Weak Potion"},{"floor":36,"key":"SkillPotion"}],"is_trial":false,"path_per_floor":["M","M","?","$","?","E","M","E","T","R","M","R","M","E","R","B",null,"M","M","$","?","$","R","$","R","T","M","M","M","E","E","R","B",null,"M","M","?","T","$","R","$","M","T","E","M","M","T","E","R","B",null],"character_chosen":"WATCHER","items_purchased":["Bottled Lightning","Toxic Egg 2","Guide Book","Adrenaline Potion","Singing Bowl","FearPotion","Block Potion"],"campfire_rested":4,"item_purchase_floors":[4,20,20,20,39,39,39],"current_hp_per_floor":[72,72,20,20,44,44,44,44,44,65,62,62,59,50,71,45,77,65,60,60,54,54,77,77,77,77,77,74,64,61,61,61,40,77,61,61,61,61,61,61,61,61,61,61,43,45,45,41,64,37],"gold":162,"neow_bonus":"","is_daily":true,"chose_seed":false,"campfire_upgraded":2,"win_rate":0.0,"timestamp":1612625392,"path_taken":["M","M","?","$","?","E","M","E","T","R","?","R","M","?","R","BOSS","M","M","$","?","?","R","$","R","T","M","?","M","E","?","R","BOSS","M","M","?","?","$","R","?","M","T","?","?","M","?","E","R","BOSS"],"items_purchased_type":["Relic","Relic","Relic","Potion","Relic","Potion","Potion"],"build_version":"2020-12-22","purchased_purges":1,"victory":true,"max_hp_per_floor":[72,72,72,72,72,72,72,72,72,72,72,72,72,72,72,72,77,77,77,77,77,77,77,77,77,77,77,77,77,77,77,77,77,77,77,77,77,77,77,77,77,77,77,77,77,79,79,79,79,79],"relic_stats":{"Singing Bowl":2,"counters":[25,88],"CeramicFish":216,"Tiny Chest":2,"Cursed Key":3,"MawBank":12,"obtain_stats":[{"Potion Belt":3,"jedi:angrymask":14,"Girya":31,"Golden Egg":48,"Lantern":9,"beaked:ShinyBauble":44,"Tiny House":17,"Singing Bowl":39,"CeramicFish":8,"Guide Book":20,"Cursed Key":34,"MawBank":38,"Du-Vu Doll":3,"Replay:Baseball":30,"Tiny Chest":26,"Bottled Lightning":4,"PureWater":0,"Toxic Egg 2":20,"Replay:Wax Seal":47,"aspiration:DSix":6,"aspiration:ChemicalBlood":43},{"Potion Belt":2,"jedi:angrymask":8,"Girya":16,"Golden Egg":24,"Lantern":5,"beaked:ShinyBauble":21,"Tiny House":9,"Singing Bowl":19,"CeramicFish":5,"Guide Book":11,"Cursed Key":17,"MawBank":19,"Du-Vu Doll":2,"Replay:Baseball":15,"Tiny Chest":11,"Bottled Lightning":2,"PureWater":0,"Toxic Egg 2":11,"Replay:Wax Seal":23,"aspiration:DSix":3,"aspiration:ChemicalBlood":20},{"Potion Belt":4,"jedi:angrymask":18,"Girya":49,"Golden Egg":84,"Lantern":12,"beaked:ShinyBauble":73,"Tiny House":25,"Singing Bowl":64,"CeramicFish":12,"Guide Book":32,"Cursed Key":58,"MawBank":64,"Du-Vu Doll":4,"Replay:Baseball":46,"Tiny Chest":32,"Bottled Lightning":4,"PureWater":0,"Toxic Egg 2":32,"Replay:Wax Seal":79,"aspiration:DSix":8,"aspiration:ChemicalBlood":69}]},"card_choices":[{"not_picked":["Shrug It Off","Sneak Up"],"picked":"beaked:DesperateSwing","floor":0},{"not_picked":["ClearTheMind","jedi:blockon"],"picked":"blackbeard:Sword","floor":0},{"not_picked":["Blood for Blood","PiercingWail"],"picked":"blackbeard:TerrorOfTheSeas","floor":0},{"not_picked":["beaked:Brace","jedi:controlledanger"],"picked":"Dagger Throw","floor":0},{"not_picked":["Self Repair","blackbeard:WiseDefense"],"picked":"CutThroughFate","floor":0},{"not_picked":["blackbeard:Eyepatch","PathToVictory"],"picked":"CrushJoints","floor":0},{"not_picked":["jedi:markofdeath","beaked:FeelMyPain"],"picked":"blackbeard:DelayedPain","floor":0},{"not_picked":["FlurryOfBlows","blackbeard:GoldenDefense"],"picked":"Headbutt","floor":0},{"not_picked":["Self Repair","Evaluate"],"picked":"Prepared","floor":0},{"not_picked":["Barrage","Fluid Movement"],"picked":"Prostrate","floor":0},{"not_picked":["JustLucky","Deadly Poison"],"picked":"Cleave","floor":0},{"not_picked":["Quick Slash","Metallicize"],"picked":"jedi:collectorstrike","floor":0},{"not_picked":["Havoc","Go for the Eyes"],"picked":"Skewer","floor":0},{"not_picked":["blackbeard:RearmingStrike","Panic Button"],"picked":"Reprogram","floor":0},{"not_picked":["PathToVictory","Dagger Throw"],"picked":"Sucker Punch","floor":0},{"not_picked":["Consecrate","Sweeping Beam"],"picked":"beaked:Foresight","floor":1},{"not_picked":["Replay:AtTheReady","Toxin Wave"],"picked":"jedi:collectorstrike","floor":2},{"not_picked":["Compile Driver","Rebound"],"picked":"jedi:collectorstrike","floor":6},{"not_picked":["Coolheaded","Perfected Strike"],"picked":"jedi:collectorstrike","floor":7},{"not_picked":["beaked:TuckingFeathers","blackbeard:DeadlyArsenal"],"picked":"jedi:collectorstrike","floor":8},{"not_picked":["blackbeard:Dagger","blackbeard:DangerousBlow"],"picked":"jedi:collectorstrike","floor":11},{"not_picked":["beaked:Overexert","Quick Slash"],"picked":"jedi:collectorstrike","floor":13},{"not_picked":["blackbeard:WeaponMastery","beaked:ShadowFade"],"picked":"jedi:collectorstrike","floor":14},{"not_picked":["jedi:collectorstrike","Creative AI"],"picked":"Exhume","floor":16},{"not_picked":["Outmaneuver","Vengeance"],"picked":"jedi:collectorstrike","floor":17},{"not_picked":["Force Field","Sword Boomerang"],"picked":"jedi:collectorstrike","floor":18},{"not_picked":["Barrage+1","PiercingWail"],"picked":"jedi:collectorstrike","floor":19},{"not_picked":["jedi:collectorstrike","Crystallizer"],"picked":"Flying Knee","floor":27},{"not_picked":["Evaluate+1","Power Through+1"],"picked":"jedi:collectorstrike","floor":28},{"not_picked":["Go for the Eyes+1","jedi:collectorstrike"],"picked":"Leap+1","floor":29},{"not_picked":["Pray+1","WaveOfTheHand+1"],"picked":"blackbeard:GoldenDefense+1","floor":30},{"not_picked":["Barricade","Havoc+1"],"picked":"jedi:collectorstrike","floor":31},{"not_picked":["Machine Learning","jedi:collectorstrike"],"picked":"Adrenaline+1","floor":33},{"not_picked":["Beam Cell","Darkness+1"],"picked":"jedi:collectorstrike","floor":35},{"not_picked":["Heel Hook","Flechettes"],"picked":"jedi:collectorstrike","floor":36},{"not_picked":["beaked:DesperateSwing","Blade Dance+1"],"picked":"jedi:collectorstrike","floor":42},{"not_picked":["jedi:collectorstrike","blackbeard:Boarding"],"picked":"Carnage+1","floor":44},{"not_picked":["Abandon+1","jedi:collectorstrike"],"picked":"blackbeard:WiseDefense+1","floor":45},{"not_picked":["jedi:collectorstrike","Thunderclap","beaked:Resilience+1"],"picked":"Singing Bowl","floor":46},{"not_picked":["jedi:collectorstrike","Havoc+1"],"picked":"blackbeard:BoostMorale+1","floor":48}],"player_experience":1184089,"relics_obtained":[{"floor":6,"key":"aspiration:DSix"},{"floor":8,"key":"CeramicFish"},{"floor":9,"key":"Lantern"},{"floor":14,"key":"jedi:angrymask"},{"floor":26,"key":"Tiny Chest"},{"floor":30,"key":"Replay:Baseball"},{"floor":31,"key":"Girya"},{"floor":38,"key":"MawBank"},{"floor":43,"key":"aspiration:ChemicalBlood"},{"floor":44,"key":"beaked:ShinyBauble"},{"floor":47,"key":"Replay:Wax Seal"},{"floor":48,"key":"Golden Egg"}],"event_choices":[{"damage_healed":0,"gold_gain":1,"player_choice":"Card Relic Relic ","damage_taken":52,"max_hp_gain":0,"max_hp_loss":0,"event_name":"betterThird:BetterScrap","floor":3,"gold_loss":0,"cards_obtained":["Riddle With Holes","Berserk"]},{"damage_healed":24,"gold_gain":0,"player_choice":"Banana","damage_taken":0,"max_hp_gain":0,"max_hp_loss":0,"event_name":"Big Fish","floor":5,"gold_loss":0},{"damage_healed":0,"gold_gain":0,"player_choice":"Dagger","damage_taken":6,"max_hp_gain":0,"max_hp_loss":0,"event_name":"betterThird:BetterNest","floor":21,"gold_loss":0,"cards_obtained":["RitualDagger"]},{"damage_healed":0,"gold_gain":0,"player_choice":"Ignored","damage_taken":0,"max_hp_gain":0,"max_hp_loss":0,"event_name":"Tomb of Lord Red Mask","floor":37,"gold_loss":0}],"is_beta":false,"boss_relics":[{"not_picked":["VioletLotus","aspiration:SecretTechniqueScroll"],"picked":"Tiny House"},{"not_picked":["Runic Dome","Calling Bell"],"picked":"Cursed Key"}],"items_purged_floors":[39],"is_endless":false,"potions_floor_spawned":[2,11,13,16,18,28,29,30,31,33,36,44],"ascension_level":0}}