{"host":"bpdbi03e31cbjklx","time":1612604013,"event":{"mods":["BaseMod","Colored Map","Colored Powertips","Downfall","Highlight Path","Minty Spire (QoL Compilation)","StSLib","The Senshi"],"gold_per_floor":[99,112,132,151,76,26,51,36,66,166,197,212,62,77,87,190,190,140,153,169,182,197,212,512,531,481,513,463,482,515,615,632,731,731,681,699,717,730,748,848,872,891,492,502,502,527,543,210,228,228],"floor_reached":51,"language":"ENG","playtime":7812,"items_purged":[],"score":825,"play_id":"c3e8fb1a-f7c4-4817-938a-7b5731c95ab3","local_time":"20210206033333","is_ascension_mode":true,"campfire_choices":[{"data":"Slimebound:CorrosiveSpit","floor":1,"key":"SMITH"},{"data":"Slimebound:Split","floor":6,"key":"SMITH"},{"data":"Slimebound:GoopSpray","floor":13,"key":"SMITH"},{"data":"Slimebound:GoopSpray","floor":18,"key":"SMITH"},{"data":"Slimebound:WasteNot","floor":26,"key":"SMITH"},{"data":"Slimebound:ProtectTheBoss","floor":28,"key":"SMITH"},{"data":"Slimebound:LivingWall","floor":35,"key":"SMITH"}],"circlet_count":0,"master_deck":["Slimebound:Strike_Slimebound","Slimebound:Strike_Slimebound","Slimebound:Strike_Slimebound","Slimebound:Tackle+1","Slimebound:Defend_Slimebound","Slimebound:Defend_Slimebound","Slimebound:Defend_Slimebound","Slimebound:Defend_Slimebound","Slimebound:Split+1","Slimebound:CorrosiveSpit+1","Slimebound:MegaLick","Slimebound:ProtectTheBoss+1","Slimebound:SlimeSpikes","Slimebound:GoopSpray+1","Slimebound:GrowthPunch+1","Slimebound:FinishingTackle+1","Slimebound:LivingWall+1","Slimebound:RollThrough+1","Slimebound:GoopSpray+1","Slimebound:WasteNot+1","Slimebound:LeechEnergy+1","Slimebound:Schlurp","Slimebound:MinionMaster","Slimebound:Chomp+1","Slimebound:Gluttony","Slimebound:Gluttony","Slimebound:TongueLash+1","Slimebound:Gluttony+1","Slimebound:GoopTackle+1","Slimebound:SamplingLick","Slimebound:PressTheAttack+1","Slimebound:RallyTheTroops+1","Slimebound:FlameTackle+1","Slimebound:GoopSpray","Slimebound:HauntingLick+1","Slimebound:Schlurp","Clumsy","Slimebound:LeechingTouch+1","Slimebound:RejuvenatingLick+1","expansioncontent:YouAreMine","Slimebound:ComboTackle+1","expansioncontent:PolyBeam+1","Slimebound:SlimeBrawl","Slimebound:ItLooksTasty+1","Slimebound:CheckThePlaybook"],"relics":["Slimebound:AbsorbEndCombat","Slimebound:GreedOozeRelic","Slimebound:AggressiveSlimeRelic","Molten Egg 2","Pocketwatch","downfall:HeartBlessingGreen","SacredBark","Old Coin","Pen Nib","Calipers","Ginger","Darkstone Periapt","Cursed Key","Slimebound:MaxSlimesRelic","Lantern"],"acts_visited":["Exordium","TheCity","TheBeyond"],"potions_floor_usage":[9,9,20,23,27,30,30,31,50,50,50],"damage_taken":[{"damage":3,"enemies":"Small Slimes","floor":2,"turns":3},{"damage":3,"enemies":"2 Louse","floor":3,"turns":3},{"damage":4,"enemies":"Cultist","floor":4,"turns":4},{"damage":0,"enemies":"downfall:FleeingMerchant","floor":8,"turns":4},{"damage":32,"enemies":"Gremlin Nob","floor":9,"turns":5},{"damage":8,"enemies":"3 Sentries","floor":11,"turns":5},{"damage":1,"enemies":"Exordium Wildlife","floor":12,"turns":3},{"damage":3,"enemies":"Red Slaver","floor":14,"turns":2},{"damage":0,"enemies":"Gremlin Gang","floor":15,"turns":2},{"damage":3,"enemies":"SI_SHIV_ARCHETYPE","floor":16,"turns":6},{"damage":0,"enemies":"Spheric Guardian","floor":19,"turns":3},{"damage":3,"enemies":"Chosen","floor":20,"turns":3},{"damage":5,"enemies":"Snake Plant","floor":21,"turns":3},{"damage":0,"enemies":"Snecko","floor":22,"turns":4},{"damage":16,"enemies":"Sentry and Sphere","floor":23,"turns":5},{"damage":6,"enemies":"Centurion and Healer","floor":25,"turns":4},{"damage":5,"enemies":"Book of Stabbing","floor":27,"turns":4},{"damage":6,"enemies":"Chosen and Byrds","floor":29,"turns":4},{"damage":21,"enemies":"Gremlin Leader","floor":30,"turns":6},{"damage":5,"enemies":"Colosseum Nobs","floor":31,"turns":4},{"damage":4,"enemies":"Cultist and Chosen","floor":32,"turns":5},{"damage":26,"enemies":"IC_MUSHROOM_ARCHETYPE","floor":33,"turns":7},{"damage":8,"enemies":"3 Darklings","floor":36,"turns":4},{"damage":11,"enemies":"Orb Walker","floor":37,"turns":2},{"damage":10,"enemies":"3 Darklings","floor":38,"turns":3},{"damage":10,"enemies":"Writhing Mass","floor":39,"turns":3},{"damage":7,"enemies":"Maw","floor":42,"turns":5},{"damage":0,"enemies":"downfall:FleeingMerchant","floor":43,"turns":4},{"damage":1,"enemies":"Sphere and 2 Shapes","floor":44,"turns":4},{"damage":0,"enemies":"Giant Head","floor":46,"turns":6},{"damage":21,"enemies":"4 Shapes","floor":47,"turns":3},{"damage":1,"enemies":"Maw","floor":49,"turns":5},{"damage":9,"enemies":"DF_ARCHETYPE_ORBS","floor":50,"turns":9}],"seed_played":"4509099777106652863","potions_obtained":[{"floor":2,"key":"Fruit Juice"},{"floor":4,"key":"Fruit Juice"},{"floor":11,"key":"Ancient Potion"},{"floor":12,"key":"BlessingOfTheForge"},{"floor":16,"key":"Weak Potion"},{"floor":20,"key":"Slimebound:ThreeZeroPotion"},{"floor":22,"key":"hexamod:SoulburnPotion"},{"floor":29,"key":"Weak Potion"},{"floor":30,"key":"EssenceOfSteel"},{"floor":38,"key":"Dexterity Potion"},{"floor":39,"key":"Regen Potion"}],"is_trial":false,"path_per_floor":["R","M","M","M","?","R","T","$","E","?","E","M","R","M","M","B",null,"R","M","M","M","M","M","T","M","R","E","R","M","E","?","M","B",null,"R","M","M","M","M","?","T","M","$","M","?","E","M","?","M","B",null],"character_chosen":"SLIMEBOUND","items_purchased":["Slimebound:MaxSlimesRelic","expansioncontent:YouAreMine","Dexterity Potion"],"campfire_rested":0,"item_purchase_floors":[43,43,43],"current_hp_per_floor":[65,65,65,63,63,63,63,65,43,43,43,46,46,45,53,58,75,75,75,74,74,75,62,62,64,64,67,67,69,56,57,61,43,75,75,75,71,65,63,63,69,70,78,81,81,81,66,91,91,91],"gold":228,"neow_bonus":"UPGRADE_CARD","is_daily":false,"chose_seed":false,"campfire_upgraded":7,"win_rate":0.0,"timestamp":1612604013,"path_taken":["R","M","M","M","?","R","T","$","E","?","E","M","R","M","M","BOSS","R","M","M","M","M","M","T","M","R","E","R","M","E","?","M","BOSS","R","M","M","M","M","?","T","?","$","M","?","E","M","?","M","BOSS"],"items_purchased_type":["Relic","Card","Potion"],"build_version":"2020-12-22","purchased_purges":0,"victory":true,"max_hp_per_floor":[65,65,65,65,65,65,65,65,75,75,75,75,75,75,75,75,75,75,75,75,75,75,75,75,75,75,75,75,75,75,75,75,75,75,75,75,75,75,75,75,81,81,81,81,81,81,81,91,91,91],"card_choices":[{"not_picked":["Slimebound:GrowthPunch","Slimebound:LivingWall"],"picked":"Slimebound:MegaLick","floor":2},{"not_picked":["Slimebound:ComboTackle","Slimebound:LivingWall"],"picked":"Slimebound:ProtectTheBoss","floor":3},{"not_picked":["Slimebound:Dissolve","Slimebound:FormOfPuddle"],"picked":"Slimebound:SlimeSpikes","floor":4},{"not_picked":["Slimebound:LivingWall","Slimebound:SplitAcid"],"picked":"Slimebound:GoopSpray","floor":8},{"not_picked":["Slimebound:LeechEnergy+1","Slimebound:RejuvenatingLick"],"picked":"Slimebound:GrowthPunch+1","floor":9},{"not_picked":["Slimebound:OozeBath","Slimebound:LeechingTouch+1"],"picked":"Slimebound:FinishingTackle+1","floor":11},{"not_picked":["Slimebound:Dissolve","Slimebound:SpikyOuterGoop"],"picked":"Slimebound:LivingWall","floor":12},{"not_picked":["Slimebound:SplitAcid","Slimebound:Prepare"],"picked":"Slimebound:RollThrough+1","floor":14},{"not_picked":["Slimebound:LivingWall","Slimebound:SlimeBrawl"],"picked":"Slimebound:GoopSpray","floor":15},{"not_picked":["Slimebound:FirmFortitude","Slimebound:MassRepurpose"],"picked":"Slimebound:WasteNot","floor":16},{"not_picked":["Slimebound:RollThrough+1","Slimebound:GoopSpray+1"],"picked":"Slimebound:LeechEnergy+1","floor":19},{"not_picked":["Slimebound:LeechEnergy+1","Slimebound:SplitAcid"],"picked":"Slimebound:Schlurp","floor":20},{"not_picked":["Slimebound:PressTheAttack+1","Slimebound:Chomp+1"],"picked":"Slimebound:MinionMaster","floor":21},{"not_picked":["Slimebound:SplitAcid","Slimebound:SplitLeeching"],"picked":"Slimebound:Chomp+1","floor":22},{"not_picked":["Slimebound:SlimeTap+1","Slimebound:SplitLeeching"],"picked":"Slimebound:Gluttony","floor":23},{"not_picked":["Slimebound:ItLooksTasty+1","Slimebound:MassFeed+1"],"picked":"Slimebound:Gluttony","floor":25},{"not_picked":["Slimebound:FinishingTackle+1","Slimebound:Prepare"],"picked":"Slimebound:TongueLash+1","floor":27},{"not_picked":["Slimebound:SplitAcid","Slimebound:SpikyOuterGoop+1"],"picked":"Slimebound:Gluttony+1","floor":29},{"not_picked":["Slimebound:ComboTackle+1","Slimebound:FormOfPuddle"],"picked":"Slimebound:GoopTackle+1","floor":30},{"not_picked":["Slimebound:FormOfPuddle+1","Slimebound:Prepare"],"picked":"Slimebound:SamplingLick","floor":31},{"not_picked":["Slimebound:FinishingTackle+1","Slimebound:SlimeSpikes+1"],"picked":"Slimebound:PressTheAttack+1","floor":32},{"not_picked":["Slimebound:PrepareCrush","Slimebound:MassFeed+1"],"picked":"Slimebound:RallyTheTroops+1","floor":33},{"not_picked":["Slimebound:ServeAndProtect","Slimebound:SlimeTap"],"picked":"Slimebound:FlameTackle+1","floor":36},{"not_picked":["Slimebound:DivideAndConquer+1","Slimebound:ServeAndProtect"],"picked":"Slimebound:GoopSpray","floor":37},{"not_picked":["Slimebound:GoopTackle+1","Slimebound:ViciousTackle+1"],"picked":"Slimebound:HauntingLick+1","floor":38},{"not_picked":["Slimebound:LeechEnergy+1","Slimebound:FinishingTackle+1"],"picked":"Slimebound:Schlurp","floor":39},{"not_picked":["Slimebound:GrowthPunch+1","Slimebound:Prepare"],"picked":"Slimebound:LeechingTouch+1","floor":42},{"not_picked":["Slimebound:Gluttony","Slimebound:TongueLash+1"],"picked":"Slimebound:RejuvenatingLick+1","floor":43},{"not_picked":["Slimebound:OneTwoCombo+1","Slimebound:ServeAndProtect"],"picked":"Slimebound:ComboTackle+1","floor":44},{"not_picked":["expansioncontent:Hexaburn","expansioncontent:Chronoboost"],"picked":"expansioncontent:PolyBeam","floor":45},{"not_picked":["Slimebound:Gluttony+1","Slimebound:SpikyOuterGoop"],"picked":"Slimebound:SlimeBrawl","floor":46},{"not_picked":["Slimebound:SlimeTap+1","Slimebound:FinishingTackle+1"],"picked":"Slimebound:ItLooksTasty+1","floor":47},{"not_picked":["Slimebound:LeechingTouch+1","Slimebound:LeechEnergy+1"],"picked":"Slimebound:CheckThePlaybook","floor":49}],"player_experience":388724,"relics_obtained":[{"floor":7,"key":"Slimebound:AggressiveSlimeRelic"},{"floor":9,"key":"Molten Egg 2"},{"floor":11,"key":"Pocketwatch"},{"floor":24,"key":"Old Coin"},{"floor":27,"key":"Pen Nib"},{"floor":30,"key":"Calipers"},{"floor":31,"key":"Ginger"},{"floor":31,"key":"Darkstone Periapt"},{"floor":46,"key":"Lantern"}],"event_choices":[],"is_beta":false,"boss_relics":[{"not_picked":["Slimebound:TarBlob","Coffee Dripper"],"picked":"SacredBark"},{"not_picked":["Velvet Choker","Tiny House"],"picked":"Cursed Key"}],"items_purged_floors":[],"is_endless":false,"potions_floor_spawned":[2,4,11,12,16,20,21,22,29,30,38,39,44,46],"ascension_level":1}}