{"host":"n605f8gctjc87d7h","time":1612631118,"event":{"mods":["Aspiration","Bard","BaseMod","Better Match","Better Note","Better Skull","Better Third Choice","Conspire","Downfall","Halation","Hermit","Infinite Spire","Minty Spire (QoL Compilation)","Replay The Spire","Retaliation","Shade Mod","Spicy Shops","StSLib","The IronCluck","The Jungle"],"gold_per_floor":[112,175,175,63,63,63,95,95,95,95,108,108,108,127,127,200,200,218,235,235,81,81,81,92,92,92,92,109,123,123,137,137,210,210,224,239,255,255,255],"floor_reached":38,"language":"ENG","playtime":2681,"items_purged":["Defend_R","Writhe"],"score":636,"play_id":"037b81c0-c640-4ee9-bdce-31c25d45957c","local_time":"20210206090518","is_ascension_mode":true,"campfire_choices":[{"floor":6.0,"key":"REST"},{"floor":8.0,"key":"REST"},{"data":"Rampage","floor":12.0,"key":"SMITH"},{"data":"Flex","floor":15.0,"key":"SMITH"},{"floor":23,"key":"REST"},{"data":"infinitespire:Oblivion","floor":27,"key":"SMITH"},{"floor":30,"key":"REST"}],"circlet_count":0,"master_deck":["AscendersBane","Strike_R","Strike_R","Strike_R","Defend_R","Defend_R","Bash","Twin Strike","Flex+1","Armaments+1","Rampage+1","hexamod:Sear","Good Instincts","infinitespire:Oblivion+1","Demonic Infusion","ReplayTheSpireMod:Stacked","Warcry+1","Battle Trance","Body Slam","Battle Trance","Ghostly Armor","Thunderclap+1"],"relics":["Burning Blood","Happy Flower","ReplayTheSpireMod:Lightbulb","conspire:Boomerang","Self Forming Clay","infinitespire:CursedDice","ReplayTheSpireMod:SealedPack","Strawberry","halation:TwoAmDonut","halation:BottledLove","SlaversCollar","Replay:PocketPolymizer"],"acts_visited":["Exordium","Exordium","TheBeyond"],"potions_floor_usage":[33,36,37],"damage_taken":[{"damage":8.0,"enemies":"Jaw Worm","floor":1.0,"turns":4.0},{"damage":22.0,"enemies":"Lagavulin","floor":7.0,"turns":5.0},{"damage":1.0,"enemies":"2 Louse","floor":11.0,"turns":2.0},{"damage":3.0,"enemies":"Small Slimes","floor":14.0,"turns":3.0},{"damage":53.0,"enemies":"Fading Forest","floor":16.0,"turns":11.0},{"damage":28.0,"enemies":"theJungle:Flameango_and_Byrd","floor":18.0,"turns":5.0},{"damage":13,"enemies":"theJungle:GiantWrat","floor":19,"turns":4},{"damage":12,"enemies":"theJungle:Snecko_Cultist_And_Trap","floor":24,"turns":4},{"damage":18,"enemies":"theJungle:Lyon","floor":28,"turns":5},{"damage":3,"enemies":"theJungle:JungleHuntersEncounter","floor":29,"turns":4},{"damage":10,"enemies":"theJungle:2_Snecko_Cultists","floor":31,"turns":3},{"damage":43,"enemies":"theJungle:TotemBoss","floor":33,"turns":9},{"damage":21,"enemies":"Orb Walker","floor":35,"turns":3},{"damage":42,"enemies":"3 Shapes","floor":36,"turns":4},{"damage":20,"enemies":"3 Darklings","floor":37,"turns":7},{"damage":57,"enemies":"Transient","floor":38,"turns":5}],"seed_played":"480629178308963307","potions_obtained":[{"floor":1.0,"key":"BlessingOfTheForge"},{"floor":2.0,"key":"ColorlessPotion"},{"floor":2.0,"key":"LiquidMemories"},{"floor":14.0,"key":"Strength Potion"},{"floor":19,"key":"BlessingOfTheForge"},{"floor":31,"key":"FearPotion"},{"floor":32,"key":"Cursed Concoction"},{"floor":32,"key":"Weak Potion"},{"floor":33,"key":"GamblersBrew"}],"is_trial":false,"path_per_floor":["M","?","?","$","?","R","E","R","T","?","M","R","T","M","R","B",null,"M","M","?","$","?","R","M","AVR","T","R","M","M","R","M","R","B",null,"M","M","M","M"],"character_chosen":"IRONCLAD","items_purchased":["Armaments+1","Strawberry"],"campfire_rested":4,"item_purchase_floors":[4,21],"current_hp_per_floor":[66,48,41,41,41,63,47,69,69,62,67,67,67,70,70,33,65,43,36,36,43,43,67,61,61,61,61,49,52,76,72,72,35,70,55,19,35,0,0],"gold":255,"neow_bonus":"RANDOM_COMMON_RELIC","is_daily":false,"chose_seed":false,"campfire_upgraded":3,"win_rate":0.0,"timestamp":1612631118,"path_taken":["M","?","?","$","?","R","E","R","T","?","M","R","?","?","R","BOSS","M","?","?","$","?","R","M","AVR","T","R","M","?","R","M","R","BOSS","M","M","M","M"],"items_purchased_type":["Card","Relic"],"build_version":"2020-12-22","purchased_purges":2,"victory":false,"max_hp_per_floor":[75,75,75,75,75,75,75,75,75,75,75,75,75,75,75,75,75,75,75,75,82,82,82,82,82,82,82,82,82,82,82,82,82,82,82,82,82,82,82],"card_choices":[{"not_picked":["Warcry","Sword Boomerang"],"picked":"Twin Strike","floor":1.0},{"not_picked":["Power Through","Defy Death"],"picked":"Flex","floor":2.0},{"not_picked":["Clash","Body Slam"],"picked":"Rampage","floor":7.0},{"not_picked":["conspire:Purge","Wild Strike","Bloodletting"],"picked":"SKIP","floor":11.0},{"not_picked":["Perfected Strike","Run Through","DDmod:EasePowerCard"],"picked":"SKIP","floor":14.0},{"not_picked":["m_BronzeSurvivor","Shade:AnimateDead"],"picked":"hexamod:Sear","floor":17.0},{"not_picked":["Swift Strike","Mind Blast"],"picked":"Good Instincts","floor":17.0},{"not_picked":["ReplayTheSpireMod:Black Plague","infinitespire:Starlight"],"picked":"infinitespire:Oblivion","floor":17.0},{"not_picked":["Exhume","conspire:HitWhereItHurts"],"picked":"Demonic Infusion","floor":17.0},{"not_picked":["Ghostly Armor","Thunderclap"],"picked":"ReplayTheSpireMod:Stacked","floor":18},{"not_picked":["Twin Strike","Dual Wield","Shockwave"],"picked":"SKIP","floor":19},{"not_picked":["Heavy Blade","Exhume"],"picked":"Warcry+1","floor":24},{"not_picked":["Dual Wield","Anger"],"picked":"Battle Trance","floor":28},{"not_picked":["Headbutt+1","Cleave","Second Wind"],"picked":"SKIP","floor":29},{"not_picked":["ReplayTheSpireMod:LeadingStrike","True Grit+1","Second Wind"],"picked":"SKIP","floor":31},{"not_picked":["Clothesline","Blood for Blood"],"picked":"Ghostly Armor","floor":35},{"not_picked":["DDmod:EasePowerCard","DDmod:RapidStrikeAttack+1","Spot Weakness"],"picked":"SKIP","floor":36},{"not_picked":["Clothesline","ReplayTheSpireMod:Corrosion Curse"],"picked":"Thunderclap+1","floor":37}],"player_experience":826392,"relics_obtained":[{"floor":2.0,"key":"ReplayTheSpireMod:Lightbulb"},{"floor":7.0,"key":"conspire:Boomerang"},{"floor":9.0,"key":"Self Forming Clay"},{"floor":26,"key":"Replay:PocketPolymizer"}],"event_choices":[{"cards_removed":["Strike_R"],"damage_healed":0.0,"max_hp_gain":0.0,"max_hp_loss":0.0,"gold_gain":0.0,"event_name":"Golden Wing","player_choice":"Card Removal","floor":3.0,"gold_loss":0.0,"damage_taken":7.0},{"damage_healed":0.0,"max_hp_gain":0.0,"max_hp_loss":0.0,"gold_gain":0.0,"event_name":"Golden Idol","player_choice":"Ignored","floor":5.0,"gold_loss":0.0,"damage_taken":0.0},{"damage_healed":0.0,"max_hp_gain":0.0,"max_hp_loss":0.0,"gold_gain":0.0,"event_name":"betterThird:BetterScrap","player_choice":"Relic ","floor":10.0,"gold_loss":0.0,"damage_taken":7.0,"cards_obtained":["Poison Darts"]},{"damage_healed":0,"gold_gain":0,"player_choice":"Gave Potion","damage_taken":0,"relics_obtained":["halation:TwoAmDonut"],"max_hp_gain":0,"max_hp_loss":0,"event_name":"WeMeetAgain","floor":22,"gold_loss":0}],"is_beta":false,"boss_relics":[{"not_picked":["infinitespire:Burning Sword","Honey Jar"],"picked":"ReplayTheSpireMod:SealedPack"},{"not_picked":["Electric Blood","aspiration:RunicSpoon","Mark of Pain"]}],"items_purged_floors":[4,25],"is_endless":false,"potions_floor_spawned":[1,14,19,31,33],"killed_by":"Transient","ascension_level":14}}