{"host":"tetk82fuf8thwxol","time":1612625146,"event":{"mods":["AchievementEnabler","BaseMod","BetterRewards","GifTheSpireLib","Hermit","Minty Spire (QoL Compilation)","Permanent Neow","Quick Restart","Shop Mod","Spicy Shops","StSLib","The Bug Knight","The Cursed","The Runesmith"],"gold_per_floor":[109,109,55,55,84,123,135,147,147],"floor_reached":8,"language":"ENG","playtime":300,"items_purged":[],"score":65,"play_id":"7fdf4f4c-9f52-4672-9756-4625d93482e7","local_time":"20210206092546","is_ascension_mode":true,"campfire_choices":[{"data":"Entrench","floor":7,"key":"SMITH"}],"circlet_count":0,"master_deck":["Strike_R","Strike_R","Strike_R","Strike_R","Strike_R","Defend_R","Defend_R","Defend_R","Defend_R","Bash","Entrench+1","Iron Wave"],"relics":["Burning Blood","MawBank","Toy Ornithopter"],"acts_visited":["Exordium"],"potions_floor_usage":[5,6,6,6],"damage_taken":[{"damage":8,"enemies":"Small Slimes","floor":1,"turns":4},{"damage":1,"enemies":"2 Louse","floor":5,"turns":3},{"damage":50,"enemies":"3 Sentries","floor":6,"turns":14},{"damage":0,"enemies":"Gremlin Nob","floor":8,"turns":1}],"seed_played":"79254184204986824","potions_obtained":[{"floor":0,"key":"BloodPotion"},{"floor":0,"key":"BlessingOfTheForge"},{"floor":0,"key":"DuplicationPotion"},{"floor":1,"key":"Explosive Potion"},{"floor":5,"key":"SkillPotion"}],"is_trial":false,"path_per_floor":["M","?","$","?","M","E","R","E"],"character_chosen":"IRONCLAD","items_purchased":["Iron Wave"],"campfire_rested":0,"item_purchase_floors":[3],"current_hp_per_floor":[78,83,83,80,85,58,58,58,58],"gold":147,"neow_bonus":"THREE_SMALL_POTIONS","is_daily":false,"chose_seed":false,"campfire_upgraded":1,"win_rate":0.0,"timestamp":1612625146,"path_taken":["M","?","$","?","M","E","R","E"],"items_purchased_type":["Card"],"build_version":"2020-12-22","purchased_purges":0,"victory":false,"max_hp_per_floor":[80,85,85,85,85,85,85,85,85],"card_choices":[{"not_picked":["Pommel Strike","Hemokinesis"],"picked":"Entrench","floor":1},{"not_picked":["Anger","Inflame","Spot Weakness"],"picked":"SKIP","floor":5},{"not_picked":["Headbutt","Spot Weakness","Heavy Blade"],"picked":"SKIP","floor":6}],"player_experience":286051,"relics_obtained":[{"floor":6,"key":"Toy Ornithopter"}],"event_choices":[{"damage_healed":0,"gold_gain":0,"player_choice":"Donut","damage_taken":0,"max_hp_gain":5,"max_hp_loss":0,"event_name":"Big Fish","floor":2,"gold_loss":0},{"damage_healed":0,"gold_gain":0,"player_choice":"Success","damage_taken":3,"relics_obtained":["MawBank"],"max_hp_gain":0,"max_hp_loss":0,"event_name":"Scrap Ooze","floor":4,"gold_loss":0}],"is_beta":false,"boss_relics":[],"items_purged_floors":[],"is_endless":false,"potions_floor_spawned":[1,5],"killed_by":"Gremlin Nob","ascension_level":4}}