{"host":"0cm5wy4nhuju7tij","time":1612638248,"event":{"mods":["100% Spire Juice","2.2 Compatiblity","AchievementEnabler","Aspiration","BaseMod","Better Third Choice","BetterRewards","CCEM2","CapriCore","Colored Powertips","Curses Come First","Displayed Cursed Tome","Downfall","Energized Spire","Evolution","Filter the Spire","Highlight Path","Jess\u0027s Bottle","Minty Spire (QoL Compilation)","Permanent Neow","Poor People Problems","Relic Filter Mod","Relic Stats","Shop Mod","Spicy Shops","StSLib","The Cursed","TheSurvivalist","Weighted Paths"],"gold_per_floor":[117,117,133,147,147,147,178,188,234,17,51,51,79,95,95,194,194,214,214,225,238,253,253,285,304,304,304,321,12,51,51,51,165,165,188,188,204,222,235,272,272,300,367,392,392,414,440,478,478,478,478],"floor_reached":50,"language":"ENG","playtime":4887,"items_purged":["Pain"],"score":1179,"play_id":"3a564f27-d660-4650-a9af-e3eef6ddc027","local_time":"20210206140408","is_ascension_mode":true,"campfire_choices":[{"floor":6,"key":"REST"},{"data":"TheCursedMod:ParallelWorld","floor":12,"key":"SMITH"},{"floor":15,"key":"REST"},{"floor":23,"key":"REST"},{"floor":27,"key":"REST"},{"floor":32,"key":"REST"},{"floor":41,"key":"REST"},{"floor":45,"key":"REST"},{"floor":49,"key":"RECALL"}],"circlet_count":0,"master_deck":["TheCursedMod:CleanUpWorkshop","TheCursedMod:CursedAmulet","TheCursedMod:HellfireBreathing","TheCursedMod:HellfireBreathing","TheCursedMod:SpitefulPlan","TheCursedMod:LuckyCharm","TheCursedMod:CursedSpellbook+1","TheCursedMod:NeowsMight","TheCursedMod:ParallelWorld+1","TheCursedMod:CircleOfAmplification","TheCursedMod:CursedSpellbook+1","TheCursedMod:LuckyCharm","TheCursedMod:SurpriseAttack+1","downfall:Haunted","TheCursedMod:ShockAndAwe+1","TheCursedMod:ReleasedStrength","TheCursedMod:OutForBlood","Regret","Injury","TheCursedMod:TroublousMinions","TheCursedMod:SpitefulPlan","TheCursedMod:SurpriseAttack","TheCursedMod:Obscuration","TheCursedMod:CursedShiv","TheCursedMod:DarkBarrier","TheCursedMod:CircleOfFlame+1","TheCursedMod:SpitefulStrike+1","TheCursedMod:Hemoplague+1","TheCursedMod:RapidMovement","TheCursedMod:Torture+1","TheCursedMod:VoidForm","downfall:Bewildered","downfall:Malfunctioning","TheCursedMod:RapidMovement","TheCursedMod:HellsGateOpen","TheCursedMod:CursedShiv+1","TheCursedMod:CollectTribute","TheCursedMod:CursedStaff+1","TheCursedMod:VitalStrike","downfall:Malfunctioning","TheCursedMod:AntiAging","downfall:Icky","Writhe","TheCursedMod:SurpriseAttack+1","TheCursedMod:CollectTribute","TheCursedMod:CursedArmor","TheCursedMod:CursedShiv"],"relics":["TheCursedMod:BlackMagicAdvanced","EVO:Axolotl","aspiration:Nostalgia","TheCursedMod:BlackMagic101","downfall:ExtraCursedKey","Centennial Puzzle","Pen Nib","CCEMRelics:BiPhaseBiplane","Darkstone Periapt","Whetstone","SlaversCollar","Nilry\u0027s Codex","Pear","CCEMRelics:SpiritsEdge","CeramicFish","TheCursedMod:FourLeafCloverCharm","InkBottle","Nunchaku","MealTicket","Prayer Wheel"],"acts_visited":["Exordium","TheCity","TheBeyond"],"potions_floor_usage":[33],"damage_taken":[{"damage":1,"enemies":"2 Louse","floor":1,"turns":1},{"damage":0,"enemies":"Jaw Worm","floor":3,"turns":1},{"damage":9,"enemies":"Cultist","floor":4,"turns":2},{"damage":4,"enemies":"Gremlin Nob","floor":7,"turns":2},{"damage":3,"enemies":"Blue Slaver","floor":8,"turns":1},{"damage":5,"enemies":"3 Sentries","floor":11,"turns":3},{"damage":21,"enemies":"Lagavulin","floor":13,"turns":3},{"damage":12,"enemies":"Lots of Slimes","floor":14,"turns":2},{"damage":2,"enemies":"Slime Boss","floor":16,"turns":2},{"damage":15,"enemies":"2 Thieves","floor":18,"turns":4},{"damage":6,"enemies":"Chosen","floor":20,"turns":4},{"damage":2,"enemies":"Centurion and Healer","floor":21,"turns":3},{"damage":13,"enemies":"Snecko","floor":22,"turns":6},{"damage":30,"enemies":"Slavers","floor":24,"turns":3},{"damage":1,"enemies":"Shelled Parasite and Fungi","floor":25,"turns":4},{"damage":15,"enemies":"Centurion and Healer","floor":28,"turns":4},{"damage":5,"enemies":"Gremlin Leader","floor":30,"turns":4},{"damage":63,"enemies":"Automaton","floor":33,"turns":4},{"damage":11,"enemies":"Orb Walker","floor":35,"turns":3},{"damage":0,"enemies":"3 Shapes","floor":37,"turns":4},{"damage":0,"enemies":"Sphere and 2 Shapes","floor":39,"turns":2},{"damage":39,"enemies":"Reptomancer","floor":40,"turns":5},{"damage":3,"enemies":"Giant Head","floor":42,"turns":6},{"damage":14,"enemies":"4 Shapes","floor":44,"turns":6},{"damage":36,"enemies":"Transient","floor":46,"turns":5},{"damage":18,"enemies":"3 Darklings","floor":47,"turns":4},{"damage":12,"enemies":"Nemesis","floor":48,"turns":5},{"damage":90,"enemies":"Awakened One","floor":50,"turns":5}],"seed_played":"-5800843174363627647","potions_obtained":[{"floor":1,"key":"Guardian:BlockOnCardUsePotion"},{"floor":3,"key":"ColorlessPotion"},{"floor":13,"key":"AttackPotion"},{"floor":18,"key":"DuplicationPotion"},{"floor":33,"key":"FairyPotion"},{"floor":46,"key":"LiquidMemories"}],"is_trial":false,"path_per_floor":["M","?","M","M","?","R","E","M","T","$","E","R","E","M","R","B",null,"M","?","M","M","M","R","E","M","T","R","M","$","E","?","R","B",null,"M","?","M","?","M","E","R","E","T","M","R","M","M","E","R","B"],"character_chosen":"THE_CURSED","items_purchased":["CCEMRelics:BiPhaseBiplane","TheCursedMod:TroublousMinions","TheCursedMod:SpitefulPlan","TheCursedMod:HellsGateOpen","CCEMRelics:SpiritsEdge"],"campfire_rested":7,"item_purchase_floors":[10,10,10,29,29],"current_hp_per_floor":[67,52,52,43,48,72,68,65,65,65,60,60,39,27,51,49,72,57,41,35,33,20,44,24,23,35,65,50,50,45,45,75,12,80,69,59,59,65,65,26,58,57,69,57,94,62,46,36,36,0,0],"gold":478,"neow_bonus":"NOSTALGIA","is_daily":false,"chose_seed":false,"campfire_upgraded":1,"win_rate":0.0,"timestamp":1612638248,"path_taken":["M","?","M","M","?","R","E","M","T","$","E","R","E","M","R","BOSS","M","?","M","M","M","R","E","M","T","R","M","$","E","?","R","BOSS","M","?","?","?","?","E","R","E","T","?","R","M","M","E","R","BOSS"],"items_purchased_type":["Relic","Card","Card","Card","Relic"],"build_version":"2020-12-22","purchased_purges":1,"victory":false,"max_hp_per_floor":[75,75,75,75,80,80,80,80,80,80,80,80,80,80,80,80,80,80,80,80,80,80,80,90,90,102,102,102,102,102,102,102,102,102,102,102,102,108,108,108,108,110,122,124,124,128,130,132,132,134,134],"relic_stats":{"Darkstone Periapt":30,"Centennial Puzzle":[58],"Nunchaku":[4],"counters":[28,95],"CeramicFish":108,"MealTicket":0,"Prayer Wheel":0,"Pen Nib":[14],"Whetstone":["TheCursedMod:SurpriseAttack","TheCursedMod:ShockAndAwe"],"obtain_stats":[{"Darkstone Periapt":11,"TheCursedMod:BlackMagic101":0,"TheCursedMod:FourLeafCloverCharm":34,"Pear":24,"TheCursedMod:BlackMagicAdvanced":0,"aspiration:Nostalgia":0,"Nilry\u0027s Codex":19,"CeramicFish":30,"Pen Nib":9,"EVO:Axolotl":0,"Whetstone":13,"CCEMRelics:SpiritsEdge":29,"SlaversCollar":17,"Centennial Puzzle":7,"Nunchaku":42,"CCEMRelics:BiPhaseBiplane":10,"MealTicket":43,"Prayer Wheel":48,"downfall:ExtraCursedKey":5,"InkBottle":40},{"Darkstone Periapt":6,"TheCursedMod:BlackMagic101":0,"TheCursedMod:FourLeafCloverCharm":18,"Pear":14,"TheCursedMod:BlackMagicAdvanced":0,"aspiration:Nostalgia":0,"Nilry\u0027s Codex":10,"CeramicFish":17,"Pen Nib":5,"EVO:Axolotl":0,"Whetstone":7,"CCEMRelics:SpiritsEdge":16,"SlaversCollar":9,"Centennial Puzzle":4,"Nunchaku":23,"CCEMRelics:BiPhaseBiplane":5,"MealTicket":23,"Prayer Wheel":27,"downfall:ExtraCursedKey":3,"InkBottle":22},{"Darkstone Periapt":9,"TheCursedMod:BlackMagic101":0,"TheCursedMod:FourLeafCloverCharm":51,"Pear":35,"TheCursedMod:BlackMagicAdvanced":0,"aspiration:Nostalgia":0,"Nilry\u0027s Codex":19,"CeramicFish":47,"Pen Nib":7,"EVO:Axolotl":0,"Whetstone":12,"CCEMRelics:SpiritsEdge":43,"SlaversCollar":15,"Centennial Puzzle":6,"Nunchaku":71,"CCEMRelics:BiPhaseBiplane":7,"MealTicket":71,"Prayer Wheel":90,"downfall:ExtraCursedKey":4,"InkBottle":65}],"InkBottle":[20]},"card_choices":[{"not_picked":["TheCursedMod:Obscuration","TheCursedMod:RavingStaff"],"picked":"TheCursedMod:CursedSpellbook","floor":1},{"not_picked":["TheCursedMod:FleshFromBone","TheCursedMod:ReleasedKnowledge"],"picked":"TheCursedMod:LuckyCharm","floor":3},{"not_picked":["TheCursedMod:CircleOfBlood","TheCursedMod:CircleOfCorruption"],"picked":"TheCursedMod:SurpriseAttack","floor":4},{"not_picked":["TheCursedMod:AbyssShockwave","TheCursedMod:FuryStrike"],"picked":"TheCursedMod:ReleasedStrength","floor":7},{"not_picked":["TheCursedMod:CursedArmor","TheCursedMod:CursedStaff"],"picked":"TheCursedMod:OutForBlood","floor":8},{"not_picked":["TheCursedMod:RavingStaff","TheCursedMod:Torture"],"picked":"TheCursedMod:SurpriseAttack","floor":11},{"not_picked":["TheCursedMod:CursedRelics","TheCursedMod:AshesToAshes"],"picked":"TheCursedMod:Obscuration","floor":13},{"not_picked":["TheCursedMod:Torture","TheCursedMod:SmokeScreen"],"picked":"TheCursedMod:CursedShiv","floor":14},{"not_picked":["TheCursedMod:ShockAndAwe","TheCursedMod:UltimatePain"],"picked":"TheCursedMod:DarkBarrier","floor":16},{"not_picked":["TheCursedMod:SaltUponWound","TheCursedMod:VitalStrike"],"picked":"TheCursedMod:CircleOfFlame+1","floor":18},{"not_picked":["TheCursedMod:RavingStaff+1","TheCursedMod:CircleOfCorruption"],"picked":"TheCursedMod:SpitefulStrike+1","floor":20},{"not_picked":["TheCursedMod:CircleOfWindfury+1","TheCursedMod:SpitefulPlan"],"picked":"TheCursedMod:Hemoplague+1","floor":21},{"not_picked":["TheCursedMod:CircleOfFocus","TheCursedMod:ReleasedStrength"],"picked":"TheCursedMod:RapidMovement","floor":22},{"not_picked":["TheCursedMod:Stigma+1","TheCursedMod:VitalStrike+1"],"picked":"TheCursedMod:Torture+1","floor":24},{"not_picked":["TheCursedMod:SurpriseAttack","TheCursedMod:CircleOfCorruption"],"picked":"TheCursedMod:VoidForm","floor":25},{"not_picked":["TheCursedMod:SpitefulStrike","TheCursedMod:PrepareRite+1"],"picked":"TheCursedMod:RapidMovement","floor":28},{"not_picked":["TheCursedMod:PrepareRite","TheCursedMod:CursedMace+1"],"picked":"TheCursedMod:CursedShiv+1","floor":30},{"not_picked":["TheCursedMod:UltimatePain","TheCursedMod:AntiAging"],"picked":"TheCursedMod:CollectTribute","floor":33},{"not_picked":["TheCursedMod:WearCloak","TheCursedMod:SaltUponWound"],"picked":"TheCursedMod:CursedStaff+1","floor":35},{"not_picked":["TheCursedMod:ReleasedKnowledge","TheCursedMod:Torture+1","TheCursedMod:Stretching"],"picked":"SKIP","floor":37},{"not_picked":["TheCursedMod:SurpriseAttack","TheCursedMod:SpitefulStrike+1","TheCursedMod:Stigma+1"],"picked":"SKIP","floor":39},{"not_picked":["TheCursedMod:Wield","TheCursedMod:SoulCrush+1"],"picked":"TheCursedMod:AntiAging","floor":40},{"not_picked":["TheCursedMod:CircleOfFlame","TheCursedMod:AbyssShockwave+1","TheCursedMod:Stigma"],"picked":"SKIP","floor":42},{"not_picked":["TheCursedMod:CursedMace+1","TheCursedMod:Wield+1"],"picked":"TheCursedMod:SurpriseAttack+1","floor":44},{"not_picked":["TheCursedMod:StingEye","TheCursedMod:Stigma"],"picked":"TheCursedMod:CollectTribute","floor":46},{"not_picked":["TheCursedMod:BloodBarrier","TheCursedMod:Wield+1"],"picked":"TheCursedMod:CursedArmor","floor":47},{"not_picked":["TheCursedMod:EmpowerCircles","TheCursedMod:Obscuration+1"],"picked":"TheCursedMod:CursedShiv","floor":48}],"player_experience":268644,"relics_obtained":[{"floor":7,"key":"Centennial Puzzle"},{"floor":9,"key":"Pen Nib"},{"floor":11,"key":"Darkstone Periapt"},{"floor":13,"key":"Whetstone"},{"floor":24,"key":"Pear"},{"floor":30,"key":"CeramicFish"},{"floor":40,"key":"InkBottle"},{"floor":42,"key":"Nunchaku"},{"floor":43,"key":"MealTicket"},{"floor":48,"key":"Prayer Wheel"}],"event_choices":[{"damage_healed":67,"gold_gain":0,"player_choice":"Upgrade","damage_taken":15,"max_hp_gain":0,"max_hp_loss":75,"event_name":"betterThird:BetterShining","floor":2,"gold_loss":0,"cards_upgraded":["TheCursedMod:CursedSpellbook","TheCursedMod:CursedSpellbook"]},{"damage_healed":0,"gold_gain":0,"player_choice":"Obtained Book","damage_taken":16,"max_hp_gain":0,"max_hp_loss":0,"event_name":"Cursed Tome","floor":19,"gold_loss":0},{"damage_healed":0,"gold_gain":0,"player_choice":"Damaged","damage_taken":10,"max_hp_gain":0,"max_hp_loss":0,"event_name":"Wheel of Change","floor":36,"gold_loss":0},{"damage_healed":0,"gold_gain":0,"player_choice":"2 cards matched","damage_taken":0,"max_hp_gain":0,"max_hp_loss":0,"event_name":"Match and Keep!","floor":38,"gold_loss":0,"cards_obtained":["TheCursedMod:VitalStrike","downfall:Malfunctioning"]}],"is_beta":false,"boss_relics":[{"not_picked":["energizedSpire:StickyHand","Calling Bell"],"picked":"SlaversCollar"},{"not_picked":["jessBottle:WaterBottleRelic","Coffee Dripper"],"picked":"TheCursedMod:FourLeafCloverCharm"}],"items_purged_floors":[29],"is_endless":false,"potions_floor_spawned":[1,3,13,16,18,21,25,33,35,39,46,48],"killed_by":"Awakened One","ascension_level":7}}