{"host":"j4g6ia6asvpyu2b0","time":1612651369,"event":{"mods":["BaseMod","Colored Map","Minty Spire (QoL Compilation)","Permanent Neow","Quick Restart","Relic Stats","StSLib","Unceasing Turn Reminder"],"gold_per_floor":[110,120,120,137,153,184,199,217,217,231,406,406,431,442,442,543,543,556,522,522,432,447,477,477,503,503,530,530,530],"floor_reached":28,"language":"ENG","playtime":1379,"items_purged":[],"score":365,"play_id":"39572000-5702-43e2-8ad6-01e4469e31a3","local_time":"20210206154249","is_ascension_mode":true,"campfire_choices":[{"data":"Tactician","floor":12,"key":"SMITH"},{"data":"Concentrate","floor":15,"key":"SMITH"},{"floor":24,"key":"REST"}],"circlet_count":0,"master_deck":["Strike_G+1","Strike_G+1","Strike_G+1","Strike_G+1","Strike_G+1","Defend_G+1","Defend_G+1","Defend_G+1","Defend_G+1","Defend_G+1","Survivor","Neutralize","Terror+1","Outmaneuver","Caltrops","Tactician+1","Backflip","Acrobatics","After Image","PiercingWail","Doubt","Cloak And Dagger","Concentrate+1","Tools of the Trade","Dagger Spray","Dodge and Roll","Bouncing Flask","Prepared","Caltrops","Envenom","Distraction+1","Normality","Dodge and Roll"],"relics":["Runic Pyramid","Paper Crane","PreservedInsect","Peace Pipe","Cursed Key","Juzu Bracelet","Letter Opener","Shuriken"],"acts_visited":["Exordium","TheCity"],"potions_floor_usage":[6,8,13,25],"damage_taken":[{"damage":0,"enemies":"2 Louse","floor":1,"turns":3},{"damage":0,"enemies":"Cultist","floor":2,"turns":3},{"damage":0,"enemies":"Small Slimes","floor":4,"turns":4},{"damage":6,"enemies":"Looter","floor":5,"turns":3},{"damage":10,"enemies":"Lagavulin","floor":6,"turns":7},{"damage":0,"enemies":"Large Slime","floor":7,"turns":8},{"damage":0,"enemies":"Lots of Slimes","floor":8,"turns":2},{"damage":1,"enemies":"3 Louse","floor":10,"turns":5},{"damage":8,"enemies":"Gremlin Nob","floor":13,"turns":4},{"damage":4,"enemies":"Red Slaver","floor":14,"turns":5},{"damage":22,"enemies":"The Guardian","floor":16,"turns":14},{"damage":1,"enemies":"Shell Parasite","floor":18,"turns":8},{"damage":25,"enemies":"2 Thieves","floor":19,"turns":5},{"damage":1,"enemies":"Chosen and Byrds","floor":22,"turns":7},{"damage":15,"enemies":"Book of Stabbing","floor":23,"turns":5},{"damage":33,"enemies":"Slavers","floor":25,"turns":5},{"damage":0,"enemies":"Gremlin Leader","floor":27,"turns":7},{"damage":16,"enemies":"Snake Plant","floor":28,"turns":3}],"seed_played":"1425461133291265546","potions_obtained":[{"floor":2,"key":"Explosive Potion"},{"floor":4,"key":"Strength Potion"},{"floor":5,"key":"LiquidMemories"},{"floor":8,"key":"SteroidPotion"},{"floor":14,"key":"DuplicationPotion"},{"floor":22,"key":"Weak Potion"},{"floor":25,"key":"GamblersBrew"}],"is_trial":false,"path_per_floor":["M","M","?","M","M","E","M","M","T","M","?","R","E","M","R","B",null,"M","M","?","$","M","E","R","E","T","E","M"],"character_chosen":"THE_SILENT","items_purchased":["Bouncing Flask","Prepared"],"campfire_rested":1,"item_purchase_floors":[21,21],"current_hp_per_floor":[70,70,70,70,64,54,54,54,54,53,53,53,45,41,41,19,70,69,44,44,44,43,28,49,16,16,16,0,0],"gold":530,"neow_bonus":"BOSS_RELIC","is_daily":false,"chose_seed":false,"campfire_upgraded":2,"win_rate":0.0,"timestamp":1612651369,"path_taken":["M","M","?","M","M","E","M","M","T","?","?","R","E","M","R","BOSS","M","M","?","$","M","E","R","E","T","E","M"],"items_purchased_type":["Card","Card"],"build_version":"2020-12-22","purchased_purges":0,"victory":false,"max_hp_per_floor":[70,70,70,70,70,70,70,70,70,70,70,70,70,70,70,70,70,70,70,70,70,70,70,70,70,70,70,70,70],"relic_stats":{"Peace Pipe":0,"counters":[18,98],"Shuriken":[0],"PreservedInsect":143,"Juzu Bracelet":0,"Letter Opener":[55],"Cursed Key":1,"obtain_stats":[{"Peace Pipe":13,"Shuriken":27,"PreservedInsect":9,"Juzu Bracelet":23,"Letter Opener":25,"Paper Crane":6,"Cursed Key":17,"Ring of the Snake":0,"Runic Pyramid":0},{"Peace Pipe":9,"Shuriken":17,"PreservedInsect":7,"Juzu Bracelet":15,"Letter Opener":16,"Paper Crane":5,"Cursed Key":11,"Ring of the Snake":0,"Runic Pyramid":0},{"Peace Pipe":39,"Shuriken":95,"PreservedInsect":30,"Juzu Bracelet":83,"Letter Opener":88,"Paper Crane":20,"Cursed Key":58,"Ring of the Snake":0,"Runic Pyramid":0}]},"card_choices":[{"not_picked":["Cloak And Dagger","Poisoned Stab"],"picked":"Terror","floor":1},{"not_picked":["Finisher","Underhanded Strike"],"picked":"Outmaneuver","floor":2},{"not_picked":["Backflip","Backstab"],"picked":"Caltrops","floor":4},{"not_picked":["Bane","Cloak And Dagger"],"picked":"Tactician","floor":5},{"not_picked":["Setup","Slice"],"picked":"Backflip","floor":6},{"not_picked":["Underhanded Strike","Heel Hook"],"picked":"Acrobatics","floor":7},{"not_picked":["Footwork","Flying Knee"],"picked":"After Image","floor":8},{"not_picked":["Deflect","Calculated Gamble"],"picked":"PiercingWail","floor":10},{"not_picked":["Sucker Punch","Poisoned Stab"],"picked":"Cloak And Dagger","floor":13},{"not_picked":["Deadly Poison","Backflip"],"picked":"Concentrate","floor":14},{"not_picked":["Glass Knife","Doppelganger"],"picked":"Tools of the Trade","floor":16},{"not_picked":["PiercingWail","Dodge and Roll"],"picked":"Dagger Spray","floor":18},{"not_picked":["Bane","Slice"],"picked":"Dodge and Roll","floor":19},{"not_picked":["Backstab+1","Catalyst"],"picked":"Caltrops","floor":22},{"not_picked":["Bane","Dagger Throw"],"picked":"Envenom","floor":23},{"not_picked":["Eviscerate+1","Flying Knee"],"picked":"Distraction+1","floor":25},{"not_picked":["Deflect","Leg Sweep"],"picked":"Dodge and Roll","floor":27}],"player_experience":1166356,"relics_obtained":[{"floor":6,"key":"Paper Crane"},{"floor":9,"key":"PreservedInsect"},{"floor":13,"key":"Peace Pipe"},{"floor":23,"key":"Juzu Bracelet"},{"floor":25,"key":"Letter Opener"},{"floor":27,"key":"Shuriken"}],"event_choices":[{"damage_healed":0,"gold_gain":0,"player_choice":"Forge","damage_taken":0,"max_hp_gain":0,"max_hp_loss":0,"event_name":"Accursed Blacksmith","floor":3,"gold_loss":0,"cards_upgraded":["Terror"]},{"damage_healed":0,"gold_gain":175,"player_choice":"AGREE","damage_taken":0,"max_hp_gain":0,"max_hp_loss":0,"event_name":"Liars Game","floor":11,"gold_loss":0,"cards_obtained":["Doubt"]},{"damage_healed":0,"gold_gain":0,"player_choice":"Simplicity","damage_taken":0,"max_hp_gain":0,"max_hp_loss":0,"event_name":"Back to Basics","floor":20,"gold_loss":0,"cards_upgraded":["Strike_G","Strike_G","Strike_G","Strike_G","Strike_G","Defend_G","Defend_G","Defend_G","Defend_G","Defend_G"]}],"is_beta":false,"boss_relics":[{"not_picked":["Pandora\u0027s Box","SacredBark"],"picked":"Cursed Key"}],"items_purged_floors":[],"is_endless":false,"potions_floor_spawned":[2,4,5,8,14,22,25],"killed_by":"Snake Plant","ascension_level":3}}