{"host":"Jinnai","time":1612635489,"event":{"mods":["BaseMod","Bestiary","Block Reminder","Colored Map","Colored Powertips","Curses Come First","Highlight Path","Minty Spire (QoL Compilation)","Permanent Neow","Potion Indicator Mod","Quick Restart","Random Character Button","Relic Stats","StSLib","ojb\u0027s Info Mod"],"gold_per_floor":[110,45,45,45,58,58,58,68,68,68,83,102,102,60,60,133,133,144,162,182,182,201,201,201],"floor_reached":23,"language":"ENG","playtime":835,"items_purged":[],"score":366,"play_id":"dfd4dc83-5939-4bf9-9e57-e40c2fbf57c4","local_time":"20210206131809","is_ascension_mode":true,"campfire_choices":[{"floor":6,"key":"DIG"},{"floor":10,"key":"DIG"},{"floor":13,"key":"DIG"},{"floor":15,"key":"REST"}],"circlet_count":0,"master_deck":["AscendersBane","Strike_P+1","Strike_P","Strike_P","Defend_P","Defend_P","Eruption+1","Vigilance+1","CutThroughFate","MasterReality","Prostrate","Conclude+1","Consecrate","TalkToTheHand","LessonLearned","EmptyFist","Prostrate+1","WheelKick","Tantrum"],"relics":["PureWater","Shovel","Peace Pipe","Mango","Damaru","Anchor","Snecko Eye"],"acts_visited":["Exordium","TheCity"],"potions_floor_usage":[11,11,23],"damage_taken":[{"damage":2,"enemies":"Cultist","floor":1,"turns":3},{"damage":12,"enemies":"Small Slimes","floor":5,"turns":4},{"damage":0,"enemies":"2 Louse","floor":8,"turns":2},{"damage":15,"enemies":"Exordium Thugs","floor":11,"turns":4},{"damage":1,"enemies":"2 Fungi Beasts","floor":12,"turns":2},{"damage":23,"enemies":"Slime Boss","floor":16,"turns":8},{"damage":30,"enemies":"Spheric Guardian","floor":18,"turns":4},{"damage":7,"enemies":"2 Thieves","floor":19,"turns":3},{"damage":7,"enemies":"Snecko","floor":20,"turns":5},{"damage":11,"enemies":"Snake Plant","floor":22,"turns":3},{"damage":12,"enemies":"Slavers","floor":23,"turns":3}],"seed_played":"-8582377620050680572","potions_obtained":[{"floor":5,"key":"DuplicationPotion"},{"floor":8,"key":"AttackPotion"},{"floor":20,"key":"DistilledChaos"},{"floor":22,"key":"Ancient Potion"}],"is_trial":false,"path_per_floor":["M","?","?","?","M","R","$","M","T","R","M","M","R","$","R","B",null,"M","M","M","?","M","E"],"character_chosen":"WATCHER","items_purchased":["TalkToTheHand"],"campfire_rested":1,"item_purchase_floors":[14],"current_hp_per_floor":[41,41,34,34,22,22,22,22,36,36,21,20,20,20,44,21,67,37,30,23,23,12,0,0],"gold":201,"neow_bonus":"ONE_RARE_RELIC","is_daily":false,"chose_seed":false,"campfire_upgraded":0,"win_rate":0.0,"timestamp":1612635489,"path_taken":["M","?","?","?","M","R","$","M","T","R","M","M","R","$","R","BOSS","M","M","M","?","M","E"],"items_purchased_type":["Card"],"build_version":"2020-12-18","purchased_purges":0,"victory":false,"max_hp_per_floor":[68,68,68,68,68,68,68,68,82,82,82,82,82,82,82,82,82,82,82,82,82,82,82,82],"relic_stats":{"Peace Pipe":0,"Shovel":3,"counters":[11,41],"Snecko Eye":[46,26,28,32],"obtain_stats":[{"Peace Pipe":6,"Anchor":13,"Shovel":0,"Damaru":10,"Snecko Eye":17,"Mango":9,"PureWater":0},{"Peace Pipe":2,"Anchor":5,"Shovel":0,"Damaru":3,"Snecko Eye":6,"Mango":3,"PureWater":0},{"Peace Pipe":7,"Anchor":15,"Shovel":0,"Damaru":9,"Snecko Eye":23,"Mango":9,"PureWater":0}]},"card_choices":[{"not_picked":["ThirdEye","ClearTheMind"],"picked":"CutThroughFate","floor":1},{"not_picked":["JustLucky","Worship"],"picked":"Prostrate","floor":5},{"not_picked":["FollowUp","MentalFortress"],"picked":"Conclude","floor":8},{"not_picked":["Protect","FlurryOfBlows"],"picked":"Consecrate","floor":11},{"not_picked":["Sanctity","WindmillStrike","SashWhip"],"picked":"SKIP","floor":12},{"not_picked":["MasterReality","DeusExMachina"],"picked":"LessonLearned","floor":16},{"not_picked":["Swivel","FollowUp"],"picked":"EmptyFist","floor":18},{"not_picked":["Halt","Vengeance"],"picked":"Prostrate+1","floor":19},{"not_picked":["ClearTheMind+1","Swivel"],"picked":"WheelKick","floor":20},{"not_picked":["Halt","PathToVictory"],"picked":"Tantrum","floor":22}],"player_experience":1661098,"relics_obtained":[{"floor":6,"key":"Peace Pipe"},{"floor":9,"key":"Mango"},{"floor":10,"key":"Damaru"},{"floor":13,"key":"Anchor"}],"event_choices":[{"damage_healed":0,"gold_gain":0,"player_choice":"Left Gold","damage_taken":0,"max_hp_gain":0,"max_hp_loss":0,"event_name":"World of Goop","floor":2,"gold_loss":65},{"cards_removed":["Defend_P"],"damage_healed":0,"gold_gain":0,"player_choice":"Card Removal","damage_taken":7,"max_hp_gain":0,"max_hp_loss":0,"event_name":"Golden Wing","floor":3,"gold_loss":0},{"damage_healed":0,"gold_gain":0,"cards_transformed":["Defend_P"],"player_choice":"Change","damage_taken":0,"max_hp_gain":0,"max_hp_loss":0,"event_name":"Living Wall","floor":4,"gold_loss":0,"cards_obtained":["MasterReality"]},{"cards_removed":["Strike_P"],"damage_healed":0,"gold_gain":0,"player_choice":"Purged","damage_taken":0,"max_hp_gain":0,"max_hp_loss":0,"event_name":"Purifier","floor":21,"gold_loss":0}],"is_beta":true,"boss_relics":[{"not_picked":["Busted Crown","Coffee Dripper"],"picked":"Snecko Eye"}],"items_purged_floors":[],"is_endless":false,"potions_floor_spawned":[5,8,20,22],"killed_by":"Slavers","ascension_level":20}}