{"host":"oewe6473mh2zp5ss","time":1612572737,"event":{"mods":["AchievementEnabler","Aspiration","Bard","BaseMod","Challenge The Spire","Conspire","Curses Come First","Custom Start","Downfall","Emptier Cage","Gremlin Mod","Halation","Hubris","Infinite Spire","Minty Spire (QoL Compilation)","Permanent Neow","Reliquary","Replay The Spire","Robot Space Explorer","Somnambulant","Spikes Relics","StSLib","The Cursed","The Disciple","The Jungle","The Senshi","thorton"],"gold_per_floor":[99,112,112,126,136,136,236,261,261,41,61,61,61,75,75,172,172,184,184,197,197,209,229,240,240,240,48,67,97,97,97,97,198,198,215,215,233,233,233,233,267,280,358,370,381,44,57,57,57,132,132,132,132,145,154,154,161,171,176,176,176,183,210,38,55,55,140,140,139,139,139,139,137,137,12,18,86,74,74,74,74,62,62,55,55,40,40],"floor_reached":86,"language":"ENG","playtime":5463,"items_purged":["Hatred","Writhe","Heatsinks+1","Time Bomb+1"],"score":1172,"play_id":"14b17a1a-f6ed-4875-89f2-ead69c5381ac","local_time":"20210205165216","is_ascension_mode":false,"campfire_choices":[{"data":"Tempest","floor":6,"key":"SMITH"},{"data":"hubris:PowerSurge","floor":13,"key":"SMITH"},{"data":"hubris:PowerSurge+1","floor":15,"key":"SMITH"},{"data":"hubris:PowerSurge+2","floor":30,"key":"SMITH"},{"data":"hubris:PowerSurge+3","floor":32,"key":"SMITH"},{"data":"hubris:PowerSurge+4","floor":40,"key":"SMITH"},{"floor":49,"key":"DIG"},{"floor":61,"key":"REST"},{"data":"hubris:PowerSurge+5","floor":66,"key":"SMITH"},{"data":"hubris:PowerSurge+6","floor":74,"key":"SMITH"},{"data":"Pride","floor":85,"key":"PURGE"}],"circlet_count":0,"master_deck":["Strike_B","Strike_B","Defend_B","Defend_B","Zap","Dualcast","ReplayTheSpireMod:Reroute Power+1","Rebound","Tempest+1","Redo","Rebound","Go for the Eyes","hubris:PowerSurge+7","Barrage","Machine Learning","hubris:Ukulele","Buffer","Turbo+1","BootSequence","Redo","Ball Lightning+1","Barrage","Rebound","Apotheosis","BasicCrystalCard+1","Redo+1","Aggregate","BasicCrystalCard","Self Repair+1","Double Energy","Lockon","Panic Button+1","Coolheaded+1","Panic Button+1","aspiration:Polymerization","Redo+1","Ball Lightning+1","Turbo+1","Meteor Strike","BasicCrystalCard+1","Ball Lightning","hubris:Ukulele","Redo","Fission","Gash","Barrage","Barrage","Multi-Cast","Gash","Tempest","hubris:Ukulele","Double Energy","Thunder Strike","Auto Shields+1","Darkness","infinitespire:Punishment","infinitespire:SealOfDarkness+","infinitespire:FutureSight","BootSequence","Crystallizer","White Noise","Amplify","Ball Lightning","ReplayTheSpireMod:Dual Polarity","Pride","Pride","ReplaySolidLightProjector+1"],"relics":["Cracked Core","thethorton:BottledFunds","infinitespire:BottledMercury","hubris:BallOfYels","Counterbalance","reliquary:Conveyor","AncientExoskeleton","conspire:InfiniteJournal","hexamod:CandleOfCauterizing","reliquary:RosewoodLute","ReplayTheSpireMod:TigerMarble","Replay:Grab Bag","Sozu","reliquary:Craggleroot","halation:PinkAlligatorPlush","Centennial Puzzle","Replay:Ringing Soul","Gremlin Food","Inserter","ReplayTheSpireMod:Lightbulb","Replay:Multitool","Prayer Wheel","infinitespire:Magic Flask","hubris:RGBLights","BargainBundle","aspiration:TomeofQuesting","halation:LettersToHer","thethorton:CrushedCigarette","Geode","Nunchaku","hubris:TinFlute","Astrolabe","theSenshi:FeatherClipsRelic","Golden Egg"],"acts_visited":["Exordium","TheCity","TheBeyond","Exordium","TheCity"],"potions_floor_usage":[45,45],"damage_taken":[{"damage":0,"enemies":"Small Slimes","floor":2,"turns":2},{"damage":0,"enemies":"infinitespire:Voidling","floor":4,"turns":2},{"damage":0,"enemies":"Jaw Worm","floor":5,"turns":1},{"damage":0,"enemies":"Gremlin Nob","floor":8,"turns":2},{"damage":0,"enemies":"2 Fungi Beasts","floor":11,"turns":1},{"damage":0,"enemies":"Exordium Wildlife","floor":14,"turns":2},{"damage":0,"enemies":"Fading Forest","floor":16,"turns":11},{"damage":0,"enemies":"Spheric Guardian","floor":18,"turns":1},{"damage":0,"enemies":"Chosen","floor":20,"turns":1},{"damage":0,"enemies":"Shelled Parasite and Fungi","floor":22,"turns":2},{"damage":0,"enemies":"Snecko","floor":23,"turns":2},{"damage":0,"enemies":"Snake Plant","floor":24,"turns":1},{"damage":0,"enemies":"Shelled Parasite and Fungi","floor":28,"turns":3},{"damage":0,"enemies":"Nightmare","floor":29,"turns":1},{"damage":0,"enemies":"conspire:MysteriousRune","floor":33,"turns":4},{"damage":0,"enemies":"Orb Walker","floor":35,"turns":2},{"damage":0,"enemies":"3 Shapes","floor":37,"turns":2},{"damage":0,"enemies":"Giant Head","floor":41,"turns":4},{"damage":0,"enemies":"3 Darklings","floor":42,"turns":2},{"damage":22,"enemies":"Spire Growth","floor":44,"turns":3},{"damage":15,"enemies":"Transient","floor":45,"turns":5},{"damage":0,"enemies":"Writhing Mass","floor":47,"turns":2},{"damage":91,"enemies":"infinitespire:MassOfShapes","floor":50,"turns":4},{"damage":0,"enemies":"Cultist","floor":54,"turns":2},{"damage":0,"enemies":"2 Louse","floor":55,"turns":1},{"damage":24,"enemies":"Gremlin Nob","floor":57,"turns":3},{"damage":0,"enemies":"Jaw Worm","floor":58,"turns":1},{"damage":0,"enemies":"Large Slime","floor":59,"turns":2},{"damage":0,"enemies":"3 Louse","floor":62,"turns":2},{"damage":50,"enemies":"Lagavulin","floor":63,"turns":2},{"damage":0,"enemies":"Exordium Wildlife","floor":65,"turns":1},{"damage":3,"enemies":"The Guardian","floor":67,"turns":3},{"damage":0,"enemies":"3 Byrds","floor":69,"turns":3},{"damage":0,"enemies":"Chosen","floor":71,"turns":2},{"damage":0,"enemies":"Snecko","floor":72,"turns":2},{"damage":0,"enemies":"Cultist and Chosen","floor":73,"turns":3},{"damage":59,"enemies":"Centurion and Healer","floor":76,"turns":4},{"damage":27,"enemies":"3 Cultists","floor":78,"turns":3},{"damage":4,"enemies":"Cultist and Chosen","floor":82,"turns":4},{"damage":31,"enemies":"Chosen and Byrds","floor":84,"turns":3},{"damage":22,"enemies":"Pondfish","floor":86,"turns":2}],"seed_played":"-3416017971041698003","potions_obtained":[{"floor":14,"key":"Fire Potion"},{"floor":16,"key":"AttackPotion"}],"is_trial":true,"path_per_floor":["?","M","WH","M","M","R","WH","E","T","$","M","WH","R","M","R","B",null,"M","WH","M","WH","M","M","M","WH","T","$","M","NM","R","WH","R","B",null,"M","WH","M","?","WH","R","E","M","T","M","M","$","M","WH","R","B",null,"?","?","M","M","WH","E","M","M","T","R","M","E","$","M","R","B",null,"M","AVR","M","M","M","R","$","M","T","M","PTL","PTL","?","M","WH","M","R","B"],"character_chosen":"DEFECT","items_purchased":["hubris:PowerSurge","ReplayTheSpireMod:TigerMarble","Apotheosis","BargainBundle","aspiration:Polymerization","Redo+1","aspiration:TomeofQuesting","Tempest"],"campfire_rested":1,"item_purchase_floors":[10,10,27,46,46,46,46,64],"current_hp_per_floor":[75,75,75,75,75,75,75,75,75,75,75,75,75,75,75,75,75,75,75,75,75,75,76,76,76,76,79,82,85,85,85,85,88,88,88,88,91,94,97,97,100,103,103,84,82,85,88,88,88,118,118,121,121,124,127,127,108,108,108,108,127,127,77,77,77,77,74,127,127,127,127,127,127,127,127,71,71,47,47,47,47,46,46,18,18,0,0],"gold":40,"neow_bonus":"ONE_RARE_RELIC","is_daily":false,"chose_seed":false,"campfire_upgraded":8,"win_rate":0.0,"timestamp":1612572736,"path_taken":["?","M","WH","M","M","R","WH","E","T","$","M","WH","R","M","R","BOSS","M","WH","M","WH","M","M","M","WH","T","$","M","NM","R","WH","R","BOSS","M","WH","?","?","WH","R","E","M","T","M","M","$","M","WH","R","BOSS","?","?","M","M","WH","E","M","?","T","R","M","E","$","M","R","BOSS","M","AVR","M","M","M","R","$","M","T","M","PTL","PTL","?","M","WH","M","R","BOSS"],"items_purchased_type":["Card","Relic","Card","Relic","Card","Card","Relic","Card"],"build_version":"2020-12-22","purchased_purges":4,"victory":false,"max_hp_per_floor":[75,75,75,75,75,75,75,75,75,75,75,75,75,75,75,75,75,75,75,75,75,75,76,76,76,76,79,82,85,85,85,85,88,88,88,88,91,94,97,97,100,103,103,106,109,112,115,115,115,118,118,121,121,124,127,127,127,127,127,127,127,127,127,127,127,127,127,127,127,127,127,127,127,127,127,127,127,127,127,127,127,127,127,127,127,127,127],"card_choices":[{"not_picked":["Go for the Eyes","Streamline"],"picked":"Rebound","floor":2},{"not_picked":["Rebound","Compile Driver"],"picked":"Tempest","floor":3},{"not_picked":["Aggregate","Compile Driver"],"picked":"Redo","floor":4},{"not_picked":["Compile Driver","Stack"],"picked":"Rebound","floor":5},{"not_picked":["Cold Snap","Gash"],"picked":"Go for the Eyes","floor":8},{"not_picked":["FTL","Cold Snap"],"picked":"Barrage","floor":11},{"not_picked":["Gash","Cold Snap"],"picked":"hubris:Ukulele","floor":14},{"not_picked":["hubris:SpecializedCircuitry","Seek"],"picked":"Buffer","floor":16},{"not_picked":["Compile Driver","ReplayTheSpireMod:GoodbyeWorld+1"],"picked":"Turbo+1","floor":18},{"not_picked":["Cold Snap+1","Go for the Eyes"],"picked":"BootSequence","floor":20},{"not_picked":["Go for the Eyes","Leap"],"picked":"Redo","floor":22},{"not_picked":["Genetic Algorithm","Rebound"],"picked":"Ball Lightning+1","floor":23},{"not_picked":["Panic Button","Blizzard"],"picked":"Barrage","floor":24},{"not_picked":["Conserve Battery","Sweeping Beam"],"picked":"Rebound","floor":25},{"not_picked":["Ball Lightning","Cold Snap+1"],"picked":"BasicCrystalCard+1","floor":28},{"not_picked":["Turbo","Hologram"],"picked":"Redo+1","floor":29},{"not_picked":["Buffer","Creative AI"],"picked":"ReplayTheSpireMod:Fabricate Wheel","floor":33},{"not_picked":["Leap+1","Scrape","Stack"],"picked":"SKIP","floor":35},{"not_picked":["ReplaySort+1","conspire:Rain+1"],"picked":"Aggregate","floor":37},{"not_picked":["Compile Driver+1","Streamline"],"picked":"BasicCrystalCard","floor":41},{"not_picked":["Time Bomb","Hyperbeam"],"picked":"Self Repair+1","floor":42},{"not_picked":["BootSequence","conspire:SharedLibrary+1"],"picked":"Double Energy","floor":42},{"not_picked":["Cold Snap","Ball Lightning"],"picked":"Lockon","floor":44},{"not_picked":["Time Bomb","Sweeping Beam"],"picked":"Panic Button+1","floor":44},{"not_picked":["Rebound+1","Compile Driver+1"],"picked":"Coolheaded+1","floor":45},{"not_picked":["Go for the Eyes+1","Stack"],"picked":"Panic Button+1","floor":45},{"not_picked":["ReplayTheSpireMod:Repulse+1","RefreshScreen"],"picked":"Ball Lightning+1","floor":47},{"not_picked":["Steam+1","Auto Shields+1"],"picked":"Turbo+1","floor":47},{"not_picked":["hubris:SpecializedCircuitry","Buffer"],"picked":"Meteor Strike","floor":50},{"not_picked":["Gash","Self Repair"],"picked":"Ball Lightning","floor":54},{"not_picked":["Stack","Barrage"],"picked":"hubris:Ukulele","floor":54},{"not_picked":["Sweeping Beam","conspire:SharedLibrary"],"picked":"Redo","floor":55},{"not_picked":["Leap","Redo"],"picked":"Fission","floor":55},{"not_picked":["Compile Driver","Scrape"],"picked":"Gash","floor":57},{"not_picked":["conspire:Rain","Recycle"],"picked":"Barrage","floor":58},{"not_picked":["Coolheaded","Cold Snap"],"picked":"Barrage","floor":58},{"not_picked":["Cold Snap","Hologram","BasicCrystalCard"],"picked":"SKIP","floor":59},{"not_picked":["Redo","Barrage","Compile Driver"],"picked":"SKIP","floor":59},{"not_picked":["Streamline","Coolheaded"],"picked":"Multi-Cast","floor":62},{"not_picked":["Redo","ReplayTheSpireMod:System Scan","Gash"],"picked":"SKIP","floor":62},{"not_picked":["Defragment","Melter"],"picked":"Gash","floor":63},{"not_picked":["FIFO Queue","Force Field"],"picked":"hubris:Ukulele","floor":65},{"not_picked":["Go for the Eyes","Turbo"],"picked":"Double Energy","floor":65},{"not_picked":["ReplayTheSpireMod:Omega Cannon","hubris:DoWhile"],"picked":"Thunder Strike","floor":67},{"not_picked":["Rip and Tear","Streamline+1"],"picked":"Darkness","floor":69},{"not_picked":["Streamline","Conserve Battery","Melter"],"picked":"SKIP","floor":69},{"not_picked":["Scrape","Sweeping Beam"],"picked":"BootSequence","floor":71},{"not_picked":["Turbo+1","Cold Snap"],"picked":"Crystallizer","floor":71},{"not_picked":["Rebound","Streamline"],"picked":"White Noise","floor":72},{"not_picked":["Leap+1","Turbo+1","Conserve Battery"],"picked":"SKIP","floor":72},{"not_picked":["ReplaySort","Loop"],"picked":"Amplify","floor":73},{"not_picked":["Capacitor","Panic Button","Conserve Battery"],"picked":"SKIP","floor":73},{"not_picked":["Beam Cell+1","Conserve Battery","Redo"],"picked":"SKIP","floor":76},{"not_picked":["Gash+1","BasicCrystalCard+1","Barrage"],"picked":"SKIP","floor":76},{"not_picked":["Scrape+1","Defragment"],"picked":"Ball Lightning","floor":78},{"not_picked":["Streamline","Multi-Cast","Genetic Algorithm"],"picked":"SKIP","floor":78},{"not_picked":["Chill","Panic Button"],"picked":"ReplayTheSpireMod:Dual Polarity","floor":82},{"not_picked":["Stack+1","Compile Driver","BootSequence"],"picked":"SKIP","floor":82},{"not_picked":["Barrage","Rebound"],"picked":"ReplaySolidLightProjector+1","floor":84},{"not_picked":["Rip and Tear+1","ReplayTheSpireMod:Omega Cannon","Conserve Battery"],"picked":"SKIP","floor":84},{"not_picked":["Rip and Tear+1","ReplayTheSpireMod:Omega Cannon","Conserve Battery"],"picked":"SKIP","floor":84}],"player_experience":88279,"relics_obtained":[{"floor":8,"key":"hexamod:CandleOfCauterizing"},{"floor":9,"key":"reliquary:RosewoodLute"},{"floor":26,"key":"Replay:Ringing Soul"},{"floor":29,"key":"Gremlin Food"},{"floor":41,"key":"infinitespire:Magic Flask"},{"floor":43,"key":"hubris:RGBLights"},{"floor":49,"key":"halation:LettersToHer"},{"floor":57,"key":"Geode"},{"floor":60,"key":"halation:LettersToHer"},{"floor":60,"key":"Nunchaku"},{"floor":63,"key":"hubris:TinFlute"},{"floor":77,"key":"halation:LettersToHer"},{"floor":77,"key":"Golden Egg"}],"event_choices":[{"damage_healed":23,"gold_gain":0,"player_choice":"Writhe","damage_taken":0,"max_hp_gain":0,"max_hp_loss":0,"event_name":"Winding Halls","floor":38,"gold_loss":0,"cards_obtained":["Writhe"]},{"damage_healed":0,"gold_gain":0,"player_choice":"Leave","damage_taken":0,"max_hp_gain":0,"max_hp_loss":0,"event_name":"conspire:Investor","floor":53,"gold_loss":0}],"is_beta":false,"boss_relics":[{"not_picked":["Black Star","infinitespire:Cupcake"],"picked":"Replay:Grab Bag"},{"not_picked":["aspiration:FutureDiary","Painkiller Herb"],"picked":"Sozu"},{"not_picked":["halation:CatFaceCupcake","Abe\u0027s Treasure"],"picked":"reliquary:Craggleroot"},{"not_picked":["aspiration:RitualDagger","aspiration:RunicSpoon"],"picked":"halation:PinkAlligatorPlush"},{"not_picked":["Tiny House","reliquary:RedCape"],"picked":"Inserter"},{"not_picked":["conspire:RoyalGoblet","Snecko Eye"],"picked":"thethorton:CrushedCigarette"},{"not_picked":["Kintsugi","halation:Risk"],"picked":"Astrolabe"}],"items_purged_floors":[46,64,70,75],"is_endless":true,"potions_floor_spawned":[14,16,22,23,24,29,35,41,50,57,59,63,65,67,69,71,73,82,84],"killed_by":"Pondfish","ascension_level":0}}