{"host":"artti7o26te9gn1a","time":1612587729,"event":{"mods":["AchievementEnabler","BaseMod","Beaked The Cultist","BetterRewards","Downfall","Minty Spire (QoL Compilation)","StSLib","Trackpad"],"gold_per_floor":[113,124,135,150,150,178,178,207,207,207,40,57,57,57,57,57,57],"floor_reached":16,"language":"ENG","playtime":460,"items_purged":[],"score":209,"play_id":"1b80d064-e680-43f8-93be-39508ea20e83","local_time":"20210206060209","is_ascension_mode":true,"campfire_choices":[{"floor":7,"key":"REST"},{"floor":10,"key":"REST"},{"data":"True Grit","floor":13,"key":"SMITH"},{"data":"True Grit","floor":15,"key":"SMITH"}],"circlet_count":0,"master_deck":["AscendersBane","Strike_R","Strike_R","Strike_R","Strike_R","Strike_R","Defend_R","Defend_R","Defend_R","Defend_R","Bash","Reaper","Cleave","True Grit+1","Anger","Thunderclap","Anger","Rampage","True Grit+1"],"relics":["Burning Blood","Juzu Bracelet","Bag of Marbles","Self Forming Clay","trackpad:StainlessSteel","trackpad:AdjectivePendant"],"acts_visited":["Exordium"],"potions_floor_usage":[8,12],"damage_taken":[{"damage":2,"enemies":"2 Louse","floor":1,"turns":3},{"damage":2,"enemies":"Cultist","floor":2,"turns":4},{"damage":9,"enemies":"Small Slimes","floor":3,"turns":5},{"damage":37,"enemies":"Gremlin Gang","floor":4,"turns":6},{"damage":53,"enemies":"3 Sentries","floor":6,"turns":9},{"damage":31,"enemies":"Gremlin Nob","floor":8,"turns":4},{"damage":3,"enemies":"Blue Slaver","floor":12,"turns":3},{"damage":56,"enemies":"Slime Boss","floor":16,"turns":5}],"seed_played":"3898375614893991034","potions_obtained":[{"floor":1,"key":"sneckomod:MuddlingPotion"},{"floor":3,"key":"PowerPotion"},{"floor":8,"key":"FearPotion"}],"is_trial":false,"path_per_floor":["M","M","M","M","?","E","R","E","T","R","$","M","R","$","R","B"],"character_chosen":"IRONCLAD","items_purchased":["trackpad:AdjectivePendant"],"campfire_rested":2,"item_purchase_floors":[11],"current_hp_per_floor":[75,75,75,44,44,9,31,12,12,34,34,40,40,40,40,0,0],"gold":57,"neow_bonus":"ONE_RANDOM_RARE_CARD","is_daily":false,"chose_seed":false,"campfire_upgraded":2,"win_rate":0.0,"timestamp":1612587729,"path_taken":["M","M","M","M","?","E","R","E","T","R","?","M","R","$","R","BOSS"],"items_purchased_type":["Relic"],"build_version":"2020-12-22","purchased_purges":0,"victory":false,"max_hp_per_floor":[75,75,75,75,75,75,75,75,75,75,75,75,75,75,75,75,75],"card_choices":[{"not_picked":["Dual Wield","Sever Soul"],"picked":"Cleave","floor":1},{"not_picked":["Metallicize","Iron Wave"],"picked":"True Grit","floor":2},{"not_picked":["Rage","Thunderclap"],"picked":"Anger","floor":3},{"not_picked":["Warcry","Havoc"],"picked":"Thunderclap","floor":4},{"not_picked":["Whirlwind","Pummel"],"picked":"Anger","floor":6},{"not_picked":["Sword Boomerang","Intimidate"],"picked":"Rampage","floor":8},{"not_picked":["Anger","Rupture"],"picked":"True Grit","floor":12}],"player_experience":776347,"relics_obtained":[{"floor":6,"key":"Bag of Marbles"},{"floor":8,"key":"Self Forming Clay"},{"floor":9,"key":"trackpad:StainlessSteel"}],"event_choices":[{"damage_healed":0,"gold_gain":0,"player_choice":"Gave Potion","damage_taken":0,"relics_obtained":["Juzu Bracelet"],"max_hp_gain":0,"max_hp_loss":0,"event_name":"WeMeetAgain","floor":5,"gold_loss":0}],"is_beta":false,"boss_relics":[],"items_purged_floors":[],"is_endless":false,"potions_floor_spawned":[1,3,8],"killed_by":"Slime Boss","ascension_level":18}}