{"host":"49pjgf1q9ev52n8z","time":1612583009,"event":{"mods":["BaseMod","Bestiary","Colored Map","Keyboard Shortcuts","Minty Spire (QoL Compilation)","Practice Mode","Relic Stats","StSLib"],"gold_per_floor":[213,233,34,54,74,74,101,101,127,127,140,140,140,152,152,252,252,269,27,37,54,54,54,88,88,88],"floor_reached":25,"language":"ENG","playtime":2133,"items_purged":[],"score":256,"play_id":"4842b856-05bb-472a-b482-62f041b3f0f6","local_time":"20210205194329","is_ascension_mode":true,"campfire_choices":[{"floor":6,"key":"REST"},{"floor":8,"key":"REST"},{"data":"Biased Cognition","floor":10,"key":"SMITH"},{"data":"Darkness","floor":13,"key":"SMITH"},{"floor":15,"key":"REST"},{"data":"Machine Learning","floor":23,"key":"SMITH"}],"circlet_count":0,"master_deck":["Strike_B","Strike_B","Strike_B","Defend_B","Defend_B","Defend_B","Defend_B","Zap","Dualcast","Hologram","Darkness+1","Stack","Turbo","Sweeping Beam","Biased Cognition+1","Coolheaded","Chill","Machine Learning+1","Storm","Redo+1","Core Surge","Genetic Algorithm"],"relics":["Cracked Core","Oddly Smooth Stone","Vajra","Happy Flower","SlaversCollar","Mummified Hand","Ancient Tea Set"],"acts_visited":["Exordium","TheCity"],"potions_floor_usage":[11,11,16,16,16,18,20,24],"damage_taken":[{"damage":1,"enemies":"Cultist","floor":1,"turns":3},{"damage":13,"enemies":"Small Slimes","floor":2,"turns":3},{"damage":1,"enemies":"Jaw Worm","floor":4,"turns":3},{"damage":28,"enemies":"Lots of Slimes","floor":5,"turns":4},{"damage":17,"enemies":"Lagavulin","floor":7,"turns":8},{"damage":14,"enemies":"Exordium Thugs","floor":11,"turns":4},{"damage":1,"enemies":"Looter","floor":14,"turns":2},{"damage":6,"enemies":"The Guardian","floor":16,"turns":7},{"damage":6,"enemies":"Shell Parasite","floor":18,"turns":5},{"damage":1,"enemies":"Chosen","floor":20,"turns":4},{"damage":9,"enemies":"Snake Plant","floor":21,"turns":3},{"damage":47,"enemies":"Gremlin Leader","floor":24,"turns":9},{"damage":29,"enemies":"Cultist and Chosen","floor":25,"turns":6}],"seed_played":"-4712543131587780145","potions_obtained":[{"floor":2,"key":"Weak Potion"},{"floor":5,"key":"EssenceOfSteel"},{"floor":14,"key":"EntropicBrew"},{"floor":16,"key":"FearPotion"},{"floor":18,"key":"Fruit Juice"},{"floor":21,"key":"Strength Potion"}],"is_trial":false,"path_per_floor":["M","M","$","M","M","R","E","R","T","R","M","?","R","M","R","B",null,"M","$","M","M","$","R","E","M"],"character_chosen":"DEFECT","items_purchased":["Oddly Smooth Stone","Stack","Mummified Hand"],"campfire_rested":3,"item_purchase_floors":[3,3,19],"current_hp_per_floor":[74,61,61,60,32,54,37,59,59,59,45,45,45,44,66,60,75,74,74,73,64,64,64,17,0,0],"gold":88,"neow_bonus":"HUNDRED_GOLD","is_daily":false,"chose_seed":false,"campfire_upgraded":3,"win_rate":0.0,"timestamp":1612583009,"path_taken":["M","?","$","M","M","R","E","R","T","R","M","?","R","M","R","BOSS","M","$","M","M","?","R","E","M"],"items_purchased_type":["Relic","Card","Relic"],"build_version":"2020-12-22","purchased_purges":0,"victory":false,"max_hp_per_floor":[75,75,75,75,75,75,75,75,75,75,75,75,75,75,75,75,75,80,80,80,80,80,80,80,80,80],"relic_stats":{"Happy Flower":[13],"counters":[13,61],"Mummified Hand":[12],"obtain_stats":[{"SlaversCollar":17,"Happy Flower":9,"Mummified Hand":19,"Oddly Smooth Stone":3,"Vajra":7,"Cracked Core":0,"Ancient Tea Set":24},{"SlaversCollar":8,"Happy Flower":5,"Mummified Hand":9,"Oddly Smooth Stone":2,"Vajra":5,"Cracked Core":0,"Ancient Tea Set":12},{"SlaversCollar":34,"Happy Flower":21,"Mummified Hand":39,"Oddly Smooth Stone":6,"Vajra":21,"Cracked Core":0,"Ancient Tea Set":55}]},"card_choices":[{"not_picked":["Beam Cell","Reinforced Body"],"picked":"Hologram","floor":1},{"not_picked":["Heatsinks","Redo"],"picked":"Darkness","floor":2},{"not_picked":["Conserve Battery","Lockon"],"picked":"Turbo","floor":4},{"not_picked":["Chill","Cold Snap"],"picked":"Sweeping Beam","floor":5},{"not_picked":["Melter","Defragment"],"picked":"Biased Cognition","floor":7},{"not_picked":["Force Field","Steam Power"],"picked":"Coolheaded","floor":11},{"not_picked":["Sweeping Beam","Leap"],"picked":"Chill","floor":14},{"not_picked":["Reboot","Buffer"],"picked":"Machine Learning","floor":16},{"not_picked":["Melter","Steam Power"],"picked":"Storm","floor":18},{"not_picked":["Turbo+1","Stack"],"picked":"Redo+1","floor":20},{"not_picked":["Steam Power","Barrage"],"picked":"Core Surge","floor":21},{"not_picked":["Beam Cell","Leap"],"picked":"Genetic Algorithm","floor":24}],"player_experience":738623,"relics_obtained":[{"floor":7,"key":"Vajra"},{"floor":9,"key":"Happy Flower"},{"floor":24,"key":"Ancient Tea Set"}],"event_choices":[{"cards_removed":["Strike_B"],"damage_healed":0,"gold_gain":0,"player_choice":"Offered Basic","damage_taken":0,"max_hp_gain":0,"max_hp_loss":0,"event_name":"Bonfire Elementals","floor":12,"gold_loss":0}],"is_beta":false,"boss_relics":[{"not_picked":["SacredBark","Inserter"],"picked":"SlaversCollar"}],"items_purged_floors":[],"is_endless":false,"potions_floor_spawned":[2,5,14,16,18,21],"killed_by":"Cultist and Chosen","ascension_level":3}}