{"host":"jn2qdns2nxijvlnt","time":1612644872,"event":{"mods":["BaseMod","Minty Spire (QoL Compilation)","Quick Restart"],"gold_per_floor":[110,60,83,183,33,59,59,84,108,108,118,131,131,147,147,243,243,262,274,274,274,274],"floor_reached":21,"language":"ENG","playtime":1030,"items_purged":[],"score":299,"play_id":"39ec28d7-d3bc-473d-97af-87cc1a9b69f9","local_time":"20210206155432","is_ascension_mode":true,"campfire_choices":[{"floor":7,"key":"REST"},{"floor":10,"key":"REST"},{"floor":13,"key":"REST"},{"data":"Noxious Fumes","floor":15,"key":"SMITH"}],"circlet_count":0,"master_deck":["AscendersBane","Strike_G","Strike_G","Strike_G","Strike_G","Strike_G","Defend_G","Defend_G","Defend_G","Defend_G","Defend_G","Survivor","Neutralize","Backstab","Noxious Fumes+1","Backstab","Slice","Poisoned Stab","Backflip","Envenom","Deadly Poison+1"],"relics":["Ring of the Snake","Blood Vial","MealTicket","Toy Ornithopter","Centennial Puzzle","SacredBark","MutagenicStrength"],"acts_visited":["Exordium","TheCity"],"potions_floor_usage":[8,16,16],"damage_taken":[{"damage":10.0,"enemies":"Small Slimes","floor":1.0,"turns":4.0},{"damage":30,"enemies":"Gremlin Nob","floor":6,"turns":5},{"damage":33,"enemies":"Lagavulin","floor":8,"turns":6},{"damage":0,"enemies":"Jaw Worm","floor":11,"turns":3},{"damage":0,"enemies":"Cultist","floor":12,"turns":3},{"damage":6,"enemies":"Exordium Wildlife","floor":14,"turns":3},{"damage":14,"enemies":"The Guardian","floor":16,"turns":10},{"damage":15,"enemies":"Chosen","floor":18,"turns":5},{"damage":52,"enemies":"Spheric Guardian","floor":19,"turns":8},{"damage":9,"enemies":"3 Cultists","floor":21,"turns":4}],"seed_played":"7429384746232943521","potions_obtained":[{"floor":6,"key":"Fire Potion"},{"floor":8,"key":"AttackPotion"},{"floor":11,"key":"Dexterity Potion"}],"is_trial":false,"path_per_floor":["M","?","T","?","$","E","R","E","T","R","M","M","R","M","R","B",null,"M","M","?","M"],"character_chosen":"THE_SILENT","items_purchased":["Noxious Fumes","Backstab"],"campfire_rested":3,"item_purchase_floors":[5,5],"current_hp_per_floor":[67,67,67,67,67,39,64,33,33,58,60,62,84,78,78,70,81,68,18,18,11,11],"gold":274,"neow_bonus":"TWENTY_PERCENT_HP_BONUS","is_daily":false,"chose_seed":false,"campfire_upgraded":1,"win_rate":0.0,"timestamp":1612644872,"path_taken":["M","?","?","?","$","E","R","E","T","R","M","M","R","?","R","BOSS","M","M","?","M"],"items_purchased_type":["Card","Card"],"build_version":"2020-12-22","purchased_purges":0,"victory":false,"max_hp_per_floor":[84,84,84,84,84,84,84,84,84,84,84,84,84,84,84,84,84,84,84,84,84,84],"card_choices":[{"not_picked":["Concentrate","Infinite Blades"],"picked":"Backstab","floor":1.0},{"not_picked":["Calculated Gamble","Dagger Spray"],"picked":"Slice","floor":6},{"not_picked":["Quick Slash","Prepared"],"picked":"Poisoned Stab","floor":8},{"not_picked":["PiercingWail","Acrobatics","Sucker Punch"],"picked":"SKIP","floor":11},{"not_picked":["Endless Agony","Quick Slash","Escape Plan"],"picked":"SKIP","floor":12},{"not_picked":["Quick Slash","Tactician"],"picked":"Backflip","floor":14},{"not_picked":["Doppelganger","Bullet Time"],"picked":"Envenom","floor":16},{"not_picked":["Riddle With Holes","Outmaneuver","Calculated Gamble"],"picked":"SKIP","floor":18},{"not_picked":["Choke","Expertise"],"picked":"Deadly Poison+1","floor":19}],"player_experience":580386,"relics_obtained":[{"floor":3.0,"key":"Blood Vial"},{"floor":6,"key":"MealTicket"},{"floor":8,"key":"Toy Ornithopter"},{"floor":9,"key":"Centennial Puzzle"}],"event_choices":[{"cards_removed":["Writhe"],"damage_healed":0.0,"max_hp_gain":0.0,"max_hp_loss":0.0,"gold_gain":0.0,"event_name":"The Cleric","player_choice":"Card Removal","floor":2.0,"gold_loss":50.0,"damage_taken":0.0},{"damage_healed":0.0,"max_hp_gain":0.0,"max_hp_loss":0.0,"gold_gain":100.0,"event_name":"Wheel of Change","player_choice":"Gold","floor":4.0,"gold_loss":0.0,"damage_taken":0.0},{"damage_healed":0,"gold_gain":0,"player_choice":"Inject Mutagens","damage_taken":0,"relics_obtained":["MutagenicStrength"],"max_hp_gain":0,"max_hp_loss":0,"event_name":"Drug Dealer","floor":20,"gold_loss":0}],"is_beta":false,"boss_relics":[{"not_picked":["Ectoplasm","Pandora\u0027s Box"],"picked":"SacredBark"}],"items_purged_floors":[],"is_endless":false,"potions_floor_spawned":[6,8,11,14],"killed_by":"3 Cultists","ascension_level":12}}