{"host":"4lch21uqe3ag08cj","time":1612582461,"event":{"mods":["AchievementEnabler","BaseMod","Block Reminder","Colored Map","Colored Powertips","Minty Spire (QoL Compilation)","Permanent Neow","Relic Stats"],"gold_per_floor":[118,130,145,145,155,189,189,219,270,312,345,345,345,369,369,523,523,537,551,75,98,98,136,136,176,176,176,176,201,242,256,256,384,384,429,87,106,194,194,194,225,268,292,331,381,381,444,444,444,444,444,444,27,71,71,71],"floor_reached":55,"language":"ENG","playtime":3929,"items_purged":["Strike_P","Strike_P","Strike_P+1"],"score":1026,"play_id":"c5913ec6-3e70-41d8-98af-0cce104c64a6","local_time":"20210206003421","is_ascension_mode":true,"campfire_choices":[{"floor":7.0,"key":"REST"},{"data":"Meditate","floor":13.0,"key":"SMITH"},{"data":"Alpha","floor":15.0,"key":"SMITH"},{"data":"LessonLearned","floor":24,"key":"SMITH"},{"data":"Adaptation","floor":28,"key":"SMITH"},{"data":"Wallop","floor":32,"key":"SMITH"},{"data":"Nirvana","floor":40,"key":"SMITH"},{"floor":46,"key":"RECALL"},{"data":"Fasting2","floor":49,"key":"SMITH"},{"data":"CutThroughFate","floor":52,"key":"SMITH"}],"circlet_count":0,"master_deck":["Defend_P+1","Defend_P+1","Defend_P+1","Eruption+1","Vigilance+1","CurseOfTheBell","BowlingBash+1","Vengeance+1","WheelKick+1","Collect+1","InnerPeace","Wish+1","Halt+1","Meditate+1","Alpha+1","CutThroughFate+1","LessonLearned+1","Adaptation+1","FearNoEvil+1","ClearTheMind+1","ThirdEye+1","EmptyFist+1","RitualDagger","Wallop+1","Nirvana+1","FlurryOfBlows","JustLucky+1","Fasting2+1","Weave+1","FlurryOfBlows+1","Meditate+1","Study+1","Fasting2+1","Weave","FearNoEvil","Nirvana"],"relics":["Calling Bell","Boot","Yang","Calipers","Whetstone","Eternal Feather","Pen Nib","Omamori","Golden Idol","Coffee Dripper","Gremlin Horn","OrangePellets","Meat on the Bone","The Courier","Mummified Hand","Matryoshka","Centennial Puzzle","Ancient Tea Set","Shuriken","Sozu","Bottled Tornado","Incense Burner","Oddly Smooth Stone","War Paint","Prayer Wheel","HornCleat","CloakClasp"],"acts_visited":["Exordium","TheCity","TheBeyond","TheEnding"],"potions_floor_usage":[23,23,25,31],"damage_taken":[{"damage":0.0,"enemies":"Jaw Worm","floor":1.0,"turns":5.0},{"damage":1.0,"enemies":"Small Slimes","floor":2.0,"turns":4.0},{"damage":0.0,"enemies":"2 Louse","floor":3.0,"turns":2.0},{"damage":3.0,"enemies":"Gremlin Gang","floor":5.0,"turns":4.0},{"damage":30.0,"enemies":"3 Sentries","floor":6.0,"turns":10.0},{"damage":4.0,"enemies":"Lagavulin","floor":8.0,"turns":7.0},{"damage":22.0,"enemies":"Large Slime","floor":10.0,"turns":5.0},{"damage":20.0,"enemies":"3 Sentries","floor":11.0,"turns":7.0},{"damage":8.0,"enemies":"3 Louse","floor":14.0,"turns":4.0},{"damage":23.0,"enemies":"Hexaghost","floor":16.0,"turns":7.0},{"damage":24.0,"enemies":"Shell Parasite","floor":18.0,"turns":5.0},{"damage":15.0,"enemies":"Spheric Guardian","floor":19.0,"turns":5.0},{"damage":7,"enemies":"Shelled Parasite and Fungi","floor":21,"turns":3},{"damage":2,"enemies":"Gremlin Leader","floor":23,"turns":4},{"damage":30,"enemies":"Book of Stabbing","floor":25,"turns":5},{"damage":20,"enemies":"Gremlin Leader","floor":30,"turns":4},{"damage":0,"enemies":"Cultist and Chosen","floor":31,"turns":3},{"damage":5,"enemies":"Automaton","floor":33,"turns":8},{"damage":4,"enemies":"Orb Walker","floor":35,"turns":3},{"damage":13,"enemies":"3 Darklings","floor":37,"turns":4},{"damage":13,"enemies":"Mind Bloom Boss Battle","floor":38,"turns":6},{"damage":5,"enemies":"Giant Head","floor":41,"turns":4},{"damage":1,"enemies":"4 Shapes","floor":42,"turns":6},{"damage":9,"enemies":"Jaw Worm Horde","floor":44,"turns":6},{"damage":0,"enemies":"Maw","floor":45,"turns":5},{"damage":0,"enemies":"Reptomancer","floor":47,"turns":4},{"damage":25,"enemies":"Time Eater","floor":50,"turns":6},{"damage":42,"enemies":"Shield and Spear","floor":54,"turns":6},{"damage":46,"enemies":"The Heart","floor":55,"turns":2}],"seed_played":"67903832752824098","potions_obtained":[{"floor":2.0,"key":"SmokeBomb"},{"floor":3.0,"key":"ColorlessPotion"},{"floor":8.0,"key":"AttackPotion"},{"floor":10.0,"key":"Fruit Juice"},{"floor":14.0,"key":"Explosive Potion"},{"floor":16.0,"key":"Explosive Potion"},{"floor":23,"key":"DuplicationPotion"},{"floor":25,"key":"LiquidMemories"},{"floor":30,"key":"BlessingOfTheForge"},{"floor":31,"key":"Weak Potion"}],"is_trial":false,"path_per_floor":["M","M","M","?","M","E","R","E","T","M","E","?","R","M","R","B",null,"M","M","$","M","?","E","R","E","T","?","R","T","E","M","R","B",null,"M","$","M","?","?","R","E","M","T","M","M","R","E","?","R","B",null,"R","$","E","B"],"character_chosen":"WATCHER","items_purchased":["Gremlin Horn","OrangePellets","Bottled Tornado","FlurryOfBlows","JustLucky","Weave","HornCleat","FearNoEvil"],"campfire_rested":1,"item_purchase_floors":[20,20,36,36,36,53,53,53],"current_hp_per_floor":[72,71,71,71,68,38,59,55,55,33,13,13,22,14,26,8,72,48,33,33,26,26,36,48,30,30,24,39,39,31,43,58,53,72,68,68,55,42,42,60,55,54,54,45,45,63,63,63,72,47,72,72,72,42,0,0],"gold":71,"neow_bonus":"BOSS_RELIC","is_daily":false,"chose_seed":false,"campfire_upgraded":8,"win_rate":0.0,"timestamp":1612582461,"path_taken":["M","M","M","?","M","E","R","E","T","M","E","?","R","M","R","BOSS","M","M","$","M","?","E","R","E","T","?","R","?","E","M","R","BOSS","M","$","M","?","?","R","E","M","T","?","M","R","E","?","R","BOSS","R","$","E","BOSS"],"items_purchased_type":["Relic","Relic","Relic","Card","Card","Card","Relic","Card"],"build_version":"2020-12-22","purchased_purges":3,"victory":false,"max_hp_per_floor":[72,72,72,72,72,72,72,72,72,72,72,67,67,67,67,72,72,72,72,72,72,72,72,72,72,72,72,72,72,72,72,72,72,72,72,72,72,72,72,72,72,72,72,72,72,72,72,72,72,72,72,72,72,72,72,72],"relic_stats":{"Gremlin Horn":[23,24],"counters":[29,144],"Golden Idol":175,"Yang":[286],"Eternal Feather":108,"Pen Nib":[24],"CloakClasp":[2],"Whetstone":["Strike_P","Eruption"],"War Paint":["Collect","Halt"],"Boot":[35],"Sozu":3,"OrangePellets":[46],"Centennial Puzzle":[30],"Mummified Hand":[49],"Shuriken":[36],"Prayer Wheel":0,"obtain_stats":[{"Calipers":0,"Gremlin Horn":20,"Yang":0,"Incense Burner":38,"CloakClasp":54,"Whetstone":6,"Bottled Tornado":36,"Boot":0,"Ancient Tea Set":29,"Sozu":34,"Centennial Puzzle":29,"Matryoshka":26,"HornCleat":53,"Mummified Hand":25,"Prayer Wheel":47,"Golden Idol":12,"Oddly Smooth Stone":41,"Eternal Feather":8,"Pen Nib":9,"The Courier":23,"Omamori":11,"War Paint":43,"Calling Bell":0,"OrangePellets":20,"Shuriken":30,"Coffee Dripper":17,"PureWater":0,"Meat on the Bone":22},{"Calipers":0,"Gremlin Horn":12,"Yang":0,"Incense Burner":21,"CloakClasp":28,"Whetstone":5,"Bottled Tornado":19,"Boot":0,"Ancient Tea Set":15,"Sozu":18,"Centennial Puzzle":15,"Matryoshka":15,"HornCleat":27,"Mummified Hand":15,"Prayer Wheel":26,"Golden Idol":8,"Oddly Smooth Stone":22,"Eternal Feather":6,"Pen Nib":6,"The Courier":14,"Omamori":8,"War Paint":23,"Calling Bell":0,"OrangePellets":12,"Shuriken":16,"Coffee Dripper":10,"PureWater":0,"Meat on the Bone":13},{"Calipers":0,"Gremlin Horn":65,"Yang":0,"Incense Burner":105,"CloakClasp":142,"Whetstone":25,"Bottled Tornado":95,"Boot":0,"Ancient Tea Set":77,"Sozu":92,"Centennial Puzzle":77,"Matryoshka":77,"HornCleat":136,"Mummified Hand":77,"Prayer Wheel":130,"Golden Idol":44,"Oddly Smooth Stone":109,"Eternal Feather":32,"Pen Nib":32,"The Courier":72,"Omamori":44,"War Paint":115,"Calling Bell":0,"OrangePellets":65,"Shuriken":81,"Coffee Dripper":55,"PureWater":0,"Meat on the Bone":68}],"Meat on the Bone":60},"card_choices":[{"not_picked":["JustLucky","Nirvana"],"picked":"BowlingBash","floor":1.0},{"not_picked":["ClearTheMind","Fasting2"],"picked":"Vengeance","floor":2.0},{"not_picked":["ClearTheMind","EmptyBody"],"picked":"WheelKick","floor":3.0},{"not_picked":["Prostrate","ClearTheMind"],"picked":"InnerPeace","floor":5.0},{"not_picked":["ClearTheMind","ThirdEye"],"picked":"Wish","floor":6.0},{"not_picked":["Crescendo","Fasting2"],"picked":"Halt","floor":8.0},{"not_picked":["Evaluate","EmptyFist"],"picked":"Meditate","floor":10.0},{"not_picked":["Evaluate","WindmillStrike"],"picked":"Alpha","floor":11.0},{"not_picked":["ThirdEye","Crescendo"],"picked":"CutThroughFate","floor":14.0},{"not_picked":["Alpha","Ragnarok"],"picked":"LessonLearned","floor":16.0},{"not_picked":["SashWhip","Consecrate"],"picked":"Adaptation","floor":18.0},{"not_picked":["WreathOfFlame","BowlingBash"],"picked":"FearNoEvil+1","floor":19.0},{"not_picked":["EmptyBody","Wireheading"],"picked":"ClearTheMind+1","floor":21},{"not_picked":["FlurryOfBlows","FearNoEvil+1"],"picked":"ThirdEye+1","floor":23},{"not_picked":["SashWhip","WreathOfFlame+1"],"picked":"EmptyFist","floor":25},{"not_picked":["Adaptation","Devotion"],"picked":"Wallop","floor":30},{"not_picked":["PathToVictory","ClearTheMind","Swivel+1"],"picked":"SKIP","floor":31},{"not_picked":["ClearTheMind","ForeignInfluence"],"picked":"Nirvana","floor":35},{"not_picked":["EmptyBody","ForeignInfluence+1"],"picked":"Fasting2+1","floor":37},{"not_picked":["Prostrate","ClearTheMind+1"],"picked":"Weave","floor":38},{"not_picked":["CarveReality","Pray+1"],"picked":"FlurryOfBlows+1","floor":41},{"not_picked":["SashWhip+1","ForeignInfluence+1"],"picked":"Meditate","floor":42},{"not_picked":["ForeignInfluence","FlyingSleeves","ThirdEye"],"picked":"SKIP","floor":44},{"not_picked":["Halt","FearNoEvil+1"],"picked":"Study+1","floor":45},{"not_picked":["Wireheading","FollowUp+1"],"picked":"Fasting2","floor":47},{"not_picked":["WindmillStrike","Protect"],"picked":"Nirvana","floor":54}],"player_experience":40531,"relics_obtained":[{"floor":0.0,"key":"Boot"},{"floor":0.0,"key":"Yang"},{"floor":0.0,"key":"Calipers"},{"floor":6.0,"key":"Whetstone"},{"floor":8.0,"key":"Eternal Feather"},{"floor":9.0,"key":"Pen Nib"},{"floor":11.0,"key":"Omamori"},{"floor":23,"key":"The Courier"},{"floor":25,"key":"Mummified Hand"},{"floor":26,"key":"Matryoshka"},{"floor":29,"key":"Centennial Puzzle"},{"floor":29,"key":"Ancient Tea Set"},{"floor":30,"key":"Shuriken"},{"floor":38,"key":"Incense Burner"},{"floor":41,"key":"Oddly Smooth Stone"},{"floor":43,"key":"War Paint"},{"floor":47,"key":"Prayer Wheel"},{"floor":54,"key":"CloakClasp"}],"event_choices":[{"damage_healed":0.0,"max_hp_gain":0.0,"max_hp_loss":0.0,"gold_gain":0.0,"cards_transformed":["Strike_P"],"event_name":"Living Wall","player_choice":"Change","floor":4.0,"gold_loss":0.0,"damage_taken":0.0,"cards_obtained":["Collect"]},{"damage_healed":0.0,"max_hp_gain":0.0,"max_hp_loss":5.0,"gold_gain":0.0,"event_name":"Golden Idol","player_choice":"Lose Max HP","floor":12.0,"gold_loss":0.0,"damage_taken":0.0,"relics_obtained":["Golden Idol"]},{"damage_healed":0,"gold_gain":0,"player_choice":"Opened","damage_taken":0,"relics_obtained":["Meat on the Bone"],"max_hp_gain":0,"max_hp_loss":0,"event_name":"The Mausoleum","floor":22,"gold_loss":0},{"damage_healed":0,"gold_gain":0,"player_choice":"Joined the Cult","damage_taken":6,"max_hp_gain":0,"max_hp_loss":0,"event_name":"Nest","floor":27,"gold_loss":0,"cards_obtained":["RitualDagger"]},{"damage_healed":0,"gold_gain":0,"player_choice":"Fight","damage_taken":0,"max_hp_gain":0,"max_hp_loss":0,"event_name":"MindBloom","floor":38,"gold_loss":0},{"cards_removed":["Defend_P"],"damage_healed":0,"gold_gain":0,"player_choice":"Purged","damage_taken":0,"max_hp_gain":0,"max_hp_loss":0,"event_name":"Purifier","floor":39,"gold_loss":0},{"damage_healed":0,"gold_gain":0,"player_choice":"Ignored","damage_taken":0,"max_hp_gain":0,"max_hp_loss":0,"event_name":"Tomb of Lord Red Mask","floor":48,"gold_loss":0}],"is_beta":false,"boss_relics":[{"not_picked":["Busted Crown","Runic Pyramid"],"picked":"Coffee Dripper"},{"not_picked":["Runic Dome","Snecko Eye"],"picked":"Sozu"}],"items_purged_floors":[20,36,53],"is_endless":false,"potions_floor_spawned":[2,3,8,10,14,16,23,25,30,31,42,44,54],"killed_by":"The Heart","ascension_level":3}}