{"host":"07r93aoh0acudpwr","time":1612573741,"event":{"mods":["AchievementEnabler","Art Attack!","Ascension Reborn","Ascension Unlocker","Aspiration","BaseMod","Beaked The Cultist","Better Third Choice","BetterRewards","Bossed Relics","Conspire","Custom Start","Defuse TimeMaze Blight","Downfall","Duelist Mod","Energized Spire","Evolution","Grow up Mod","GungeonMod","Halation","Hermit","Hero for Fun","Hubris","Jedi Mod","Minty Spire (QoL Compilation)","QueenMod","RRrroohrrRGHHhhh!!","RatMod","Reliquary","Replay The Spire","Small Relic Pack","Spikes Relics","StSLib","The Bug Knight","The Construct","The Hierophant","The Marked","The Saiyan","Trackpad","Wandering Minibosses","Warlord Emblem","[IsaacMod]????"],"gold_per_floor":[118,140,163,176,194,232,232,232,262,262,276,294,306,306,306,432,432,448,448,212,226,243,275,275,298,298,322,334,334,334,353,353,475,475,498,498,498,498,559,559,579,579,579,621,643,685,329,347,347,347,347,347,114,152,152],"floor_reached":56,"language":"ENG","playtime":4648,"items_purged":["rorgmod:Leap+1","SuicideKing"],"score":400,"play_id":"47f2e4c6-9a50-4285-8d96-897fdbc9e16c","local_time":"20210205200901","is_ascension_mode":true,"campfire_choices":[{"floor":8,"key":"RECALL"},{"data":"rorgmod:SQL Injection","floor":10,"key":"SMITH"},{"data":"rorgmod:Fusion","floor":15,"key":"SMITH"},{"data":"beaked:Overpower","floor":24,"key":"SMITH"},{"data":"ArtAttackMod:ArtAttack+1","floor":30,"key":"SMITH"},{"data":"ArtAttackMod:ArtAttack+2","floor":32,"key":"SMITH"},{"data":"ArtAttackMod:ArtAttack+3","floor":40,"key":"SMITH"},{"data":"ArtAttackMod:ArtAttack+4","floor":49,"key":"SMITH"},{"data":"ArtAttackMod:ArtAttack+5","floor":52,"key":"SMITH"}],"circlet_count":0,"master_deck":["ArtAttackMod:ArtAttack+6","rorgmod:Fragmentation+1","rorgmod:Fragmentation+1","rorgmod:Fragmentation+1","rorgmod:Fragmentation+1","rorgmod:Leap+1","rorgmod:Leap+1","rorgmod:Leap+1","Zap+1","Dualcast+1","jedi:hex+1","Sweeping Beam+1","jedi:BurstLightning","Capacitor+1","rorgmod:Refrigerate","rorgmod:SQL Injection+1","All For One","rorgmod:LRU Cache+1","Static Discharge+1","rorgmod:Fusion+1","Hyperbeam","Cold Snap","Melter","beaked:Overpower+1","Coolheaded","beaked:Tweet+1","Streamline","Hello World","jedi:locknload","beaked:Tweet","BasicCrystalCard+1","Rainbow","jedi:BurstDark","Master of Strategy","Cold Snap+1","beaked:BraceForImpact","PlatinumSkin","Dramatic Entrance","jedi:forcepull","Streamline+1","Seek","rorgmod:Fusion+1","jedi:BurstLightning+1"],"relics":["Cracked Core","EVO:Axolotl","HushsDoor","Chaos","aspiration:Nostalgia","Slimebound:AbsorbEndCombat","DemoMod:GlassGuonStoneRelic","Gremlin Horn","Ninja Scroll","aspiration:FaultyCoupler","WarlordEmblem:BadgeProtect","ToxicTincture","DeathBook","aspiration:BeakedSkillbook","hubris:BottledHeart","trackpad:ZombieHeart","wanderingMiniBosses:AbyssPearl","energizedSpire:MagnifyingGlass","Orrery","Nuclear Battery","GuppysHairball","hubris:Backtick","trackpad:AdjectivePendant","reliquary:WritOfMandamus","jedi:fakemustache","Replay:Baseball","UnicornStump","RollingBoulder","Mirror","trackpad:PocketGalaxy","Paper Frog","Raider\u0027s Mask","jedi:matchstick","CosmicIsotope"],"acts_visited":["Exordium","TheCity","TheBeyond","TheEnding"],"potions_floor_usage":[6,55,55],"damage_taken":[{"damage":0,"enemies":"Jaw Worm","floor":1,"turns":2},{"damage":2,"enemies":"conspire:RoseBush","floor":2,"turns":1},{"damage":0,"enemies":"Small Slimes","floor":3,"turns":1},{"damage":0,"enemies":"Gremlin Gang","floor":4,"turns":1},{"damage":0,"enemies":"Exordium Wildlife","floor":5,"turns":1},{"damage":0,"enemies":"3 Sentries","floor":6,"turns":1},{"damage":0,"enemies":"Exordium Thugs","floor":11,"turns":1},{"damage":0,"enemies":"Blue Slaver","floor":12,"turns":1},{"damage":0,"enemies":"Looter","floor":13,"turns":1},{"damage":0,"enemies":"Slime Boss","floor":16,"turns":2},{"damage":0,"enemies":"conspire:FuzzyDice","floor":18,"turns":1},{"damage":0,"enemies":"3 Byrds","floor":21,"turns":5},{"damage":0,"enemies":"Snake Plant","floor":22,"turns":1},{"damage":0,"enemies":"Gremlin Leader","floor":23,"turns":2},{"damage":0,"enemies":"Snecko","floor":25,"turns":2},{"damage":0,"enemies":"3 Cultists","floor":27,"turns":2},{"damage":0,"enemies":"Snake Plant","floor":28,"turns":2},{"damage":0,"enemies":"Centurion and Healer","floor":31,"turns":2},{"damage":0,"enemies":"Collector","floor":33,"turns":4},{"damage":0,"enemies":"3 Darklings","floor":35,"turns":2},{"damage":0,"enemies":"3 Shapes","floor":41,"turns":2},{"damage":0,"enemies":"Nemesis","floor":44,"turns":3},{"damage":0,"enemies":"3 Darklings","floor":45,"turns":2},{"damage":0,"enemies":"Reptomancer","floor":46,"turns":2},{"damage":0,"enemies":"Transient","floor":48,"turns":5},{"damage":0,"enemies":"conspire:OrnateMirror","floor":50,"turns":3},{"damage":0,"enemies":"Shield and Spear","floor":54,"turns":1},{"damage":0,"enemies":"The Heart","floor":55,"turns":6}],"seed_played":"-2571032315739008007","potions_obtained":[{"floor":1,"key":"Fire Potion"},{"floor":2,"key":"Dexterity Potion"},{"floor":2,"key":"sneckomod:MuddlingPotion"},{"floor":4,"key":"Swift Potion"},{"floor":5,"key":"Energy Potion"},{"floor":6,"key":"hexamod:SoulburnPotion"},{"floor":7,"key":"jedi:hoardpotion"},{"floor":13,"key":"PotionOfCapacity"}],"is_trial":false,"path_per_floor":["M","M","M","M","M","E","?","R","T","R","M","M","M","?","R","B",null,"M","?","$","M","M","E","R","M","T","M","M","?","R","M","R","B",null,"M","?","?","?","T","R","M","?","T","E","M","E","$","M","R","B",null,"R","$","E","B",null],"character_chosen":"DEFECT","items_purchased":["DeathBook","trackpad:ZombieHeart","GuppysHairball","Master of Strategy","Paper Frog","Raider\u0027s Mask","jedi:matchstick"],"campfire_rested":0,"item_purchase_floors":[17,20,34,34,47,47,53],"current_hp_per_floor":[102,110,120,130,140,150,160,170,180,190,200,210,220,186,196,212,251,261,11,21,31,41,51,61,71,81,91,101,111,121,131,141,151,159,169,178,173,183,207,217,227,227,237,247,257,267,288,298,308,318,328,338,348,358,368],"gold":152,"neow_bonus":"NOSTALGIA","is_daily":false,"chose_seed":false,"campfire_upgraded":8,"win_rate":0.0,"timestamp":1612573741,"path_taken":["M","M","M","M","M","E","?","R","T","R","?","M","M","?","R","BOSS","M","?","$","M","M","E","R","M","T","?","M","?","R","M","R","BOSS","M","?","?","?","?","R","?","?","T","E","M","E","$","?","R","BOSS","R","$","E","BOSS"],"items_purchased_type":["Relic","Relic","Relic","Card","Relic","Relic","Relic"],"build_version":"2020-12-22","purchased_purges":2,"victory":true,"max_hp_per_floor":[102,112,122,132,142,152,162,172,182,192,202,212,222,232,242,256,251,261,11,21,31,41,51,61,71,81,91,101,111,121,131,141,151,159,169,178,188,198,208,218,228,238,248,258,268,278,288,298,308,318,328,338,348,358,368],"card_choices":[{"not_picked":[],"picked":"SuicideKing","floor":0},{"not_picked":["conspire:Rain","rorgmod:Fragmentation"],"picked":"jedi:hex+1","floor":1},{"not_picked":["rorgmod:Leap","rorgmod:Steady Aim"],"picked":"Sweeping Beam","floor":2},{"not_picked":["Conserve Battery+1","DiskWipe"],"picked":"jedi:BurstLightning","floor":3},{"not_picked":["jedi:sharpshooter","rorgmod:Overcurrent+1"],"picked":"Capacitor+1","floor":4},{"not_picked":["rorgmod:Centralize","Blizzard+1"],"picked":"rorgmod:Refrigerate","floor":5},{"not_picked":["Heatsinks","jedi:BurstFrost"],"picked":"rorgmod:SQL Injection","floor":6},{"not_picked":["Pulse","Stack"],"picked":"All For One","floor":6},{"not_picked":["Bomb","jedi:BurstLightning"],"picked":"rorgmod:LRU Cache","floor":11},{"not_picked":["Distribution","Stack"],"picked":"Static Discharge+1","floor":12},{"not_picked":["rorgmod:Fragmentation+1","jedi:BurstFrost+1"],"picked":"rorgmod:Fusion","floor":13},{"not_picked":["Electrodynamics","Seek"],"picked":"Hyperbeam","floor":16},{"not_picked":["Stack+1","rorgmod:Overcurrent+1"],"picked":"Cold Snap","floor":18},{"not_picked":["beaked:SurvivalInstinct+1","Undo+1","beaked:Insight"],"picked":"Melter","floor":21},{"not_picked":["beaked:BloodRitual+1","beaked:TuckingFeathers+1","beaked:WarriorEssence+1","Compile Driver+1"],"picked":"SKIP","floor":22},{"not_picked":["beaked:Pecker","Loop","beaked:Ceremony+1"],"picked":"beaked:Overpower","floor":23},{"not_picked":["jedi:BurstFrost+1","Conserve Battery","Rebound"],"picked":"Coolheaded","floor":25},{"not_picked":["rorgmod:Fragmentation","Genetic Algorithm+1","beaked:MachineEssence"],"picked":"beaked:Tweet+1","floor":26},{"not_picked":["rorgmod:Steady Aim","ReplayTheSpireMod:GoodbyeWorld","Static Discharge+1"],"picked":"Streamline","floor":26},{"not_picked":["beaked:MaddeningMurmurs","beaked:CursingBlood+1","Hologram"],"picked":"Hello World","floor":26},{"not_picked":["rorgmod:Antivirus+1","beaked:Recite","rorgmod:Centralize"],"picked":"jedi:locknload","floor":26},{"not_picked":["beaked:BloodRitual+1","beaked:Poke+1","rorgmod:Refrigerate"],"picked":"beaked:Tweet","floor":27},{"not_picked":["beaked:Insight","jedi:blockon+1","beaked:WarriorEssence+1"],"picked":"BasicCrystalCard+1","floor":28},{"not_picked":["beaked:BloodRitual","beaked:DigDeep+1","beaked:FeelMyPain"],"picked":"Rainbow","floor":31},{"not_picked":["beaked:Caw","ReplayTheSpireMod:Owlgaze","beaked:FullHouse"],"picked":"jedi:BurstDark","floor":33},{"not_picked":["beaked:Struggle+1","Reboot","rorgmod:SQL Injection+1"],"picked":"Cold Snap+1","floor":35},{"not_picked":["beaked:SurvivalInstinct+1","beaked:BarbedWire","Static Discharge+1"],"picked":"beaked:BraceForImpact","floor":41},{"not_picked":["Chrysalis","Replay:Sssssssssstrike","Panacea"],"picked":"PlatinumSkin","floor":42},{"not_picked":["Transmutation","Magnetism","Replay:Bootleg Shield Generator"],"picked":"Dramatic Entrance","floor":42},{"not_picked":["ReplayTheSpireMod:Brewmster","Violence","ReplayTheSpireMod:Trickstab"],"picked":"jedi:forcepull","floor":42},{"not_picked":["beaked:Cower+1","rorgmod:Hardcode","beaked:TuckingFeathers+1"],"picked":"Streamline+1","floor":44},{"not_picked":["beaked:Foresight","beaked:Daydream+1","beaked:Hexing+1"],"picked":"Seek","floor":45},{"not_picked":["Force Field+1","Rebound+1","jedi:spotbugs+1"],"picked":"rorgmod:Fusion+1","floor":46},{"not_picked":["rorgmod:Overcurrent+1","beaked:Redirect","beaked:DigDeep+1","beaked:Hexing+1"],"picked":"SKIP","floor":48},{"not_picked":["jedi:spotbugs+1","ReplayTheSpireMod:Reroute Power","hubris:Ukulele"],"picked":"jedi:BurstLightning+1","floor":54}],"player_experience":173914,"relics_obtained":[{"floor":4,"key":"Gremlin Horn"},{"floor":6,"key":"Ninja Scroll"},{"floor":9,"key":"aspiration:FaultyCoupler"},{"floor":16,"key":"WarlordEmblem:BadgeProtect"},{"floor":18,"key":"aspiration:BeakedSkillbook"},{"floor":21,"key":"wanderingMiniBosses:AbyssPearl"},{"floor":23,"key":"energizedSpire:MagnifyingGlass"},{"floor":26,"key":"Orrery"},{"floor":35,"key":"hubris:Backtick"},{"floor":39,"key":"jedi:fakemustache"},{"floor":39,"key":"Replay:Baseball"},{"floor":43,"key":"UnicornStump"},{"floor":43,"key":"RollingBoulder"},{"floor":44,"key":"Mirror"},{"floor":46,"key":"trackpad:PocketGalaxy"},{"floor":54,"key":"CosmicIsotope"}],"event_choices":[{"damage_healed":0,"gold_gain":0,"player_choice":"Got Potions","damage_taken":0,"max_hp_gain":0,"max_hp_loss":0,"event_name":"Lab","floor":7,"gold_loss":0},{"damage_healed":220,"gold_gain":0,"player_choice":"Upgrade","damage_taken":44,"max_hp_gain":0,"max_hp_loss":222,"event_name":"betterThird:BetterShining","floor":14,"gold_loss":0,"cards_upgraded":["Sweeping Beam","rorgmod:LRU Cache"]},{"damage_healed":0,"gold_gain":0,"player_choice":"Adaptability","damage_taken":0,"max_hp_gain":0,"max_hp_loss":0,"event_name":"betterThird:BetterWriting","floor":29,"gold_loss":0},{"damage_healed":0,"gold_gain":0,"player_choice":"Max HP","damage_taken":0,"max_hp_gain":0,"max_hp_loss":8,"event_name":"Winding Halls","floor":36,"gold_loss":0},{"damage_healed":0,"gold_gain":0,"player_choice":"Leave","damage_taken":0,"max_hp_gain":0,"max_hp_loss":0,"event_name":"conspire:Investor","floor":38,"gold_loss":0},{"damage_healed":0,"gold_gain":0,"player_choice":"Memory 3","damage_taken":10,"max_hp_gain":0,"max_hp_loss":0,"event_name":"SensoryStone","floor":42,"gold_loss":0}],"is_beta":false,"boss_relics":[{"not_picked":["Cursed Key","reliquary:LoveEmittingDiode"],"picked":"ToxicTincture"},{"not_picked":[]},{"not_picked":["ReplayTheSpireMod:Lightbulb","Omamori"],"picked":"Nuclear Battery"},{"not_picked":[]}],"items_purged_floors":[17,47],"is_endless":false,"potions_floor_spawned":[2,3,13,16,21,25,28,35,41,46,48,54],"ascension_level":-20}}