{"host":"rylkjufw9dlhr07b","time":1612608247,"event":{"mods":["AchievementEnabler","BaseMod","Better Note","BetterRewards","Hubris","Minty Spire (QoL Compilation)","Quick Restart","StSLib"],"gold_per_floor":[114,114,124,136,136,136,149,149,231,257,284,284,314,327,327,401,401,418,418,618,633,164,164,176,206,254,267,286,286,286,303,303,303,303],"floor_reached":33,"language":"FRA","playtime":1245,"items_purged":[],"score":691,"play_id":"7d9d4d1e-e208-43a8-ad36-577420fa90bd","local_time":"20210206114407","is_ascension_mode":true,"campfire_choices":[{"data":"Blur","floor":6.0,"key":"SMITH"},{"data":"Terror","floor":8.0,"key":"SMITH"},{"data":"Cloak And Dagger","floor":12.0,"key":"SMITH"},{"data":"Envenom","floor":15.0,"key":"SMITH"},{"data":"Finisher","floor":23,"key":"SMITH"},{"floor":32,"key":"REST"}],"circlet_count":0,"master_deck":["AscendersBane","Strike_G","Strike_G","Strike_G","Strike_G","Defend_G","Defend_G","Defend_G","Defend_G","Defend_G","Survivor","Neutralize","Cloak And Dagger+1","Blur+1","Blade Dance","Deadly Poison","Terror+1","Envenom+1","Sucker Punch","Slice","Backstab+1","Footwork","Finisher+1","Dodge and Roll","Dagger Throw","Slice","Blur","Poisoned Stab"],"relics":["Ring of the Snake","Omamori","hubris:PeanutButter","Bag of Preparation","Akabeko","Ninja Scroll","hubris:Backtick","hubris:OldNail","Membership Card","Bird Faced Urn","Bag of Marbles","Toy Ornithopter","Centennial Puzzle","Anchor","hubris:ToyBattleship","Mummified Hand"],"acts_visited":["Exordium","TheCity"],"potions_floor_usage":[24,27,31,33],"damage_taken":[{"damage":0.0,"enemies":"Cultist","floor":1.0,"turns":4.0},{"damage":0.0,"enemies":"Jaw Worm","floor":3.0,"turns":7.0},{"damage":0.0,"enemies":"Small Slimes","floor":4.0,"turns":4.0},{"damage":0.0,"enemies":"Blue Slaver","floor":7.0,"turns":5.0},{"damage":0.0,"enemies":"Gremlin Nob","floor":13.0,"turns":3.0},{"damage":0.0,"enemies":"Large Slime","floor":14.0,"turns":4.0},{"damage":19.0,"enemies":"Hexaghost","floor":16.0,"turns":9.0},{"damage":0,"enemies":"3 Byrds","floor":18,"turns":4},{"damage":9,"enemies":"Spheric Guardian","floor":21,"turns":5},{"damage":0,"enemies":"Chosen and Byrds","floor":24,"turns":5},{"damage":33,"enemies":"Book of Stabbing","floor":25,"turns":6},{"damage":5,"enemies":"Snecko","floor":27,"turns":4},{"damage":0,"enemies":"Sentry and Sphere","floor":28,"turns":2},{"damage":0,"enemies":"Shelled Parasite and Fungi","floor":31,"turns":1},{"damage":72,"enemies":"Collector","floor":33,"turns":7}],"seed_played":"6542181068467472094","potions_obtained":[{"floor":1.0,"key":"AttackPotion"},{"floor":4.0,"key":"Energy Potion"},{"floor":14.0,"key":"Fruit Juice"},{"floor":16.0,"key":"Fruit Juice"},{"floor":24,"key":"Regen Potion"},{"floor":25,"key":"Weak Potion"}],"is_trial":false,"path_per_floor":["M","?","M","M","?","R","M","R","T","T","T","R","E","M","R","B",null,"M","?","?","M","$","R","M","E","T","M","M","?","$","M","R","B"],"character_chosen":"THE_SILENT","items_purchased":["Omamori","Cloak And Dagger","Membership Card","Footwork","Bird Faced Urn","Bag of Marbles","Finisher","Dodge and Roll","Anchor","BlessingOfTheForge","hubris:ToyBattleship","Mummified Hand"],"campfire_rested":1,"item_purchase_floors":[0,0,22,22,22,22,22,22,30,30,30,30],"current_hp_per_floor":[51,54,54,54,69,69,69,69,69,69,69,69,69,69,69,55,69,69,84,84,75,75,75,82,53,53,71,71,71,32,37,63,0,0],"gold":303,"neow_bonus":"","is_daily":false,"chose_seed":false,"campfire_upgraded":5,"win_rate":0.0,"timestamp":1612608247,"path_taken":["M","?","M","M","?","R","?","R","T","?","?","R","E","?","R","BOSS","M","?","?","M","$","R","M","E","T","?","M","?","?","M","R","BOSS"],"items_purchased_type":["Relic","Card","Relic","Card","Relic","Relic","Card","Card","Relic","Potion","Relic","Relic"],"build_version":"2020-12-22","purchased_purges":0,"victory":false,"max_hp_per_floor":[66,69,69,69,69,69,69,69,69,69,69,69,69,69,69,74,74,74,84,84,84,84,84,89,89,89,89,89,89,89,89,89,89,89],"card_choices":[{"not_picked":["Tactician","hubris:SlightOfHand"],"picked":"Blur","floor":1.0},{"not_picked":["Dagger Spray","Dodge and Roll"],"picked":"Blade Dance","floor":3.0},{"not_picked":["Flechettes","Terror"],"picked":"Deadly Poison","floor":4.0},{"not_picked":["Outmaneuver","Flying Knee"],"picked":"Terror","floor":7.0},{"not_picked":["Deflect","Backflip"],"picked":"Envenom","floor":13.0},{"not_picked":["Deflect","Caltrops"],"picked":"Sucker Punch","floor":14.0},{"not_picked":["Unload","Doppelganger"],"picked":"Burst","floor":16.0},{"not_picked":["Masterful Stab","Catalyst"],"picked":"Slice","floor":18},{"not_picked":["hubris:SlightOfHand","Sucker Punch"],"picked":"Backstab+1","floor":21},{"not_picked":["Endless Agony","Flying Knee"],"picked":"Dagger Throw","floor":24},{"not_picked":["Flying Knee","Endless Agony"],"picked":"Slice","floor":25},{"not_picked":["Phantasmal Killer","Underhanded Strike"],"picked":"Blur","floor":27},{"not_picked":["Cloak And Dagger","Finisher"],"picked":"Poisoned Stab","floor":28},{"not_picked":["hubris:SlightOfHand","Prepared","Flechettes"],"picked":"SKIP","floor":31}],"player_experience":571333,"relics_obtained":[{"floor":9.0,"key":"hubris:PeanutButter"},{"floor":10.0,"key":"Bag of Preparation"},{"floor":11.0,"key":"Akabeko"},{"floor":13.0,"key":"Ninja Scroll"},{"floor":25,"key":"Toy Ornithopter"},{"floor":26,"key":"Centennial Puzzle"}],"event_choices":[{"damage_healed":15.0,"max_hp_gain":0.0,"max_hp_loss":0.0,"gold_gain":0.0,"event_name":"Wheel of Change","player_choice":"Full Heal","floor":5.0,"gold_loss":0.0,"damage_taken":0.0},{"cards_removed":["Burst"],"damage_healed":5,"gold_gain":0,"player_choice":"Offered Rare","damage_taken":0,"max_hp_gain":10,"max_hp_loss":0,"event_name":"Bonfire Elementals","floor":19,"gold_loss":0},{"damage_healed":0,"gold_gain":200,"player_choice":"Gold","damage_taken":0,"max_hp_gain":0,"max_hp_loss":0,"event_name":"Wheel of Change","floor":20,"gold_loss":0},{"cards_removed":["Strike_G"],"damage_healed":0,"gold_gain":0,"player_choice":"Purged","damage_taken":0,"max_hp_gain":0,"max_hp_loss":0,"event_name":"Purifier","floor":29,"gold_loss":0}],"is_beta":false,"boss_relics":[{"not_picked":["hubris:GrandSneckoEye","Ectoplasm"],"picked":"hubris:Backtick"}],"items_purged_floors":[],"is_endless":false,"potions_floor_spawned":[1,4,14,16,24,25],"killed_by":"Collector","ascension_level":14}}