{"host":"osk2oboccoevp2u5","time":1612582655,"event":{"mods":["AchievementEnabler","Alarm Clock","BaseMod","Colored Powertips","Disable Question Mark Monsters","Displayed Cursed Tome","FoggyMod","Key Reminder","Minty Spire (QoL Compilation)","Potion Indicator Mod","Quick Restart","Rare Cards Sparkle","Reorder Act Four","StSLib","The Senshi","Useless Jewels Mod"],"gold_per_floor":[116,116,41,116,140,140,174,0,80,91,91,91,91,155,155,257,257,270,23,23,23,23,23,52,52,77,77,88,116,116,116,116,217,217,230,230,230,230,32,65,65,0,0,0,50,50,99,123,123,123,123,43,43,72,72,72],"floor_reached":55,"language":"ENG","playtime":5917,"items_purged":["theSenshi:SailorKick","theSenshi:SailorKick","theSenshi:SailorKick","Shame"],"score":801,"play_id":"c80fee69-e069-4a46-864d-3ae3f14dceed","local_time":"20210205233735","is_ascension_mode":true,"campfire_choices":[{"floor":6.0,"key":"RECALL"},{"floor":13.0,"key":"REST"},{"floor":15.0,"key":"REST"},{"floor":23.0,"key":"REST"},{"floor":25.0,"key":"REST"},{"floor":27.0,"key":"REST"},{"floor":32.0,"key":"REST"},{"floor":46,"key":"REST"},{"floor":49,"key":"REST"},{"floor":53,"key":"REST"}],"circlet_count":0,"master_deck":["theSenshi:SailorBlock","theSenshi:SailorBlock+1","theSenshi:SailorBlock","theSenshi:RoseThrow","theSenshi:MoonPrismPowerMakeUp","theSenshi:SailorV","theSenshi:VenusGlamour","theSenshi:EncouragingSpeech","theSenshi:MoonPrincessHalation","theSenshi:Sidestep","theSenshi:Sidestep","theSenshi:WarriorOfTheMoon","theSenshi:TuxedoSmokingBomber+1","theSenshi:TuxedoSmokingBomber","theSenshi:SailorMercuryAssists","RitualDagger","theSenshi:UranusStrength+1","theSenshi:SailorMercuryAssists","theSenshi:SailorVenusAssists+1","theSenshi:TuxedoSmokingBomber+1","Necronomicurse","theSenshi:TuxedoSmokingBomber+1","Mayhem","Dramatic Entrance+1","Madness+1","Madness","theSenshi:EncouragingSpeech","theSenshi:MercurysCunning+1","theSenshi:SailorStarMakerAssists+1","theSenshi:SailorChibiMoonAssists+1","theSenshi:SailorChibiMoonAssists+1","theSenshi:TuxedoSmokingBomber+1","theSenshi:Sidestep","theSenshi:LunaWiseMentor+1"],"relics":["Fusion Hammer","Dream Catcher","Calipers","Pantograph","theSenshi:SailorFukuRelic","HornCleat","Bag of Preparation","SacredBark","Molten Egg 2","Ornamental Fan","Bag of Marbles","StrikeDummy","Necronomicon","Sozu","Boot","Red Mask","TungstenRod","War Paint","PreservedInsect","Oddly Smooth Stone"],"acts_visited":["Exordium","TheCity","TheBeyond","TheEnding"],"potions_floor_usage":[],"damage_taken":[{"damage":0.0,"enemies":"Small Slimes","floor":1.0,"turns":3.0},{"damage":36.0,"enemies":"Gremlin Nob","floor":7.0,"turns":5.0},{"damage":9.0,"enemies":"Jaw Worm","floor":10.0,"turns":5.0},{"damage":14.0,"enemies":"3 Sentries","floor":14.0,"turns":8.0},{"damage":39.0,"enemies":"Slime Boss","floor":16.0,"turns":11.0},{"damage":29.0,"enemies":"Chosen","floor":18.0,"turns":11.0},{"damage":0.0,"enemies":"Gremlin Leader","floor":24.0,"turns":6.0},{"damage":0.0,"enemies":"3 Byrds","floor":28.0,"turns":5.0},{"damage":23.0,"enemies":"Book of Stabbing","floor":29.0,"turns":9.0},{"damage":39.0,"enemies":"Automaton","floor":33.0,"turns":13.0},{"damage":0.0,"enemies":"3 Shapes","floor":35.0,"turns":4.0},{"damage":0.0,"enemies":"Giant Head","floor":40.0,"turns":10.0},{"damage":2,"enemies":"Mind Bloom Boss Battle","floor":45,"turns":9},{"damage":49,"enemies":"Awakened One","floor":50,"turns":26},{"damage":3,"enemies":"Shield and Spear","floor":54,"turns":5},{"damage":91,"enemies":"The Heart","floor":55,"turns":8}],"seed_played":"5075299520531749319","potions_obtained":[{"floor":1.0,"key":"AttackPotion"},{"floor":7.0,"key":"SpeedPotion"},{"floor":28.0,"key":"Fire Potion"},{"floor":29.0,"key":"AttackPotion"}],"is_trial":false,"path_per_floor":["M","?","$","?","T","R","E","$","T","M","?","T","R","?","R","B",null,"M","$","?","?","?","R","E","R","T","R","M","E","?","?","R","B",null,"M","?","?","?","$","E","?","M","T","?","?","R","T","T","R","B",null,"$","R","E","B"],"character_chosen":"THE_SENSHI","items_purchased":["theSenshi:EncouragingSpeech","theSenshi:MoonPrincessHalation","theSenshi:TuxedoSmokingBomber","theSenshi:SailorMercuryAssists","Strength Potion","theSenshi:EncouragingSpeech","theSenshi:TuxedoSmokingBomber+1","theSenshi:Sidestep"],"campfire_rested":9,"item_purchase_floors":[8,8,19,19,19,39,52,52],"current_hp_per_floor":[75,68,68,57,57,57,21,21,21,12,9,9,31,17,39,25,75,46,46,46,40,40,62,62,75,75,75,75,52,52,36,58,60,75,75,75,65,56,56,56,85,85,85,85,83,85,85,85,85,36,85,85,85,82,0,0],"gold":72,"neow_bonus":"BOSS_RELIC","is_daily":false,"chose_seed":false,"campfire_upgraded":0,"win_rate":0.0,"timestamp":1612582655,"path_taken":["M","?","$","?","?","R","E","$","T","?","?","?","R","?","R","BOSS","M","$","?","?","?","R","E","R","T","R","?","E","?","?","R","BOSS","M","?","?","?","$","E","?","?","T","?","?","R","?","?","R","BOSS","$","R","E","BOSS"],"items_purchased_type":["Card","Card","Card","Card","Potion","Card","Card","Card"],"build_version":"2020-12-22","purchased_purges":4,"victory":false,"max_hp_per_floor":[75,75,75,75,75,75,75,75,75,75,75,75,75,75,75,75,75,75,75,75,75,75,75,75,75,75,75,75,75,75,75,75,75,75,75,75,75,75,75,75,85,85,85,85,85,85,85,85,85,85,85,85,85,85,85,85],"card_choices":[{"not_picked":["theSenshi:TuxedoMaskAssists","theSenshi:MercurysCunning"],"picked":"theSenshi:SailorV","floor":1.0},{"not_picked":["theSenshi:CrisisMakeUp","theSenshi:SailorPlanetAttack"],"picked":"theSenshi:VenusGlamour","floor":7.0},{"not_picked":["theSenshi:SaturnsMystery","theSenshi:MoonCosmicPowerMakeUp"],"picked":"theSenshi:Sidestep","floor":10.0},{"not_picked":["theSenshi:Overload","theSenshi:SailorMarsAssists"],"picked":"theSenshi:SailorMercuryAssists","floor":14.0},{"not_picked":["theSenshi:SailorChibiMoonAssists","theSenshi:SupersonicWaves"],"picked":"theSenshi:Sidestep","floor":15.0},{"not_picked":["theSenshi:FatedKiss","theSenshi:SilverMoonCrystalPowerKiss"],"picked":"theSenshi:WarriorOfTheMoon","floor":16.0},{"not_picked":["theSenshi:MoonCrystalPowerMakeUp+1","theSenshi:SailorPlanetAttack"],"picked":"theSenshi:TuxedoSmokingBomber+1","floor":18.0},{"not_picked":["theSenshi:KlutzyLuck","theSenshi:MoonCrystalPowerMakeUp+1"],"picked":"theSenshi:UranusStrength+1","floor":24.0},{"not_picked":["theSenshi:TuxedoSmokingBomber+1","theSenshi:CrisisMakeUp"],"picked":"theSenshi:SailorMercuryAssists","floor":25.0},{"not_picked":["theSenshi:Sidestep+1","theSenshi:SupersonicWaves+1"],"picked":"theSenshi:SailorVenusAssists+1","floor":27.0},{"not_picked":["theSenshi:SilverMoonCrystalPowerKiss+1","theSenshi:HesSoDreamy"],"picked":"theSenshi:TuxedoSmokingBomber+1","floor":28.0},{"not_picked":["theSenshi:SailorMercuryAssists","theSenshi:MoonCrisisMakeUp","theSenshi:MoonTiaraMagic+1"],"picked":"SKIP","floor":29.0},{"not_picked":["theSenshi:DramaticEntrance","theSenshi:LateForSchool"],"picked":"theSenshi:TuxedoSmokingBomber+1","floor":35.0},{"not_picked":["Panache","Secret Technique"],"picked":"Mayhem","floor":37.0},{"not_picked":["Master of Strategy","The Bomb"],"picked":"Thinking Ahead","floor":37.0},{"not_picked":["Violence","Chrysalis"],"picked":"Dramatic Entrance+1","floor":37.0},{"not_picked":["theSenshi:MoonTiaraMagic+1","theSenshi:SailorChibiMoonAssists+1"],"picked":"theSenshi:MercurysCunning+1","floor":40.0},{"not_picked":["theSenshi:LateForSchool+1","theSenshi:MoonCosmicPowerMakeUp"],"picked":"theSenshi:SailorStarMakerAssists+1","floor":45},{"not_picked":["theSenshi:YouCanTalk","theSenshi:SailorPlanetPower+1"],"picked":"theSenshi:SailorChibiMoonAssists+1","floor":46},{"not_picked":["theSenshi:LunaWiseMentor","theSenshi:SailorUranusAssists+1"],"picked":"theSenshi:SailorChibiMoonAssists+1","floor":49},{"not_picked":["theSenshi:YouCanTalk+1","theSenshi:SailorStarFighterAssists+1"],"picked":"theSenshi:LunaWiseMentor+1","floor":54}],"player_experience":925865,"relics_obtained":[{"floor":5.0,"key":"Dream Catcher"},{"floor":7.0,"key":"Calipers"},{"floor":9.0,"key":"Pantograph"},{"floor":12.0,"key":"HornCleat"},{"floor":14.0,"key":"Bag of Preparation"},{"floor":24.0,"key":"Ornamental Fan"},{"floor":26.0,"key":"Bag of Marbles"},{"floor":29.0,"key":"StrikeDummy"},{"floor":40.0,"key":"Boot"},{"floor":45,"key":"TungstenRod"},{"floor":47,"key":"War Paint"},{"floor":48,"key":"PreservedInsect"},{"floor":54,"key":"Oddly Smooth Stone"}],"event_choices":[{"cards_removed":["theSenshi:SailorKick"],"damage_healed":0.0,"max_hp_gain":0.0,"max_hp_loss":0.0,"gold_gain":0.0,"event_name":"Golden Wing","player_choice":"Card Removal","floor":2.0,"gold_loss":0.0,"damage_taken":7.0},{"damage_healed":0.0,"max_hp_gain":0.0,"max_hp_loss":0.0,"gold_gain":75.0,"event_name":"World of Goop","player_choice":"Gather Gold","floor":4.0,"gold_loss":0.0,"damage_taken":11.0},{"damage_healed":0.0,"max_hp_gain":0.0,"max_hp_loss":0.0,"gold_gain":0.0,"event_name":"Scrap Ooze","player_choice":"Success","floor":11.0,"gold_loss":0.0,"damage_taken":3.0,"relics_obtained":["theSenshi:SailorFukuRelic"]},{"damage_healed":0.0,"max_hp_gain":0.0,"max_hp_loss":0.0,"gold_gain":0.0,"event_name":"Dead Adventurer","player_choice":"Searched \u00271\u0027 times","floor":14.0,"gold_loss":0.0,"damage_taken":0.0},{"cards_removed":["theSenshi:SailorBlock"],"damage_healed":0.0,"max_hp_gain":0.0,"max_hp_loss":0.0,"gold_gain":0.0,"event_name":"Back to Basics","player_choice":"Elegance","floor":20.0,"gold_loss":0.0,"damage_taken":0.0},{"damage_healed":0.0,"max_hp_gain":0.0,"max_hp_loss":0.0,"gold_gain":0.0,"event_name":"Nest","player_choice":"Joined the Cult","floor":21.0,"gold_loss":0.0,"damage_taken":6.0,"cards_obtained":["RitualDagger"]},{"damage_healed":0.0,"max_hp_gain":0.0,"max_hp_loss":0.0,"gold_gain":0.0,"event_name":"Addict","player_choice":"Stole Relic","floor":22.0,"gold_loss":0.0,"damage_taken":0.0,"relics_obtained":["Molten Egg 2"],"cards_obtained":["Shame"]},{"damage_healed":0.0,"max_hp_gain":0.0,"max_hp_loss":0.0,"gold_gain":0.0,"event_name":"Vampires","player_choice":"Ignored","floor":30.0,"gold_loss":0.0,"damage_taken":0.0},{"damage_healed":0.0,"max_hp_gain":0.0,"max_hp_loss":0.0,"gold_gain":0.0,"event_name":"Cursed Tome","player_choice":"Obtained Book","floor":31.0,"gold_loss":0.0,"damage_taken":16.0},{"damage_healed":0.0,"max_hp_gain":0.0,"max_hp_loss":0.0,"gold_gain":0.0,"event_name":"Mysterious Sphere","player_choice":"Ignored","floor":36.0,"gold_loss":0.0,"damage_taken":0.0},{"damage_healed":0.0,"max_hp_gain":0.0,"max_hp_loss":0.0,"gold_gain":0.0,"event_name":"SensoryStone","player_choice":"Memory 3","floor":37.0,"gold_loss":0.0,"damage_taken":10.0},{"damage_healed":0.0,"max_hp_gain":0.0,"max_hp_loss":0.0,"gold_gain":0.0,"event_name":"Winding Halls","player_choice":"Embrace Madness","floor":38.0,"gold_loss":0.0,"damage_taken":9.0,"cards_obtained":["Madness","Madness"]},{"cards_removed":["Thinking Ahead"],"damage_healed":19.0,"max_hp_gain":10.0,"max_hp_loss":0.0,"gold_gain":0.0,"event_name":"Bonfire Elementals","player_choice":"Offered Rare","floor":41.0,"gold_loss":0.0,"damage_taken":0.0},{"damage_healed":0,"gold_gain":0,"player_choice":"Paid","damage_taken":0,"relics_obtained":["Red Mask"],"max_hp_gain":0,"max_hp_loss":0,"event_name":"Tomb of Lord Red Mask","floor":42,"gold_loss":65},{"cards_removed":["theSenshi:SailorMercuryAssists"],"damage_healed":0,"gold_gain":0,"player_choice":"Removed Skill","damage_taken":0,"max_hp_gain":0,"max_hp_loss":0,"event_name":"Falling","floor":44,"gold_loss":0},{"damage_healed":0,"gold_gain":0,"player_choice":"Fight","damage_taken":0,"max_hp_gain":0,"max_hp_loss":0,"event_name":"MindBloom","floor":45,"gold_loss":0}],"is_beta":false,"boss_relics":[{"not_picked":["Snecko Eye","Pandora\u0027s Box"],"picked":"SacredBark"},{"not_picked":["Empty Cage","Philosopher\u0027s Stone"],"picked":"Sozu"}],"items_purged_floors":[3,8,19,39],"is_endless":false,"potions_floor_spawned":[1,7,28,29,35,54],"killed_by":"The Heart","ascension_level":1}}