{"host":"m7jrdcbl89w2s34c","time":1612621969,"event":{"mods":["AchievementEnabler","BaseMod","Bestiary","Block Reminder","Colored Map","Colored Powertips","Minty Spire (QoL Compilation)","Permanent Neow","Relic Stats","StSLib"],"gold_per_floor":[115,125,141,141,159,185,2,27,51,63,101,113,125,1,1,1,1],"floor_reached":16,"language":"ENG","playtime":769,"items_purged":[],"score":171,"play_id":"4717f485-d9c4-420c-b4f0-d574eddb99f6","local_time":"20210206153249","is_ascension_mode":true,"campfire_choices":[{"data":"Buffer","floor":13,"key":"SMITH"},{"data":"Fission","floor":15,"key":"SMITH"}],"circlet_count":0,"master_deck":["Strike_B","Strike_B","Strike_B+1","Strike_B","Defend_B","Defend_B","Defend_B","Defend_B","Zap+1","Dualcast","Fusion","BootSequence","Coolheaded","Cold Snap+1","Buffer+1","Doom and Gloom","Reinforced Body","Ball Lightning","Fission+1"],"relics":["Cracked Core","Happy Flower","Smiling Mask","Lantern","Strawberry","MawBank","Anchor"],"acts_visited":["Exordium"],"potions_floor_usage":[6,8,8,8,11,11,11],"damage_taken":[{"damage":1,"enemies":"Cultist","floor":1,"turns":4},{"damage":10,"enemies":"2 Louse","floor":2,"turns":2},{"damage":0,"enemies":"Jaw Worm","floor":3,"turns":2},{"damage":6,"enemies":"Blue Slaver","floor":5,"turns":3},{"damage":48,"enemies":"Gremlin Nob","floor":6,"turns":5},{"damage":6,"enemies":"Lagavulin","floor":8,"turns":8},{"damage":3,"enemies":"Gremlin Nob","floor":11,"turns":4},{"damage":27,"enemies":"Hexaghost","floor":16,"turns":9}],"seed_played":"-8085740216340845299","potions_obtained":[{"floor":1,"key":"Regen Potion"},{"floor":3,"key":"Strength Potion"},{"floor":5,"key":"EntropicBrew"},{"floor":8,"key":"FocusPotion"}],"is_trial":false,"path_per_floor":["M","M","M","?","M","E","$","E","T","?","E","$","R","$","R","B"],"character_chosen":"DEFECT","items_purchased":["Doom and Gloom","Lantern","Fission"],"campfire_rested":0,"item_purchase_floors":[7,7,14],"current_hp_per_floor":[67,57,57,57,51,3,3,18,18,2,26,26,26,26,26,0,0],"gold":1,"neow_bonus":"RANDOM_COMMON_RELIC","is_daily":false,"chose_seed":false,"campfire_upgraded":2,"win_rate":0.0,"timestamp":1612621969,"path_taken":["M","M","M","?","M","E","$","E","T","?","E","?","R","?","R","BOSS"],"items_purchased_type":["Card","Relic","Card"],"build_version":"2020-12-22","purchased_purges":0,"victory":false,"max_hp_per_floor":[75,75,75,75,75,75,75,82,82,82,82,82,82,82,82,82,82],"relic_stats":{"Happy Flower":[12],"counters":[8,37],"Smiling Mask":0,"MawBank":60,"obtain_stats":[{"Lantern":7,"Anchor":11,"Happy Flower":0,"Strawberry":8,"Cracked Core":0,"Smiling Mask":6,"MawBank":9},{"Lantern":5,"Anchor":7,"Happy Flower":0,"Strawberry":6,"Cracked Core":0,"Smiling Mask":5,"MawBank":6},{"Lantern":16,"Anchor":28,"Happy Flower":0,"Strawberry":24,"Cracked Core":0,"Smiling Mask":16,"MawBank":24}]},"card_choices":[{"not_picked":["Hologram","Turbo"],"picked":"Fusion","floor":1},{"not_picked":["Rebound","Hologram"],"picked":"BootSequence","floor":2},{"not_picked":["Steam","Go for the Eyes"],"picked":"Coolheaded","floor":3},{"not_picked":["Sweeping Beam","Tempest"],"picked":"Cold Snap","floor":5},{"not_picked":["Amplify","Cold Snap"],"picked":"Buffer","floor":6},{"not_picked":["Cold Snap","Sweeping Beam"],"picked":"Reinforced Body","floor":8},{"not_picked":["Gash","Steam"],"picked":"Ball Lightning","floor":11}],"player_experience":226283,"relics_obtained":[{"floor":6,"key":"Smiling Mask"},{"floor":8,"key":"Strawberry"},{"floor":9,"key":"MawBank"},{"floor":11,"key":"Anchor"}],"event_choices":[{"damage_healed":0,"gold_gain":0,"player_choice":"Grow","damage_taken":0,"max_hp_gain":0,"max_hp_loss":0,"event_name":"Living Wall","floor":4,"gold_loss":0,"cards_upgraded":["Zap"]},{"damage_healed":0,"gold_gain":0,"player_choice":"Entered Light","damage_taken":16,"max_hp_gain":0,"max_hp_loss":0,"event_name":"Shining Light","floor":10,"gold_loss":0,"cards_upgraded":["Strike_B","Cold Snap"]}],"is_beta":false,"boss_relics":[],"items_purged_floors":[],"is_endless":false,"potions_floor_spawned":[1,3,5,8],"killed_by":"Hexaghost","ascension_level":9}}