{"host":"d61fcf2p3sjwe6yo","time":1612614121,"event":{"mods":["Act Like it!","BaseMod","Colored Map","Gensokyo","Koishi","Marisa????????","Minty Spire (QoL Compilation)","Reimu??????","StSLib","SuperFastMode","The Servant 0.9.4"],"gold_per_floor":[114,144,155,155,170,170,170,170,219,236,236,290,47,47,47,150,150,163,173,20,32,32,32,363,363,363,0,0,0,0,0,0,200,200],"floor_reached":33,"language":"ENG","playtime":1469,"items_purged":[],"score":259,"play_id":"51e2a1e9-723d-4097-a578-e9cb68d70486","local_time":"20210206152201","is_ascension_mode":false,"campfire_choices":[{"floor":6.0,"key":"REST"},{"data":"CareerPray:ReiMu","floor":8.0,"key":"SMITH"},{"floor":11.0,"key":"REST"},{"data":"TakeOff:ReiMu","floor":15.0,"key":"SMITH"},{"data":"SubcavityFantasy:ReiMu","floor":23,"key":"SMITH"},{"data":"SpreadBorder2:ReiMu","floor":25,"key":"SMITH"},{"data":"YinYang:ReiMu","floor":30,"key":"SMITH"},{"data":"YinYang:ReiMu","floor":32,"key":"SMITH"}],"circlet_count":0,"master_deck":["Strike_Lin:ReiMu+1","Strike_Lin:ReiMu","Strike_Lin:ReiMu+1","Strike_Lin:ReiMu+1","Defend_Lin:ReiMu","Defend_Lin:ReiMu+1","Defend_Lin:ReiMu+1","Defend_Lin:ReiMu","Stagnation:ReiMu","SpreadBorder2:ReiMu","TakeOff:ReiMu+1","CareerPray:ReiMu+1","Pain","OrbThrow:ReiMu+1","YinYang:ReiMu+1","BlastKick2:ReiMu+1","SubcavityFantasy:ReiMu+1","YinYang:ReiMu+1","SpreadBorder2:ReiMu+1","AirStrike:ReiMu","Gensokyo:BlemishedSteel","RainPray2:ReiMu+1","SpreadBorder2:ReiMu","OrbThrow:ReiMu+1"],"relics":["FlyPower:ReiMu","Tiny Chest","Gensokyo:LunaticRedEyes","Happy Flower","Whetstone","Lantern","Sozu","Bow_fan:ReiMu","Meat on the Bone","Ginger","Juzu Bracelet","Matryoshka","Bag of Marbles","BodyOfKamiR:ReiMu","Singing Bowl","Kunai","Gensokyo:RedStar","Gensokyo:UndefinedDarkness"],"acts_visited":["Gensokyo:Gensokyo","Gensokyo:Gensokyoer"],"potions_floor_usage":[],"damage_taken":[{"damage":9.0,"enemies":"Gensokyo:Gryphon","floor":1.0,"turns":4.0},{"damage":40.0,"enemies":"Gensokyo:Cirno","floor":2.0,"turns":7.0},{"damage":6.0,"enemies":"Gensokyo:Python","floor":3.0,"turns":6.0},{"damage":9.0,"enemies":"Gensokyo:3_Fairies","floor":5.0,"turns":6.0},{"damage":2.0,"enemies":"Gensokyo:Kitsune","floor":10.0,"turns":2.0},{"damage":39.0,"enemies":"Gensokyo:Yukari","floor":16.0,"turns":16.0},{"damage":32,"enemies":"Gensokyo:AngelMirror","floor":18,"turns":5},{"damage":8,"enemies":"Gensokyo:2_Gloops","floor":19,"turns":4},{"damage":14,"enemies":"Gensokyo:Slime_Group","floor":21,"turns":5},{"damage":7,"enemies":"Gensokyo:Koishi","floor":24,"turns":7},{"damage":36,"enemies":"Gensokyo:Eternal_Rivals","floor":33,"turns":8}],"seed_played":"8045495489598697173","potions_obtained":[{"floor":2.0,"key":"ZuzhouPotion:ReiMu"},{"floor":3.0,"key":"SteroidPotion"},{"floor":10.0,"key":"Fruit Juice"}],"is_trial":false,"path_per_floor":["M","?","M","?","M","R","?","R","T","M","R","T","COS","$","R","B",null,"M","M","COS","M","?","R","E","R","T","?","T","?","R","?","R","B"],"character_chosen":"REIMU","items_purchased":[],"campfire_rested":2,"item_purchase_floors":[],"current_hp_per_floor":[62,22,16,16,7,28,28,28,28,26,47,47,47,47,52,13,76,44,48,48,46,46,46,39,39,39,39,39,39,39,39,39,0,0],"gold":200,"neow_bonus":"TEN_PERCENT_HP_BONUS","is_daily":false,"chose_seed":false,"campfire_upgraded":6,"win_rate":0.0,"timestamp":1612614121,"path_taken":["M","?","M","?","M","R","?","R","T","?","R","?","COS","?","R","BOSS","M","M","COS","M","?","R","E","R","T","?","?","?","R","?","R","BOSS"],"items_purchased_type":[],"build_version":"2020-12-22","purchased_purges":0,"victory":false,"max_hp_per_floor":[71,71,71,71,71,71,71,71,71,71,71,71,71,71,76,76,76,76,76,76,76,70,70,70,70,70,70,70,70,70,70,70,35,35],"card_choices":[{"not_picked":["RainPray2:ReiMu","TightArray:ReiMu"],"picked":"SpreadBorder2:ReiMu","floor":1.0},{"not_picked":["PassingAway:ReiMu","AlertArray:ReiMu"],"picked":"TakeOff:ReiMu","floor":2.0},{"not_picked":["DoubleButterfly:ReiMu","WonderfulDomain:ReiMu"],"picked":"CareerPray:ReiMu","floor":3.0},{"not_picked":["ForcedLanding:ReiMu","Revelation:ReiMu"],"picked":"OrbThrow:ReiMu","floor":5.0},{"not_picked":["SpringWay:ReiMu","Intuition:ReiMu"],"picked":"YinYang:ReiMu","floor":10.0},{"not_picked":["HakureiPhantom:ReiMu+1","Free:ReiMu+1"],"picked":"BlastKick2:ReiMu+1","floor":16.0},{"not_picked":["OctopathSalyBorderN:ReiMu","PrayRite:ReiMu"],"picked":"SubcavityFantasy:ReiMu","floor":16.0},{"not_picked":["HakureiPhantom:ReiMu","SubcavityFantasy:ReiMu"],"picked":"YinYang:ReiMu","floor":18},{"not_picked":["ManaGlint:ReiMu","WonderfulDomain:ReiMu"],"picked":"SpreadBorder2:ReiMu","floor":18},{"not_picked":["Enchanting:ReiMu","AlertArray:ReiMu"],"picked":"AirStrike:ReiMu","floor":19},{"not_picked":["PayForSelf:ReiMu+1","BarrageOfMoneybags:ReiMu+1"],"picked":"RainPray2:ReiMu+1","floor":21},{"not_picked":["Intuition:ReiMu","CardOfSanctity:ReiMu"],"picked":"SpreadBorder2:ReiMu","floor":21},{"not_picked":["EmergencyTakeOff:ReiMu","CollectionFlower2:ReiMu+1"],"picked":"OrbThrow:ReiMu+1","floor":24}],"player_experience":257236,"relics_obtained":[{"floor":2.0,"key":"Tiny Chest"},{"floor":9.0,"key":"Whetstone"},{"floor":12.0,"key":"Lantern"},{"floor":24,"key":"Matryoshka"},{"floor":26,"key":"Bag of Marbles"},{"floor":26,"key":"BodyOfKamiR:ReiMu"},{"floor":28,"key":"Singing Bowl"},{"floor":28,"key":"Kunai"}],"event_choices":[],"is_beta":false,"boss_relics":[{"not_picked":["SlaversCollar","RedLine:ReiMu"],"picked":"Sozu"}],"items_purged_floors":[],"is_endless":false,"potions_floor_spawned":[2,3,10,18,21],"killed_by":"Gensokyo:Eternal_Rivals","ascension_level":0}}