{"host":"fdip6nj211smoxvi","time":1612610421,"event":{"mods":["BaseMod","BetterRewards","Colored Map","Downfall","Hermit","Minty Spire (QoL Compilation)","Shop Mod","StSLib","The Hierophant","The Servant 0.9.4"],"gold_per_floor":[169,169,186,186,200,200,218,246,292,292,312,344,344,344,344,445,445,445,445],"floor_reached":18,"language":"DEU","playtime":959,"items_purged":[],"score":221,"play_id":"36838691-87e6-451f-87a8-187830236223","local_time":"20210206122021","is_ascension_mode":true,"campfire_choices":[{"floor":6,"key":"REST"},{"floor":10,"key":"REST"},{"floor":13,"key":"REST"},{"floor":15,"key":"REST"}],"circlet_count":0,"master_deck":["Strike_R+1","Strike_R","Strike_R+1","Defend_R","Defend_R","Defend_R","Bash+1","Shrug It Off","Flame Barrier+1","Limit Break+1","Battle Trance","Cleave+1","Shrug It Off","Metallicize","Exhume","Flame Barrier+1","Battle Trance+1","Disarm+1"],"relics":["Tiny House","Bottled Lightning","Whetstone","Blood Vial","Astrolabe"],"acts_visited":["Exordium","TheCity"],"potions_floor_usage":[8,12,16,16],"damage_taken":[{"damage":6,"enemies":"Jaw Worm","floor":1,"turns":4},{"damage":2,"enemies":"2 Louse","floor":3,"turns":3},{"damage":0,"enemies":"Small Slimes","floor":5,"turns":3},{"damage":9,"enemies":"2 Fungi Beasts","floor":7,"turns":3},{"damage":26,"enemies":"Gremlin Nob","floor":8,"turns":5},{"damage":4,"enemies":"Gremlin Gang","floor":11,"turns":3},{"damage":40,"enemies":"Lagavulin","floor":12,"turns":5},{"damage":69,"enemies":"Hexaghost","floor":16,"turns":12},{"damage":5,"enemies":"Shell Parasite","floor":18,"turns":5}],"seed_played":"-1630795960954182180","potions_obtained":[{"floor":0,"key":"Strength Potion"},{"floor":7,"key":"SteroidPotion"},{"floor":8,"key":"HeartOfIron"},{"floor":11,"key":"DuplicationPotion"},{"floor":16,"key":"GamblersBrew"}],"is_trial":false,"path_per_floor":["M","?","M","?","M","R","M","E","T","R","M","E","R","?","R","B",null,"M"],"character_chosen":"IRONCLAD","items_purchased":[],"campfire_rested":4,"item_purchase_floors":[],"current_hp_per_floor":[71,71,69,52,52,77,68,42,42,67,63,23,48,48,73,6,65,62,62],"gold":445,"neow_bonus":"BOSS_RELIC","is_daily":false,"chose_seed":false,"campfire_upgraded":0,"win_rate":0.0,"timestamp":1612610421,"path_taken":["M","?","M","?","M","R","M","E","T","R","M","E","R","?","R","BOSS","M"],"items_purchased_type":[],"build_version":"2020-12-22","purchased_purges":0,"victory":false,"max_hp_per_floor":[85,85,85,85,85,85,85,85,85,85,85,85,85,85,85,85,85,85,85],"card_choices":[{"not_picked":["Perfected Strike","Havoc"],"picked":"Shrug It Off","floor":0},{"not_picked":["Pommel Strike","Carnage"],"picked":"Flame Barrier","floor":1},{"not_picked":["Flex","Pummel"],"picked":"Limit Break","floor":3},{"not_picked":["Anger","Cleave"],"picked":"Battle Trance","floor":5},{"not_picked":["Dual Wield","Hemokinesis","Armaments"],"picked":"SKIP","floor":7},{"not_picked":["Clash","Iron Wave"],"picked":"Cleave","floor":8},{"not_picked":["Metallicize","Burning Pact"],"picked":"Shrug It Off","floor":11},{"not_picked":["Intimidate","Twin Strike"],"picked":"Metallicize","floor":12},{"not_picked":["Barricade","Bludgeon"],"picked":"Exhume","floor":16}],"player_experience":243461,"relics_obtained":[{"floor":8,"key":"Bottled Lightning"},{"floor":9,"key":"Whetstone"},{"floor":12,"key":"Blood Vial"}],"event_choices":[{"damage_healed":0,"gold_gain":0,"player_choice":"Ignored","damage_taken":0,"max_hp_gain":0,"max_hp_loss":0,"event_name":"Liars Game","floor":2,"gold_loss":0},{"damage_healed":0,"gold_gain":0,"player_choice":"Entered Light","damage_taken":17,"max_hp_gain":0,"max_hp_loss":0,"event_name":"Shining Light","floor":4,"gold_loss":0,"cards_upgraded":["Strike_R","Flame Barrier"]},{"damage_healed":0,"gold_gain":0,"player_choice":"Grow","damage_taken":0,"max_hp_gain":0,"max_hp_loss":0,"event_name":"Living Wall","floor":14,"gold_loss":0,"cards_upgraded":["Limit Break"]}],"is_beta":false,"boss_relics":[{"not_picked":["Runic Dome","SacredBark"],"picked":"Astrolabe"}],"items_purged_floors":[],"is_endless":false,"potions_floor_spawned":[7,8,11,16],"killed_by":"Shell Parasite","ascension_level":6}}