{"host":"yrtk68ixj64vhhh3","time":1612608145,"event":{"mods":["AchievementEnabler","Aspiration","BaseMod","Better Altar","Better Match","Better Silent Start","Colored Map","Colored Powertips","Conspire","Dio Mod","Downfall","Energized Spire","Hubris","Infinite Spire","Minty Spire (QoL Compilation)","Prisma Mod","RNG Fix","StSLib","Steal the Spire","Td1madao Mod","The Animator","The Poker Player","The Wild Card","TheBandit","TheHero"],"gold_per_floor":[115,115,38,54,19,19,48,48,127,138,152,167,167,167,167,272,272,286,297,297,314,314,314,349,349,349,363,383,383,397,410,410,505,505,516,529,545,545,581,610,630,630,656,676,710,710,710,740,740,740,740,740,10,38,38,38],"floor_reached":55,"language":"ENG","playtime":6803,"items_purged":["Regret"],"score":879,"play_id":"a3fbcb83-f076-4778-bcde-06dad63d62e8","local_time":"20210206234225","is_ascension_mode":true,"campfire_choices":[{"data":"Defragment","floor":6,"key":"SMITH"},{"data":"conspire:SharedLibrary","floor":8,"key":"SMITH"},{"floor":15,"key":"RECALL"},{"data":"theWildCard:PaleRider","floor":23,"key":"SMITH"},{"floor":25,"key":"REST"},{"data":"theWildCard:Salvation","floor":29,"key":"SMITH"},{"floor":32,"key":"REST"},{"data":"Electrodynamics","floor":42,"key":"SMITH"},{"floor":49,"key":"REST"},{"data":"Defragment","floor":52,"key":"SMITH"}],"circlet_count":0,"master_deck":["Defragment+1","Strike_B","Strike_B","Strike_B","Defend_B","Defend_B","Defend_B","Defend_B","Zap","Dualcast","Leap","conspire:SharedLibrary+1","Barrage","Defragment+1","Melter+1","Redo","Parasite","Meteor Strike","theWildCard:PaleRider+1","Genetic Algorithm","hubris:Fate","Fission+1","Self Repair+1","Hologram+1","Tempest","CurseOfTheBell","CurseOfTheBell","Reboot","theWildCard:Salvation+1","Rip and Tear+1","theWildCard:Alice","Loop","Electrodynamics+1","theWildCard:Attunement","Turbo+1","conspire:Rain+1","Chaos+1","theWildCard:Satanael","theWildCard:StingingStrike+1","Leap+1","Fusion","Force Field+1","Mayhem","Forethought","theWildCard:StingingStrike"],"relics":["Nuclear Battery","hubris:DisguiseKit","Pantograph","infinitespire:PuzzleCube","energizedSpire:OgreHead","Astrolabe","Cauldron","downfall:ExtraCursedBell","Toy Ornithopter","Mercury Hourglass","hubris:FunFungus","hubris:BallOfYels","Snecko Eye","infinitespire:SolderingIron","hubris:BundleOfHerbs","Vajra","Art of War","Bottled Lightning","Whetstone","Lee\u0027s Waffle","Anchor"],"acts_visited":["Exordium","TheCity","TheBeyond","TheEnding"],"potions_floor_usage":[16,16,28,33,33,33,45,50,50,50,55,55,55],"damage_taken":[{"damage":10,"enemies":"Cultist","floor":1,"turns":4},{"damage":9,"enemies":"Jaw Worm","floor":4,"turns":5},{"damage":1,"enemies":"Lagavulin","floor":7,"turns":8},{"damage":3,"enemies":"2 Louse","floor":10,"turns":4},{"damage":0,"enemies":"Large Slime","floor":11,"turns":5},{"damage":12,"enemies":"Exordium Wildlife","floor":12,"turns":5},{"damage":10,"enemies":"Slime Boss","floor":16,"turns":9},{"damage":15,"enemies":"Chosen","floor":18,"turns":5},{"damage":0,"enemies":"Spheric Guardian","floor":19,"turns":1},{"damage":18,"enemies":"Centurion and Healer","floor":21,"turns":4},{"damage":16,"enemies":"Slavers","floor":24,"turns":2},{"damage":42,"enemies":"Shelled Parasite and Fungi","floor":27,"turns":5},{"damage":1,"enemies":"Snecko","floor":28,"turns":2},{"damage":18,"enemies":"3 Cultists","floor":30,"turns":3},{"damage":24,"enemies":"Snake Plant","floor":31,"turns":2},{"damage":20,"enemies":"conspire:MysteriousRune","floor":33,"turns":8},{"damage":11,"enemies":"Orb Walker","floor":35,"turns":2},{"damage":17,"enemies":"3 Shapes","floor":36,"turns":3},{"damage":34,"enemies":"Maw","floor":37,"turns":7},{"damage":31,"enemies":"conspire:MimicChest","floor":39,"turns":4},{"damage":13,"enemies":"Reptomancer","floor":40,"turns":3},{"damage":8,"enemies":"Sphere and 2 Shapes","floor":41,"turns":3},{"damage":20,"enemies":"4 Shapes","floor":44,"turns":3},{"damage":24,"enemies":"Nemesis","floor":45,"turns":5},{"damage":48,"enemies":"Reptomancer","floor":48,"turns":4},{"damage":40,"enemies":"infinitespire:MassOfShapes","floor":50,"turns":9},{"damage":47,"enemies":"Shield and Spear","floor":54,"turns":6},{"damage":96,"enemies":"The Heart","floor":55,"turns":5}],"seed_played":"-2200703384648634907","potions_obtained":[{"floor":1,"key":"DuplicationPotion"},{"floor":7,"key":"Fire Potion"},{"floor":16,"key":"FearPotion"},{"floor":20,"key":"AttackPotion"},{"floor":20,"key":"DistilledChaos"},{"floor":20,"key":"SkillPotion"},{"floor":27,"key":"Weak Potion"},{"floor":28,"key":"Dexterity Potion"},{"floor":35,"key":"PotionOfCapacity"},{"floor":40,"key":"infinitespire:BlackPotion"},{"floor":44,"key":"SkillPotion"},{"floor":45,"key":"Fire Potion"},{"floor":48,"key":"EssenceOfDarkness"},{"floor":54,"key":"Dexterity Potion"}],"is_trial":false,"path_per_floor":["M","?","$","M","$","R","E","R","T","M","M","M","?","?","R","B",null,"M","M","AVR","M","?","R","E","R","T","M","M","R","M","M","R","B",null,"M","M","M","?","?","E","M","R","T","M","E","R","?","E","R","B",null,"R","$","E","B"],"character_chosen":"DEFECT","items_purchased":["conspire:SharedLibrary","Defragment","Whetstone","Lee\u0027s Waffle","Mayhem","Forethought","SkillPotion","SkillPotion"],"campfire_rested":3,"item_purchase_floors":[3,5,53,53,53,53,53,53],"current_hp_per_floor":[65,65,65,56,56,56,55,55,55,52,52,40,58,58,58,65,75,60,60,60,52,52,52,46,68,68,42,47,47,31,20,42,52,75,74,60,61,85,65,72,75,75,75,66,68,68,77,40,65,62,85,85,92,60,0,0],"gold":38,"neow_bonus":"BOSS_RELIC","is_daily":false,"chose_seed":false,"campfire_upgraded":6,"win_rate":0.0,"timestamp":1612608145,"path_taken":["M","?","$","?","$","R","E","R","T","M","M","M","?","?","R","BOSS","M","M","AVR","?","?","R","E","R","T","M","M","R","M","M","R","BOSS","M","M","M","?","?","E","?","R","T","M","E","R","?","E","R","BOSS","R","$","E","BOSS"],"items_purchased_type":["Card","Card","Relic","Relic","Card","Card","Potion","Potion"],"build_version":"2020-12-22","purchased_purges":1,"victory":false,"max_hp_per_floor":[75,75,75,75,75,75,75,75,75,75,75,75,75,75,75,75,75,75,75,75,75,75,75,75,75,75,75,75,75,75,75,75,75,75,75,75,75,85,85,85,85,85,85,85,85,85,85,85,85,85,85,85,92,92,92,92],"card_choices":[{"not_picked":["Sunder","Turbo"],"picked":"Leap","floor":1},{"not_picked":["Go for the Eyes","Leap"],"picked":"Barrage","floor":4},{"not_picked":["Stack","Self Repair"],"picked":"Melter","floor":7},{"not_picked":["Blizzard","Steam","theWildCard:MagicalMight"],"picked":"Chill","floor":10},{"not_picked":["hubris:DoWhile","Self Repair","theWildCard:EnergizedStroke"],"picked":"Redo","floor":11},{"not_picked":["Rebound","Lockon","Go for the Eyes"],"picked":"theWildCard:TheGreatSeal","floor":12},{"not_picked":["Seek","Reboot","theWildCard:AllOutAttack"],"picked":"Meteor Strike","floor":16},{"not_picked":["Gash+1","FTL","Scrape+1"],"picked":"theWildCard:PaleRider","floor":18},{"not_picked":["Sweeping Beam","Loop","theWildCard:StalwartBlade"],"picked":"Genetic Algorithm","floor":19},{"not_picked":["Cold Snap+1","Beam Cell","theWildCard:Unburden"],"picked":"Tempest","floor":21},{"not_picked":["Steam Power","Redo","theWildCard:UnendingRitual"],"picked":"Reboot","floor":24},{"not_picked":["conspire:Rain","Fusion","Rip and Tear+1"],"picked":"theWildCard:Salvation","floor":27},{"not_picked":["Compile Driver","Redo","theWildCard:Sakuya"],"picked":"Rip and Tear+1","floor":28},{"not_picked":["Redo","Blizzard","Sweeping Beam"],"picked":"theWildCard:Alice","floor":30},{"not_picked":["Conserve Battery","Cold Snap","theWildCard:SacrificialStroke"],"picked":"Loop","floor":31},{"not_picked":["hubris:DoWhile","Machine Learning","theWildCard:FuelForTheFire"],"picked":"Electrodynamics","floor":33},{"not_picked":["Hologram+1","Stack","Compile Driver+1"],"picked":"theWildCard:Attunement","floor":35},{"not_picked":["Gash","Compile Driver+1","theWildCard:Polydeuces"],"picked":"Turbo+1","floor":36},{"not_picked":["Hologram","Genetic Algorithm","theWildCard:StalwartBlade"],"picked":"conspire:Rain+1","floor":37},{"not_picked":["Leap","Conserve Battery","theWildCard:ShieldOfMany"],"picked":"Chaos+1","floor":39},{"not_picked":["conspire:Rain","Stack","Beam Cell"],"picked":"theWildCard:Satanael","floor":40},{"not_picked":["Sweeping Beam+1","Compile Driver+1","Tempest+1"],"picked":"theWildCard:StingingStrike","floor":41},{"not_picked":["Buffer","Rebound+1","theWildCard:EnergizedStroke"],"picked":"Leap+1","floor":44},{"not_picked":["Hologram+1","hubris:PowerSurge+1","theWildCard:PaleRider"],"picked":"Fusion","floor":45},{"not_picked":["Barrage","Double Energy","theWildCard:Ruination"],"picked":"Force Field+1","floor":48},{"not_picked":["Sweeping Beam+1","Fusion+1","Doom and Gloom"],"picked":"theWildCard:StingingStrike","floor":54}],"player_experience":708962,"relics_obtained":[{"floor":7,"key":"hubris:DisguiseKit"},{"floor":9,"key":"Pantograph"},{"floor":14,"key":"infinitespire:PuzzleCube"},{"floor":22,"key":"Toy Ornithopter"},{"floor":22,"key":"Mercury Hourglass"},{"floor":22,"key":"hubris:FunFungus"},{"floor":24,"key":"hubris:BallOfYels"},{"floor":39,"key":"infinitespire:SolderingIron"},{"floor":40,"key":"hubris:BundleOfHerbs"},{"floor":43,"key":"Vajra"},{"floor":45,"key":"Art of War"},{"floor":48,"key":"Bottled Lightning"},{"floor":54,"key":"Anchor"}],"event_choices":[{"damage_healed":0,"gold_gain":0,"player_choice":"Ignored","damage_taken":0,"max_hp_gain":0,"max_hp_loss":0,"event_name":"Golden Wing","floor":2,"gold_loss":0},{"damage_healed":18,"gold_gain":0,"player_choice":"Healed and dodged fight","damage_taken":0,"max_hp_gain":0,"max_hp_loss":0,"event_name":"Mushrooms","floor":13,"gold_loss":0,"cards_obtained":["Parasite"]},{"damage_healed":0,"gold_gain":0,"player_choice":"Relic","damage_taken":0,"max_hp_gain":0,"max_hp_loss":0,"event_name":"Wheel of Change","floor":14,"gold_loss":0},{"cards_removed":["Meteor Strike"],"damage_healed":14,"gold_gain":0,"player_choice":"Offered Rare","damage_taken":0,"max_hp_gain":10,"max_hp_loss":0,"event_name":"Bonfire Elementals","floor":38,"gold_loss":0}],"is_beta":false,"boss_relics":[{"not_picked":["hubris:VirtuousBlindfold","bronze:MakeshiftBattery"],"picked":"energizedSpire:OgreHead"},{"not_picked":["Fusion Hammer","aspiration:PoetsPen_weak"],"picked":"Snecko Eye"}],"items_purged_floors":[53],"is_endless":false,"potions_floor_spawned":[1,7,16,24,27,28,31,35,40,44,45,48,54],"killed_by":"The Heart","ascension_level":2}}