{"host":"2xnjhc1nuqzfyzm4","time":1612648007,"event":{"mods":["100% Spire Juice","Act Like it!","Arknights","BaseMod","Beaked The Cultist","Bestiary","Better Match","Better Note","Better Sensory Stone","Better Third Choice","Block Reminder","CapriCore","CatGirl Mod","ChefMod","Colored Powertips","Displayed Cursed Tome","Dota2Spire","Downfall","Ekko","Elementarium","GungeonMod","Hallownest","Hermit","Hubris","Infinite Spire","Jedi Mod","Jorbs\u0027s Wanderer Trilogy","Luminous","Mad Scientist","Marisa????????","Menagerie","Minty Spire (QoL Compilation)","Potionbrewer","Prisma Mod","QueenMod","Relic Stats","Reliquary","Replay The Spire","Robot Space Explorer","SIMod","Shade Mod","Spikes Relics","StSLib","The Alterego","The Animator","The Blackbeard","The Bug Knight","The Cursed","The Death Knight","The Disciple","The Dragon Tamer","The Dragonkin","The Druid","The Elementalist","The Exalted","The Fake Hero","The Florist","The Gatherer","The Hayseed","The Hierophant","The Immortal","The Jungle","The Mystic","The Necromancer","The Poker Player","The Runesmith","The Sage","The Senshi","The Servant 0.9.4","The Showman","The Valiant","The Wild Card","TheBandit","TheSwordswoman","TheVacant","TheVelvet","TheWitcher","Trackpad","Waifu the Spire","WarShipGirlsR/????R mod","Yakumo Yukari mod"],"gold_per_floor":[111,27,38,57,72,107,107,127,127,144,177,177,260,270,270,270,270],"floor_reached":16,"language":"ENG","playtime":1727,"items_purged":[],"score":114,"play_id":"380ef8bc-7c0c-4be2-bd83-5c8b31e0da18","local_time":"20210206134646","is_ascension_mode":false,"campfire_choices":[{"floor":7,"key":"RECALL"},{"floor":12,"key":"REST"},{"floor":15,"key":"REST"}],"circlet_count":0,"master_deck":["Strike_G","Strike_G","Strike_G","Strike_G","Strike_G","Defend_G","Defend_G","Defend_G","Defend_G","Defend_G","Survivor","Neutralize","Flying Knee","Cloak And Dagger","Dash","Backflip","Dagger Spray","Dash","Cloak And Dagger","Dodge and Roll","hubris:SlightOfHand","Prepared","Cloak And Dagger"],"relics":["Ring of the Snake","reliquary:PurpleTingedLeaf","jedi:scrapmetal","Omamori"],"acts_visited":["Exordium"],"potions_floor_usage":[6,10,11],"damage_taken":[{"damage":0,"enemies":"Cultist","floor":1,"turns":3},{"damage":0,"enemies":"Jaw Worm","floor":3,"turns":3},{"damage":0,"enemies":"Small Slimes","floor":4,"turns":3},{"damage":0,"enemies":"3 Louse","floor":5,"turns":2},{"damage":11,"enemies":"3 Sentries","floor":6,"turns":10},{"damage":8,"enemies":"Large Slime","floor":8,"turns":6},{"damage":12,"enemies":"Exordium Thugs","floor":10,"turns":5},{"damage":20,"enemies":"Gremlin Nob","floor":11,"turns":5},{"damage":0,"enemies":"Gremlin Gang","floor":14,"turns":7},{"damage":30,"enemies":"Slime Boss","floor":16,"turns":11}],"seed_played":"8544432337527019930","potions_obtained":[{"floor":3,"key":"Energy Potion"},{"floor":6,"key":"potionbrewer:NoxiousPotion"},{"floor":8,"key":"SpeedPotion"}],"is_trial":false,"path_per_floor":["M","$","M","M","M","E","R","M","T","M","E","R","?","M","R","B"],"character_chosen":"THE_SILENT","items_purchased":["Cloak And Dagger","Dash"],"campfire_rested":2,"item_purchase_floors":[2,2],"current_hp_per_floor":[77,77,77,77,77,66,66,59,59,48,29,52,22,23,46,19,19],"gold":270,"neow_bonus":"TEN_PERCENT_HP_BONUS","is_daily":false,"chose_seed":false,"campfire_upgraded":0,"win_rate":0.0,"timestamp":1612648006,"path_taken":["M","$","M","M","M","E","R","M","T","M","E","R","?","?","R","BOSS"],"items_purchased_type":["Card","Card"],"build_version":"2020-12-22","purchased_purges":0,"victory":false,"max_hp_per_floor":[77,77,77,77,77,77,77,77,77,77,77,77,77,77,77,77,77],"relic_stats":{"counters":[10,55],"obtain_stats":[{"DemoMod:GlassGuonStoneRelic":4,"Omamori":13,"jedi:scrapmetal":11,"reliquary:PurpleTingedLeaf":6,"Ring of the Snake":0},{"DemoMod:GlassGuonStoneRelic":3,"Omamori":8,"jedi:scrapmetal":8,"reliquary:PurpleTingedLeaf":5,"Ring of the Snake":0},{"DemoMod:GlassGuonStoneRelic":9,"Omamori":37,"jedi:scrapmetal":37,"reliquary:PurpleTingedLeaf":21,"Ring of the Snake":0}],"Ring of the Snake":[20]},"card_choices":[{"not_picked":["hubris:SlightOfHand","Deflect"],"picked":"Flying Knee","floor":1},{"not_picked":["Terror","Catalyst"],"picked":"Backflip","floor":3},{"not_picked":["Hidden Blade","Concentrate"],"picked":"Dagger Spray","floor":4},{"not_picked":["Dagger Spray","Underhanded Strike"],"picked":"Dash","floor":5},{"not_picked":["Concentrate","Terror","Underhanded Strike"],"picked":"SKIP","floor":6},{"not_picked":["Outmaneuver","hubris:SlightOfHand"],"picked":"Cloak And Dagger","floor":8},{"not_picked":["Poisoned Stab","jedi:studypoison","Toxin Wave"],"picked":"SKIP","floor":10},{"not_picked":["Noxious Fumes","Bane"],"picked":"Dodge and Roll","floor":11},{"not_picked":["Concentrate","ShadowRift"],"picked":"hubris:SlightOfHand","floor":13},{"not_picked":["Deadly Poison","Choke"],"picked":"Prepared","floor":13},{"not_picked":["Deflect","Heel Hook"],"picked":"Cloak And Dagger","floor":14}],"player_experience":209887,"relics_obtained":[{"floor":6,"key":"reliquary:PurpleTingedLeaf"},{"floor":11,"key":"jedi:scrapmetal"},{"floor":13,"key":"Omamori"}],"event_choices":[],"is_beta":false,"boss_relics":[],"items_purged_floors":[],"is_endless":false,"potions_floor_spawned":[3,6,8],"killed_by":"Slime Boss","ascension_level":0}}