{"host":"4a6fro0of1ie0h2w","time":1612625005,"event":{"mods":["Aspiration","BaseMod","CCEM2","Colored Map","Conspire","Downfall","GifTheSpireLib","Halation","Highlight Path","Hubris","Infinite Spire","Marisa????????","Minty Spire (QoL Compilation)","Permanent Neow","Replay The Spire","StSLib","Stuff the Spire","The Servant 0.9.4"],"gold_per_floor":[0,13,33,33,18,18,18,44,44,72,72,63,63,95,107,114,114,114],"floor_reached":16,"language":"ENG","playtime":573,"items_purged":[],"score":117,"play_id":"9e232360-570f-4523-8fb0-5baa996de528","local_time":"20210206172325","is_ascension_mode":true,"campfire_choices":[{"data":"champ:Taunt","floor":1,"key":"SMITH"},{"data":"champ:RageSigil","floor":9,"key":"SMITH"}],"circlet_count":0,"master_deck":["champ:Strike","champ:Strike","champ:Strike","champ:Strike","champ:Defend","champ:Defend","champ:Defend","champ:Defend+1","champ:Execute","champ:Taunt+1","champ:FocusedDefense","champ:AdrenalArmor","champ:RageSigil+1","champ:RapidStrikes","champ:CalledShot","champ:GladiatorStyle","infinitespire:Fortify","champ:PerfectedStrike","champ:Circumvent"],"relics":["champ:ChampionCrown","StuffTheSpire:DarkSteelAnvil","CCEMRelics:IronFruit","Juzu Bracelet","CCEMRelics:BundleOfDynamite","halation:IllGainedPizza","Odd Mushroom"],"acts_visited":["Exordium"],"potions_floor_usage":[14,16,16],"damage_taken":[{"damage":20,"enemies":"Small Slimes","floor":2,"turns":4},{"damage":10,"enemies":"2 Louse","floor":3,"turns":3},{"damage":10,"enemies":"downfall:FleeingMerchant","floor":5,"turns":4},{"damage":40,"enemies":"Lagavulin","floor":8,"turns":9},{"damage":45,"enemies":"Gremlin Nob","floor":10,"turns":4},{"damage":10,"enemies":"downfall:FleeingMerchant","floor":12,"turns":4},{"damage":12,"enemies":"The Mushroom Lair","floor":14,"turns":5},{"damage":0,"enemies":"Jaw Worm","floor":15,"turns":4},{"damage":20,"enemies":"DF_ARCHETYPE_STREAMLINE","floor":16,"turns":6}],"seed_played":"2336772712479928752","potions_obtained":[{"floor":2,"key":"FearPotion"},{"floor":10,"key":"Fire Potion"},{"floor":14,"key":"Reflective Coating"}],"is_trial":false,"path_per_floor":["R","M","M","?","$","?","T","E","R","E","?","$","?","?","M","B"],"character_chosen":"THE_CHAMP","items_purchased":[],"campfire_rested":0,"item_purchase_floors":[],"current_hp_per_floor":[90,90,90,95,95,92,92,62,62,47,47,47,25,13,13,0,0,0],"gold":114,"neow_bonus":"ONE_RARE_RELIC","is_daily":false,"chose_seed":false,"campfire_upgraded":2,"win_rate":0.0,"timestamp":1612625005,"path_taken":["R","M","M","?","$","?","T","E","R","E","?","?","?","?","M","BOSS"],"items_purchased_type":[],"build_version":"2020-12-22","purchased_purges":0,"victory":false,"max_hp_per_floor":[90,90,90,95,95,95,95,95,95,95,95,95,95,95,95,95,95,95],"card_choices":[{"not_picked":["champ:Backstep","champ:Circumvent"],"picked":"champ:FocusedDefense","floor":2},{"not_picked":["champ:EnchantSword","champ:BringItOn"],"picked":"champ:AdrenalArmor","floor":3},{"not_picked":["champ:EnchantCrown","champ:FalseCounter"],"picked":"champ:RageSigil","floor":5},{"not_picked":["champ:Shatter","champ:Haymaker"],"picked":"champ:RapidStrikes","floor":8},{"not_picked":["champ:RageSigil","champ:EnGarde"],"picked":"champ:CalledShot","floor":10},{"not_picked":["champ:RecklessLeap","champ:FancyFootwork"],"picked":"champ:GladiatorStyle","floor":12},{"not_picked":["ReplayTheSpireMod:Echoes of Time","infinitespire:Execution"],"picked":"infinitespire:Fortify","floor":13},{"not_picked":["champ:CrownThrow","champ:FocusedDefense"],"picked":"champ:PerfectedStrike","floor":14},{"not_picked":["champ:Shatter","champ:FaceSlap"],"picked":"champ:Circumvent","floor":15}],"player_experience":231142,"relics_obtained":[{"floor":4,"key":"CCEMRelics:IronFruit"},{"floor":8,"key":"CCEMRelics:BundleOfDynamite"},{"floor":10,"key":"halation:IllGainedPizza"},{"floor":14,"key":"Odd Mushroom"}],"event_choices":[{"damage_healed":0,"gold_gain":0,"player_choice":"Success","damage_taken":3,"relics_obtained":["Juzu Bracelet"],"max_hp_gain":0,"max_hp_loss":0,"event_name":"Scrap Ooze","floor":6,"gold_loss":0},{"damage_healed":0,"gold_gain":0,"player_choice":"Disagree","damage_taken":0,"max_hp_gain":0,"max_hp_loss":0,"event_name":"conspire:LoneGhost","floor":11,"gold_loss":0},{"damage_healed":0,"gold_gain":0,"player_choice":"Fought Mushrooms","damage_taken":0,"max_hp_gain":0,"max_hp_loss":0,"event_name":"Mushrooms","floor":14,"gold_loss":0}],"is_beta":false,"boss_relics":[],"items_purged_floors":[],"is_endless":false,"potions_floor_spawned":[2,10,14],"killed_by":"DF_ARCHETYPE_STREAMLINE","ascension_level":2}}