{"host":"684z1xpuwaoqmmh1","time":1612619577,"event":{"mods":["A Magickal Journey","Astrologer","BaseMod","Downfall","Hermit","Jorbs\u0027s Wanderer Trilogy","Marisa????????","Minty Spire (QoL Compilation)","Robot Space Explorer","Shade Mod","StSLib","The Bug Knight","The Dragon Tamer","The Elementalist","The Hayseed","The Hierophant","The Marked","The Mystic","The Runesmith","The Saiyan","The Senshi","The Spell Scribe","The Vixen","TheBandit","TheFirefly"],"gold_per_floor":[114,114,135,185,200,200,241,241,241,272,288,288,322,343,343,468,468,481,391,62,81,81,117,132,145,170,218,218,317,357,399,399,534,534,558,590,590,609,609,609],"floor_reached":39,"language":"ENG","playtime":2556,"items_purged":[],"score":806,"play_id":"876e95ce-c43a-4dbc-b4dc-ea3891d128af","local_time":"20210206155257","is_ascension_mode":true,"campfire_choices":[{"data":"theSenshi:SailorNeptuneAssists","floor":6,"key":"SMITH"},{"data":"theSenshi:SailorMarsAssists","floor":8,"key":"SMITH"},{"data":"theSenshi:WarriorOfTheMoon","floor":12,"key":"SMITH"},{"data":"theSenshi:MoonPrincessHalation","floor":15,"key":"SMITH"},{"data":"theSenshi:MoonCrystalPowerMakeUp","floor":28,"key":"SMITH"},{"data":"theSenshi:SilverCrystal","floor":32,"key":"SMITH"}],"circlet_count":0,"master_deck":["AscendersBane","theSenshi:SailorKick","theSenshi:SailorKick","theSenshi:SailorBlock","theSenshi:SailorBlock","theSenshi:SailorBlock","theSenshi:SailorBlock","theSenshi:RoseThrow","theSenshi:MoonPrismPowerMakeUp","theSenshi:SailorMarsAssists+1","theSenshi:SailorVenusAssists+1","theSenshi:SailorNeptuneAssists+1","theSenshi:SailorMercuryAssists","theSenshi:WarriorOfTheMoon+1","theSenshi:VenusGlamour","theSenshi:SailorUranusAssists","theSenshi:MoonPrincessHalation+1","theSenshi:SailorSaturnAssists","theSenshi:MoonCrystalPowerMakeUp+1","theSenshi:SailorV","theSenshi:SailorPlanetAttack","theSenshi:MoonlightKnight+1","theSenshi:MarsPride","theSenshi:SilverCrystal+1","theSenshi:InTheNameOfTheMoon","theSenshi:MoonPunch","theSenshi:MoonCosmicPowerMakeUp"],"relics":["theSenshi:TransformationBroochRelic","Golden Idol","WingedGreaves","Pen Nib","Darkstone Periapt","sneckomod:SneckoTalon","theSenshi:EternalTiareRelic","Potion Belt","CeramicFish","hexamod:CandleOfCauterizing","Calipers","Toy Ornithopter","Cursed Key"],"acts_visited":["Exordium","TheCity","TheBeyond"],"potions_floor_usage":[7,18,21,30,31],"damage_taken":[{"damage":6,"enemies":"2 Louse","floor":1,"turns":3},{"damage":0,"enemies":"Jaw Worm","floor":3,"turns":4},{"damage":0,"enemies":"Cultist","floor":5,"turns":3},{"damage":0,"enemies":"HollowMod:MossKnight","floor":7,"turns":9},{"damage":28,"enemies":"3 Sentries","floor":10,"turns":18},{"damage":15,"enemies":"Exordium Wildlife","floor":11,"turns":9},{"damage":24,"enemies":"Gremlin Nob","floor":13,"turns":6},{"damage":0,"enemies":"Blue Slaver","floor":14,"turns":4},{"damage":28,"enemies":"Hexaghost","floor":16,"turns":11},{"damage":6,"enemies":"Spheric Guardian","floor":18,"turns":5},{"damage":14,"enemies":"3 Cultists","floor":21,"turns":5},{"damage":27,"enemies":"Gremlin Leader","floor":23,"turns":6},{"damage":0,"enemies":"Centurion and Healer","floor":24,"turns":4},{"damage":0,"enemies":"Snake Plant","floor":25,"turns":4},{"damage":2,"enemies":"HollowMod:Nosk","floor":27,"turns":7},{"damage":21,"enemies":"Slavers","floor":30,"turns":6},{"damage":8,"enemies":"Book of Stabbing","floor":31,"turns":6},{"damage":51,"enemies":"Collector","floor":33,"turns":13},{"damage":2,"enemies":"Orb Walker","floor":35,"turns":3},{"damage":24,"enemies":"3 Darklings","floor":36,"turns":7},{"damage":42,"enemies":"Spire Growth","floor":38,"turns":4},{"damage":39,"enemies":"Jaw Worm Horde","floor":39,"turns":4}],"seed_played":"8476296986706301988","potions_obtained":[{"floor":1,"key":"FearPotion"},{"floor":3,"key":"DistilledChaos"},{"floor":14,"key":"Block Potion"},{"floor":18,"key":"AttackPotion"},{"floor":25,"key":"SmokeBomb"},{"floor":27,"key":"EssenceOfSteel"},{"floor":35,"key":"LiquidBronze"},{"floor":38,"key":"PowerPotion"}],"is_trial":false,"path_per_floor":["M","?","M","?","M","R","E","R","T","E","M","R","E","M","R","B",null,"M","?","$","M","?","E","M","M","T","E","R","?","E","E","R","B",null,"M","M","?","M","M"],"character_chosen":"THE_SENSHI","items_purchased":["theSenshi:MoonCrystalPowerMakeUp","theSenshi:EternalTiareRelic"],"campfire_rested":0,"item_purchase_floors":[20,20],"current_hp_per_floor":[69,69,69,69,69,69,69,69,69,66,66,66,52,57,57,29,64,68,68,68,64,64,47,52,62,62,75,75,75,60,62,62,36,66,69,60,60,18,0,0],"gold":609,"neow_bonus":"TEN_PERCENT_HP_BONUS","is_daily":false,"chose_seed":false,"campfire_upgraded":6,"win_rate":0.0,"timestamp":1612619577,"path_taken":["M","?","M","?","M","R","E","R","T","E","M","R","E","M","R","BOSS","M","?","$","?","?","E","M","M","T","E","R","?","E","E","R","BOSS","M","M","?","?","M"],"items_purchased_type":["Card","Relic"],"build_version":"2020-12-22","purchased_purges":0,"victory":false,"max_hp_per_floor":[82,76,76,76,76,76,76,76,76,76,76,76,76,76,76,76,76,76,76,76,76,76,76,76,76,76,76,76,76,76,76,76,76,76,76,76,76,76,76,76],"card_choices":[{"not_picked":["theSenshi:LunaWiseMentor","theSenshi:TallSilhouette"],"picked":"theSenshi:SailorMarsAssists","floor":1},{"not_picked":["theSenshi:SchoolBag","theSenshi:SailorPlanetAttack"],"picked":"theSenshi:SailorVenusAssists","floor":3},{"not_picked":["theSenshi:MoonsReflection","theSenshi:TuxedoSmokingBomber"],"picked":"theSenshi:SailorNeptuneAssists","floor":5},{"not_picked":["theSenshi:SailorVenusAssists","theSenshi:MoonsReflection"],"picked":"theSenshi:SailorMercuryAssists","floor":7},{"not_picked":["theSenshi:MoonPower","theSenshi:SchoolBag"],"picked":"theSenshi:WarriorOfTheMoon","floor":10},{"not_picked":["theSenshi:Sidestep","theSenshi:SchoolBag"],"picked":"theSenshi:VenusGlamour","floor":11},{"not_picked":["theSenshi:LunaWiseMentor","theSenshi:SailorStarMakerAssists"],"picked":"theSenshi:SailorUranusAssists","floor":13},{"not_picked":["theSenshi:SailorMercuryAssists","theSenshi:EncouragingSpeech"],"picked":"theSenshi:MoonPrincessHalation","floor":14},{"not_picked":["theSenshi:SilverMoonCrystalPowerKiss","theSenshi:IWillPunishYou"],"picked":"theSenshi:SailorSaturnAssists","floor":16},{"not_picked":["theSenshi:Sidestep","theSenshi:SailorVenusAssists","theSenshi:SupersonicWaves"],"picked":"SKIP","floor":18},{"not_picked":["theSenshi:SailorMercuryAssists","theSenshi:SailorStarMakerAssists"],"picked":"theSenshi:SailorV","floor":21},{"not_picked":["theSenshi:LunasBite","theSenshi:TallSilhouette","theSenshi:MoonsReflection"],"picked":"SKIP","floor":23},{"not_picked":["theSenshi:MoonPrincessHalation","theSenshi:MarsPride+1"],"picked":"theSenshi:SailorPlanetAttack","floor":24},{"not_picked":["theSenshi:GatheringStrength","theSenshi:SailorV","theSenshi:SailorStarMakerAssists"],"picked":"SKIP","floor":25},{"not_picked":["theSenshi:PlutosSolemnity","theSenshi:NeptunesGrace"],"picked":"theSenshi:MoonlightKnight+1","floor":27},{"not_picked":["theSenshi:TallSilhouette","theSenshi:GatheringStrength"],"picked":"theSenshi:MarsPride","floor":30},{"not_picked":["theSenshi:TallSilhouette","theSenshi:StarlightHoneymoonTherapyKiss"],"picked":"theSenshi:SilverCrystal","floor":31},{"not_picked":["theSenshi:WarriorOfTheMoon","theSenshi:SailorPlutoAssists"],"picked":"theSenshi:InTheNameOfTheMoon","floor":33},{"not_picked":["theSenshi:SailorJupiterAssists","theSenshi:HesSoDreamy"],"picked":"theSenshi:MoonPunch","floor":35},{"not_picked":["theSenshi:SailorStarFighterAssists","theSenshi:SailorMarsAssists"],"picked":"theSenshi:MoonCosmicPowerMakeUp","floor":36},{"not_picked":["theSenshi:SupersonicWaves+1","theSenshi:MoonPunch","theSenshi:Sidestep"],"picked":"SKIP","floor":38}],"player_experience":3204450,"relics_obtained":[{"floor":7,"key":"WingedGreaves"},{"floor":10,"key":"Pen Nib"},{"floor":13,"key":"Darkstone Periapt"},{"floor":23,"key":"Potion Belt"},{"floor":26,"key":"CeramicFish"},{"floor":27,"key":"hexamod:CandleOfCauterizing"},{"floor":30,"key":"Calipers"},{"floor":31,"key":"Toy Ornithopter"}],"event_choices":[{"damage_healed":0,"gold_gain":0,"player_choice":"Lose Max HP","damage_taken":0,"relics_obtained":["Golden Idol"],"max_hp_gain":0,"max_hp_loss":6,"event_name":"Golden Idol","floor":2,"gold_loss":0},{"cards_removed":["theSenshi:SailorKick"],"damage_healed":0,"gold_gain":0,"player_choice":"Upgrade and Remove","damage_taken":0,"max_hp_gain":0,"max_hp_loss":0,"event_name":"Designer","floor":19,"gold_loss":90,"cards_upgraded":["theSenshi:SailorVenusAssists"]},{"damage_healed":0,"gold_gain":99,"player_choice":"Stole From Cult","damage_taken":0,"max_hp_gain":0,"max_hp_loss":0,"event_name":"Nest","floor":29,"gold_loss":0},{"cards_removed":["theSenshi:SailorKick"],"damage_healed":0,"gold_gain":0,"player_choice":"Offered Basic","damage_taken":0,"max_hp_gain":0,"max_hp_loss":0,"event_name":"Bonfire Elementals","floor":37,"gold_loss":0}],"is_beta":false,"boss_relics":[{"not_picked":["Empty Cage","Philosopher\u0027s Stone"],"picked":"sneckomod:SneckoTalon"},{"not_picked":["SacredBark","Runic Pyramid"],"picked":"Cursed Key"}],"items_purged_floors":[],"is_endless":false,"potions_floor_spawned":[1,3,14,18,25,27,35,38],"killed_by":"Jaw Worm Horde","ascension_level":12}}