{"host":"krw8blyxua7at9ak","time":1612606124,"event":{"mods":["BaseMod","Highlight Path","Minty Spire (QoL Compilation)","ojb\u0027s Info Mod"],"gold_per_floor":[209,359,434,72,154,184,202,232,244,272,284,48,48,73,73,73,73],"floor_reached":16,"language":"ENG","playtime":595,"items_purged":["Doubt"],"score":252,"play_id":"897514c4-0d3c-4519-ab28-69ab3b520c50","local_time":"20210206110844","is_ascension_mode":true,"campfire_choices":[{"data":"Dagger Spray","floor":15,"key":"SMITH"}],"circlet_count":0,"master_deck":["AscendersBane","Strike_G","Strike_G","Strike_G","Strike_G","Strike_G","Defend_G","Defend_G","Defend_G","Defend_G","Defend_G","Survivor","Neutralize","Dagger Throw","Endless Agony","Dagger Spray+1","Poisoned Stab","Escape Plan"],"relics":["Ring of the Snake","Meat on the Bone","Shuriken","Bronze Scales","MawBank","White Beast Statue","Akabeko","NlothsMask","Matryoshka"],"acts_visited":["Exordium"],"potions_floor_usage":[6,8,11],"damage_taken":[{"damage":0,"enemies":"2 Louse","floor":1,"turns":3},{"damage":26,"enemies":"Lagavulin","floor":6,"turns":8},{"damage":4,"enemies":"Jaw Worm","floor":7,"turns":4},{"damage":14,"enemies":"Gremlin Nob","floor":8,"turns":4},{"damage":9,"enemies":"Small Slimes","floor":10,"turns":4},{"damage":28,"enemies":"Lagavulin","floor":11,"turns":10},{"damage":2,"enemies":"3 Sentries","floor":14,"turns":3},{"damage":38,"enemies":"Hexaghost","floor":16,"turns":7}],"seed_played":"-5127311572587107180","potions_obtained":[{"floor":7,"key":"Block Potion"},{"floor":10,"key":"SmokeBomb"},{"floor":14,"key":"SpeedPotion"}],"is_trial":false,"path_per_floor":["M","?","?","$","T","E","M","E","T","M","E","$","?","E","R","B"],"character_chosen":"THE_SILENT","items_purchased":["Meat on the Bone","Endless Agony","Fire Potion","Akabeko"],"campfire_rested":0,"item_purchase_floors":[4,4,4,12],"current_hp_per_floor":[59,59,48,48,48,34,42,40,40,43,27,27,27,37,37,0,0],"gold":73,"neow_bonus":"HUNDRED_GOLD","is_daily":false,"chose_seed":false,"campfire_upgraded":1,"win_rate":0.0,"timestamp":1612606124,"path_taken":["M","?","?","$","?","E","M","E","T","M","E","$","?","E","R","BOSS"],"items_purchased_type":["Relic","Card","Potion","Relic"],"build_version":"2020-12-22","purchased_purges":1,"victory":false,"max_hp_per_floor":[66,66,66,66,66,66,66,66,66,66,66,66,66,66,66,66,66],"card_choices":[{"not_picked":["Setup","Backflip"],"picked":"Dagger Throw","floor":1},{"not_picked":["Quick Slash","Prepared"],"picked":"Dagger Spray","floor":6},{"not_picked":["Prepared","Caltrops"],"picked":"Poisoned Stab","floor":7},{"not_picked":["Catalyst","Dash","Outmaneuver"],"picked":"SKIP","floor":8},{"not_picked":["Masterful Stab","Prepared"],"picked":"Escape Plan","floor":10},{"not_picked":["Flying Knee","A Thousand Cuts","Prepared"],"picked":"SKIP","floor":14}],"player_experience":385278,"relics_obtained":[{"floor":5,"key":"Shuriken"},{"floor":6,"key":"Bronze Scales"},{"floor":8,"key":"MawBank"},{"floor":9,"key":"White Beast Statue"},{"floor":14,"key":"Matryoshka"}],"event_choices":[{"damage_healed":0,"gold_gain":150,"player_choice":"AGREE","damage_taken":0,"max_hp_gain":0,"max_hp_loss":0,"event_name":"Liars Game","floor":2,"gold_loss":0,"cards_obtained":["Doubt"]},{"damage_healed":0,"gold_gain":75,"player_choice":"Gather Gold","damage_taken":11,"max_hp_gain":0,"max_hp_loss":0,"event_name":"World of Goop","floor":3,"gold_loss":0},{"damage_healed":0,"gold_gain":0,"player_choice":"Trade","damage_taken":0,"relics_obtained":["NlothsMask"],"max_hp_gain":0,"max_hp_loss":0,"event_name":"FaceTrader","floor":13,"gold_loss":0}],"is_beta":false,"boss_relics":[],"items_purged_floors":[12],"is_endless":false,"potions_floor_spawned":[7,10,11,14],"killed_by":"Hexaghost","ascension_level":20}}