{"host":"fzjk61lpi4bwj033","time":1612641750,"event":{"mods":["BaseMod","Hermit","Jorbs\u0027s Wanderer Trilogy","Minty Spire (QoL Compilation)","Rare Cards Sparkle","Relic Stats","StSLib"],"gold_per_floor":[117,135,210,210,210,240,240,273,273,307,322,322,357,357,357,430,430,449,449,75,86,86,86,118,118,118],"floor_reached":25,"language":"ENG","playtime":728,"items_purged":[],"score":540,"play_id":"7700855a-8bf3-490e-9fb7-4d0887aa9c40","local_time":"20210206140230","is_ascension_mode":true,"campfire_choices":[{"data":"Bash","floor":7,"key":"SMITH"},{"data":"Clothesline","floor":12,"key":"SMITH"},{"data":"Rampage","floor":15,"key":"SMITH"},{"floor":23,"key":"REST"}],"circlet_count":0,"master_deck":["AscendersBane","Bash+1","Spot Weakness","Cleave","Rampage+1","Headbutt","Clothesline+1","Shrug It Off","Reaper","Pommel Strike","Clash","Corruption","Burning Pact","Bloodletting","Offering","Dark Embrace","Combust","PanicButton","Ghostly","Ghostly","Ghostly","Shockwave+1"],"relics":["Burning Blood","NeowsBlessing","Gremlin Horn","Regal Pillow","Pantograph","Singing Bowl","Happy Flower","Pandora\u0027s Box","Frozen Egg 2","Toxic Egg 2"],"acts_visited":["Exordium","TheCity"],"potions_floor_usage":[10,13],"damage_taken":[{"damage":0,"enemies":"Cultist","floor":1,"turns":1},{"damage":0,"enemies":"Jaw Worm","floor":2,"turns":1},{"damage":0,"enemies":"3 Sentries","floor":6,"turns":2},{"damage":25,"enemies":"Lagavulin","floor":8,"turns":7},{"damage":8,"enemies":"Gremlin Nob","floor":10,"turns":3},{"damage":14,"enemies":"Small Slimes","floor":11,"turns":2},{"damage":35,"enemies":"Lagavulin","floor":13,"turns":7},{"damage":39,"enemies":"Hexaghost","floor":16,"turns":9},{"damage":54,"enemies":"Shell Parasite","floor":18,"turns":5},{"damage":20,"enemies":"Spheric Guardian","floor":21,"turns":3},{"damage":40,"enemies":"Book of Stabbing","floor":24,"turns":6},{"damage":21,"enemies":"Snake Plant","floor":25,"turns":2}],"seed_played":"-944712675587481606","potions_obtained":[{"floor":6,"key":"ElixirPotion"},{"floor":8,"key":"PowerPotion"},{"floor":10,"key":"Weak Potion"},{"floor":13,"key":"FearPotion"}],"is_trial":false,"path_per_floor":["M","M","?","?","?","E","R","E","T","E","M","R","E","?","R","B",null,"M","?","$","M","?","R","E","M"],"character_chosen":"IRONCLAD","items_purchased":["PanicButton","Frozen Egg 2"],"campfire_rested":1,"item_purchase_floors":[20,20],"current_hp_per_floor":[74,75,64,69,69,75,75,56,56,54,46,46,19,19,19,11,64,28,28,28,16,16,43,19,0,0],"gold":118,"neow_bonus":"THREE_ENEMY_KILL","is_daily":false,"chose_seed":false,"campfire_upgraded":3,"win_rate":0.0,"timestamp":1612641750,"path_taken":["M","M","?","?","?","E","R","E","T","E","M","R","E","?","R","BOSS","M","?","$","M","?","R","E","M"],"items_purchased_type":["Card","Relic"],"build_version":"2020-12-22","purchased_purges":0,"victory":false,"max_hp_per_floor":[75,75,75,80,80,80,80,80,80,80,80,80,82,82,82,82,82,84,84,84,86,43,43,43,43,43],"relic_stats":{"Regal Pillow":15,"Gremlin Horn":[1,1],"Singing Bowl":6,"Happy Flower":[8],"counters":[12,48],"Pantograph":25,"Pandora\u0027s Box":["Pommel Strike","Clash","Corruption","Warcry","Burning Pact","Bloodletting","Offering","Dark Embrace","Combust"],"obtain_stats":[{"Regal Pillow":8,"NeowsBlessing":0,"Gremlin Horn":6,"Singing Bowl":10,"Happy Flower":13,"Pantograph":9,"Pandora\u0027s Box":17,"Frozen Egg 2":20,"Toxic Egg 2":24,"Burning Blood":0},{"Regal Pillow":4,"NeowsBlessing":0,"Gremlin Horn":3,"Singing Bowl":5,"Happy Flower":7,"Pantograph":4,"Pandora\u0027s Box":8,"Frozen Egg 2":9,"Toxic Egg 2":11,"Burning Blood":0},{"Regal Pillow":11,"NeowsBlessing":0,"Gremlin Horn":4,"Singing Bowl":14,"Happy Flower":23,"Pantograph":11,"Pandora\u0027s Box":32,"Frozen Egg 2":37,"Toxic Egg 2":46,"Burning Blood":0}],"Burning Blood":61},"card_choices":[{"not_picked":["Havoc","Cleave"],"picked":"Spot Weakness","floor":1},{"not_picked":["Flex","Dark Embrace"],"picked":"Cleave","floor":2},{"not_picked":["Brutality","Infernal Blade"],"picked":"Rampage","floor":6},{"not_picked":["Twin Strike","Reckless Charge"],"picked":"Headbutt","floor":8},{"not_picked":["Armaments","Havoc"],"picked":"Clothesline","floor":10},{"not_picked":["Twin Strike","Power Through"],"picked":"Shrug It Off","floor":11},{"not_picked":["Sever Soul","Juggernaut","Warcry"],"picked":"Singing Bowl","floor":13},{"not_picked":["Brutality","Fiend Fire"],"picked":"Reaper","floor":16},{"not_picked":["True Grit","Body Slam","Shrug It Off"],"picked":"Singing Bowl","floor":18},{"not_picked":["Battle Trance","Entrench","Dark Embrace+1"],"picked":"Singing Bowl","floor":21},{"not_picked":["Searing Blow","Sword Boomerang"],"picked":"Shockwave+1","floor":24}],"player_experience":788027,"relics_obtained":[{"floor":6,"key":"Gremlin Horn"},{"floor":8,"key":"Regal Pillow"},{"floor":9,"key":"Pantograph"},{"floor":10,"key":"Singing Bowl"},{"floor":13,"key":"Happy Flower"},{"floor":24,"key":"Toxic Egg 2"}],"event_choices":[{"damage_healed":0,"gold_gain":75,"player_choice":"Gather Gold","damage_taken":11,"max_hp_gain":0,"max_hp_loss":0,"event_name":"World of Goop","floor":3,"gold_loss":0},{"damage_healed":0,"gold_gain":0,"player_choice":"Donut","damage_taken":0,"max_hp_gain":5,"max_hp_loss":0,"event_name":"Big Fish","floor":4,"gold_loss":0},{"damage_healed":0,"gold_gain":0,"player_choice":"Ignored","damage_taken":0,"max_hp_gain":0,"max_hp_loss":0,"event_name":"Liars Game","floor":5,"gold_loss":0},{"damage_healed":0,"gold_gain":0,"player_choice":"Searched \u00270\u0027 times","damage_taken":0,"max_hp_gain":0,"max_hp_loss":0,"event_name":"Dead Adventurer","floor":14,"gold_loss":0},{"cards_removed":["Warcry"],"damage_healed":0,"gold_gain":0,"player_choice":"Elegance","damage_taken":0,"max_hp_gain":0,"max_hp_loss":0,"event_name":"Back to Basics","floor":19,"gold_loss":0},{"damage_healed":0,"gold_gain":0,"player_choice":"Became a Ghost","damage_taken":0,"max_hp_gain":0,"max_hp_loss":43,"event_name":"Ghosts","floor":22,"gold_loss":0,"cards_obtained":["Ghostly","Ghostly","Ghostly"]}],"is_beta":false,"boss_relics":[{"not_picked":["Calling Bell","SacredBark"],"picked":"Pandora\u0027s Box"}],"items_purged_floors":[],"is_endless":false,"potions_floor_spawned":[6,8,10,13,18],"killed_by":"Snake Plant","ascension_level":20}}