{"host":"rspt8ghchagqewrq","time":1612623274,"event":{"mods":["AchievementEnabler","BaseMod","Colored Map","Colored Powertips","Minty Spire (QoL Compilation)","Quick Restart"],"gold_per_floor":[111,111,129,148,158,158,188,188,266,282,282,343,373,150,150,255,255,241,0,10,24,37,37,66,66,66,78,78,78],"floor_reached":28,"language":"FRA","playtime":1289,"items_purged":[],"score":263,"play_id":"b56f9e12-63e3-4e42-9e24-d8b21456ce5f","local_time":"20210206155434","is_ascension_mode":true,"campfire_choices":[{"data":"Catalyst","floor":6.0,"key":"SMITH"},{"data":"Survivor","floor":11.0,"key":"SMITH"},{"floor":15.0,"key":"REST"},{"floor":23,"key":"REST"},{"floor":25,"key":"REST"}],"circlet_count":0,"master_deck":["Strike_G","Strike_G","Strike_G","Strike_G","Strike_G","Defend_G","Defend_G","Defend_G","Defend_G","Defend_G","Survivor+1","Neutralize+1","Flying Knee+1","Deflect","Endless Agony","Catalyst+1","Predator","Parasite","Distraction","Eviscerate","Noxious Fumes","After Image","CurseOfTheBell","Predator","Calculated Gamble+1","Sucker Punch","Deadly Poison","Quick Slash+1","Blade Dance+1"],"relics":["SlaversCollar","Bird Faced Urn","Shuriken","Whetstone","Snake Skull","Calling Bell","Anchor","The Courier","StoneCalendar","TheAbacus","Pen Nib","Meat on the Bone","Toy Ornithopter"],"acts_visited":["Exordium","TheCity"],"potions_floor_usage":[27],"damage_taken":[{"damage":2.0,"enemies":"Small Slimes","floor":1.0,"turns":5.0},{"damage":1.0,"enemies":"Jaw Worm","floor":3.0,"turns":5.0},{"damage":8.0,"enemies":"2 Louse","floor":4.0,"turns":3.0},{"damage":0.0,"enemies":"Blue Slaver","floor":5.0,"turns":5.0},{"damage":40.0,"enemies":"3 Sentries","floor":7.0,"turns":9.0},{"damage":6.0,"enemies":"Lots of Slimes","floor":10.0,"turns":5.0},{"damage":20.0,"enemies":"Gremlin Nob","floor":13.0,"turns":6.0},{"damage":17,"enemies":"Hexaghost","floor":16,"turns":9},{"damage":11,"enemies":"2 Thieves","floor":18,"turns":5},{"damage":9,"enemies":"Chosen","floor":20,"turns":7},{"damage":39,"enemies":"3 Cultists","floor":21,"turns":6},{"damage":27,"enemies":"Cultist and Chosen","floor":22,"turns":7},{"damage":26,"enemies":"Book of Stabbing","floor":24,"turns":6},{"damage":16,"enemies":"Centurion and Healer","floor":27,"turns":7},{"damage":37,"enemies":"Slavers","floor":28,"turns":4}],"seed_played":"667180753350312446","potions_obtained":[{"floor":3.0,"key":"Poison Potion"},{"floor":7.0,"key":"SpeedPotion"},{"floor":16,"key":"SpeedPotion"},{"floor":18,"key":"SmokeBomb"},{"floor":22,"key":"Strength Potion"}],"is_trial":false,"path_per_floor":["M","?","M","M","M","R","E","?","T","M","R","?","E","$","R","B",null,"M","$","M","M","M","R","E","R","T","M","E"],"character_chosen":"THE_SILENT","items_purchased":["Noxious Fumes","Snake Skull","TheAbacus","Pen Nib"],"campfire_rested":3,"item_purchase_floors":[14,14,19,19],"current_hp_per_floor":[68,73,72,64,64,64,24,42,42,36,36,36,16,16,38,23,75,64,64,59,24,1,23,1,23,23,26,0,0],"gold":78,"neow_bonus":"BOSS_RELIC","is_daily":false,"chose_seed":false,"campfire_upgraded":2,"win_rate":0.0,"timestamp":1612623274,"path_taken":["M","?","M","M","M","R","E","?","T","M","R","?","E","?","R","BOSS","M","$","M","?","M","R","E","R","T","M","E"],"items_purchased_type":["Card","Relic","Relic","Relic"],"build_version":"2020-12-22","purchased_purges":0,"victory":false,"max_hp_per_floor":[70,75,75,75,75,75,75,75,75,75,75,75,75,75,75,75,75,75,75,75,75,75,75,75,75,75,75,75,75],"card_choices":[{"not_picked":["Backflip","Outmaneuver"],"picked":"Flying Knee","floor":1.0},{"not_picked":["Dagger Throw","Underhanded Strike"],"picked":"Deflect","floor":3.0},{"not_picked":["Dodge and Roll","Skewer"],"picked":"Endless Agony","floor":4.0},{"not_picked":["Flying Knee","Cloak And Dagger"],"picked":"Catalyst","floor":5.0},{"not_picked":["Acrobatics","Doppelganger"],"picked":"Predator","floor":7.0},{"not_picked":["Setup","Underhanded Strike"],"picked":"Distraction","floor":10.0},{"not_picked":["Predator","Prepared"],"picked":"Eviscerate","floor":13.0},{"not_picked":["Glass Knife","Bullet Time"],"picked":"After Image","floor":16},{"not_picked":["Backflip+1","Calculated Gamble"],"picked":"Predator","floor":18},{"not_picked":["Backflip+1","Outmaneuver"],"picked":"Calculated Gamble+1","floor":20},{"not_picked":["Choke","Quick Slash"],"picked":"Sucker Punch","floor":21},{"not_picked":["Backflip+1","Expertise"],"picked":"Deadly Poison","floor":22},{"not_picked":["All Out Attack","Dash"],"picked":"Quick Slash+1","floor":24},{"not_picked":["Cloak And Dagger","Deflect"],"picked":"Blade Dance+1","floor":27}],"player_experience":82952,"relics_obtained":[{"floor":7.0,"key":"Bird Faced Urn"},{"floor":9.0,"key":"Shuriken"},{"floor":13.0,"key":"Whetstone"},{"floor":17,"key":"Anchor"},{"floor":17,"key":"The Courier"},{"floor":17,"key":"StoneCalendar"},{"floor":24,"key":"Meat on the Bone"},{"floor":26,"key":"Toy Ornithopter"}],"event_choices":[{"damage_healed":0.0,"max_hp_gain":5.0,"max_hp_loss":0.0,"gold_gain":0.0,"event_name":"Big Fish","player_choice":"Donut","floor":2.0,"gold_loss":0.0,"damage_taken":0.0},{"damage_healed":18.0,"max_hp_gain":0.0,"max_hp_loss":0.0,"gold_gain":0.0,"event_name":"Mushrooms","player_choice":"Healed and dodged fight","floor":8.0,"gold_loss":0.0,"damage_taken":0.0,"cards_obtained":["Parasite"]},{"damage_healed":0.0,"max_hp_gain":0.0,"max_hp_loss":0.0,"gold_gain":61.0,"event_name":"Golden Wing","player_choice":"Gained Gold","floor":12.0,"gold_loss":0.0,"damage_taken":0.0}],"is_beta":false,"boss_relics":[{"not_picked":["Empty Cage","Philosopher\u0027s Stone"],"picked":"Calling Bell"}],"items_purged_floors":[],"is_endless":false,"potions_floor_spawned":[3,7,16,18,22,24],"killed_by":"Slavers","ascension_level":1}}