{"host":"23qk1co0p3p8qz56","time":1612585192,"event":{"mods":["100% Spire Juice","AchievementEnabler","Act Like it!","Arknights","BaseMod","Better Note","Better Third Choice","BetterRewards","CapriCore","Chen","Colored Map","Downfall","Friendly Minions","Gensokyo","Gold Saver","KinomotoSakuraMod(木之本?)","Koishi","Lobotomy","LobotomyExtend","Marisa（霧雨　魔理沙）","Minty Spire (QoL Compilation)","Prisma Mod","Reimu（博??梦）","Remilia（蕾米莉?）","StSLib","The Alterego","The Animator","The Immortal","The Senshi","Waifu the Spire","Yakumo Yukari mod","Yohane!","Yuyuko"],"gold_per_floor":[605,624,162,87,101,111,111,61,86,103,121,131,116,116,132,228,228,178,128,139,150,135,146,160,209,159,177,190,201,151,151,168,178,178,178,178],"floor_reached":16,"language":"ENG","playtime":2033,"items_purged":[],"score":112,"play_id":"f9d17fd6-c01b-4e5b-a35e-98f5309bde7f","local_time":"20210205211952","is_ascension_mode":false,"campfire_choices":[{"data":"Slimebound:CorrosiveSpit","floor":1,"key":"SMITH"},{"data":"Slimebound:Split","floor":8,"key":"SMITH"},{"data":"Slimebound:Nibble","floor":18,"key":"SMITH"},{"data":"Slimebound:DouseInSlime","floor":1,"key":"SMITH"},{"data":"Slimebound:ProtectTheBoss","floor":8,"key":"SMITH"},{"data":"Slimebound:DuplicatedForm","floor":12,"key":"SMITH"}],"circlet_count":0,"master_deck":["Slimebound:Strike_Slimebound","Slimebound:Strike_Slimebound","Slimebound:Strike_Slimebound","Slimebound:Tackle","Slimebound:Defend_Slimebound","Slimebound:Defend_Slimebound","Slimebound:Defend_Slimebound","Slimebound:Defend_Slimebound","Slimebound:Split+1","Slimebound:CorrosiveSpit+1","Slimebound:RollThrough","Slimebound:GrowthPunch","Slimebound:SpikyOuterGoop","Slimebound:Nibble+1","Slimebound:Schlurp","Slimebound:Prepare","Slimebound:HauntingLick","Slimebound:DouseInSlime+1","Slimebound:Gluttony+1","Slimebound:RejuvenatingLick","Slimebound:LeechingTouch","Slimebound:LeechLife","Slimebound:SlimeBarrage","Slimebound:Replication","Slimebound:ProtectTheBoss+1","Slimebound:AcidTongue","Slimebound:DuplicatedForm+1","Slimebound:SlimeTap","Slimebound:Equalize"],"relics":["Slimebound:AbsorbEndCombat","Oddly Smooth Stone","Mercury Hourglass","Slimebound:GreedOozeRelic","theSenshi:FeatherClipsRelic","Odd Mushroom","Velvet Choker","LetterFromLob"],"acts_visited":["Exordium","TheCity"],"potions_floor_usage":[],"damage_taken":[{"damage":4,"enemies":"2 Louse","floor":2,"turns":3},{"damage":5,"enemies":"downfall:FleeingMerchant","floor":3,"turns":4},{"damage":6,"enemies":"Jaw Worm","floor":5,"turns":3},{"damage":0,"enemies":"Cultist","floor":6,"turns":3},{"damage":5,"enemies":"The Mushroom Lair","floor":9,"turns":4},{"damage":3,"enemies":"Blue Slaver","floor":10,"turns":4},{"damage":8,"enemies":"Exordium Thugs","floor":11,"turns":4},{"damage":0,"enemies":"2 Fungi Beasts","floor":12,"turns":3},{"damage":9,"enemies":"downfall:FleeingMerchant","floor":13,"turns":4},{"damage":9,"enemies":"Blue Slaver","floor":15,"turns":3},{"damage":8,"enemies":"SI_SHIV_ARCHETYPE","floor":16,"turns":5},{"damage":0,"enemies":"Cultist","floor":2,"turns":2},{"damage":1,"enemies":"2 Louse","floor":3,"turns":2},{"damage":11,"enemies":"downfall:FleeingMerchant","floor":4,"turns":4},{"damage":0,"enemies":"Small Slimes","floor":5,"turns":2},{"damage":10,"enemies":"Exordium Thugs","floor":6,"turns":3},{"damage":6,"enemies":"2 Fungi Beasts","floor":9,"turns":3},{"damage":14,"enemies":"Gremlin Gang","floor":10,"turns":3},{"damage":17,"enemies":"Exordium Thugs","floor":11,"turns":3},{"damage":19,"enemies":"Large Slime","floor":14,"turns":5},{"damage":16,"enemies":"Gremlin Gang","floor":15,"turns":2},{"damage":115,"enemies":"WA_ARCHETYPE_DIVINITY","floor":16,"turns":7}],"seed_played":"7387094900344333523","potions_obtained":[{"floor":6,"key":"Fire Potion"},{"floor":9,"key":"Dexterity Potion"},{"floor":10,"key":"FairyPotion"},{"floor":11,"key":"Weak Potion"},{"floor":3,"key":"EssenceOfSteel"},{"floor":9,"key":"Ancient Potion"}],"is_trial":false,"path_per_floor":["R","M","$","?","M","M","T","R","?","M","M","M","$","?","M","B",null,"R","M","R","M","M","$","M","M","T","R","M","M","M","R","M","M","M","B"],"character_chosen":"SLIMEBOUND","items_purchased":["Slimebound:SpikyOuterGoop","Oddly Smooth Stone","Mercury Hourglass"],"campfire_rested":0,"item_purchase_floors":[3,3,3],"current_hp_per_floor":[71,71,68,68,64,68,68,68,71,71,71,71,71,71,70,71,71,71,71,71,71,70,71,69,69,69,69,71,60,60,60,71,69,0,0,0],"gold":178,"neow_bonus":"TEN_PERCENT_HP_BONUS","is_daily":false,"chose_seed":false,"campfire_upgraded":6,"win_rate":0.0,"timestamp":1612585192,"path_taken":["R","M","$","?","M","M","T","R","?","M","M","M","$","?","M","BOSS","R","M","R","M","M","$","M","M","T","R","M","M","M","R","M","?","M","BOSS"],"items_purchased_type":["Card","Relic","Relic"],"build_version":"2020-12-22","purchased_purges":0,"victory":false,"max_hp_per_floor":[71,71,71,71,71,71,71,71,71,71,71,71,71,71,71,71,71,71,71,71,71,71,71,71,71,71,71,71,71,71,71,71,71,71,71,71],"card_choices":[{"not_picked":["Slimebound:SplitBruiser","Slimebound:GoopTackle"],"picked":"Slimebound:RollThrough","floor":2},{"not_picked":["Slimebound:LevelUp","Slimebound:LeechLife"],"picked":"Slimebound:GrowthPunch","floor":3},{"not_picked":["Slimebound:SpikyOuterGoop","Slimebound:Grow"],"picked":"Slimebound:Nibble","floor":5},{"not_picked":["Slimebound:PressTheAttack","Slimebound:GoopTackle"],"picked":"Slimebound:Schlurp","floor":6},{"not_picked":["Slimebound:ItLooksTasty","Slimebound:Schlurp"],"picked":"Slimebound:Prepare","floor":9},{"not_picked":["Slimebound:Chomp","Slimebound:DisruptingSlam"],"picked":"Slimebound:HauntingLick","floor":10},{"not_picked":["Slimebound:SlimeSpikes","Slimebound:ComboTackle"],"picked":"Slimebound:DouseInSlime","floor":11},{"not_picked":["Slimebound:Prepare","Slimebound:HauntingLick"],"picked":"Slimebound:Gluttony","floor":12},{"not_picked":["Slimebound:PressTheAttack","Slimebound:FinishingTackle"],"picked":"Slimebound:RejuvenatingLick","floor":13},{"not_picked":["Slimebound:LivingWall","Slimebound:Equalize"],"picked":"Slimebound:LeechingTouch","floor":15},{"not_picked":["Slimebound:WasteNot","Slimebound:MinionMaster"],"picked":"Slimebound:LeechLife","floor":16},{"not_picked":["Slimebound:SlimeSpikes","Slimebound:SplitBruiser","Slimebound:ComboTackle"],"picked":"SKIP","floor":2},{"not_picked":["Slimebound:HauntingLick","Slimebound:RejuvenatingLick"],"picked":"Slimebound:SlimeBarrage","floor":3},{"not_picked":["Slimebound:HauntingLick","Slimebound:ViciousTackle","Slimebound:GrowthPunch"],"picked":"SKIP","floor":4},{"not_picked":["Slimebound:SlimeSpikes","Slimebound:SplitLeeching"],"picked":"Slimebound:Replication","floor":5},{"not_picked":["Slimebound:SplitBruiser","Slimebound:RollThrough"],"picked":"Slimebound:ProtectTheBoss","floor":6},{"not_picked":["Slimebound:FormOfPuddle","Slimebound:SamplingLick"],"picked":"Slimebound:AcidTongue","floor":9},{"not_picked":["Slimebound:LevelUp","Slimebound:ItLooksTasty"],"picked":"Slimebound:DuplicatedForm","floor":10},{"not_picked":["Slimebound:ComboTackle","Slimebound:ItLooksTasty","Slimebound:Prepare"],"picked":"SKIP","floor":11},{"not_picked":["Slimebound:SpikyOuterGoop","Slimebound:Replication"],"picked":"Slimebound:SlimeTap","floor":14},{"not_picked":["Slimebound:Prepare","Slimebound:ItLooksTasty"],"picked":"Slimebound:Equalize","floor":15}],"player_experience":47746,"relics_obtained":[{"floor":2,"key":"LetterFromLob"},{"floor":7,"key":"theSenshi:FeatherClipsRelic"},{"floor":9,"key":"Odd Mushroom"},{"floor":2,"key":"LetterFromLob"}],"event_choices":[{"damage_healed":0,"gold_gain":0,"player_choice":"Fought Mushrooms","damage_taken":0,"max_hp_gain":0,"max_hp_loss":0,"event_name":"Mushrooms","floor":9,"gold_loss":0}],"is_beta":false,"boss_relics":[{"not_picked":["Cursed Key","Slimebound:TarBlob"],"picked":"Velvet Choker"}],"items_purged_floors":[],"is_endless":false,"potions_floor_spawned":[6,9,10,11,15,16,3,9,10,14,15],"killed_by":"WA_ARCHETYPE_DIVINITY","ascension_level":0}}