{"host":"0kk91h4bq4kgfj0u","time":1612578721,"event":{"mods":["BaseMod","Minty Spire (QoL Compilation)","StSLib"],"gold_per_floor":[127,150,176,155,155,155,196,215,269,269,289,324,349,375,375,489,489,512,539,562,562,477,477,9,45,45,45,68,68,68,68],"floor_reached":30,"language":"ENG","playtime":1307,"items_purged":[],"score":341,"play_id":"10397166-ec77-428c-b43e-6bb791e45bfd","local_time":"20210205213201","is_ascension_mode":true,"campfire_choices":[{"floor":6,"key":"REST"},{"floor":10,"key":"REST"},{"floor":15,"key":"REST"},{"floor":23,"key":"REST"},{"floor":27,"key":"REST"}],"circlet_count":0,"master_deck":["Strike_G","Strike_G","Strike_G","Strike_G","Strike_G","Defend_G","Defend_G","Defend_G","Defend_G","Defend_G","Survivor","Neutralize","Footwork","Deflect","Backflip","Terror","Cloak And Dagger","Quick Slash","Dagger Spray","Noxious Fumes","Bane","Backstab","After Image","Poisoned Stab+1","Deadly Poison","Reflex","Good Instincts","Outmaneuver","Noxious Fumes+1","Prepared"],"relics":["Ring of the Snake","CeramicFish","InkBottle","Smiling Mask","Lantern","HoveringKite","Shuriken","Sling","Toy Ornithopter","Akabeko","Gremlin Horn"],"acts_visited":["Exordium","TheCity"],"potions_floor_usage":[16,16,20,25,25,25],"damage_taken":[{"damage":4,"enemies":"Small Slimes","floor":1,"turns":4},{"damage":5,"enemies":"2 Louse","floor":2,"turns":4},{"damage":4,"enemies":"Jaw Worm","floor":3,"turns":6},{"damage":6,"enemies":"Looter","floor":4,"turns":4},{"damage":39,"enemies":"Lagavulin","floor":7,"turns":10},{"damage":7,"enemies":"Exordium Thugs","floor":8,"turns":6},{"damage":0,"enemies":"Exordium Wildlife","floor":11,"turns":5},{"damage":17,"enemies":"3 Sentries","floor":12,"turns":10},{"damage":1,"enemies":"2 Fungi Beasts","floor":13,"turns":3},{"damage":0,"enemies":"Looter","floor":14,"turns":3},{"damage":11,"enemies":"Hexaghost","floor":16,"turns":11},{"damage":4,"enemies":"Shell Parasite","floor":18,"turns":7},{"damage":22,"enemies":"2 Thieves","floor":19,"turns":5},{"damage":21,"enemies":"Chosen and Byrds","floor":20,"turns":7},{"damage":42,"enemies":"Gremlin Leader","floor":25,"turns":6},{"damage":18,"enemies":"3 Cultists","floor":28,"turns":6},{"damage":19,"enemies":"Centurion and Healer","floor":30,"turns":4}],"seed_played":"-8405405075305430281","potions_obtained":[{"floor":1,"key":"BlessingOfTheForge"},{"floor":2,"key":"Dexterity Potion"},{"floor":7,"key":"SneckoOil"},{"floor":16,"key":"Strength Potion"},{"floor":20,"key":"SpeedPotion"},{"floor":28,"key":"SteroidPotion"}],"is_trial":false,"path_per_floor":["M","M","M","M","?","R","E","M","T","R","M","E","M","M","R","B",null,"M","M","M","?","?","R","$","E","T","R","M","?","M"],"character_chosen":"THE_SILENT","items_purchased":["Sling","Toy Ornithopter","Good Instincts","AttackPotion","Outmaneuver"],"campfire_rested":5,"item_purchase_floors":[24,24,24,24,24],"current_hp_per_floor":[59,54,50,44,44,65,26,19,19,40,40,23,22,22,43,32,61,57,35,14,14,14,35,35,8,8,29,11,11,0,0],"gold":68,"neow_bonus":"RANDOM_COMMON_RELIC","is_daily":false,"chose_seed":false,"campfire_upgraded":0,"win_rate":0.0,"timestamp":1612578721,"path_taken":["M","M","M","M","?","R","E","M","T","R","M","E","M","M","R","BOSS","M","M","M","?","?","R","$","E","T","R","?","?","M"],"items_purchased_type":["Relic","Relic","Card","Potion","Card"],"build_version":"2020-12-22","purchased_purges":0,"victory":false,"max_hp_per_floor":[70,70,70,70,70,70,70,70,70,70,70,70,70,70,70,70,70,70,70,70,70,70,70,70,70,70,70,70,70,70,70],"card_choices":[{"not_picked":["Flechettes","Dodge and Roll"],"picked":"Footwork","floor":1},{"not_picked":["Outmaneuver","Dodge and Roll"],"picked":"Deflect","floor":2},{"not_picked":["Reflex","Acrobatics"],"picked":"Backflip","floor":3},{"not_picked":["Eviscerate","All Out Attack"],"picked":"Terror","floor":4},{"not_picked":["Calculated Gamble","Deflect"],"picked":"Cloak And Dagger","floor":7},{"not_picked":["Dagger Throw","Sucker Punch"],"picked":"Quick Slash","floor":8},{"not_picked":["Slice","Burst"],"picked":"Dagger Spray","floor":11},{"not_picked":["Quick Slash","Terror"],"picked":"Noxious Fumes","floor":12},{"not_picked":["Dagger Spray","Well Laid Plans"],"picked":"Bane","floor":13},{"not_picked":["Outmaneuver","Bouncing Flask"],"picked":"Backstab","floor":14},{"not_picked":["Glass Knife","Die Die Die"],"picked":"After Image","floor":16},{"not_picked":["Dagger Spray+1","Sucker Punch+1"],"picked":"Poisoned Stab+1","floor":18},{"not_picked":["PiercingWail","Dodge and Roll"],"picked":"Deadly Poison","floor":19},{"not_picked":["Outmaneuver+1","Quick Slash"],"picked":"Reflex","floor":20},{"not_picked":["Backflip","Heel Hook+1"],"picked":"Noxious Fumes+1","floor":25},{"not_picked":["Outmaneuver","Wraith Form v2"],"picked":"Prepared","floor":28}],"player_experience":852480,"relics_obtained":[{"floor":7,"key":"InkBottle"},{"floor":9,"key":"Smiling Mask"},{"floor":12,"key":"Lantern"},{"floor":25,"key":"Akabeko"},{"floor":26,"key":"Gremlin Horn"}],"event_choices":[{"damage_healed":0,"gold_gain":0,"player_choice":"Ignored","damage_taken":0,"max_hp_gain":0,"max_hp_loss":0,"event_name":"Golden Wing","floor":5,"gold_loss":0},{"damage_healed":0,"gold_gain":0,"player_choice":"Ignored","damage_taken":0,"max_hp_gain":0,"max_hp_loss":0,"event_name":"Vampires","floor":21,"gold_loss":0},{"damage_healed":0,"gold_gain":0,"player_choice":"Obtained Relic","damage_taken":0,"relics_obtained":["Shuriken"],"max_hp_gain":0,"max_hp_loss":0,"event_name":"Addict","floor":22,"gold_loss":85},{"damage_healed":0,"gold_gain":0,"player_choice":"Ignored","damage_taken":0,"max_hp_gain":0,"max_hp_loss":0,"event_name":"Ghosts","floor":29,"gold_loss":0}],"is_beta":false,"boss_relics":[{"not_picked":["Astrolabe","Philosopher\u0027s Stone"],"picked":"HoveringKite"}],"items_purged_floors":[],"is_endless":false,"potions_floor_spawned":[1,2,7,16,20,28],"killed_by":"Centurion and Healer","ascension_level":6}}