{"host":"ewns8ifhbubwkcum","time":1612594594,"event":{"mods":["BaseMod","Block Reminder","Colored Map","Colored Powertips","Downfall","Highlight Path","Minty Spire (QoL Compilation)","Permanent Neow","Quick Restart","Random Character Button","StSLib"],"gold_per_floor":[99,116,132,147,158,187,187,207,107,92,92,126,183,1,12,110,110,10,26,26,26,94,94,120,130,130,144,244,272,272,304,317,416,416,416,434,434,447,466,466,466,366,366,381,16,16,47,101,117,117,117,148,5,5,5,5],"floor_reached":57,"language":"ENG","playtime":4911,"items_purged":["Guardian:Strike_Guardian","Guardian:GemFinder+1"],"score":1477,"play_id":"f2ef6a75-86df-4366-9253-b1c02a118a72","local_time":"20210206005634","is_ascension_mode":true,"campfire_choices":[{"floor":1.0,"key":"RECALL"},{"data":"Guardian:CurlUp","floor":9.0,"key":"SMITH"},{"data":"Guardian:PiercingHide","floor":11.0,"key":"SMITH"},{"data":"Guardian:GemFinder","floor":18.0,"key":"SMITH"},{"floor":26,"key":"REST"},{"data":"Guardian:BaubleBeam","floor":30,"key":"SMITH"},{"data":"Guardian:ExploitGems","floor":43,"key":"SMITH"},{"data":"Guardian:Suspension","floor":46,"key":"SMITH"},{"floor":54,"key":"REST"}],"circlet_count":0,"master_deck":["Guardian:Strike_Guardian","Guardian:Strike_Guardian","Guardian:Strike_Guardian","Guardian:Defend_Guardian","Guardian:Defend_Guardian","Guardian:Defend_Guardian","Guardian:Defend_Guardian","Guardian:CurlUp+1","Guardian:TwinSlam","Guardian:PrimingBeam","Guardian:PiercingHide+1","Guardian:BronzeOrb","Guardian:Reroute","Guardian:ArmoredProtocol","Guardian:ChargeCore","Guardian:BaubleBeam+1","Guardian:ShieldCharger","Guardian:VentSteam+1","Guardian:Suspension+1","Guardian:TimeCapacitor","Guardian:PiercingHide","Guardian:FuturePlans","Guardian:VentSteam+1","Guardian:CrystalBeam+1","Guardian:Clone","Guardian:ExploitGems+1","Guardian:Reroute+1","Guardian:WalkerClaw+1","Guardian:ChargeUp+1","Guardian:BronzeOrb+1","Guardian:SpikerProtocol","Guardian:Harden","Guardian:Orbwalk","Guardian:Repulse","Guardian:ArmoredProtocol"],"relics":["Guardian:ModeShifter","Bag of Marbles","Boot","Juzu Bracelet","downfall:HeartBlessingRed","Mercury Hourglass","Bronze Scales","Membership Card","SlaversCollar","downfall:HeartBlessingGreen","Guardian:SackOfGems","Strange Spoon","Vajra","WingedGreaves","Bottled Flame","Molten Egg 2","Guardian:PickAxe","Runic Pyramid","downfall:HeartBlessingBlue","Bottled Lightning","Pantograph","Calipers","Ancient Tea Set","Bag of Preparation","Guardian:BottledStasis"],"acts_visited":["Exordium","TheCity","TheBeyond","TheEnding"],"potions_floor_usage":[22,29,38,47,55,56],"damage_taken":[{"damage":0.0,"enemies":"Cultist","floor":2.0,"turns":4.0},{"damage":0.0,"enemies":"2 Louse","floor":3.0,"turns":2.0},{"damage":7.0,"enemies":"Jaw Worm","floor":4.0,"turns":3.0},{"damage":0.0,"enemies":"2 Fungi Beasts","floor":5.0,"turns":2.0},{"damage":27.0,"enemies":"Gremlin Nob","floor":6.0,"turns":4.0},{"damage":0.0,"enemies":"3 Louse","floor":8.0,"turns":2.0},{"damage":0.0,"enemies":"downfall:FleeingMerchant","floor":10.0,"turns":4.0},{"damage":10.0,"enemies":"Lagavulin","floor":12.0,"turns":6.0},{"damage":0.0,"enemies":"Gremlin Nob","floor":13.0,"turns":3.0},{"damage":1.0,"enemies":"downfall:FleeingMerchant","floor":14.0,"turns":4.0},{"damage":0.0,"enemies":"Exordium Thugs","floor":15.0,"turns":3.0},{"damage":2.0,"enemies":"DF_ARCHETYPE_STREAMLINE","floor":16.0,"turns":9.0},{"damage":0.0,"enemies":"Shell Parasite","floor":19.0,"turns":3.0},{"damage":5,"enemies":"downfall:FleeingMerchant","floor":22,"turns":3},{"damage":28,"enemies":"3 Byrds","floor":25,"turns":3},{"damage":8,"enemies":"Snake Plant","floor":27,"turns":2},{"damage":12,"enemies":"IC_STATUS_ARCHETYPE","floor":28,"turns":3},{"damage":4,"enemies":"Gremlin Leader","floor":29,"turns":5},{"damage":4,"enemies":"Slavers","floor":31,"turns":4},{"damage":13,"enemies":"Centurion and Healer","floor":32,"turns":5},{"damage":0,"enemies":"WA_ARCHETYPE_CALM","floor":33,"turns":8},{"damage":4,"enemies":"Orb Walker","floor":36,"turns":3},{"damage":2,"enemies":"3 Shapes","floor":38,"turns":4},{"damage":11,"enemies":"Sphere and 2 Shapes","floor":39,"turns":4},{"damage":0,"enemies":"Transient","floor":44,"turns":5},{"damage":0,"enemies":"Reptomancer","floor":47,"turns":5},{"damage":28,"enemies":"3 Darklings","floor":49,"turns":3},{"damage":31,"enemies":"IC_BLOCK_ARCHETYPE","floor":50,"turns":7},{"damage":78,"enemies":"downfall:CharBossMerchant","floor":52,"turns":9},{"damage":0,"enemies":"downfall:NeowBoss","floor":55,"turns":12},{"damage":8,"enemies":"downfall:NeowBossFinal","floor":56,"turns":8}],"seed_played":"4395919397302552646","potions_obtained":[{"floor":2.0,"key":"Swift Potion"},{"floor":3.0,"key":"Guardian:BlockOnCardUsePotion"},{"floor":4.0,"key":"SneckoOil"},{"floor":13.0,"key":"SpeedPotion"},{"floor":15.0,"key":"Weak Potion"},{"floor":16.0,"key":"SteroidPotion"},{"floor":20.0,"key":"CultistPotion"},{"floor":28,"key":"Swift Potion"},{"floor":29,"key":"Energy Potion"},{"floor":31,"key":"Weak Potion"},{"floor":44,"key":"CultistPotion"}],"is_trial":false,"path_per_floor":["R","M","M","M","M","E","T","M","R","$","R","E","?","$","M","B",null,"R","M","?","?","$","?","T","M","R","M","?","E","R","E","M","B",null,"R","M","?","M","M","R","T","R","R","M","$","R","E","?","M","B",null,"E","$","R","B","B",null],"character_chosen":"GUARDIAN","items_purchased":["Membership Card","Guardian:ShieldCharger","Guardian:SackOfGems","Strange Spoon","Guardian:TimeCapacitor","Bottled Lightning","Pantograph","Guardian:BronzeOrb+1","Guardian:SpikerProtocol","Guardian:BottledStasis","Guardian:ArmoredProtocol"],"campfire_rested":2,"item_purchase_floors":[14,14,22,22,22,45,45,45,45,53,53],"current_hp_per_floor":[80,80,80,73,73,46,46,46,46,46,46,36,36,35,35,33,80,80,80,80,80,75,75,75,47,71,63,51,47,47,43,30,30,80,80,76,76,74,63,63,63,73,73,73,73,73,73,73,45,39,90,12,12,39,64,81],"gold":5,"neow_bonus":"RANDOM_COMMON_RELIC","is_daily":false,"chose_seed":false,"campfire_upgraded":6,"win_rate":0.0,"timestamp":1612594594,"path_taken":["R","M","M","?","M","E","T","M","R","$","R","E","?","?","M","BOSS","R","M","?","?","$","?","T","M","R","M","?","E","R","E","M","BOSS","R","M","?","M","M","R","T","R","R","M","?","R","E","?","M","BOSS","E","$","R","BOSS","BOSS"],"items_purchased_type":["Relic","Card","Relic","Relic","Card","Relic","Relic","Card","Card","Relic","Card"],"build_version":"2020-12-22","purchased_purges":2,"victory":true,"max_hp_per_floor":[80,80,80,80,80,80,80,80,80,80,80,80,80,80,80,80,80,80,80,80,80,80,80,80,80,80,80,80,80,80,80,80,80,80,80,80,80,80,80,80,80,90,90,90,90,90,90,90,90,90,90,90,90,90,90,90],"card_choices":[{"not_picked":["Guardian:EvasiveProtocol","Guardian:Gem_White"],"picked":"Guardian:PrimingBeam","floor":2.0},{"not_picked":["Guardian:Gem_Purple","Guardian:Incinerate"],"picked":"Guardian:Gem_Fragmented","floor":3.0},{"not_picked":["Guardian:TimeBomb","Guardian:Gem_Red"],"picked":"Guardian:PiercingHide","floor":4.0},{"not_picked":["Guardian:TemporalStrike","Guardian:PiercingHide"],"picked":"Guardian:BronzeOrb","floor":5.0},{"not_picked":["Guardian:ChargeUp","Guardian:TimeCapacitor"],"picked":"Guardian:Reroute","floor":6.0},{"not_picked":["Guardian:ChargeCore","Guardian:VentSteam"],"picked":"Guardian:Gem_Blue","floor":8.0},{"not_picked":["Guardian:GuardianWhirl","Guardian:Reroute"],"picked":"Guardian:Gem_Lightblue","floor":10.0},{"not_picked":["Guardian:Incinerate","Guardian:TimeCapacitor"],"picked":"Guardian:ArmoredProtocol","floor":12.0},{"not_picked":["Guardian:FuturePlans","Guardian:ShieldCharger"],"picked":"Guardian:ChargeCore","floor":13.0},{"not_picked":["Guardian:PrimingBeam","Guardian:Reroute"],"picked":"Guardian:BaubleBeam","floor":14.0},{"not_picked":["Guardian:Suspension","Guardian:BodySlam"],"picked":"Guardian:Gem_Red","floor":15.0},{"not_picked":["Guardian:ConstructionForm","Guardian:ExploitGems"],"picked":"Guardian:GemFinder","floor":16.0},{"not_picked":["Guardian:TemporalStrike","Guardian:RollAttack"],"picked":"Guardian:VentSteam+1","floor":19.0},{"not_picked":["Guardian:VentSteam","Guardian:Reroute"],"picked":"Guardian:Suspension","floor":22},{"not_picked":["Guardian:Gem_Green","Guardian:Gem_Lightblue"],"picked":"Guardian:Gem_Cyan","floor":22},{"not_picked":["Guardian:BronzeOrb","Guardian:Gem_Fragmented","Guardian:DonusPower"],"picked":"SKIP","floor":25},{"not_picked":["Guardian:WalkerClaw","Guardian:Gem_Crimson"],"picked":"Guardian:PiercingHide","floor":27},{"not_picked":["Guardian:Gem_Red","Guardian:Gem_Lightblue"],"picked":"Guardian:Gem_Green","floor":28},{"not_picked":["Guardian:SpikerProtocol+1","Guardian:Gem_Purple"],"picked":"Guardian:FuturePlans","floor":28},{"not_picked":["Guardian:VentSteam+1","Guardian:Repulse","Guardian:MultiBeam+1"],"picked":"SKIP","floor":29},{"not_picked":["Guardian:Gem_Lightblue","Guardian:Gem_Green"],"picked":"Guardian:Gem_Cyan","floor":29},{"not_picked":["Guardian:Repulse","Guardian:MultiBeam+1"],"picked":"Guardian:VentSteam+1","floor":29},{"not_picked":["Guardian:ChargeCore+1","Guardian:HyperBeam_Guardian+1"],"picked":"Guardian:CrystalBeam+1","floor":31},{"not_picked":["Guardian:ChargeCore+1","Guardian:PrismaticBarrier"],"picked":"Guardian:Clone","floor":32},{"not_picked":["Guardian:ConstructionForm","Guardian:FastForward"],"picked":"Guardian:ExploitGems","floor":33},{"not_picked":["Guardian:PiercingHide+1","Guardian:DecasProtection"],"picked":"Guardian:Reroute+1","floor":36},{"not_picked":["Guardian:BronzeOrb+1","Guardian:ChargeCore+1"],"picked":"Guardian:WalkerClaw+1","floor":38},{"not_picked":["Guardian:Gem_Lightblue","Guardian:Gem_Cyan"],"picked":"Guardian:Gem_Red","floor":38},{"not_picked":["Guardian:PrismaticBarrier","Guardian:VentSteam","Guardian:BronzeOrb+1"],"picked":"SKIP","floor":39},{"not_picked":["Guardian:PrismaticBarrier","Guardian:VentSteam","Guardian:BronzeOrb+1"],"picked":"SKIP","floor":39},{"not_picked":["Guardian:Gem_Cyan","Guardian:Recover"],"picked":"Guardian:ChargeUp+1","floor":44},{"not_picked":["Guardian:VentSteam+1","Guardian:EvasiveProtocol"],"picked":"Guardian:Harden","floor":47},{"not_picked":["Guardian:TimeCapacitor+1","Guardian:Gem_Crimson"],"picked":"Guardian:Orbwalk","floor":49},{"not_picked":["Guardian:Gem_Lightblue","Guardian:Gem_Fragmented"],"picked":"Guardian:Repulse","floor":52}],"player_experience":1101799,"relics_obtained":[{"floor":6.0,"key":"Boot"},{"floor":7.0,"key":"Juzu Bracelet"},{"floor":12.0,"key":"Mercury Hourglass"},{"floor":13.0,"key":"Bronze Scales"},{"floor":24,"key":"Vajra"},{"floor":28,"key":"WingedGreaves"},{"floor":28,"key":"Bottled Flame"},{"floor":29,"key":"Molten Egg 2"},{"floor":31,"key":"Guardian:PickAxe"},{"floor":47,"key":"Calipers"},{"floor":48,"key":"Ancient Tea Set"},{"floor":52,"key":"Bag of Preparation"}],"event_choices":[],"is_beta":false,"boss_relics":[{"not_picked":["expansioncontent:StudyCardRelic","Empty Cage"],"picked":"SlaversCollar"},{"not_picked":["Snecko Eye","Guardian:ModeShifterPlus"],"picked":"Runic Pyramid"}],"items_purged_floors":[45,53],"is_endless":false,"potions_floor_spawned":[2,3,4,13,15,16,28,29,31,44],"ascension_level":3}}