{"host":"bvp2uifzy1c463d9","time":1612642941,"event":{"mods":["AchievementEnabler","BaseMod","Block Reminder","ChefMod","Colored Map","Colored Powertips","Hermit","Highlight Path","Infinite Spire","Minty Spire (QoL Compilation)","Random Character Button","Relic Sorter","Relic Stats","Reliquary","Replay The Spire","StSLib","The Jungle","The Servant 0.9.4"],"gold_per_floor":[118,138,153,164,43,43,43,43,70,85,98,133,150,165,165,270,270,284,295,96,96,109,109,109],"floor_reached":23,"language":"ENG","playtime":1616,"items_purged":["chefmod:Strike"],"score":197,"play_id":"25bf4886-14b6-4343-9a39-27a468b4bdf7","local_time":"20210206142221","is_ascension_mode":false,"campfire_choices":[{"data":"chefmod:FreezeSolid","floor":6.0,"key":"SMITH"},{"floor":15.0,"key":"DIG"}],"circlet_count":0,"master_deck":["chefmod:Strike","chefmod:Strike","chefmod:Strike","chefmod:QuickThaw+1","chefmod:Defend","chefmod:Defend","chefmod:Defend","chefmod:Defend","chefmod:TodaysSpecial","chefmod:FryPan","chefmod:CleanHouse","chefmod:ColdSteel","chefmod:Chop","chefmod:FreezeSolid+1","chefmod:IcePick","chefmod:IcePick","chefmod:Julienne","chefmod:Granita","chefmod:DeepFreeze","chefmod:Sorbet","chefmod:Leftovers","chefmod:Sorbet","chefmod:Chop"],"relics":["chefmod:TrustyPot","Ring of Panic","Ring of Searing","Replay:Wax Seal","Boot","Shovel","Torii","infinitespire:Cupcake"],"acts_visited":["Exordium","theJungle:Jungle"],"potions_floor_usage":[23,23],"damage_taken":[{"damage":0.0,"enemies":"Small Slimes","floor":1.0,"turns":2.0},{"damage":0.0,"enemies":"2 Louse","floor":2.0,"turns":2.0},{"damage":0.0,"enemies":"Cultist","floor":3.0,"turns":4.0},{"damage":0.0,"enemies":"Large Slime","floor":4.0,"turns":6.0},{"damage":15.0,"enemies":"Exordium Wildlife","floor":10.0,"turns":4.0},{"damage":5.0,"enemies":"3 Louse","floor":11.0,"turns":4.0},{"damage":16.0,"enemies":"Gremlin Nob","floor":12.0,"turns":4.0},{"damage":5.0,"enemies":"2 Fungi Beasts","floor":13.0,"turns":3.0},{"damage":0.0,"enemies":"Looter","floor":14.0,"turns":2.0},{"damage":16.0,"enemies":"Slime Boss","floor":16.0,"turns":10.0},{"damage":25,"enemies":"Shell Parasite","floor":18,"turns":4},{"damage":17,"enemies":"theJungle:GiantWrat","floor":19,"turns":6},{"damage":25,"enemies":"theJungle:Lyon","floor":22,"turns":6},{"damage":62,"enemies":"theJungle:MamaSnecko","floor":23,"turns":6}],"seed_played":"8973020596097326290","potions_obtained":[{"floor":1.0,"key":"DuplicationPotion"},{"floor":2.0,"key":"Weak Potion"},{"floor":11.0,"key":"SkillPotion"},{"floor":12.0,"key":"Dexterity Potion"}],"is_trial":false,"path_per_floor":["M","M","M","M","$","R","?","?","T","M","M","E","M","M","R","B",null,"M","M","$","?","M","E"],"character_chosen":"THE_CHEF","items_purchased":["chefmod:FreezeSolid","chefmod:IcePick","chefmod:Leftovers","chefmod:Sorbet"],"campfire_rested":0,"item_purchase_floors":[5,5,20,20],"current_hp_per_floor":[76,76,76,76,76,76,76,73,73,58,53,37,32,32,32,16,76,51,34,34,86,61,0,0],"gold":109,"neow_bonus":"UPGRADE_CARD","is_daily":false,"chose_seed":false,"campfire_upgraded":1,"win_rate":0.0,"timestamp":1612642941,"path_taken":["M","M","M","M","$","R","?","?","T","M","M","E","M","M","R","BOSS","M","M","$","?","M","E"],"items_purchased_type":["Card","Card","Card","Card"],"build_version":"2020-12-22","purchased_purges":1,"victory":false,"max_hp_per_floor":[76,76,76,76,76,76,76,76,76,76,76,76,76,76,76,76,76,76,76,76,86,86,86,86],"relic_stats":{"Shovel":1,"Torii":12,"counters":[14,63],"Boot":[48],"obtain_stats":[{"chefmod:TrustyPot":0,"Shovel":12,"Torii":15,"Ring of Panic":7,"Replay:Wax Seal":8,"Boot":9,"Ring of Searing":7,"infinitespire:Cupcake":17},{"chefmod:TrustyPot":0,"Shovel":7,"Torii":9,"Ring of Panic":4,"Replay:Wax Seal":4,"Boot":4,"Ring of Searing":4,"infinitespire:Cupcake":10},{"chefmod:TrustyPot":0,"Shovel":26,"Torii":31,"Ring of Panic":14,"Replay:Wax Seal":14,"Boot":14,"Ring of Searing":14,"infinitespire:Cupcake":41}]},"card_choices":[{"not_picked":["chefmod:DinoKale","chefmod:BaoBuns"],"picked":"chefmod:FryPan","floor":1.0},{"not_picked":["chefmod:DinoKale","chefmod:FryPan"],"picked":"chefmod:CleanHouse","floor":2.0},{"not_picked":["chefmod:QuickChop","chefmod:TastyDistraction"],"picked":"chefmod:ColdSteel","floor":3.0},{"not_picked":["chefmod:BaoBuns","chefmod:Granita"],"picked":"chefmod:Chop","floor":4.0},{"not_picked":["chefmod:FreshProduce","chefmod:FireUp"],"picked":"chefmod:IcePick","floor":10.0},{"not_picked":["chefmod:DinoKale","chefmod:MonsterBait"],"picked":"chefmod:Julienne","floor":11.0},{"not_picked":["chefmod:Flambe","chefmod:SliceAndDice","chefmod:FireUp"],"picked":"SKIP","floor":12.0},{"not_picked":["chefmod:FryPan","chefmod:DoubleChop"],"picked":"chefmod:RisingDough","floor":13.0},{"not_picked":["chefmod:FryPan","chefmod:ZaruSoba"],"picked":"chefmod:Granita","floor":14.0},{"not_picked":["chefmod:PrepCook","chefmod:Mince"],"picked":"chefmod:DeepFreeze","floor":16.0},{"not_picked":["chefmod:FryPan","chefmod:MonsterBait+1","chefmod:DinoKale"],"picked":"SKIP","floor":18},{"not_picked":["chefmod:Defrost","chefmod:FryPan"],"picked":"chefmod:Sorbet","floor":19},{"not_picked":["chefmod:OldCookbook","chefmod:Sorbet"],"picked":"chefmod:Chop","floor":22}],"player_experience":262655,"relics_obtained":[{"floor":7.0,"key":"Ring of Panic"},{"floor":7.0,"key":"Ring of Searing"},{"floor":9.0,"key":"Boot"},{"floor":12.0,"key":"Shovel"},{"floor":15.0,"key":"Torii"}],"event_choices":[{"damage_healed":0.0,"max_hp_gain":0.0,"max_hp_loss":0.0,"gold_gain":0.0,"event_name":"Scrap Ooze","player_choice":"Success","floor":8.0,"gold_loss":0.0,"damage_taken":3.0,"relics_obtained":["Replay:Wax Seal"]},{"cards_removed":["chefmod:RisingDough"],"damage_healed":42,"gold_gain":0,"player_choice":"Offered Rare","damage_taken":0,"max_hp_gain":10,"max_hp_loss":0,"event_name":"Bonfire Elementals","floor":21,"gold_loss":0}],"is_beta":false,"boss_relics":[{"not_picked":["Replay:Bronze Core","SlaversCollar"],"picked":"infinitespire:Cupcake"}],"items_purged_floors":[20],"is_endless":false,"potions_floor_spawned":[1,2,11,12,13,18,19],"killed_by":"theJungle:MamaSnecko","ascension_level":0}}