{"host":"opg65mucj6ra7dr1","time":1612619826,"event":{"mods":["BaseMod","DeckTracker","Keyboard Shortcuts","Minty Spire (QoL Compilation)","Permanent Neow","Quick Restart","everything is the same but u backflip on backflip"],"gold_per_floor":[119,132,60,80,180,205,205,237,237,237,237],"floor_reached":10,"language":"KOR","playtime":222,"items_purged":[],"score":91,"play_id":"171cb3d6-d1ea-40f5-ac37-65c0b1b32283","local_time":"20210206225706","is_ascension_mode":true,"campfire_choices":[{"floor":7,"key":"REST"}],"circlet_count":0,"master_deck":["Strike_B","Strike_B","Strike_B","Strike_B","Defend_B","Defend_B","Defend_B","Defend_B","Zap","Dualcast","Creative AI","Genetic Algorithm","Defragment","Loop","Hologram","Reinforced Body","Conserve Battery"],"relics":["Cracked Core","StrikeDummy","Blood Vial","Cables"],"acts_visited":["Exordium"],"potions_floor_usage":[8],"damage_taken":[{"damage":1,"enemies":"Cultist","floor":1,"turns":4},{"damage":11,"enemies":"Jaw Worm","floor":2,"turns":7},{"damage":8,"enemies":"2 Louse","floor":4,"turns":2},{"damage":40,"enemies":"Gremlin Nob","floor":6,"turns":5},{"damage":24,"enemies":"3 Sentries","floor":8,"turns":7},{"damage":11,"enemies":"Gremlin Nob","floor":10,"turns":3}],"seed_played":"-1151308695379231596","potions_obtained":[{"floor":6,"key":"BlessingOfTheForge"},{"floor":8,"key":"PotionOfCapacity"}],"is_trial":false,"path_per_floor":["M","M","$","M","?","E","R","E","T","E"],"character_chosen":"DEFECT","items_purchased":["Loop"],"campfire_rested":1,"item_purchase_floors":[3],"current_hp_per_floor":[74,63,63,55,55,15,37,13,13,4,4],"gold":237,"neow_bonus":"ONE_RANDOM_RARE_CARD","is_daily":false,"chose_seed":false,"campfire_upgraded":0,"win_rate":0.0,"timestamp":1612619826,"path_taken":["M","M","$","?","?","E","R","E","T","E"],"items_purchased_type":["Card"],"build_version":"2020-12-22","purchased_purges":0,"victory":false,"max_hp_per_floor":[75,75,75,75,75,75,75,75,75,75,75],"card_choices":[{"not_picked":["Beam Cell","Darkness"],"picked":"Genetic Algorithm","floor":1},{"not_picked":["White Noise","Gash"],"picked":"Defragment","floor":2},{"not_picked":["Doom and Gloom","Conserve Battery"],"picked":"Hologram","floor":4},{"not_picked":["Ball Lightning","Darkness"],"picked":"Reinforced Body","floor":6},{"not_picked":["Gash","Streamline"],"picked":"Conserve Battery","floor":8}],"player_experience":171469,"relics_obtained":[{"floor":6,"key":"StrikeDummy"},{"floor":8,"key":"Blood Vial"},{"floor":9,"key":"Cables"}],"event_choices":[{"damage_healed":0,"gold_gain":100,"player_choice":"Pray","damage_taken":0,"max_hp_gain":0,"max_hp_loss":0,"event_name":"Golden Shrine","floor":5,"gold_loss":0}],"is_beta":false,"boss_relics":[],"items_purged_floors":[],"is_endless":false,"potions_floor_spawned":[6,8],"killed_by":"Gremlin Nob","ascension_level":4}}