{"host":"tiae438045px9krq","time":1612654777,"event":{"mods":["BaseMod","Minty Spire (QoL Compilation)","StSLib","The Jungle","The Marked"],"gold_per_floor":[109,127,127,138,138,138,149,149,149,149,180,180,194,225,225,325,325,336,350,350,361,109,144,157,157,157,10,338,351,362,378,378,477,477,491,491,503,554,554,554,583,583,608,621,632,642,655,682,682,682],"floor_reached":51,"language":"ENG","playtime":3876,"items_purged":[],"score":731,"play_id":"39a0188e-3d34-4e14-b6f0-0ad7bc572d91","local_time":"20210206233937","is_ascension_mode":false,"campfire_choices":[{"data":"theMarked:Seal","floor":6.0,"key":"SMITH"},{"data":"theMarked:SoldierOfQuellstein","floor":10.0,"key":"SMITH"},{"floor":12.0,"key":"REST"},{"floor":15.0,"key":"REST"},{"floor":25.0,"key":"REST"},{"floor":32.0,"key":"REST"},{"floor":40.0,"key":"REST"},{"floor":42.0,"key":"REST"},{"floor":49,"key":"REST"}],"circlet_count":0,"master_deck":["theMarked:Strike","theMarked:Strike","theMarked:Strike","theMarked:Strike","theMarked:Defend","theMarked:Defend","theMarked:Defend","theMarked:Defend","theMarked:SoldierOfQuellstein+1","theMarked:BanishingStrike","theMarked:SwordAndMagic","theMarked:Seal+1","theMarked:BanishingStrike","theMarked:Panic","theMarked:Generate","theMarked:Frustration","theMarked:Challenge","theMarked:Polarize","theMarked:Memento+1","theMarked:WardOff","theMarked:Overcharge","theMarked:ChannelForce","theMarked:Opportunist+1","theMarked:Abjuration+1","theMarked:Vacuum+1","Writhe","theMarked:Memento","theMarked:BanishingWave+1","theMarked:Overcharge","theMarked:Memento+1"],"relics":["theMarked:BronzeBlade","NeowsBlessing","Ornamental Fan","Bird Faced Urn","theMarked:VonisonLock","Peace Pipe","Black Star","Molten Egg 2","Frozen Egg 2","Dream Catcher","Dead Branch","theMarked:DemonDagger","PreservedInsect","Old Coin","Prayer Wheel","Vajra","Boot","Ancient Tea Set"],"acts_visited":["Exordium","theJungle:Jungle","TheBeyond"],"potions_floor_usage":[50,50,50,50,50],"damage_taken":[{"damage":0.0,"enemies":"Jaw Worm","floor":1.0,"turns":1.0},{"damage":0.0,"enemies":"Cultist","floor":2.0,"turns":1.0},{"damage":0.0,"enemies":"2 Louse","floor":4.0,"turns":1.0},{"damage":7.0,"enemies":"Blue Slaver","floor":7.0,"turns":4.0},{"damage":17.0,"enemies":"Lagavulin","floor":11.0,"turns":4.0},{"damage":5.0,"enemies":"Exordium Thugs","floor":13.0,"turns":3.0},{"damage":41.0,"enemies":"3 Sentries","floor":14.0,"turns":9.0},{"damage":33.0,"enemies":"The Guardian","floor":16.0,"turns":10.0},{"damage":8.0,"enemies":"theJungle:5_Spyders","floor":18.0,"turns":6.0},{"damage":18.0,"enemies":"theJungle:MUSHROOMGANG","floor":19.0,"turns":5.0},{"damage":22.0,"enemies":"theJungle:2_Flameangoes","floor":21.0,"turns":6.0},{"damage":11.0,"enemies":"theJungle:Cassacara","floor":23.0,"turns":8.0},{"damage":8.0,"enemies":"theJungle:Lyon","floor":24.0,"turns":3.0},{"damage":0.0,"enemies":"theJungle:2_Phrogs","floor":28.0,"turns":3.0},{"damage":18.0,"enemies":"theJungle:JungleHuntersEncounter","floor":29.0,"turns":6.0},{"damage":14.0,"enemies":"theJungle:Snecko_Cultist_And_Trap","floor":30.0,"turns":8.0},{"damage":0.0,"enemies":"theJungle:SlimyTreeVines","floor":31.0,"turns":2.0},{"damage":22.0,"enemies":"theJungle:QueenSpyder","floor":33.0,"turns":14.0},{"damage":23.0,"enemies":"3 Shapes","floor":35.0,"turns":4.0},{"damage":13.0,"enemies":"3 Darklings","floor":37.0,"turns":4.0},{"damage":34.0,"enemies":"2 Orb Walkers","floor":38.0,"turns":4.0},{"damage":6.0,"enemies":"Giant Head","floor":41.0,"turns":3.0},{"damage":0,"enemies":"4 Shapes","floor":44,"turns":4},{"damage":14,"enemies":"Jaw Worm Horde","floor":45,"turns":2},{"damage":25,"enemies":"Sphere and 2 Shapes","floor":46,"turns":5},{"damage":16,"enemies":"Spire Growth","floor":47,"turns":3},{"damage":35,"enemies":"Donu and Deca","floor":50,"turns":8}],"seed_played":"2339769286028371089","potions_obtained":[{"floor":1.0,"key":"AttackPotion"},{"floor":5.0,"key":"theMarked:SummonPotion"},{"floor":5.0,"key":"SteroidPotion"},{"floor":16.0,"key":"FearPotion"},{"floor":24.0,"key":"Weak Potion"},{"floor":30.0,"key":"DistilledChaos"},{"floor":41.0,"key":"Energy Potion"},{"floor":44,"key":"EntropicBrew"},{"floor":46,"key":"theMarked:ChargePotion"}],"is_trial":false,"path_per_floor":["M","M","?","M","?","R","M","?","T","R","E","R","M","E","R","B",null,"M","M","?","M","$","E","M","R","T","$","E","M","M","M","R","B",null,"M","?","M","?","?","R","E","R","T","M","M","M","M","T","R","B",null],"character_chosen":"THE_DEFAULT","items_purchased":["Molten Egg 2","theMarked:DemonDagger"],"campfire_rested":7,"item_purchase_floors":[22,27],"current_hp_per_floor":[70,70,70,70,70,70,63,56,56,56,39,60,55,14,35,2,70,62,44,53,31,31,20,12,33,33,33,33,19,7,11,32,12,70,47,65,54,22,22,43,39,60,60,62,50,27,13,13,34,6],"gold":682,"neow_bonus":"THREE_ENEMY_KILL","is_daily":false,"chose_seed":false,"campfire_upgraded":2,"win_rate":0.0,"timestamp":1612654777,"path_taken":["M","M","?","M","?","R","?","?","T","R","E","R","M","E","R","BOSS","M","M","?","M","$","E","M","R","T","?","E","M","M","M","R","BOSS","M","?","M","?","?","R","E","R","T","M","M","M","M","?","R","BOSS"],"items_purchased_type":["Relic","Relic"],"build_version":"2020-12-22","purchased_purges":0,"victory":true,"max_hp_per_floor":[70,70,70,70,70,70,70,70,70,70,70,70,70,70,70,70,70,70,70,70,70,70,70,70,70,70,70,70,70,70,70,70,70,70,70,70,70,70,70,70,70,70,70,70,70,70,70,70,70,70],"card_choices":[{"not_picked":["theMarked:TheMission","theMarked:HeightenedSenses"],"picked":"theMarked:BanishingStrike","floor":1.0},{"not_picked":["theMarked:Convert","theMarked:Reabsorb"],"picked":"theMarked:SwordAndMagic","floor":2.0},{"not_picked":["theMarked:Frustration","theMarked:Standoff"],"picked":"theMarked:Seal","floor":4.0},{"not_picked":["theMarked:LightningStrikesTwice","theMarked:TwofoldDefense"],"picked":"theMarked:BanishingStrike","floor":7.0},{"not_picked":["theMarked:ChainLightning","theMarked:Vacuum"],"picked":"theMarked:Panic","floor":11.0},{"not_picked":["theMarked:ShockingTouch","theMarked:RepellingDischarge"],"picked":"theMarked:Generate","floor":13.0},{"not_picked":["theMarked:ContemptForTheProud","theMarked:EnhanceMovement"],"picked":"theMarked:Frustration","floor":14.0},{"not_picked":["theMarked:Defy","theMarked:TurnInvisible"],"picked":"theMarked:Challenge","floor":16.0},{"not_picked":["theMarked:TakeCover","theMarked:TwofoldDefense+1"],"picked":"theMarked:Polarize","floor":18.0},{"not_picked":["theMarked:TakeCover","theMarked:ChainLightning"],"picked":"theMarked:Memento+1","floor":19.0},{"not_picked":["theMarked:ChainLightning","theMarked:BanishingStrike"],"picked":"theMarked:WardOff","floor":21.0},{"not_picked":["theMarked:Standoff+1","theMarked:ElectricStrings+1"],"picked":"theMarked:Overcharge","floor":23.0},{"not_picked":["theMarked:Convert","theMarked:BanishingStrike+1","theMarked:WastefulAttack+1"],"picked":"SKIP","floor":24.0},{"not_picked":["theMarked:Polarize","theMarked:ElectricStrings+1"],"picked":"theMarked:ChannelForce","floor":25.0},{"not_picked":["theMarked:Parkour+1","theMarked:RepellingDischarge+1"],"picked":"theMarked:Opportunist+1","floor":28.0},{"not_picked":["theMarked:ParalyzingBlade","theMarked:Parkour+1"],"picked":"theMarked:Abjuration+1","floor":29.0},{"not_picked":["theMarked:Frustration+1","theMarked:ChannelForce","theMarked:KeepCalmAndFight+1"],"picked":"SKIP","floor":30.0},{"not_picked":["theMarked:BanishingStrike+1","theMarked:TurnInvisible","theMarked:TwofoldDefense"],"picked":"SKIP","floor":31.0},{"not_picked":["theMarked:TurnInvisible","theMarked:Snap+1"],"picked":"theMarked:Vacuum+1","floor":33.0},{"not_picked":["theMarked:SelfDefenseTraining+1","theMarked:Standoff+1","theMarked:TwofoldDefense"],"picked":"SKIP","floor":35.0},{"not_picked":["theMarked:Overthink","theMarked:SwordAndMagic+1","theMarked:BanishingStrike+1"],"picked":"SKIP","floor":37.0},{"not_picked":["theMarked:RepellingDischarge+1","theMarked:WastefulAttack+1"],"picked":"theMarked:Memento","floor":38.0},{"not_picked":["theMarked:Overthink+1","theMarked:Frustration+1","theMarked:Abjuration+1"],"picked":"SKIP","floor":41.0},{"not_picked":["theMarked:TakeCover+1","theMarked:Frustration+1"],"picked":"theMarked:BanishingWave+1","floor":44},{"not_picked":["theMarked:KeepCalmAndFight+1","theMarked:BanishingStrike+1","theMarked:WardOff+1"],"picked":"SKIP","floor":44},{"not_picked":["theMarked:Frustration+1","theMarked:ChainLightning+1"],"picked":"theMarked:Overcharge","floor":45},{"not_picked":["theMarked:ChannelForce+1","theMarked:HeightenedSenses+1","theMarked:ShockingTouch+1"],"picked":"SKIP","floor":45},{"not_picked":["theMarked:TakeCover+1","theMarked:Challenge"],"picked":"theMarked:Memento+1","floor":46},{"not_picked":["theMarked:EmpowerWeapon","theMarked:Frustration+1","theMarked:Convert"],"picked":"SKIP","floor":46},{"not_picked":["theMarked:HeightenedSenses","theMarked:ResourceFulStrike+1","theMarked:TwofoldDefense+1"],"picked":"SKIP","floor":47},{"not_picked":["theMarked:Frustration+1","theMarked:HeightenedSenses","theMarked:ChainLightning+1"],"picked":"SKIP","floor":47}],"player_experience":126488,"relics_obtained":[{"floor":9.0,"key":"Bird Faced Urn"},{"floor":11.0,"key":"theMarked:VonisonLock"},{"floor":14.0,"key":"Peace Pipe"},{"floor":23.0,"key":"Frozen Egg 2"},{"floor":23.0,"key":"Dream Catcher"},{"floor":26.0,"key":"Dead Branch"},{"floor":28.0,"key":"PreservedInsect"},{"floor":28.0,"key":"Old Coin"},{"floor":38.0,"key":"Prayer Wheel"},{"floor":41.0,"key":"Vajra"},{"floor":41.0,"key":"Boot"},{"floor":48,"key":"Ancient Tea Set"}],"event_choices":[{"damage_healed":0.0,"max_hp_gain":0.0,"max_hp_loss":0.0,"gold_gain":0.0,"event_name":"The Cleric","player_choice":"Leave","floor":3.0,"gold_loss":0.0,"damage_taken":0.0},{"damage_healed":0.0,"max_hp_gain":0.0,"max_hp_loss":0.0,"gold_gain":0.0,"event_name":"Lab","player_choice":"Got Potions","floor":5.0,"gold_loss":0.0,"damage_taken":0.0},{"damage_healed":0.0,"max_hp_gain":0.0,"max_hp_loss":0.0,"gold_gain":0.0,"event_name":"Scrap Ooze","player_choice":"Success","floor":8.0,"gold_loss":0.0,"damage_taken":7.0,"relics_obtained":["Ornamental Fan"]},{"damage_healed":18.0,"max_hp_gain":0.0,"max_hp_loss":0.0,"gold_gain":0.0,"event_name":"Winding Halls","player_choice":"Writhe","floor":36.0,"gold_loss":0.0,"damage_taken":0.0,"cards_obtained":["Writhe"]},{"damage_healed":0.0,"max_hp_gain":0.0,"max_hp_loss":0.0,"gold_gain":0.0,"event_name":"Mysterious Sphere","player_choice":"Fight","floor":38.0,"gold_loss":0.0,"damage_taken":0.0},{"cards_removed":["theMarked:Strike"],"damage_healed":0.0,"max_hp_gain":0.0,"max_hp_loss":0.0,"gold_gain":0.0,"event_name":"Falling","player_choice":"Removed Attack","floor":39.0,"gold_loss":0.0,"damage_taken":0.0}],"is_beta":false,"boss_relics":[{"not_picked":["Tiny House","Busted Crown"],"picked":"Black Star"},{"not_picked":["Coffee Dripper","Runic Pyramid"],"picked":"theMarked:BronzeBlade"}],"items_purged_floors":[],"is_endless":false,"potions_floor_spawned":[1,11,14,16,24,28,30,41,44,45,46],"ascension_level":0}}