{"host":"bf5upntvbdompq33","time":1612601334,"event":{"mods":["BaseMod","Colored Map","Colored Powertips","Curses Come First","Minty Spire (QoL Compilation)","StSLib","The Dragon Tamer","The Hierophant","The Marked","The Mystic","The Servant 0.9.4"],"gold_per_floor":[112,72,72,72,92,126,145,180,255,265,265,265,308,334,334,445,445,464,389,167,190,216,216,258,258,258,284,39,76,36,51,51,150,150,163,188,162,183,183,183,214,15,15,75,75,87,115,130,130,130,130],"floor_reached":50,"language":"ENG","playtime":8443,"items_purged":[],"score":919,"play_id":"0bd31ab5-7842-45a2-8e52-7a090ae7dda7","local_time":"20210206014854","is_ascension_mode":true,"campfire_choices":[{"data":"Eruption","floor":11,"key":"SMITH"},{"data":"Blasphemy","floor":15,"key":"SMITH"},{"floor":23,"key":"DIG"},{"floor":25,"key":"DIG"},{"floor":32,"key":"DIG"},{"floor":40,"key":"RECALL"},{"floor":45,"key":"DIG"},{"floor":49,"key":"DIG"}],"circlet_count":0,"master_deck":["Eruption+1","Vigilance","WindmillStrike","Meditate","CutThroughFate","WindmillStrike","Wallop","CarveReality","Wallop","SandsOfTime","ClearTheMind+1","DeceiveReality","WheelKick","Blasphemy+1","Tantrum","Swivel","Wish","BowlingBash+1","Conclude+1","Sanctity","ReachHeaven+1","Crescendo","Halt+1","SpiritShield+1","FollowUp+1","Judgement+1","Wallop+1","Consecrate+1"],"relics":["Pandora\u0027s Box","Shovel","Omamori","Meat on the Bone","Kunai","CeramicFish","Calling Bell","Turnip","Strawberry","Molten Egg 2","Bag of Preparation","Dead Branch","Calipers","Toxic Egg 2","PreservedInsect","Membership Card","MealTicket","Lantern","Fusion Hammer","Dream Catcher","Vajra","Yang","Mummified Hand","Bottled Flame","Juzu Bracelet","Boot"],"acts_visited":["Exordium","TheCity","TheBeyond"],"potions_floor_usage":[8,8,18,21,24,27,29,33,44,44,50,50],"damage_taken":[{"damage":1,"enemies":"Small Slimes","floor":1,"turns":3},{"damage":0,"enemies":"Cultist","floor":5,"turns":3},{"damage":0,"enemies":"Lagavulin","floor":6,"turns":5},{"damage":0,"enemies":"Jaw Worm","floor":7,"turns":3},{"damage":12,"enemies":"3 Sentries","floor":8,"turns":6},{"damage":0,"enemies":"2 Fungi Beasts","floor":10,"turns":2},{"damage":0,"enemies":"Gremlin Nob","floor":13,"turns":2},{"damage":12,"enemies":"Lots of Slimes","floor":14,"turns":2},{"damage":0,"enemies":"Slime Boss","floor":16,"turns":3},{"damage":4,"enemies":"3 Byrds","floor":18,"turns":4},{"damage":0,"enemies":"2 Thieves","floor":21,"turns":1},{"damage":0,"enemies":"Snake Plant","floor":22,"turns":2},{"damage":26,"enemies":"Slavers","floor":24,"turns":2},{"damage":23,"enemies":"Centurion and Healer","floor":27,"turns":3},{"damage":0,"enemies":"Gremlin Leader","floor":29,"turns":2},{"damage":4,"enemies":"Cultist and Chosen","floor":31,"turns":4},{"damage":8,"enemies":"Champ","floor":33,"turns":9},{"damage":0,"enemies":"Orb Walker","floor":35,"turns":1},{"damage":0,"enemies":"3 Darklings","floor":36,"turns":2},{"damage":0,"enemies":"Sphere and 2 Shapes","floor":38,"turns":1},{"damage":0,"enemies":"Reptomancer","floor":41,"turns":1},{"damage":0,"enemies":"Nemesis","floor":44,"turns":3},{"damage":0,"enemies":"Maw","floor":46,"turns":5},{"damage":0,"enemies":"Giant Head","floor":47,"turns":5},{"damage":0,"enemies":"3 Darklings","floor":48,"turns":2},{"damage":85,"enemies":"Awakened One","floor":50,"turns":7}],"seed_played":"6490826624260059522","potions_obtained":[{"floor":1,"key":"Swift Potion"},{"floor":4,"key":"Fire Potion"},{"floor":4,"key":"GamblersBrew"},{"floor":4,"key":"LiquidMemories"},{"floor":8,"key":"Fruit Juice"},{"floor":10,"key":"BottledMiracle"},{"floor":24,"key":"BlessingOfTheForge"},{"floor":27,"key":"DistilledChaos"},{"floor":29,"key":"SteroidPotion"},{"floor":35,"key":"LiquidBronze"},{"floor":36,"key":"LiquidMemories"},{"floor":41,"key":"DistilledChaos"},{"floor":48,"key":"AttackPotion"}],"is_trial":false,"path_per_floor":["M","$","?","?","M","E","M","E","T","M","R","T","E","M","R","B",null,"M","?","$","M","M","R","E","R","T","M","$","E","?","M","R","B",null,"M","M","$","M","?","R","E","$","T","E","R","M","E","M","R","B"],"character_chosen":"WATCHER","items_purchased":["SandsOfTime","Bag of Preparation","Conclude+1","Membership Card","SpiritShield+1","FollowUp+1","SteroidPotion","Vajra","Yang"],"campfire_rested":0,"item_purchase_floors":[2,20,20,28,28,28,37,42,42],"current_hp_per_floor":[71,71,64,64,64,64,64,57,57,57,57,57,57,45,45,45,84,80,80,80,80,80,80,54,54,54,43,43,43,43,51,51,43,84,84,84,84,84,84,84,84,84,84,84,84,84,84,84,84,0,0],"gold":130,"neow_bonus":"BOSS_RELIC","is_daily":false,"chose_seed":false,"campfire_upgraded":2,"win_rate":0.0,"timestamp":1612601334,"path_taken":["M","$","?","?","M","E","?","E","T","M","R","?","E","M","R","BOSS","M","?","$","M","M","R","E","R","T","M","$","E","?","M","R","BOSS","M","M","?","M","?","R","E","?","T","E","R","M","E","M","R","BOSS"],"items_purchased_type":["Card","Relic","Card","Relic","Card","Card","Potion","Relic","Relic"],"build_version":"2020-12-22","purchased_purges":0,"victory":false,"max_hp_per_floor":[72,72,72,72,72,72,72,77,77,77,77,77,77,77,77,77,84,84,84,84,84,84,84,84,84,84,84,84,84,84,84,84,84,84,84,84,84,84,84,84,84,84,84,84,84,84,84,84,84,84,84],"card_choices":[{"not_picked":["EmptyMind","FlurryOfBlows"],"picked":"Wallop","floor":1},{"not_picked":["FlurryOfBlows","Prostrate"],"picked":"ClearTheMind","floor":5},{"not_picked":["Evaluate","Vault"],"picked":"DeceiveReality","floor":6},{"not_picked":["BattleHymn","CutThroughFate"],"picked":"WheelKick","floor":7},{"not_picked":["FlurryOfBlows","Adaptation"],"picked":"Blasphemy","floor":8},{"not_picked":["CutThroughFate","CrushJoints","SashWhip"],"picked":"SKIP","floor":10},{"not_picked":["DeceiveReality","CrushJoints"],"picked":"Tantrum","floor":13},{"not_picked":["CarveReality","ClearTheMind"],"picked":"Swivel","floor":14},{"not_picked":["ConjureBlade","Establishment"],"picked":"Wish","floor":16},{"not_picked":["Sanctity","Crescendo"],"picked":"BowlingBash+1","floor":18},{"not_picked":["FlurryOfBlows+1","EmptyBody"],"picked":"Sanctity","floor":21},{"not_picked":["Vault","Prostrate+1"],"picked":"ReachHeaven+1","floor":22},{"not_picked":["SashWhip+1","Swivel"],"picked":"Crescendo","floor":24},{"not_picked":["Crescendo+1","LikeWater"],"picked":"Halt+1","floor":27},{"not_picked":["FollowUp+1","Perseverance+1"],"picked":"Judgement+1","floor":29},{"not_picked":["SashWhip+1","DeceiveReality+1","BowlingBash+1"],"picked":"SKIP","floor":31},{"not_picked":["FlurryOfBlows+1","WheelKick+1","Evaluate+1"],"picked":"SKIP","floor":35},{"not_picked":["LikeWater","FlyingSleeves+1"],"picked":"Wallop+1","floor":36},{"not_picked":["FollowUp+1","Devotion"],"picked":"Consecrate+1","floor":38},{"not_picked":["CutThroughFate+1","Tantrum+1","Collect+1"],"picked":"SKIP","floor":41},{"not_picked":["Prostrate+1","MentalFortress+1","Consecrate+1"],"picked":"SKIP","floor":44},{"not_picked":["CutThroughFate+1","EmptyBody+1","EmptyMind+1"],"picked":"SKIP","floor":46},{"not_picked":["Evaluate+1","WreathOfFlame+1","EmptyFist+1"],"picked":"SKIP","floor":47},{"not_picked":["Protect+1","CutThroughFate+1","ThirdEye+1"],"picked":"SKIP","floor":48}],"player_experience":1453548,"relics_obtained":[{"floor":6,"key":"Shovel"},{"floor":8,"key":"Omamori"},{"floor":9,"key":"Meat on the Bone"},{"floor":12,"key":"Kunai"},{"floor":13,"key":"CeramicFish"},{"floor":17,"key":"Turnip"},{"floor":17,"key":"Strawberry"},{"floor":17,"key":"Molten Egg 2"},{"floor":23,"key":"Dead Branch"},{"floor":24,"key":"Calipers"},{"floor":25,"key":"Toxic Egg 2"},{"floor":26,"key":"PreservedInsect"},{"floor":29,"key":"MealTicket"},{"floor":32,"key":"Lantern"},{"floor":41,"key":"Dream Catcher"},{"floor":44,"key":"Mummified Hand"},{"floor":45,"key":"Bottled Flame"},{"floor":47,"key":"Juzu Bracelet"},{"floor":49,"key":"Boot"}],"event_choices":[{"cards_removed":["Evaluate"],"damage_healed":0,"gold_gain":0,"player_choice":"Card Removal","damage_taken":7,"max_hp_gain":0,"max_hp_loss":0,"event_name":"Golden Wing","floor":3,"gold_loss":0},{"damage_healed":0,"gold_gain":0,"player_choice":"Got Potions","damage_taken":0,"max_hp_gain":0,"max_hp_loss":0,"event_name":"Lab","floor":4,"gold_loss":0},{"cards_removed":["Evaluate"],"damage_healed":0,"gold_gain":0,"player_choice":"Gave Gold","damage_taken":0,"max_hp_gain":0,"max_hp_loss":0,"event_name":"Beggar","floor":19,"gold_loss":75},{"damage_healed":0,"gold_gain":0,"player_choice":"Upgrade","damage_taken":0,"max_hp_gain":0,"max_hp_loss":0,"event_name":"Designer","floor":30,"gold_loss":40,"cards_upgraded":["ClearTheMind"]},{"damage_healed":0,"gold_gain":0,"player_choice":"Ignored","damage_taken":0,"max_hp_gain":0,"max_hp_loss":0,"event_name":"Tomb of Lord Red Mask","floor":39,"gold_loss":0}],"is_beta":false,"boss_relics":[{"not_picked":["Empty Cage","Ectoplasm"],"picked":"Calling Bell"},{"not_picked":["SlaversCollar","Runic Pyramid"],"picked":"Fusion Hammer"}],"items_purged_floors":[],"is_endless":false,"potions_floor_spawned":[1,7,8,10,24,27,29,35,36,41,48],"killed_by":"Awakened One","ascension_level":2}}