{"host":"49pjgf1q9ev52n8z","time":1612577881,"event":{"mods":["BaseMod","Bestiary","Colored Map","Keyboard Shortcuts","Minty Spire (QoL Compilation)","Practice Mode","Relic Stats","StSLib"],"gold_per_floor":[117,117,129,148,110,110,135,135,135,135,153,168,168,202,202,300,300,320,320,320,386,97,97,117,191,191,241,267,285,304,336,336,336,336],"floor_reached":33,"language":"ENG","playtime":2825,"items_purged":[],"score":435,"play_id":"0fc9bc47-25da-43f0-9159-3c27fe8dffd4","local_time":"20210205181801","is_ascension_mode":true,"campfire_choices":[{"data":"Halt","floor":6.0,"key":"SMITH"},{"data":"Eruption","floor":10.0,"key":"SMITH"},{"data":"CutThroughFate","floor":13.0,"key":"SMITH"},{"data":"DeusExMachina","floor":15.0,"key":"SMITH"},{"floor":23,"key":"REST"},{"floor":32,"key":"REST"}],"circlet_count":0,"master_deck":["Strike_P","Strike_P+1","Strike_P+1","Strike_P+1","Defend_P+1","Defend_P","Defend_P","Defend_P+1","Eruption+1","Vigilance+1","Halt+1","Consecrate+1","Protect","CutThroughFate+1","SashWhip+1","DeusExMachina+1","LessonLearned+1","CutThroughFate+1","EmptyMind+1","Crescendo+1","ThirdEye","Evaluate+1","FlurryOfBlows","Tantrum"],"relics":["PureWater","Pantograph","HornCleat","Smiling Mask","Whetstone","Fusion Hammer","SsserpentHead","Ice Cream","Bronze Scales","Happy Flower","Question Card","Bag of Preparation"],"acts_visited":["Exordium","TheCity"],"potions_floor_usage":[28,28,33],"damage_taken":[{"damage":8.0,"enemies":"Small Slimes","floor":1.0,"turns":6.0},{"damage":7.0,"enemies":"2 Louse","floor":3.0,"turns":4.0},{"damage":0.0,"enemies":"Cultist","floor":4.0,"turns":3.0},{"damage":40.0,"enemies":"3 Sentries","floor":7.0,"turns":12.0},{"damage":0.0,"enemies":"Large Slime","floor":11.0,"turns":5.0},{"damage":5.0,"enemies":"Exordium Thugs","floor":12.0,"turns":3.0},{"damage":15.0,"enemies":"Gremlin Nob","floor":14.0,"turns":5.0},{"damage":0.0,"enemies":"Slime Boss","floor":16.0,"turns":4.0},{"damage":7.0,"enemies":"3 Byrds","floor":18.0,"turns":3.0},{"damage":0,"enemies":"Chosen","floor":21,"turns":3},{"damage":11,"enemies":"Snake Plant","floor":24,"turns":5},{"damage":0,"enemies":"Gremlin Leader","floor":28,"turns":6},{"damage":17,"enemies":"Shelled Parasite and Fungi","floor":29,"turns":7},{"damage":0,"enemies":"Centurion and Healer","floor":30,"turns":3},{"damage":0,"enemies":"Book of Stabbing","floor":31,"turns":4},{"damage":92,"enemies":"Champ","floor":33,"turns":6}],"seed_played":"486839674716135238","potions_obtained":[{"floor":1.0,"key":"BottledMiracle"},{"floor":11.0,"key":"LiquidBronze"},{"floor":14.0,"key":"FearPotion"},{"floor":18.0,"key":"Swift Potion"},{"floor":21,"key":"Explosive Potion"},{"floor":30,"key":"Strength Potion"}],"is_trial":false,"path_per_floor":["M","?","M","M","?","R","E","?","T","R","M","M","R","E","R","B",null,"M","?","?","M","$","R","M","T","T","?","E","M","M","E","R","B"],"character_chosen":"WATCHER","items_purchased":["Ice Cream"],"campfire_rested":2,"item_purchase_floors":[22],"current_hp_per_floor":[71,59,52,52,52,52,12,79,79,79,79,74,74,59,59,79,79,72,57,57,57,57,82,71,71,71,71,71,54,54,54,79,0,0],"gold":336,"neow_bonus":"TEN_PERCENT_HP_BONUS","is_daily":false,"chose_seed":false,"campfire_upgraded":4,"win_rate":0.0,"timestamp":1612577881,"path_taken":["M","?","M","M","?","R","E","?","T","R","M","M","R","E","R","BOSS","M","?","?","?","$","R","M","?","T","?","E","M","M","E","R","BOSS"],"items_purchased_type":["Relic"],"build_version":"2020-12-22","purchased_purges":0,"victory":false,"max_hp_per_floor":[79,79,79,79,79,79,79,79,79,79,79,79,79,79,79,79,79,79,84,84,84,84,84,84,84,84,84,84,84,84,84,84,84,84],"relic_stats":{"SsserpentHead":150,"Happy Flower":[8],"counters":[16,79],"Pantograph":25,"Bronze Scales":[66],"Bag of Preparation":[2],"Whetstone":["Strike_P","SashWhip"],"Smiling Mask":0,"Question Card":3,"obtain_stats":[{"Ice Cream":22,"SsserpentHead":20,"HornCleat":7,"Happy Flower":26,"Pantograph":2,"Bronze Scales":25,"Fusion Hammer":17,"Bag of Preparation":31,"Whetstone":14,"PureWater":0,"Smiling Mask":9,"Question Card":28},{"Ice Cream":10,"SsserpentHead":9,"HornCleat":4,"Happy Flower":11,"Pantograph":1,"Bronze Scales":11,"Fusion Hammer":8,"Bag of Preparation":15,"Whetstone":7,"PureWater":0,"Smiling Mask":4,"Question Card":12},{"Ice Cream":48,"SsserpentHead":45,"HornCleat":25,"Happy Flower":53,"Pantograph":6,"Bronze Scales":53,"Fusion Hammer":42,"Bag of Preparation":73,"Whetstone":38,"PureWater":0,"Smiling Mask":25,"Question Card":59}]},"card_choices":[{"not_picked":["PathToVictory","Prostrate"],"picked":"Halt","floor":1.0},{"not_picked":["Collect","DeceiveReality"],"picked":"Consecrate","floor":3.0},{"not_picked":["Wallop","ReachHeaven"],"picked":"Vengeance","floor":4.0},{"not_picked":["Worship","PathToVictory"],"picked":"Protect","floor":7.0},{"not_picked":["DeceiveReality","BattleHymn"],"picked":"CutThroughFate","floor":11.0},{"not_picked":["Prostrate","FlyingSleeves"],"picked":"SashWhip","floor":12.0},{"not_picked":["Perseverance","Vengeance"],"picked":"DeusExMachina","floor":14.0},{"not_picked":["DevaForm","Devotion"],"picked":"LessonLearned","floor":16.0},{"not_picked":["ThirdEye","LikeWater+1"],"picked":"CutThroughFate+1","floor":18.0},{"not_picked":["BowlingBash","ThirdEye"],"picked":"EmptyMind+1","floor":21},{"not_picked":["Meditate","PathToVictory+1"],"picked":"Crescendo","floor":24},{"not_picked":["Protect","Vengeance"],"picked":"ThirdEye","floor":28},{"not_picked":["BowlingBash","EmptyBody","Halt"],"picked":"Evaluate+1","floor":29},{"not_picked":["EmptyFist","ForeignInfluence","Omniscience"],"picked":"FlurryOfBlows","floor":30},{"not_picked":["Perseverance","PathToVictory","Indignation"],"picked":"Tantrum","floor":31}],"player_experience":732923,"relics_obtained":[{"floor":7.0,"key":"HornCleat"},{"floor":9.0,"key":"Smiling Mask"},{"floor":14.0,"key":"Whetstone"},{"floor":25,"key":"Bronze Scales"},{"floor":26,"key":"Happy Flower"},{"floor":28,"key":"Question Card"},{"floor":31,"key":"Bag of Preparation"}],"event_choices":[{"damage_healed":0.0,"max_hp_gain":0.0,"max_hp_loss":0.0,"gold_gain":0.0,"event_name":"Scrap Ooze","player_choice":"Success","floor":2.0,"gold_loss":0.0,"damage_taken":12.0,"relics_obtained":["Pantograph"]},{"damage_healed":0.0,"max_hp_gain":0.0,"max_hp_loss":0.0,"gold_gain":0.0,"event_name":"World of Goop","player_choice":"Left Gold","floor":5.0,"gold_loss":38.0,"damage_taken":0.0},{"cards_removed":["Vengeance"],"damage_healed":67.0,"max_hp_gain":0.0,"max_hp_loss":0.0,"gold_gain":0.0,"event_name":"Bonfire Elementals","player_choice":"Offered Uncommon","floor":8.0,"gold_loss":0.0,"damage_taken":0.0},{"damage_healed":0.0,"max_hp_gain":5.0,"max_hp_loss":0.0,"gold_gain":0.0,"event_name":"Forgotten Altar","player_choice":"Shed Blood","floor":19.0,"gold_loss":0.0,"damage_taken":20.0},{"damage_healed":0.0,"max_hp_gain":0.0,"max_hp_loss":0.0,"gold_gain":0.0,"event_name":"FaceTrader","player_choice":"Trade","floor":20.0,"gold_loss":0.0,"damage_taken":0.0,"relics_obtained":["SsserpentHead"]},{"damage_healed":0,"gold_gain":0,"player_choice":"Forge","damage_taken":0,"max_hp_gain":0,"max_hp_loss":0,"event_name":"Accursed Blacksmith","floor":27,"gold_loss":0,"cards_upgraded":["LessonLearned"]}],"is_beta":false,"boss_relics":[{"not_picked":["Pandora\u0027s Box","Busted Crown"],"picked":"Fusion Hammer"}],"items_purged_floors":[],"is_endless":false,"potions_floor_spawned":[1,11,14,18,21,30],"killed_by":"Champ","ascension_level":2}}