{"host":"d73an99q9oevilk5","time":1612577835,"event":{"mods":["2.2 Compatiblity","AchievementEnabler","Act Like it!","Aspiration","BaseMod","Beaked The Cultist","Better Third Choice","BetterRewards","Colored Map","Colored Powertips","Conspire","Downfall","GifTheSpireLib","Halation","Hubris","Infinite Spire","Marisa????????","Mimic Mod","Minty Spire (QoL Compilation)","Quick Restart","Relic Sorter","Reliquary","Replay The Spire","Shop Mod","Spikes Relics","StSLib","Stuff the Spire","The Cursed","The Necromancer","The Saiyan","Waifu the Spire","egg","slay the spire mod where everything is the same but ironclad has a cowboy hat"],"gold_per_floor":[99,112,128,303,321,321,357,121,131,62,75,100,100,133,152,152,152,152],"floor_reached":16,"language":"ENG","playtime":812,"items_purged":["Doubt"],"score":102,"play_id":"b583bb89-ba82-4c44-9018-66c1a117fbe8","local_time":"20210205191715","is_ascension_mode":false,"campfire_choices":[{"data":"bronze:Replicate","floor":1,"key":"SMITH"},{"data":"bronze:DelayedSlice","floor":6,"key":"SMITH"}],"circlet_count":0,"master_deck":["bronze:Strike","bronze:Strike","bronze:Strike","bronze:Strike","bronze:Defend","bronze:Defend","bronze:Defend","bronze:Defend","bronze:Replicate+1","bronze:Goto","bronze:Branch","bronze:WildBeam","bronze:DelayedSlice+1","bronze:Verify","bronze:DelayedSlice","bronze:Overheat","bronze:Repair","bronze:WhirlingStrike","bronze:DelayedSlice","bronze:Frontload","bronze:Format","bronze:NullPointer"],"relics":["bronze:BronzeCore","reliquary:RosewoodLute","conspire:TreasureMap","Dream Catcher","hubris:Towel","Happy Flower","SpikesRelics:DaevaFist"],"acts_visited":["Exordium"],"potions_floor_usage":[10,16],"damage_taken":[{"damage":0,"enemies":"2 Louse","floor":2,"turns":2},{"damage":0,"enemies":"Small Slimes","floor":3,"turns":3},{"damage":0,"enemies":"Jaw Worm","floor":5,"turns":3},{"damage":4,"enemies":"Red Slaver","floor":7,"turns":8},{"damage":10,"enemies":"downfall:FleeingMerchant","floor":8,"turns":4},{"damage":13,"enemies":"Red Slaver","floor":9,"turns":3},{"damage":0,"enemies":"downfall:FleeingMerchant","floor":10,"turns":4},{"damage":10,"enemies":"Lots of Slimes","floor":11,"turns":2},{"damage":21,"enemies":"Lagavulin","floor":12,"turns":7},{"damage":6,"enemies":"Exordium Wildlife","floor":14,"turns":9},{"damage":0,"enemies":"Exordium Wildlife","floor":15,"turns":2},{"damage":34,"enemies":"WA_ARCHETYPE_RETAIN","floor":16,"turns":7}],"seed_played":"-8966953009585591179","potions_obtained":[{"floor":5,"key":"BlessingOfTheForge"},{"floor":9,"key":"PowerPotion"},{"floor":11,"key":"Energy Potion"},{"floor":12,"key":"bronze:BuildAFunctionPotion"}],"is_trial":false,"path_per_floor":["R_BF","M","M","?","M","R","MIM","$","M","$","M","E","?","MIM","M","B"],"character_chosen":"THE_AUTOMATON","items_purchased":["conspire:TreasureMap","bronze:WhirlingStrike"],"campfire_rested":0,"item_purchase_floors":[8,10],"current_hp_per_floor":[77,77,77,77,77,77,73,63,50,50,40,26,26,27,27,0,0,0],"gold":152,"neow_bonus":"TEN_PERCENT_HP_BONUS","is_daily":false,"chose_seed":false,"campfire_upgraded":2,"win_rate":0.0,"timestamp":1612577835,"path_taken":["R_BF","M","M","?","M","R","MIM","$","M","$","M","E","?","?","M","BOSS"],"items_purchased_type":["Relic","Card"],"build_version":"2020-12-22","purchased_purges":1,"victory":false,"max_hp_per_floor":[77,77,77,77,77,77,77,77,77,77,77,77,77,77,77,77,77,77],"card_choices":[{"not_picked":["bronze:Deprecate","bronze:Frontload"],"picked":"bronze:Branch","floor":2},{"not_picked":["bronze:CutThrough","bronze:ForLoop"],"picked":"bronze:WildBeam","floor":3},{"not_picked":["bronze:DelayedGuard","bronze:WildBeam"],"picked":"bronze:DelayedSlice","floor":5},{"not_picked":["bronze:ForLoop","bronze:Branch"],"picked":"bronze:Verify","floor":7},{"not_picked":["bronze:Branch","bronze:CutThrough"],"picked":"bronze:DelayedSlice","floor":8},{"not_picked":["bronze:NullPointer","bronze:Deprecate"],"picked":"bronze:Overheat","floor":9},{"not_picked":["bronze:Allocate","bronze:BronzeOrb"],"picked":"bronze:Repair","floor":10},{"not_picked":["bronze:BuggyMess","bronze:CutThrough"],"picked":"bronze:DelayedSlice","floor":11},{"not_picked":["bronze:BitShift","bronze:BuggyMess"],"picked":"bronze:Frontload","floor":12},{"not_picked":["bronze:Branch","bronze:Shell"],"picked":"bronze:Format","floor":14},{"not_picked":["bronze:WhirlingStrike","bronze:Frontload"],"picked":"bronze:NullPointer","floor":15}],"player_experience":1845740,"relics_obtained":[{"floor":7,"key":"reliquary:RosewoodLute"},{"floor":12,"key":"Dream Catcher"},{"floor":14,"key":"Happy Flower"},{"floor":14,"key":"SpikesRelics:DaevaFist"}],"event_choices":[],"is_beta":false,"boss_relics":[],"items_purged_floors":[8],"is_endless":false,"potions_floor_spawned":[5,9,11,12],"killed_by":"WA_ARCHETYPE_RETAIN","ascension_level":0}}