{"host":"0o4jkshs65tojivq","time":1612585241,"event":{"mods":["AchievementEnabler","BaseMod","Minty Spire (QoL Compilation)","Quick Restart","Relic Stats","Slay the Relics Exporter","StSLib"],"gold_per_floor":[109,259,275,60,74,74,102,102,102,102,21,35,46,80,80,154,154,168,168,178,178,178,178,178],"floor_reached":23,"language":"ENG","playtime":1467,"items_purged":["Doubt"],"score":437,"play_id":"9fb3bff3-8143-410c-9f3c-a213b3c9f2d4","local_time":"20210205202041","is_ascension_mode":true,"campfire_choices":[{"data":"Scrape","floor":6,"key":"SMITH"},{"data":"Buffer","floor":8,"key":"SMITH"},{"data":"Zap","floor":10,"key":"SMITH"},{"data":"Scrape","floor":15,"key":"SMITH"}],"circlet_count":0,"master_deck":["AscendersBane","Strike_B","Strike_B","Strike_B","Strike_B","Defend_B","Defend_B","Defend_B","Defend_B","Zap+1","Dualcast","Scrape+1","Turbo","Scrape+1","Beam Cell","Turbo","Buffer+1","Go for the Eyes","Skim","Amplify","FTL","J.A.X.","Buffer+1"],"relics":["Cracked Core","NeowsBlessing","Matryoshka","Anchor","Shuriken","Sundial","Juzu Bracelet"],"acts_visited":["Exordium","TheCity"],"potions_floor_usage":[14,23,23],"damage_taken":[{"damage":0,"enemies":"2 Louse","floor":1,"turns":1},{"damage":0,"enemies":"Cultist","floor":3,"turns":1},{"damage":0,"enemies":"Jaw Worm","floor":5,"turns":1},{"damage":30,"enemies":"Lagavulin","floor":7,"turns":5},{"damage":0,"enemies":"2 Fungi Beasts","floor":12,"turns":3},{"damage":0,"enemies":"Large Slime","floor":13,"turns":4},{"damage":0,"enemies":"Gremlin Nob","floor":14,"turns":3},{"damage":33,"enemies":"The Guardian","floor":16,"turns":11},{"damage":7,"enemies":"2 Thieves","floor":18,"turns":4},{"damage":13,"enemies":"Shell Parasite","floor":20,"turns":5},{"damage":19,"enemies":"Book of Stabbing","floor":23,"turns":4}],"seed_played":"-7280797950028227622","potions_obtained":[{"floor":5,"key":"SpeedPotion"},{"floor":7,"key":"Swift Potion"},{"floor":18,"key":"Energy Potion"}],"is_trial":false,"path_per_floor":["M","?","M","$","M","R","E","R","T","R","?","M","M","E","R","B",null,"M","?","M","?","?","E"],"character_chosen":"DEFECT","items_purchased":["Scrape","Beam Cell"],"campfire_rested":0,"item_purchase_floors":[4,4],"current_hp_per_floor":[64,64,64,64,64,64,34,34,34,34,34,34,34,34,34,1,54,47,27,14,14,14,0,0],"gold":178,"neow_bonus":"THREE_ENEMY_KILL","is_daily":false,"chose_seed":false,"campfire_upgraded":4,"win_rate":0.0,"timestamp":1612585241,"path_taken":["M","?","M","$","M","R","E","R","T","R","?","M","?","E","R","BOSS","M","?","M","?","?","E"],"items_purchased_type":["Card","Card"],"build_version":"2020-12-22","purchased_purges":1,"victory":false,"max_hp_per_floor":[71,71,71,71,71,71,71,71,71,71,71,71,71,71,71,71,71,71,76,76,76,76,76,76],"relic_stats":{"counters":[11,42],"Shuriken":[16],"Sundial":[8],"Juzu Bracelet":0,"obtain_stats":[{"Anchor":9,"Matryoshka":7,"NeowsBlessing":0,"Shuriken":9,"Sundial":11,"Juzu Bracelet":14,"Cracked Core":0},{"Anchor":4,"Matryoshka":4,"NeowsBlessing":0,"Shuriken":4,"Sundial":4,"Juzu Bracelet":7,"Cracked Core":0},{"Anchor":8,"Matryoshka":8,"NeowsBlessing":0,"Shuriken":8,"Sundial":8,"Juzu Bracelet":18,"Cracked Core":0}]},"card_choices":[{"not_picked":["Steam","Compile Driver"],"picked":"Scrape","floor":1},{"not_picked":["Blizzard","Leap"],"picked":"Turbo","floor":3},{"not_picked":["BootSequence","Self Repair"],"picked":"Turbo","floor":5},{"not_picked":["Hello World","Redo"],"picked":"Buffer","floor":7},{"not_picked":["Hologram","Turbo"],"picked":"Go for the Eyes","floor":12},{"not_picked":["Redo","Defragment","Stack"],"picked":"SKIP","floor":13},{"not_picked":["Defragment","Force Field"],"picked":"Skim","floor":14},{"not_picked":["Rainbow","Multi-Cast"],"picked":"Amplify","floor":16},{"not_picked":["Capacitor","Conserve Battery"],"picked":"FTL","floor":18},{"not_picked":["Ball Lightning+1","Aggregate","Go for the Eyes"],"picked":"SKIP","floor":20}],"player_experience":1080614,"relics_obtained":[{"floor":7,"key":"Matryoshka"},{"floor":9,"key":"Anchor"},{"floor":9,"key":"Shuriken"},{"floor":14,"key":"Juzu Bracelet"}],"event_choices":[{"damage_healed":0,"gold_gain":150,"player_choice":"AGREE","damage_taken":0,"max_hp_gain":0,"max_hp_loss":0,"event_name":"Liars Game","floor":2,"gold_loss":0,"cards_obtained":["Doubt"]},{"damage_healed":0,"gold_gain":0,"player_choice":"Paid Gold","damage_taken":0,"relics_obtained":["Sundial"],"max_hp_gain":0,"max_hp_loss":0,"event_name":"WeMeetAgain","floor":11,"gold_loss":81},{"damage_healed":0,"gold_gain":0,"player_choice":"Shed Blood","damage_taken":25,"max_hp_gain":5,"max_hp_loss":0,"event_name":"Forgotten Altar","floor":19,"gold_loss":0},{"damage_healed":0,"gold_gain":0,"player_choice":"Obtain J.A.X.","damage_taken":0,"max_hp_gain":0,"max_hp_loss":0,"event_name":"Drug Dealer","floor":21,"gold_loss":0,"cards_obtained":["J.A.X."]},{"damage_healed":0,"gold_gain":0,"player_choice":"Copied","damage_taken":0,"max_hp_gain":0,"max_hp_loss":0,"event_name":"Duplicator","floor":22,"gold_loss":0,"cards_obtained":["Buffer"]}],"is_beta":false,"boss_relics":[{"not_picked":["Ectoplasm","Astrolabe","SacredBark"]}],"items_purged_floors":[4],"is_endless":false,"potions_floor_spawned":[5,7,12,13,18],"killed_by":"Book of Stabbing","ascension_level":19}}