{"host":"vumwfieg2b2mnrfl","time":1612655562,"event":{"mods":["AchievementEnabler","BaseMod","Minty Spire (QoL Compilation)","Rare Cards Sparkle","Relic Stats"],"gold_per_floor":[112,125,90,129,129,168,168,14,14,39,65,78,116,137,137,261,261,277,277,5,5,5,36,54,92,92,92,92,117,117,32,32,32,32],"floor_reached":33,"language":"ENG","playtime":1022,"items_purged":["Defend_P"],"score":505,"play_id":"f47f02f4-d1d4-48a5-93dd-e4d61c0fe25d","local_time":"20210206175242","is_ascension_mode":true,"campfire_choices":[{"data":"Eruption","floor":7.0,"key":"SMITH"},{"data":"TalkToTheHand","floor":15.0,"key":"SMITH"},{"data":"1","floor":32,"key":"LIFT"}],"circlet_count":0,"master_deck":["Strike_P","Strike_P","Strike_P+1","Strike_P","Defend_P+1","Defend_P+1","Defend_P+1","Eruption+1","Vigilance","ForeignInfluence+1","Conclude+1","FollowUp","LessonLearned","TalkToTheHand+1","Adaptation","Protect","ConjureBlade+1","Protect","Apotheosis","Necronomicurse","TalkToTheHand+1","ReachHeaven+1"],"relics":["Coffee Dripper","Bloody Idol","FossilizedHelix","Girya","Bronze Scales","Kunai","Snecko Eye","Necronomicon","Potion Belt","War Paint","Ginger","CloakClasp","Nunchaku"],"acts_visited":["Exordium","TheCity"],"potions_floor_usage":[23,23],"damage_taken":[{"damage":6.0,"enemies":"2 Louse","floor":1.0,"turns":2.0},{"damage":0.0,"enemies":"Small Slimes","floor":2.0,"turns":3.0},{"damage":0.0,"enemies":"Jaw Worm","floor":4.0,"turns":3.0},{"damage":14.0,"enemies":"3 Sentries","floor":6.0,"turns":5.0},{"damage":0.0,"enemies":"Looter","floor":10.0,"turns":1.0},{"damage":0.0,"enemies":"2 Fungi Beasts","floor":12.0,"turns":2.0},{"damage":0.0,"enemies":"Gremlin Nob","floor":13.0,"turns":2.0},{"damage":0.0,"enemies":"Gremlin Gang","floor":14.0,"turns":2.0},{"damage":4.0,"enemies":"The Guardian","floor":16.0,"turns":13.0},{"damage":2.0,"enemies":"Spheric Guardian","floor":18.0,"turns":5.0},{"damage":0,"enemies":"Slavers","floor":23,"turns":5},{"damage":6,"enemies":"Chosen","floor":24,"turns":2},{"damage":4,"enemies":"Book of Stabbing","floor":25,"turns":6},{"damage":10,"enemies":"Gremlin Leader","floor":29,"turns":8},{"damage":68,"enemies":"Collector","floor":33,"turns":6}],"seed_played":"-6415870910905283946","potions_obtained":[{"floor":1.0,"key":"ColorlessPotion"},{"floor":6.0,"key":"BottledMiracle"},{"floor":14.0,"key":"Block Potion"},{"floor":22,"key":"SkillPotion"},{"floor":22,"key":"CultistPotion"},{"floor":22,"key":"StancePotion"},{"floor":24,"key":"Ancient Potion"}],"is_trial":false,"path_per_floor":["M","M","?","M","?","E","R","$","T","M","T","M","E","M","R","B",null,"M","?","$","?","?","E","M","E","T","?","$","E","$","?","R","B"],"character_chosen":"WATCHER","items_purchased":["LessonLearned","Apotheosis"],"campfire_rested":0,"item_purchase_floors":[8,20],"current_hp_per_floor":[59,59,72,72,72,58,58,58,58,58,58,58,58,58,58,54,68,66,66,66,50,50,50,44,40,40,40,40,35,35,35,35,0,0],"gold":32,"neow_bonus":"BOSS_RELIC","is_daily":false,"chose_seed":false,"campfire_upgraded":2,"win_rate":0.0,"timestamp":1612655562,"path_taken":["M","M","?","M","?","E","R","$","T","M","?","M","E","M","R","BOSS","M","?","$","?","?","E","?","E","T","?","?","E","$","?","R","BOSS"],"items_purchased_type":["Card","Card"],"build_version":"2020-12-22","purchased_purges":1,"victory":false,"max_hp_per_floor":[72,72,72,72,72,72,72,72,72,72,72,72,72,72,72,72,72,72,72,72,72,72,72,72,72,72,72,72,72,72,72,72,72,72],"relic_stats":{"Nunchaku":[1],"counters":[15,65],"Bloody Idol":5,"Bronze Scales":[154],"Snecko Eye":[43,56,57,53],"Necronomicon":[15],"CloakClasp":[27],"Kunai":[19],"Ginger":[3],"War Paint":["Defend_P","ForeignInfluence"],"obtain_stats":[{"Potion Belt":23,"Girya":9,"Golden Idol":5,"CloakClasp":29,"Ginger":26,"War Paint":25,"Nunchaku":31,"Bronze Scales":11,"Bloody Idol":27,"Snecko Eye":17,"Coffee Dripper":0,"Necronomicon":21,"Kunai":13,"PureWater":0,"FossilizedHelix":6},{"Potion Belt":11,"Girya":4,"Golden Idol":3,"CloakClasp":14,"Ginger":13,"War Paint":13,"Nunchaku":14,"Bronze Scales":5,"Bloody Idol":13,"Snecko Eye":9,"Coffee Dripper":0,"Necronomicon":10,"Kunai":7,"PureWater":0,"FossilizedHelix":4},{"Potion Belt":43,"Girya":13,"Golden Idol":8,"CloakClasp":59,"Ginger":51,"War Paint":51,"Nunchaku":59,"Bronze Scales":14,"Bloody Idol":51,"Snecko Eye":33,"Coffee Dripper":0,"Necronomicon":38,"Kunai":18,"PureWater":0,"FossilizedHelix":13}]},"card_choices":[{"not_picked":["Crescendo","Prostrate"],"picked":"ForeignInfluence","floor":1.0},{"not_picked":["Pray","Weave"],"picked":"Conclude","floor":2.0},{"not_picked":["Crescendo","Weave","Evaluate"],"picked":"SKIP","floor":4.0},{"not_picked":["EmptyFist","Adaptation"],"picked":"FollowUp","floor":6.0},{"not_picked":["FollowUp","FlurryOfBlows"],"picked":"TalkToTheHand","floor":10.0},{"not_picked":["FlyingSleeves","JustLucky","WheelKick"],"picked":"SKIP","floor":12.0},{"not_picked":["SashWhip","FlyingSleeves"],"picked":"Adaptation","floor":13.0},{"not_picked":["Prostrate","EmptyBody"],"picked":"Protect","floor":14.0},{"not_picked":["Judgement","MasterReality"],"picked":"ConjureBlade","floor":16.0},{"not_picked":["ClearTheMind","Halt"],"picked":"Protect","floor":18.0},{"not_picked":["EmptyFist","WreathOfFlame"],"picked":"TalkToTheHand+1","floor":23},{"not_picked":["Crescendo","EmptyBody"],"picked":"ReachHeaven+1","floor":24},{"not_picked":["Halt","Weave+1","Crescendo"],"picked":"SKIP","floor":25},{"not_picked":["Collect+1","Adaptation","SashWhip"],"picked":"SKIP","floor":29}],"player_experience":531665,"relics_obtained":[{"floor":6.0,"key":"FossilizedHelix"},{"floor":9.0,"key":"Girya"},{"floor":11.0,"key":"Bronze Scales"},{"floor":13.0,"key":"Kunai"},{"floor":21,"key":"Necronomicon"},{"floor":23,"key":"Potion Belt"},{"floor":25,"key":"War Paint"},{"floor":26,"key":"Ginger"},{"floor":29,"key":"CloakClasp"}],"event_choices":[{"damage_healed":18.0,"max_hp_gain":0.0,"max_hp_loss":0.0,"gold_gain":0.0,"event_name":"The Cleric","player_choice":"Healed","floor":3.0,"gold_loss":35.0,"damage_taken":0.0},{"damage_healed":0.0,"max_hp_gain":0.0,"max_hp_loss":0.0,"gold_gain":0.0,"event_name":"Golden Idol","player_choice":"Take Wound","floor":5.0,"gold_loss":0.0,"damage_taken":0.0,"relics_obtained":["Golden Idol"],"cards_obtained":["Injury"]},{"cards_removed":["Injury"],"damage_healed":0.0,"max_hp_gain":0.0,"max_hp_loss":0.0,"gold_gain":0.0,"event_name":"Back to Basics","player_choice":"Elegance","floor":19.0,"gold_loss":0.0,"damage_taken":0.0},{"damage_healed":0,"gold_gain":0,"player_choice":"Obtained Book","damage_taken":16,"max_hp_gain":0,"max_hp_loss":0,"event_name":"Cursed Tome","floor":21,"gold_loss":0},{"damage_healed":0,"gold_gain":0,"player_choice":"Got Potions","damage_taken":0,"max_hp_gain":0,"max_hp_loss":0,"event_name":"Lab","floor":22,"gold_loss":0},{"damage_healed":0,"gold_gain":0,"player_choice":"Gave Idol","damage_taken":0,"relics_obtained":["Bloody Idol"],"max_hp_gain":0,"max_hp_loss":0,"event_name":"Forgotten Altar","floor":27,"relics_lost":["Golden Idol"],"gold_loss":0},{"damage_healed":0,"gold_gain":0,"player_choice":"Obtained Relic","damage_taken":0,"relics_obtained":["Nunchaku"],"max_hp_gain":0,"max_hp_loss":0,"event_name":"Addict","floor":31,"gold_loss":85}],"is_beta":false,"boss_relics":[{"not_picked":["Velvet Choker","Cursed Key"],"picked":"Snecko Eye"}],"items_purged_floors":[20],"is_endless":false,"potions_floor_spawned":[1,6,14,24],"killed_by":"Collector","ascension_level":8}}