{"host":"6drv1qzpbnls60z2","time":1612600439,"event":{"mods":["ATMod(°¢èªMod)","Act Like it!","Arknights","BaseMod","Hallownest","Jedi Mod","Minty Spire (QoL Compilation)","Reliquary","Replay The Spire","Shop Mod","Spicy Shops","StSLib","Uncapped","¡¾ÒÅÎï¿¨ÅÆ¡¿REMEMod","²ÐÁôÖ®Îï","óô»ðÖ¸ÄÏ"],"gold_per_floor":[133,133,53,81,114,114,156,156,156,182,223,249,292,332,332,424,424,513,72,222,292,405,488,0,0,60,60,84,84,84,84,84],"floor_reached":31,"language":"ZHS","playtime":1624,"items_purged":[],"score":796,"play_id":"1e73e647-f051-4446-a915-34c292684e8b","local_time":"20210206163359","daily_mods":["SealedDeck","Heirloom"],"is_ascension_mode":true,"campfire_choices":[{"data":"AT_OneInchPunch","floor":6,"key":"SMITH"},{"data":"ats:Thorns","floor":8,"key":"SMITH"},{"floor":15,"key":"DIG"},{"data":"ats:Composite Medical Shells","floor":25,"key":"SMITH"},{"data":"ats:Healing Strengthening","floor":30,"key":"SMITH"}],"circlet_count":0,"master_deck":["AscendersBane","AT_OneInchPunch+1","ats:Thorns+1","ats:Shell Defense","ats:Hammer On","ats:Closed Bolt Burst Fire","ats:Shell Defense","ats:Charging Defense","ats:Closed Bolt Burst Fire","ats:Chain Hook","ats:Collapsing Strike","ats:Sashimi Platter","ats:Absolute Focus","ats:Hook Shot+1","ats:Support Order","ats:Hook Shot+1","ats:Encircling Forest","ats:Encircling Forest","ats:Sword Rain","ats:Absolute Focus","ats:Serious Mode","ats:Part Time Job","ats:Guard Mode","ats:Healing Strengthening+1","ats:Composite Medical Shells+1","ats:Dogmatic Field+1","ats:Apocalypse","ats:Steam Pump","ats:Closed Bolt Burst Fire+1","ats:Wolf Pack+1","ats:Directed Diagnosis","ats:Disruption Kick"],"relics":["ats:Sanity","AT_ATBox","REME_ComplimentaryCards","ats:Gyao","Prayer Wheel","ats:Originium","Replay:Kaleidoscope","REME_HourglassOfDeath","Tiny Chest","Shovel","jedi:purplefairy","Philosopher\u0027s Stone","AT_MibuBalloonWealth","Mummified Hand","ats:Spiritual Recovery","MerchantsRug","ats:Special","Guide Book","CeramicFish","jedi:matchstick"],"acts_visited":["Exordium","TheCity"],"potions_floor_usage":[16,18,18,18,23],"damage_taken":[{"damage":0,"enemies":"Small Slimes","floor":1,"turns":2},{"damage":11,"enemies":"Cultist","floor":4,"turns":4},{"damage":7,"enemies":"Jaw Worm","floor":5,"turns":4},{"damage":21,"enemies":"Lagavulin","floor":7,"turns":6},{"damage":13,"enemies":"Large Slime","floor":10,"turns":4},{"damage":22,"enemies":"3 Sentries","floor":11,"turns":4},{"damage":10,"enemies":"Red Slaver","floor":12,"turns":2},{"damage":21,"enemies":"Exordium Thugs","floor":13,"turns":3},{"damage":8,"enemies":"Replay:BlueRogue","floor":14,"turns":2},{"damage":40,"enemies":"The Guardian","floor":16,"turns":8},{"damage":48,"enemies":"2 Thieves","floor":18,"turns":5},{"damage":17,"enemies":"3 Byrds","floor":20,"turns":2},{"damage":11,"enemies":"Centurion and Healer","floor":22,"turns":4},{"damage":34,"enemies":"Book of Stabbing","floor":23,"turns":4},{"damage":27,"enemies":"Snake Plant","floor":31,"turns":1}],"seed_played":"4641243229483687768","potions_obtained":[{"floor":2,"key":"FairyPotion"},{"floor":2,"key":"Dexterity Potion"},{"floor":13,"key":"Swift Potion"},{"floor":16,"key":"EntropicBrew"},{"floor":20,"key":"Languid Potion"},{"floor":22,"key":"Dexterity Potion"},{"floor":23,"key":"Elixir"}],"is_trial":true,"path_per_floor":["M","?","$","M","M","R","E","R","T","M","E","M","M","E","R","B",null,"M","$","M","T","M","E","$","R","T","?","?","T","R","M"],"character_chosen":"DOCTOR_CLASS","items_purchased":["ats:Hook Shot","AT_MibuBalloonWealth","Mummified Hand","MerchantsRug","ats:Special","Guide Book","ats:Directed Diagnosis"],"campfire_rested":0,"item_purchase_floors":[3,19,19,24,24,24,24],"current_hp_per_floor":[71,71,71,66,65,65,50,50,50,51,29,19,1,21,21,23,60,43,43,29,29,40,17,17,22,22,22,22,22,27,0,0],"gold":84,"neow_bonus":"","is_daily":false,"chose_seed":false,"campfire_upgraded":4,"win_rate":0.0,"timestamp":1612600439,"path_taken":["M","?","$","M","M","R","E","R","T","M","E","M","M","E","R","BOSS","M","$","M","?","M","E","$","R","T","?","?","?","R","M"],"items_purchased_type":["Card","Relic","Relic","Relic","Relic","Relic","Card"],"build_version":"2020-12-22","purchased_purges":0,"victory":false,"max_hp_per_floor":[72,72,72,72,72,72,72,72,72,72,72,72,72,72,72,72,72,72,72,72,72,72,72,72,72,72,72,72,72,72,72,72],"card_choices":[{"not_picked":["ats:Explosion Area Strengthen","ats:Revitalization"],"picked":"ats:Absolute Focus","floor":1},{"not_picked":["ats:Shell Defense","ats:Ignite"],"picked":"ats:Support Order","floor":4},{"not_picked":["ats:Demon Strength","ats:Very Hot Blade"],"picked":"ats:Hook Shot","floor":4},{"not_picked":["ats:Leaping Hammer","ats:Ignite"],"picked":"ats:Encircling Forest","floor":5},{"not_picked":["ats:Blood Oath","ats:Powerful Strike"],"picked":"ats:Encircling Forest","floor":5},{"not_picked":["ats:Red Shift","ats:Part Time Job"],"picked":"ats:Sword Rain","floor":7},{"not_picked":["ats:Sword Rain","ats:Ignite"],"picked":"ats:Absolute Focus","floor":10},{"not_picked":["ats:Cat Scratch","ats:LN2 Cannon"],"picked":"ats:Echo Reverb","floor":10},{"not_picked":["ats:Powerful Strike","ats:Overload"],"picked":"ats:Serious Mode","floor":11},{"not_picked":["ats:Revitalization","ats:Absolute Focus"],"picked":"ats:Part Time Job","floor":12},{"not_picked":["ats:Leaping Hammer","ats:Closed Bolt Burst Fire"],"picked":"ats:Guard Mode","floor":12},{"not_picked":["ats:Consecutive Shot Auto","ats:Powerful Strike"],"picked":"ats:Healing Strengthening","floor":13},{"not_picked":["ats:Literary Storm","ats:Fractured Body"],"picked":"ats:Composite Medical Shells","floor":13},{"not_picked":["ats:Shell Defense","ats:Echo Reverb","ats:Demon Strength"],"picked":"SKIP","floor":14},{"not_picked":["ats:Volcano","ats:Nebulous Foxfire"],"picked":"ats:Dogmatic Field","floor":16},{"not_picked":["ats:Consecutive Shot Auto","ats:Very Hot Blade"],"picked":"ats:Apocalypse","floor":18},{"not_picked":["ats:Collapsing Strike","ats:Hammer On"],"picked":"ats:Steam Pump","floor":18},{"not_picked":["ats:Revitalization","ats:Hammer On","ats:Curse Doll"],"picked":"SKIP","floor":20},{"not_picked":["ats:Absolute Focus","ats:Explosion Area Strengthen","ats:Ambush"],"picked":"SKIP","floor":20},{"not_picked":["ats:Cat Scratch","ats:Revitalization"],"picked":"ats:Closed Bolt Burst Fire+1","floor":22},{"not_picked":["ats:Flame Of Heaven+1","ats:Shell Defense","ats:Curse Doll"],"picked":"SKIP","floor":22},{"not_picked":["ats:Ambush","ats:Poison Spread"],"picked":"ats:Wolf Pack","floor":23}],"player_experience":189229,"relics_obtained":[{"floor":7,"key":"ats:Originium"},{"floor":7,"key":"Replay:Kaleidoscope"},{"floor":9,"key":"REME_HourglassOfDeath"},{"floor":11,"key":"ats:Originium"},{"floor":11,"key":"Tiny Chest"},{"floor":14,"key":"ats:Originium"},{"floor":14,"key":"Shovel"},{"floor":15,"key":"jedi:purplefairy"},{"floor":21,"key":"ats:Spiritual Recovery"},{"floor":23,"key":"ats:Originium"},{"floor":23,"key":"Replay:Bottled Eggs"},{"floor":26,"key":"CeramicFish"},{"floor":29,"key":"jedi:matchstick"}],"event_choices":[{"damage_healed":0,"gold_gain":0,"player_choice":"Got Potions","damage_taken":0,"max_hp_gain":0,"max_hp_loss":0,"event_name":"Lab","floor":2,"gold_loss":0},{"damage_healed":0,"gold_gain":0,"player_choice":"Ignored","damage_taken":0,"max_hp_gain":0,"max_hp_loss":0,"event_name":"Cursed Tome","floor":27,"gold_loss":0},{"damage_healed":0,"gold_gain":0,"cards_transformed":["ats:Echo Reverb"],"player_choice":"Transformed","damage_taken":0,"max_hp_gain":0,"max_hp_loss":0,"event_name":"Transmorgrifier","floor":28,"gold_loss":0,"cards_obtained":["ats:Disruption Kick"]}],"is_beta":false,"boss_relics":[{"not_picked":["Cursed Key","SacredBark"],"picked":"Philosopher\u0027s Stone"}],"items_purged_floors":[],"is_endless":true,"potions_floor_spawned":[4,10,12,13,16,20,22,23],"killed_by":"Snake Plant","ascension_level":20}}