{"host":"7wi4qgm5yw4j7oz0","time":1612624533,"event":{"mods":["AchievementEnabler","BaseMod","Block Reminder","Colored Map","Colored Powertips","Highlight Path","Minty Spire (QoL Compilation)","Permanent Neow","Quick Restart","Random Character Button","Rare Cards Sparkle","StSLib","everything is the same but u backflip on backflip"],"gold_per_floor":[113,131,151,251,261,41,41,41,64,81,81,1,31,106,106,210,210,221,237,248,259,259,259,85,85,85,105,124,124,124,144,144,241,241,258,258,158,177,189,189,189,209,209,209,244,258,284,303,303,303,303],"floor_reached":50,"language":"KOR","playtime":2496,"items_purged":["Strike_R","Strike_R"],"score":595,"play_id":"92e168e6-b390-4295-ac80-efc46eec310b","local_time":"20210207001533","is_ascension_mode":true,"campfire_choices":[{"data":"Twin Strike","floor":8.0,"key":"SMITH"},{"data":"Cleave","floor":11.0,"key":"SMITH"},{"data":"Evolve","floor":15.0,"key":"SMITH"},{"floor":23.0,"key":"REST"},{"data":"Fiend Fire","floor":25.0,"key":"SMITH"},{"data":"1","floor":30.0,"key":"LIFT"},{"data":"2","floor":32.0,"key":"LIFT"},{"data":"3","floor":40,"key":"LIFT"},{"data":"Inflame","floor":49,"key":"SMITH"}],"circlet_count":0,"master_deck":["Strike_R","Defend_R","Defend_R","Defend_R","Defend_R","Bash+1","Twin Strike+1","Cleave+1","Flame Barrier","Carnage","Fiend Fire+1","Immolate","CurseOfTheBell","Battle Trance+1","Warcry+1","Inflame+1","Pummel","Metamorphosis+1","Intimidate+1","Metallicize","Offering+1","Warcry+1","Chrysalis+1"],"relics":["Burning Blood","Anchor","Red Skull","Orichalcum","Toxic Egg 2","Calling Bell","Toy Ornithopter","Self Forming Clay","Girya","Kunai","Mark of Pain","Bird Faced Urn","Question Card","Lantern","Centennial Puzzle"],"acts_visited":["Exordium","TheCity","TheBeyond"],"potions_floor_usage":[39,42,42,48,50],"damage_taken":[{"damage":8.0,"enemies":"Jaw Worm","floor":1.0,"turns":4.0},{"damage":6.0,"enemies":"Cultist","floor":2.0,"turns":3.0},{"damage":0.0,"enemies":"Small Slimes","floor":3.0,"turns":3.0},{"damage":28.0,"enemies":"Exordium Thugs","floor":5.0,"turns":4.0},{"damage":6.0,"enemies":"3 Louse","floor":10.0,"turns":2.0},{"damage":10.0,"enemies":"Gremlin Nob","floor":13.0,"turns":3.0},{"damage":20.0,"enemies":"Slime Boss","floor":16.0,"turns":9.0},{"damage":12.0,"enemies":"Chosen","floor":18.0,"turns":5.0},{"damage":0.0,"enemies":"Spheric Guardian","floor":19.0,"turns":3.0},{"damage":42.0,"enemies":"Centurion and Healer","floor":20.0,"turns":7.0},{"damage":20.0,"enemies":"Snake Plant","floor":21.0,"turns":4.0},{"damage":11.0,"enemies":"Snecko","floor":27.0,"turns":4.0},{"damage":11.0,"enemies":"3 Cultists","floor":28.0,"turns":5.0},{"damage":6.0,"enemies":"Chosen and Byrds","floor":31.0,"turns":4.0},{"damage":57.0,"enemies":"Collector","floor":33.0,"turns":8.0},{"damage":0,"enemies":"Orb Walker","floor":35,"turns":1},{"damage":17,"enemies":"3 Shapes","floor":38,"turns":5},{"damage":0,"enemies":"Spire Growth","floor":39,"turns":2},{"damage":16,"enemies":"Maw","floor":42,"turns":6},{"damage":13,"enemies":"Nemesis","floor":45,"turns":3},{"damage":15,"enemies":"3 Darklings","floor":46,"turns":3},{"damage":6,"enemies":"Spire Growth","floor":48,"turns":2},{"damage":93,"enemies":"Time Eater","floor":50,"turns":6}],"seed_played":"2515251511161650193","potions_obtained":[{"floor":1.0,"key":"LiquidBronze"},{"floor":3.0,"key":"Weak Potion"},{"floor":13.0,"key":"Ancient Potion"},{"floor":18.0,"key":"AttackPotion"},{"floor":19.0,"key":"DistilledChaos"},{"floor":21.0,"key":"Block Potion"},{"floor":28.0,"key":"Fire Potion"},{"floor":33.0,"key":"Swift Potion"},{"floor":35,"key":"DistilledChaos"},{"floor":38,"key":"SteroidPotion"},{"floor":46,"key":"SkillPotion"},{"floor":48,"key":"PowerPotion"}],"is_trial":false,"path_per_floor":["M","M","M","?","M","$","T","R","T","M","R","$","E","?","R","B",null,"M","M","M","M","?","R","$","R","T","M","M","?","R","M","R","B",null,"M","T","$","M","M","R","?","M","T","?","E","M","T","M","R","B"],"character_chosen":"IRONCLAD","items_purchased":["Anchor","Evolve","Metamorphosis+1"],"campfire_rested":1,"item_purchase_floors":[6,12,24],"current_hp_per_floor":[78,78,80,80,58,58,58,58,58,58,58,58,54,46,46,32,68,62,73,42,28,28,52,52,52,52,52,47,47,47,47,47,11,63,69,69,69,62,75,75,75,73,73,73,69,62,62,69,69,0,0],"gold":303,"neow_bonus":"UPGRADE_CARD","is_daily":false,"chose_seed":false,"campfire_upgraded":5,"win_rate":0.0,"timestamp":1612624533,"path_taken":["M","M","M","?","M","$","?","R","T","?","R","?","E","?","R","BOSS","M","M","?","M","?","R","$","R","T","M","M","?","R","M","R","BOSS","M","?","$","M","?","R","?","M","T","?","E","M","?","?","R","BOSS"],"items_purchased_type":["Relic","Card","Card"],"build_version":"2020-12-22","purchased_purges":2,"victory":false,"max_hp_per_floor":[80,80,80,80,80,80,80,80,80,80,80,80,80,80,80,80,80,80,80,80,80,80,80,80,80,80,80,80,80,80,80,80,80,80,80,80,80,80,80,80,76,76,76,76,76,76,76,76,76,76,76],"card_choices":[{"not_picked":["Blood for Blood","True Grit"],"picked":"Twin Strike","floor":1.0},{"not_picked":["True Grit","Carnage"],"picked":"Cleave","floor":2.0},{"not_picked":["Feel No Pain","Twin Strike"],"picked":"Flame Barrier","floor":3.0},{"not_picked":["Anger","Sever Soul"],"picked":"Carnage","floor":5.0},{"not_picked":["Clothesline","Clash","Headbutt"],"picked":"SKIP","floor":10.0},{"not_picked":["Thunderclap","Sword Boomerang"],"picked":"Fiend Fire","floor":13.0},{"not_picked":["Corruption","Berserk"],"picked":"Immolate","floor":16.0},{"not_picked":["Rampage","Thunderclap","Perfected Strike"],"picked":"SKIP","floor":18.0},{"not_picked":["Body Slam","Cleave","Heavy Blade"],"picked":"SKIP","floor":19.0},{"not_picked":["Armaments+1","Flex+1"],"picked":"Battle Trance+1","floor":20.0},{"not_picked":["Cleave","Clothesline+1"],"picked":"Warcry+1","floor":21.0},{"not_picked":["Iron Wave","Thunderclap","Wild Strike+1"],"picked":"SKIP","floor":27.0},{"not_picked":["Iron Wave","Thunderclap","Wild Strike+1"],"picked":"SKIP","floor":27.0},{"not_picked":["Wild Strike","Headbutt","Sword Boomerang+1"],"picked":"SKIP","floor":28.0},{"not_picked":["Thunderclap","Havoc+1"],"picked":"Metallicize","floor":31.0},{"not_picked":["Brutality","Juggernaut"],"picked":"Offering+1","floor":33.0},{"not_picked":["Power Through+1","Iron Wave","Heavy Blade"],"picked":"SKIP","floor":35},{"not_picked":["Headbutt","Twin Strike"],"picked":"Warcry+1","floor":38},{"not_picked":["Whirlwind","Havoc+1","Dropkick"],"picked":"SKIP","floor":39},{"not_picked":["Flex+1","Armaments+1","Perfected Strike"],"picked":"SKIP","floor":42},{"not_picked":["Magnetism","Bandage Up+1","Blind+1"],"picked":"Chrysalis+1","floor":44},{"not_picked":["Feed","Searing Blow+1","Havoc+1","Shrug It Off+1"],"picked":"SKIP","floor":45},{"not_picked":["Whirlwind","Clash","Sentinel+1","Sword Boomerang+1"],"picked":"SKIP","floor":46},{"not_picked":["True Grit+1","Burning Pact+1","Rampage","Second Wind+1"],"picked":"SKIP","floor":48}],"player_experience":240570,"relics_obtained":[{"floor":7.0,"key":"Red Skull"},{"floor":9.0,"key":"Orichalcum"},{"floor":13.0,"key":"Toxic Egg 2"},{"floor":17.0,"key":"Toy Ornithopter"},{"floor":17.0,"key":"Self Forming Clay"},{"floor":17.0,"key":"Girya"},{"floor":26.0,"key":"Kunai"},{"floor":36,"key":"Bird Faced Urn"},{"floor":43,"key":"Question Card"},{"floor":45,"key":"Lantern"},{"floor":47,"key":"Centennial Puzzle"}],"event_choices":[{"damage_healed":0.0,"max_hp_gain":0.0,"max_hp_loss":0.0,"gold_gain":100.0,"event_name":"Golden Shrine","player_choice":"Pray","floor":4.0,"gold_loss":0.0,"damage_taken":0.0},{"damage_healed":0.0,"max_hp_gain":0.0,"max_hp_loss":0.0,"gold_gain":75.0,"event_name":"FaceTrader","player_choice":"Touch","floor":14.0,"gold_loss":0.0,"damage_taken":8.0},{"damage_healed":0.0,"max_hp_gain":0.0,"max_hp_loss":0.0,"gold_gain":0.0,"cards_transformed":["Evolve","Strike_R"],"event_name":"Drug Dealer","player_choice":"Became Test Subject","floor":22.0,"gold_loss":0.0,"damage_taken":0.0,"cards_obtained":["Inflame","Pummel"]},{"damage_healed":0.0,"max_hp_gain":0.0,"max_hp_loss":0.0,"gold_gain":0.0,"cards_transformed":["Strike_R"],"event_name":"Transmorgrifier","player_choice":"Transformed","floor":29.0,"gold_loss":0.0,"damage_taken":0.0,"cards_obtained":["Intimidate"]},{"damage_healed":0,"gold_gain":0,"player_choice":"Max HP","damage_taken":0,"max_hp_gain":0,"max_hp_loss":4,"event_name":"Winding Halls","floor":41,"gold_loss":0},{"damage_healed":0,"gold_gain":0,"player_choice":"Memory 1","damage_taken":0,"max_hp_gain":0,"max_hp_loss":0,"event_name":"SensoryStone","floor":44,"gold_loss":0}],"is_beta":false,"boss_relics":[{"not_picked":["Cursed Key","Busted Crown"],"picked":"Calling Bell"},{"not_picked":["Pandora\u0027s Box","Astrolabe"],"picked":"Mark of Pain"}],"items_purged_floors":[6,37],"is_endless":false,"potions_floor_spawned":[1,3,13,18,19,21,28,33,35,38,46,48],"killed_by":"Time Eater","ascension_level":5}}