{"host":"clgpak7dimivr1r3","time":1612611447,"event":{"mods":["BaseMod","Colored Map","Colored Powertips","Curses Come First","Minty Spire (QoL Compilation)","Relic Stats","Say the Spire","StSLib"],"gold_per_floor":[110,110,110,110,126,159,171,203,203,237,237,255,255,290,290,290,290],"floor_reached":16,"language":"ENG","playtime":520,"items_purged":[],"score":260,"play_id":"ed6af034-2fe2-4d0f-ad43-dd8a9371810f","local_time":"20210206143727","is_ascension_mode":true,"campfire_choices":[{"data":"Fiend Fire","floor":11,"key":"SMITH"},{"floor":15,"key":"REST"}],"circlet_count":0,"master_deck":["AscendersBane","Strike_R","Strike_R","Strike_R","Strike_R","Defend_R","Defend_R","Defend_R","Defend_R","Bash","Feel No Pain","Clothesline","Shrug It Off","Fiend Fire+1","Pommel Strike","Corruption"],"relics":["Burning Blood","NeowsBlessing","Vajra","CultistMask","Gambling Chip","Strawberry","Sundial","Juzu Bracelet","TungstenRod"],"acts_visited":["Exordium"],"potions_floor_usage":[8,8,10,14,16],"damage_taken":[{"damage":0,"enemies":"Jaw Worm","floor":1,"turns":1},{"damage":0,"enemies":"2 Louse","floor":5,"turns":2},{"damage":0,"enemies":"3 Sentries","floor":6,"turns":2},{"damage":0,"enemies":"Cultist","floor":7,"turns":3},{"damage":48,"enemies":"Lagavulin","floor":8,"turns":8},{"damage":16,"enemies":"Gremlin Nob","floor":10,"turns":4},{"damage":0,"enemies":"Large Slime","floor":12,"turns":4},{"damage":25,"enemies":"Lagavulin","floor":14,"turns":6},{"damage":32,"enemies":"Slime Boss","floor":16,"turns":7}],"seed_played":"4141386996219850943","potions_obtained":[{"floor":1,"key":"Regen Potion"},{"floor":5,"key":"Swift Potion"},{"floor":8,"key":"Block Potion"},{"floor":10,"key":"Energy Potion"},{"floor":14,"key":"FearPotion"}],"is_trial":false,"path_per_floor":["M","?","?","?","M","E","M","E","T","E","R","M","?","E","R","B"],"character_chosen":"IRONCLAD","items_purchased":[],"campfire_rested":1,"item_purchase_floors":[],"current_hp_per_floor":[74,49,42,42,48,54,60,40,40,30,30,36,36,17,41,9,9],"gold":290,"neow_bonus":"THREE_ENEMY_KILL","is_daily":false,"chose_seed":false,"campfire_upgraded":1,"win_rate":0.0,"timestamp":1612611447,"path_taken":["M","?","?","?","M","E","M","E","T","E","R","M","?","E","R","BOSS"],"items_purchased_type":[],"build_version":"2020-12-22","purchased_purges":0,"victory":false,"max_hp_per_floor":[75,75,75,75,75,75,75,82,82,82,82,82,82,82,82,82,82],"relic_stats":{"counters":[9,37],"Sundial":[4],"Gambling Chip":[12],"Juzu Bracelet":1,"obtain_stats":[{"NeowsBlessing":0,"Sundial":9,"Gambling Chip":6,"Strawberry":8,"Vajra":2,"CultistMask":4,"Juzu Bracelet":10,"Burning Blood":0,"TungstenRod":14},{"NeowsBlessing":0,"Sundial":5,"Gambling Chip":3,"Strawberry":5,"Vajra":1,"CultistMask":1,"Juzu Bracelet":6,"Burning Blood":0,"TungstenRod":8},{"NeowsBlessing":0,"Sundial":16,"Gambling Chip":5,"Strawberry":16,"Vajra":1,"CultistMask":1,"Juzu Bracelet":20,"Burning Blood":0,"TungstenRod":30}],"Burning Blood":48,"TungstenRod":4},"card_choices":[{"not_picked":["Twin Strike","Flex"],"picked":"Feel No Pain","floor":1},{"not_picked":["Twin Strike","Hemokinesis"],"picked":"Clothesline","floor":5},{"not_picked":["Searing Blow","Armaments"],"picked":"Shrug It Off","floor":6},{"not_picked":["Burning Pact","Havoc","Clothesline"],"picked":"SKIP","floor":7},{"not_picked":["Armaments","Flex","Shrug It Off"],"picked":"SKIP","floor":8},{"not_picked":["Clash","Warcry"],"picked":"Fiend Fire","floor":10},{"not_picked":["Cleave","Headbutt"],"picked":"Pommel Strike","floor":12},{"not_picked":["Rupture","Power Through"],"picked":"Corruption","floor":14}],"player_experience":128053,"relics_obtained":[{"floor":6,"key":"Gambling Chip"},{"floor":8,"key":"Strawberry"},{"floor":9,"key":"Sundial"},{"floor":10,"key":"Juzu Bracelet"},{"floor":14,"key":"TungstenRod"}],"event_choices":[{"damage_healed":0,"gold_gain":0,"player_choice":"Success","damage_taken":25,"relics_obtained":["Vajra"],"max_hp_gain":0,"max_hp_loss":0,"event_name":"Scrap Ooze","floor":2,"gold_loss":0},{"cards_removed":["Strike_R"],"damage_healed":0,"gold_gain":0,"player_choice":"Card Removal","damage_taken":7,"max_hp_gain":0,"max_hp_loss":0,"event_name":"Golden Wing","floor":3,"gold_loss":0},{"damage_healed":0,"gold_gain":0,"player_choice":"Trade","damage_taken":0,"relics_obtained":["CultistMask"],"max_hp_gain":0,"max_hp_loss":0,"event_name":"FaceTrader","floor":4,"gold_loss":0},{"damage_healed":0,"gold_gain":0,"player_choice":"Ignored","damage_taken":0,"max_hp_gain":0,"max_hp_loss":0,"event_name":"Golden Idol","floor":13,"gold_loss":0}],"is_beta":false,"boss_relics":[],"items_purged_floors":[],"is_endless":false,"potions_floor_spawned":[1,5,8,10,14],"killed_by":"Slime Boss","ascension_level":14}}