{"host":"ecuvtzmejf7hhjpv","time":1612583942,"event":{"mods":["AchievementEnabler","Act Like it!","Aspiration","BaseMod","Better Altar","Better Match","Better Note","Better Sensory Stone","Better Skull","Better Third Choice","BetterRewards","Conspire","Custom Start","Downfall","Gensokyo","GifTheSpireLib","Hallownest","Hermit","Hubris","Kratos Character Expansion","Luminous","Marisa????????","Minty Spire (QoL Compilation)","Prisma Mod","Remilia??????","Replay The Spire","Robot Space Explorer","Spicy Shops","StSLib","The Animator","The Blackbeard","The Bug Knight","The Construct","The Cursed","The Disciple","The Dragon Tamer","The Forsaken","The Hierophant","The Jungle","The Marked","The Necromancer","The Poker Player","The Wild Card","TheSwordswoman"],"gold_per_floor":[119,19,85,113,113,113,151,178,178,232,21,35,59,74,74,211,211,239,188,463,500,511,564,372,372,372,372,372,440,440,440,440,447,447,447],"floor_reached":33,"language":"ENG","playtime":1152,"items_purged":["Regret"],"score":386,"play_id":"4827949f-574f-41f9-a9d7-6fcf03d62969","local_time":"20210205215902","is_ascension_mode":true,"metric_token":2834,"campfire_choices":[{"data":"PokerPlayerMod:ChangeRules","floor":6,"key":"SMITH"},{"floor":15,"key":"DIG"},{"data":"PokerPlayerMod:ClubDance","floor":25,"key":"SMITH"},{"floor":30,"key":"RECALL"},{"data":"PokerPlayerMod:ClubShade","floor":32,"key":"SMITH"}],"circlet_count":0,"master_deck":["PokerPlayerMod:Diamond1","PokerPlayerMod:Diamond2","PokerPlayerMod:Diamond3","PokerPlayerMod:Diamond4","PokerPlayerMod:Diamond5","PokerPlayerMod:Spade1","PokerPlayerMod:Spade2","PokerPlayerMod:Spade3","PokerPlayerMod:Spade4","PokerPlayerMod:Club1","PokerPlayerMod:Club2","PokerPlayerMod:Heart2","PokerPlayerMod:TrumpStrike","PokerPlayerMod:BadJoker+1","PokerPlayerMod:Mulligan","PokerPlayerMod:Harden","PokerPlayerMod:ChangeRules+1","PokerPlayerMod:JackOfSpades+1","PokerPlayerMod:Fold","conspire:SpireCoStock","conspire:SpireCoStock","PokerPlayerMod:Raise","PokerPlayerMod:Diamond7","PokerPlayerMod:DartThrow","PokerPlayerMod:WildCard+1","PokerPlayerMod:Spade10+","PokerPlayerMod:DartThrow","PokerPlayerMod:Heart9","PokerPlayerMod:Club6","PokerPlayerMod:Diamond10+","AbeCurse","PokerPlayerMod:Club5","PokerPlayerMod:DartThrow","PokerPlayerMod:Club5","PokerPlayerMod:ClubDance+1","PokerPlayerMod:DamnStraight","PokerPlayerMod:CardBurn","PokerPlayerMod:ClubShade+1"],"relics":["PokerPlayerMod:DeckCase","Membership Card","conspire:Dentures","conspire:GiftBox","PokerPlayerMod:PendantOfEscape","hubris:AstralHammer","Kunai","Ornamental Fan","conspire:TreasureMap","Replay:Accelerometer","Abe\u0027s Treasure","Onion Ring","Replay:Baseball","War Paint","MutagenicStrength"],"acts_visited":["Exordium","TheCity"],"potions_floor_usage":[7,29,33,33],"damage_taken":[{"damage":0,"enemies":"2 Louse","floor":1,"turns":2},{"damage":0,"enemies":"Small Slimes","floor":3,"turns":3},{"damage":0,"enemies":"Cultist","floor":4,"turns":3},{"damage":0,"enemies":"Gremlin Nob","floor":7,"turns":3},{"damage":10,"enemies":"Looter","floor":8,"turns":3},{"damage":2,"enemies":"3 Sentries","floor":10,"turns":6},{"damage":2,"enemies":"3 Louse","floor":12,"turns":4},{"damage":0,"enemies":"Lots of Slimes","floor":13,"turns":4},{"damage":10,"enemies":"Large Slime","floor":14,"turns":2},{"damage":10,"enemies":"The Guardian","floor":16,"turns":8},{"damage":0,"enemies":"Spheric Guardian","floor":18,"turns":3},{"damage":3,"enemies":"conspire:HollyBat","floor":21,"turns":7},{"damage":10,"enemies":"Cultist and Chosen","floor":22,"turns":4},{"damage":5,"enemies":"conspire:SneckoGhost","floor":23,"turns":5},{"damage":3,"enemies":"HollowMod:Nosk","floor":29,"turns":6},{"damage":60,"enemies":"Automaton","floor":33,"turns":6}],"seed_played":"-3700543136036493212","potions_obtained":[{"floor":4,"key":"Reflective Coating"},{"floor":7,"key":"SkillPotion"},{"floor":8,"key":"SkillPotion"},{"floor":12,"key":"Milkshake"},{"floor":29,"key":"PowerPotion"}],"is_trial":false,"path_per_floor":["M","?","M","M","?","R","E","M","T","E","$","M","M","M","R","B",null,"M","$","?","M","M","E","$","R","T","?","?","E","R","?","R","B"],"character_chosen":"THE_POKER_PLAYER","items_purchased":["Membership Card","PokerPlayerMod:Harden","conspire:Dentures","conspire:GiftBox","PokerPlayerMod:PendantOfEscape","PokerPlayerMod:JackOfSpades+1","PokerPlayerMod:WildCard","PokerPlayerMod:Spade10+","conspire:TreasureMap","PokerPlayerMod:DartThrow","PokerPlayerMod:Club5","PokerPlayerMod:DamnStraight","PokerPlayerMod:CardBurn","Replay:Baseball"],"campfire_rested":0,"item_purchase_floors":[0,0,0,0,0,0,11,11,11,19,19,24,24,24],"current_hp_per_floor":[29,29,31,31,31,31,35,25,25,23,23,24,24,27,27,28,52,52,52,52,49,44,47,47,47,47,47,47,52,52,52,52,0,0,0],"gold":447,"neow_bonus":"","is_daily":false,"chose_seed":false,"campfire_upgraded":3,"win_rate":0.0,"timestamp":1612583942,"path_taken":["M","?","M","M","?","R","E","M","T","E","$","?","M","M","R","BOSS","M","$","?","M","M","E","$","R","T","?","?","E","R","?","R","BOSS"],"items_purchased_type":["Relic","Card","Relic","Relic","Relic","Card","Card","Undefined","Relic","Card","Card","Card","Card","Relic"],"build_version":"2020-12-22","purchased_purges":1,"victory":false,"max_hp_per_floor":[52,52,52,52,52,52,52,52,52,52,52,52,52,52,52,52,52,52,52,52,52,52,52,52,52,52,52,52,52,52,52,52,52,52,52],"card_choices":[{"not_picked":["PokerPlayerMod:Promotion","PokerPlayerMod:FakeSymbols"],"picked":"PokerPlayerMod:ChangeRules","floor":0},{"not_picked":["PokerPlayerMod:Diamond1","PokerPlayerMod:Heart1"],"picked":"PokerPlayerMod:Fold","floor":1},{"not_picked":["PokerPlayerMod:Diamond4","PokerPlayerMod:Overdeal","PokerPlayerMod:Trickery"],"picked":"SKIP","floor":3},{"not_picked":["PokerPlayerMod:Club2","PokerPlayerMod:HeartStrike","PokerPlayerMod:Diamond3"],"picked":"SKIP","floor":4},{"not_picked":["PokerPlayerMod:Diamond3","PokerPlayerMod:Spade6"],"picked":"PokerPlayerMod:Raise","floor":7},{"not_picked":["PokerPlayerMod:Spade4","PokerPlayerMod:Heart2"],"picked":"PokerPlayerMod:Diamond7","floor":8},{"not_picked":["PokerPlayerMod:Raise","PokerPlayerMod:FillThePot"],"picked":"PokerPlayerMod:DartThrow","floor":10},{"not_picked":["PokerPlayerMod:Spade5","PokerPlayerMod:SpadeStrike"],"picked":"PokerPlayerMod:DartThrow","floor":12},{"not_picked":["PokerPlayerMod:Configure","PokerPlayerMod:SpadeStrike"],"picked":"PokerPlayerMod:Heart9","floor":13},{"not_picked":["PokerPlayerMod:Club1","PokerPlayerMod:MagicTrick"],"picked":"PokerPlayerMod:Club6","floor":14},{"not_picked":["PokerPlayerMod:Spade9","PokerPlayerMod:WasteCollection"],"picked":"PokerPlayerMod:Diamond10+","floor":16},{"not_picked":["PokerPlayerMod:ClubsClub","PokerPlayerMod:HotShotCut"],"picked":"PokerPlayerMod:Club5","floor":18},{"not_picked":["PokerPlayerMod:RiskyBet","PokerPlayerMod:ClubStrike+1"],"picked":"PokerPlayerMod:ClubDance","floor":21},{"not_picked":["PokerPlayerMod:Diamond3","PokerPlayerMod:Club1","PokerPlayerMod:Diamond1"],"picked":"SKIP","floor":22},{"not_picked":["PokerPlayerMod:Diamond8","PokerPlayerMod:MagicTrick","PokerPlayerMod:Club2"],"picked":"SKIP","floor":23},{"not_picked":["PokerPlayerMod:SecondChance+1","PokerPlayerMod:Diamond3"],"picked":"PokerPlayerMod:ClubShade","floor":29}],"player_experience":1182256,"relics_obtained":[{"floor":7,"key":"hubris:AstralHammer"},{"floor":9,"key":"Kunai"},{"floor":10,"key":"Ornamental Fan"},{"floor":15,"key":"Replay:Accelerometer"},{"floor":23,"key":"Onion Ring"},{"floor":29,"key":"War Paint"}],"event_choices":[{"damage_healed":0,"gold_gain":0,"player_choice":"Invest 2","damage_taken":0,"max_hp_gain":0,"max_hp_loss":0,"event_name":"conspire:Investor","floor":2,"gold_loss":0},{"damage_healed":0,"gold_gain":0,"player_choice":"Bought 0 Potions","damage_taken":0,"max_hp_gain":0,"max_hp_loss":0,"event_name":"The Woman in Blue","floor":5,"gold_loss":0},{"damage_healed":0,"gold_gain":275,"player_choice":"Desecrate","damage_taken":0,"max_hp_gain":0,"max_hp_loss":0,"event_name":"Golden Shrine","floor":20,"gold_loss":0,"cards_obtained":["Regret"]},{"damage_healed":0,"gold_gain":0,"player_choice":"Got Potions","damage_taken":0,"max_hp_gain":0,"max_hp_loss":0,"event_name":"Lab","floor":27,"gold_loss":0},{"damage_healed":0,"gold_gain":0,"player_choice":"Ignored","damage_taken":0,"max_hp_gain":0,"max_hp_loss":0,"event_name":"betterNote:BetterNote","floor":28,"gold_loss":0,"cards_obtained":["Strike_G"]},{"damage_healed":0,"gold_gain":0,"player_choice":"Inject Mutagens","damage_taken":0,"relics_obtained":["MutagenicStrength"],"max_hp_gain":0,"max_hp_loss":0,"event_name":"Drug Dealer","floor":31,"gold_loss":0}],"is_beta":false,"boss_relics":[{"not_picked":["Replay:Fungal Core","Ectoplasm"],"picked":"Abe\u0027s Treasure"}],"items_purged_floors":[24],"is_endless":false,"potions_floor_spawned":[4,7,8,12,14,16,22,29],"killed_by":"Automaton","ascension_level":1}}