{"host":"timevagabond","time":1612638946,"event":{"mods":["BaseMod","Bestiary","Colored Map","Filter the Spire","Minty Spire (QoL Compilation)"],"gold_per_floor":[18,35,48,59,47,47,64,96,96,106,133,145,145,16,16,16,16],"floor_reached":16,"language":"ENG","playtime":964,"items_purged":["Strike_B"],"score":133,"play_id":"2dce2bc0-14b2-49e4-ac2b-ba7559790087","local_time":"20210206141546","is_ascension_mode":true,"campfire_choices":[{"data":"Genetic Algorithm","floor":6.0,"key":"SMITH"},{"floor":15,"key":"REST"}],"circlet_count":0,"master_deck":["Strike_B","Strike_B","Strike_B","Defend_B","Defend_B","Defend_B","Defend_B","Zap","Dualcast","Beam Cell","Auto Shields","Genetic Algorithm+1","Rebound","Scrape","Genetic Algorithm","Leap","Streamline"],"relics":["Cracked Core","Torii","Girya","Bottled Lightning","Blood Vial","Golden Idol"],"acts_visited":["Exordium"],"potions_floor_usage":[],"damage_taken":[{"damage":0.0,"enemies":"Small Slimes","floor":1.0,"turns":2.0},{"damage":0.0,"enemies":"2 Louse","floor":2.0,"turns":1.0},{"damage":1.0,"enemies":"Jaw Worm","floor":3.0,"turns":3.0},{"damage":8.0,"enemies":"Large Slime","floor":4.0,"turns":7.0},{"damage":7.0,"enemies":"Exordium Thugs","floor":5.0,"turns":5.0},{"damage":6.0,"enemies":"Looter","floor":7.0,"turns":3.0},{"damage":16.0,"enemies":"Lagavulin","floor":8.0,"turns":7.0},{"damage":8.0,"enemies":"Lots of Slimes","floor":10.0,"turns":4.0},{"damage":17,"enemies":"Gremlin Nob","floor":11,"turns":4},{"damage":1,"enemies":"2 Fungi Beasts","floor":12,"turns":4},{"damage":38,"enemies":"Hexaghost","floor":16,"turns":12}],"seed_played":"711547328391089875","potions_obtained":[{"floor":2.0,"key":"BlessingOfTheForge"},{"floor":3.0,"key":"GamblersBrew"},{"floor":4.0,"key":"CultistPotion"},{"floor":7.0,"key":"Dexterity Potion"},{"floor":10.0,"key":"Energy Potion"}],"is_trial":false,"path_per_floor":["M","M","M","M","M","R","M","E","T","M","E","M","?","$","R","B"],"character_chosen":"DEFECT","items_purchased":["Streamline"],"campfire_rested":1,"item_purchase_floors":[14],"current_hp_per_floor":[75,75,74,66,59,59,53,37,37,29,12,13,13,13,33,0,0],"gold":16,"neow_bonus":"ONE_RARE_RELIC","is_daily":false,"chose_seed":false,"campfire_upgraded":1,"win_rate":0.0,"timestamp":1612638946,"path_taken":["M","M","M","M","M","R","M","E","T","M","E","M","?","$","R","BOSS"],"items_purchased_type":["Card"],"build_version":"2020-12-18","purchased_purges":1,"victory":false,"max_hp_per_floor":[75,75,75,75,75,75,75,75,75,75,75,75,69,69,69,69,69],"card_choices":[{"not_picked":["Force Field","White Noise"],"picked":"Beam Cell","floor":1.0},{"not_picked":["Barrage","Coolheaded","Redo"],"picked":"SKIP","floor":2.0},{"not_picked":["Turbo","Steam"],"picked":"Auto Shields","floor":3.0},{"not_picked":["Auto Shields","Capacitor"],"picked":"Genetic Algorithm","floor":4.0},{"not_picked":["Cold Snap","Stack"],"picked":"Rebound","floor":5.0},{"not_picked":["Rebound","Static Discharge","Tempest"],"picked":"SKIP","floor":7.0},{"not_picked":["Rebound","Static Discharge","Tempest"],"picked":"SKIP","floor":7.0},{"not_picked":["Chaos","Compile Driver","Blizzard"],"picked":"SKIP","floor":8.0},{"not_picked":["Compile Driver","Fission"],"picked":"Scrape","floor":10.0},{"not_picked":["Reinforced Body","Beam Cell"],"picked":"Genetic Algorithm","floor":11},{"not_picked":["Ball Lightning","Beam Cell"],"picked":"Leap","floor":12}],"player_experience":199191,"relics_obtained":[{"floor":8.0,"key":"Girya"},{"floor":9.0,"key":"Bottled Lightning"},{"floor":11,"key":"Blood Vial"}],"event_choices":[{"damage_healed":0,"gold_gain":0,"player_choice":"Lose Max HP","damage_taken":0,"relics_obtained":["Golden Idol"],"max_hp_gain":0,"max_hp_loss":6,"event_name":"Golden Idol","floor":13,"gold_loss":0}],"is_beta":true,"boss_relics":[],"items_purged_floors":[14],"is_endless":false,"potions_floor_spawned":[2,3,4,7,10],"killed_by":"Hexaghost","ascension_level":3}}