{"host":"x3688v8yj57o2b0e","time":1612654715,"event":{"mods":["BaseMod","Minty Spire (QoL Compilation)"],"gold_per_floor":[111,123,137,18,33,33,63,129,198,198,218,228,259,274,274,377,377,394,394,411,422,37,72,72,103,126,126,159,159,159],"floor_reached":29,"language":"ENG","playtime":1483,"items_purged":[],"score":362,"play_id":"cc1ca11f-04b2-4b71-aebe-cd2e58b8e728","local_time":"20210206183835","is_ascension_mode":true,"campfire_choices":[{"data":"SandsOfTime","floor":6,"key":"SMITH"},{"data":"Vigilance","floor":10,"key":"SMITH"},{"data":"EmptyFist","floor":15,"key":"SMITH"},{"data":"Ragnarok","floor":27,"key":"SMITH"}],"circlet_count":0,"master_deck":["Strike_P","Strike_P","Strike_P+1","Strike_P","Defend_P","Defend_P","Defend_P","Defend_P","Eruption","Vigilance+1","ClearTheMind","Crescendo","EmptyBody","SandsOfTime+1","Study","EmptyFist+1","CutThroughFate+1","Wallop","BowlingBash","Tantrum","Prostrate","LessonLearned","FlurryOfBlows","Wallop","WheelKick+1","Protect+1","Ragnarok+1","JustLucky","ClearTheMind+1","Protect"],"relics":["Snecko Eye","Unceasing Top","Kunai","Akabeko","Philosopher\u0027s Stone","Meat on the Bone","Toy Ornithopter","Centennial Puzzle","Boot","Eternal Feather"],"acts_visited":["Exordium","TheCity"],"potions_floor_usage":[16,16,20,20,23,23,25,28],"damage_taken":[{"damage":0,"enemies":"2 Louse","floor":1,"turns":3},{"damage":1,"enemies":"Jaw Worm","floor":2,"turns":2},{"damage":8,"enemies":"Cultist","floor":3,"turns":4},{"damage":8,"enemies":"2 Fungi Beasts","floor":5,"turns":3},{"damage":8,"enemies":"Gremlin Nob","floor":7,"turns":3},{"damage":0,"enemies":"Large Slime","floor":11,"turns":2},{"damage":0,"enemies":"Lots of Slimes","floor":12,"turns":2},{"damage":9,"enemies":"Lagavulin","floor":13,"turns":6},{"damage":0,"enemies":"2 Fungi Beasts","floor":14,"turns":1},{"damage":0,"enemies":"Slime Boss","floor":16,"turns":1},{"damage":0,"enemies":"Spheric Guardian","floor":18,"turns":2},{"damage":16,"enemies":"Shell Parasite","floor":20,"turns":4},{"damage":0,"enemies":"Snake Plant","floor":21,"turns":1},{"damage":29,"enemies":"Book of Stabbing","floor":23,"turns":3},{"damage":31,"enemies":"Gremlin Leader","floor":25,"turns":3},{"damage":24,"enemies":"Book of Stabbing","floor":28,"turns":4},{"damage":18,"enemies":"Sentry and Sphere","floor":29,"turns":3}],"seed_played":"1016079251842090894","potions_obtained":[{"floor":5,"key":"EntropicBrew"},{"floor":11,"key":"AttackPotion"},{"floor":12,"key":"Dexterity Potion"},{"floor":13,"key":"Fire Potion"},{"floor":18,"key":"SteroidPotion"},{"floor":21,"key":"BlessingOfTheForge"},{"floor":24,"key":"FearPotion"},{"floor":24,"key":"LiquidBronze"},{"floor":28,"key":"Explosive Potion"}],"is_trial":false,"path_per_floor":["M","M","M","$","M","R","E","?","T","R","M","M","E","M","R","B",null,"M","?","M","M","$","E","?","E","T","R","E","M"],"character_chosen":"WATCHER","items_purchased":["SandsOfTime","Study","Meat on the Bone","Ragnarok"],"campfire_rested":0,"item_purchase_floors":[4,4,22,22],"current_hp_per_floor":[72,71,63,63,55,55,47,47,47,47,47,47,38,38,38,38,72,72,72,56,56,56,39,39,25,25,25,18,0,0],"gold":159,"neow_bonus":"BOSS_RELIC","is_daily":false,"chose_seed":false,"campfire_upgraded":4,"win_rate":0.0,"timestamp":1612654715,"path_taken":["M","M","M","$","M","R","E","?","T","R","M","M","E","M","R","BOSS","M","?","M","M","$","E","?","E","T","R","E","?"],"items_purchased_type":["Card","Card","Relic","Card"],"build_version":"2020-12-22","purchased_purges":0,"victory":false,"max_hp_per_floor":[72,72,72,72,72,72,72,72,72,72,72,72,72,72,72,72,72,72,72,72,72,72,72,72,72,72,72,72,72,72],"card_choices":[{"not_picked":["FlyingSleeves","PathToVictory"],"picked":"ClearTheMind","floor":1},{"not_picked":["FollowUp","CrushJoints"],"picked":"Crescendo","floor":2},{"not_picked":["DeceiveReality","Pray"],"picked":"EmptyBody","floor":3},{"not_picked":["Conclude","WaveOfTheHand"],"picked":"EmptyFist","floor":5},{"not_picked":["InnerPeace","Wireheading"],"picked":"CutThroughFate","floor":7},{"not_picked":["ClearTheMind","Adaptation"],"picked":"Wallop","floor":11},{"not_picked":["Protect","WreathOfFlame"],"picked":"BowlingBash","floor":12},{"not_picked":["Protect","Perseverance"],"picked":"Tantrum","floor":13},{"not_picked":["Alpha","Evaluate"],"picked":"Prostrate","floor":14},{"not_picked":["SpiritShield","ConjureBlade"],"picked":"LessonLearned","floor":16},{"not_picked":["ClearTheMind","FlurryOfBlows","JustLucky"],"picked":"SKIP","floor":18},{"not_picked":["ClearTheMind","JustLucky"],"picked":"FlurryOfBlows","floor":18},{"not_picked":["Protect","BowlingBash"],"picked":"WheelKick+1","floor":20},{"not_picked":["Adaptation","Crescendo+1"],"picked":"Protect+1","floor":21},{"not_picked":["Fasting2+1","InnerPeace"],"picked":"JustLucky","floor":23},{"not_picked":["ThirdEye","CrushJoints"],"picked":"ClearTheMind+1","floor":25},{"not_picked":["LikeWater","Conclude"],"picked":"Protect","floor":28}],"player_experience":195490,"relics_obtained":[{"floor":7,"key":"Unceasing Top"},{"floor":9,"key":"Kunai"},{"floor":13,"key":"Akabeko"},{"floor":23,"key":"Toy Ornithopter"},{"floor":25,"key":"Centennial Puzzle"},{"floor":26,"key":"Boot"},{"floor":28,"key":"Eternal Feather"}],"event_choices":[{"damage_healed":0,"gold_gain":66,"player_choice":"Gained Gold","damage_taken":0,"max_hp_gain":0,"max_hp_loss":0,"event_name":"Golden Wing","floor":8,"gold_loss":0},{"damage_healed":0,"gold_gain":0,"player_choice":"Read","damage_taken":0,"max_hp_gain":0,"max_hp_loss":0,"event_name":"The Library","floor":19,"gold_loss":0,"cards_obtained":["Wallop"]},{"damage_healed":0,"gold_gain":0,"player_choice":"Got Potions","damage_taken":0,"max_hp_gain":0,"max_hp_loss":0,"event_name":"Lab","floor":24,"gold_loss":0}],"is_beta":false,"boss_relics":[{"not_picked":["Calling Bell","Empty Cage"],"picked":"Philosopher\u0027s Stone"}],"items_purged_floors":[],"is_endless":false,"potions_floor_spawned":[5,11,12,13,14,18,21,28],"killed_by":"Sentry and Sphere","ascension_level":1}}