{"host":"q5twaoo3ngmfp14g","time":1612574378,"event":{"mods":["AchievementEnabler","BaseMod","Minty Spire (QoL Compilation)","Relic Stats","StSLib"],"gold_per_floor":[115,133,151,34,34,34,62,62,62,97,114,21,47,63,63,136,136,149,168,93,93,105,105,105],"floor_reached":23,"language":"ENG","playtime":767,"items_purged":[],"score":485,"play_id":"179af7c5-9324-47cf-a17e-1d7373aeea92","local_time":"20210206021938","is_ascension_mode":true,"campfire_choices":[{"data":"Sunder","floor":6.0,"key":"SMITH"},{"data":"Capacitor","floor":8.0,"key":"SMITH"},{"floor":15,"key":"REST"}],"circlet_count":0,"master_deck":["AscendersBane","Defend_B","Defend_B","Defend_B","Defend_B","Zap","Dualcast","Electrodynamics","Ball Lightning","Ball Lightning","Capacitor+1","Sunder+1","All For One","Auto Shields","Leap","Self Repair","Coolheaded","Cold Snap","Seek","Conserve Battery","Turbo","Bite","Bite","Bite","Bite","Bite","Biased Cognition"],"relics":["Cracked Core","Darkstone Periapt","Potion Belt","Thread and Needle","Gremlin Horn","Black Star"],"acts_visited":["Exordium","TheCity"],"potions_floor_usage":[22],"damage_taken":[{"damage":1.0,"enemies":"Cultist","floor":1.0,"turns":4.0},{"damage":3.0,"enemies":"2 Louse","floor":2.0,"turns":2.0},{"damage":9.0,"enemies":"Jaw Worm","floor":3.0,"turns":3.0},{"damage":8.0,"enemies":"Gremlin Nob","floor":7.0,"turns":3.0},{"damage":15.0,"enemies":"Lagavulin","floor":10.0,"turns":5.0},{"damage":4.0,"enemies":"Blue Slaver","floor":11.0,"turns":3.0},{"damage":0.0,"enemies":"Gremlin Nob","floor":13.0,"turns":2.0},{"damage":0,"enemies":"Looter","floor":14,"turns":4},{"damage":12,"enemies":"The Guardian","floor":16,"turns":13},{"damage":21,"enemies":"Spheric Guardian","floor":18,"turns":6},{"damage":12,"enemies":"3 Byrds","floor":19,"turns":3},{"damage":45,"enemies":"3 Cultists","floor":22,"turns":6},{"damage":15,"enemies":"Snake Plant","floor":23,"turns":1}],"seed_played":"1871540403916760794","potions_obtained":[{"floor":1.0,"key":"Strength Potion"},{"floor":2.0,"key":"SpeedPotion"},{"floor":7.0,"key":"EntropicBrew"},{"floor":13.0,"key":"SteroidPotion"},{"floor":19,"key":"BlessingOfTheForge"}],"is_trial":false,"path_per_floor":["M","M","M","$","?","R","E","R","T","E","M","$","E","M","R","B",null,"M","M","?","?","M","M"],"character_chosen":"DEFECT","items_purchased":["Capacitor","Sunder","Self Repair","AttackPotion"],"campfire_rested":1,"item_purchase_floors":[4,4,12,12],"current_hp_per_floor":[45,42,33,33,33,33,25,25,25,10,6,6,13,20,41,36,62,48,43,43,43,12,0,0],"gold":105,"neow_bonus":"THREE_RARE_CARDS","is_daily":false,"chose_seed":false,"campfire_upgraded":2,"win_rate":0.0,"timestamp":1612574378,"path_taken":["M","M","M","?","?","R","E","R","T","E","M","$","E","?","R","BOSS","M","M","?","?","M","M"],"items_purchased_type":["Card","Card","Card","Potion"],"build_version":"2020-12-22","purchased_purges":0,"victory":false,"max_hp_per_floor":[71,71,71,71,71,71,71,71,71,71,71,71,71,71,71,71,71,71,71,71,49,49,49,49],"relic_stats":{"Darkstone Periapt":0,"Gremlin Horn":[2,2],"counters":[13,55],"Black Star":0,"obtain_stats":[{"Darkstone Periapt":7,"Potion Belt":9,"Gremlin Horn":13,"Thread and Needle":10,"Black Star":17,"Cracked Core":0},{"Darkstone Periapt":4,"Potion Belt":4,"Gremlin Horn":7,"Thread and Needle":5,"Black Star":9,"Cracked Core":0},{"Darkstone Periapt":12,"Potion Belt":12,"Gremlin Horn":22,"Thread and Needle":17,"Black Star":39,"Cracked Core":0}]},"card_choices":[{"not_picked":["Seek","Multi-Cast"],"picked":"Electrodynamics","floor":0.0},{"not_picked":["Storm","Gash"],"picked":"Ball Lightning","floor":1.0},{"not_picked":["Fusion","Reprogram"],"picked":"Ball Lightning","floor":2.0},{"not_picked":["Stack","Double Energy","Steam"],"picked":"SKIP","floor":3.0},{"not_picked":["Steam","Sunder"],"picked":"All For One","floor":7.0},{"not_picked":["Rip and Tear","Steam"],"picked":"Auto Shields","floor":10.0},{"not_picked":["Hologram","BootSequence"],"picked":"Leap","floor":11.0},{"not_picked":["Gash","Reinforced Body"],"picked":"Coolheaded","floor":13.0},{"not_picked":["Sweeping Beam","Stack"],"picked":"Cold Snap","floor":14},{"not_picked":["Rainbow","Machine Learning"],"picked":"Seek","floor":16},{"not_picked":["BootSequence","Static Discharge+1"],"picked":"Conserve Battery","floor":18},{"not_picked":["Go for the Eyes","Beam Cell"],"picked":"Turbo","floor":19},{"not_picked":["Leap","Reinforced Body"],"picked":"Biased Cognition","floor":22}],"player_experience":814309,"relics_obtained":[{"floor":7.0,"key":"Darkstone Periapt"},{"floor":9.0,"key":"Potion Belt"},{"floor":10.0,"key":"Thread and Needle"},{"floor":13.0,"key":"Gremlin Horn"}],"event_choices":[{"cards_removed":["Strike_B"],"damage_healed":0.0,"max_hp_gain":0.0,"max_hp_loss":0.0,"gold_gain":0.0,"event_name":"Purifier","player_choice":"Purged","floor":5.0,"gold_loss":0.0,"damage_taken":0.0},{"cards_removed":["Strike_B"],"damage_healed":0,"gold_gain":0,"player_choice":"Gave Gold","damage_taken":0,"max_hp_gain":0,"max_hp_loss":0,"event_name":"Beggar","floor":20,"gold_loss":75},{"damage_healed":0,"gold_gain":0,"player_choice":"Became a vampire","damage_taken":0,"max_hp_gain":0,"max_hp_loss":22,"event_name":"Vampires","floor":21,"gold_loss":0,"cards_obtained":["Bite","Bite","Bite","Bite","Bite"]}],"is_beta":false,"boss_relics":[{"not_picked":["Cursed Key","Fusion Hammer"],"picked":"Black Star"}],"items_purged_floors":[],"is_endless":false,"potions_floor_spawned":[1,2,7,13,19],"killed_by":"Snake Plant","ascension_level":19}}