{"host":"p8f0otjoacyb9giz","time":1612599134,"event":{"mods":["AchievementEnabler","BaseMod","Downfall","Minty Spire (QoL Compilation)","StSLib"],"gold_per_floor":[99,99,117,135,135,168,194,213,233,233,233,233],"floor_reached":10,"language":"ENG","playtime":461,"items_purged":[],"score":107,"play_id":"27a21d01-a52b-4d98-92b0-509e16090729","local_time":"20210206111214","is_ascension_mode":true,"campfire_choices":[{"data":"sneckomod:SerpentMind","floor":1.0,"key":"SMITH"}],"circlet_count":0,"master_deck":["sneckomod:TailWhip","sneckomod:SnekBite","sneckomod:Unknown","sneckomod:Unknown","sneckomod:UnknownStrike","sneckomod:UnknownStrike","sneckomod:ImprovisedGuard","sneckomod:UnknownCommonAttack","sneckomod:SerpentMind+1","sneckomod:SoulExchange"],"relics":["Pandora\u0027s Box","Lantern"],"acts_visited":["Exordium"],"potions_floor_usage":[],"damage_taken":[{"damage":15.0,"enemies":"Jaw Worm","floor":3.0,"turns":3.0},{"damage":10.0,"enemies":"Cultist","floor":4.0,"turns":3.0},{"damage":37.0,"enemies":"3 Sentries","floor":6.0,"turns":7.0},{"damage":0.0,"enemies":"2 Louse","floor":8.0,"turns":2.0},{"damage":0.0,"enemies":"Large Slime","floor":9.0,"turns":1.0},{"damage":32,"enemies":"Gremlin Nob","floor":10,"turns":3}],"seed_played":"-7007077986027795954","potions_obtained":[{"floor":6.0,"key":"Ancient Potion"}],"is_trial":false,"path_per_floor":["R","?","M","M","?","E","T","M","M","E"],"character_chosen":"THE_SNECKO","items_purchased":[],"campfire_rested":0,"item_purchase_floors":[],"current_hp_per_floor":[90,90,75,65,65,28,28,28,28,0,0,0],"gold":233,"neow_bonus":"BOSS_RELIC","is_daily":false,"chose_seed":false,"campfire_upgraded":1,"win_rate":0.0,"timestamp":1612599134,"path_taken":["R","?","M","M","?","E","T","M","M","E"],"items_purchased_type":[],"build_version":"2020-12-22","purchased_purges":0,"victory":false,"max_hp_per_floor":[90,90,90,90,90,90,90,90,90,90,90,90],"card_choices":[{"not_picked":["sneckomod:UnknownVulnerable","sneckomod:DefensiveFlair","sneckomod:SoulRoll"],"picked":"SKIP","floor":3.0},{"not_picked":["sneckomod:DiceBlock","sneckomod:UnknownDexterity","sneckomod:SoulCleanse"],"picked":"SKIP","floor":4.0},{"not_picked":["sneckomod:UnknownRareAttack","sneckomod:RainOfDice","sneckomod:SoulDraw"],"picked":"SKIP","floor":6.0},{"not_picked":["sneckomod:TrashToTreasure","sneckomod:IronFang","sneckomod:SoulDraw"],"picked":"SKIP","floor":8.0},{"not_picked":["sneckomod:UnknownDexterity","sneckomod:UnknownDraw","sneckomod:Unknown1Cost"],"picked":"SKIP","floor":9.0}],"player_experience":446419,"relics_obtained":[{"floor":6.0,"key":"Lantern"}],"event_choices":[],"is_beta":false,"boss_relics":[],"items_purged_floors":[],"is_endless":false,"potions_floor_spawned":[4,6],"killed_by":"Gremlin Nob","ascension_level":3}}