{"host":"sc0o2qwpf9j16a4i","time":1612632296,"event":{"mods":["AchievementEnabler","BaseMod","BetterRewards","Block Reminder","Colored Map","Colored Powertips","Custom Start","Highlight Path","Minty Spire (QoL Compilation)","Relic Stats"],"gold_per_floor":[116,18,28,45,45,75,91,91,91,118,131,131,141,168,168,272,272,283,299,299,299,319,351,385,385,385,418,428,428,457,457,457,555,555,569,569,569,36,53,88,104,104,157,157,211,223,250,261,261,261],"floor_reached":51,"language":"ENG","playtime":2090,"items_purged":[],"score":1205,"play_id":"864d3adc-bd5f-4dcd-84a7-470c3a447eab","local_time":"20210206192456","daily_mods":["Insanity","Vintage","Night Terrors"],"is_ascension_mode":false,"campfire_choices":[{"data":"Hologram","floor":8,"key":"SMITH"},{"data":"Beam Cell","floor":15,"key":"SMITH"},{"data":"Defragment","floor":25,"key":"SMITH"},{"data":"Loop","floor":29,"key":"SMITH"},{"data":"Go for the Eyes","floor":32,"key":"SMITH"},{"data":"Skim","floor":42,"key":"SMITH"},{"data":"Steam Power","floor":44,"key":"SMITH"},{"data":"Hologram","floor":49,"key":"SMITH"}],"circlet_count":0,"master_deck":["Steam Power+1","White Noise","Reprogram","Static Discharge+1","Aggregate+1","Glacier","Barrage","Auto Shields","Barrage","Sweeping Beam","Glacier+1","Compile Driver","Genetic Algorithm","Conserve Battery","Hologram","Redo","Self Repair","Stack+1","Hologram+1","Leap","Compile Driver","Rebound","Sweeping Beam","Defragment+1","Rebound","Skim+1","Ball Lightning","Streamline","Ball Lightning","Beam Cell+1","Streamline","Turbo","Rebound","Cold Snap","Redo","Stack","White Noise","Aggregate","Go for the Eyes+1","Coolheaded","Stack","Streamline","Beam Cell","Ball Lightning","Steam Power","Rebound","Hologram+1","Cold Snap","Beam Cell","Hologram","Loop+1","Lockon+1","Buffer+1","Capacitor+1","Streamline","Rebound+1","Barrage","Lockon+1","Biased Cognition+1","Glacier","Go for the Eyes","Beam Cell","Cold Snap+1"],"relics":["Cracked Core","DataDisk","Emotion Chip","Potion Belt","MealTicket","Matryoshka","Bag of Marbles","Pantograph","WingedGreaves","Boot","Art of War","Frozen Egg 2","Philosopher\u0027s Stone","War Paint","Dream Catcher","Lizard Tail","FossilizedHelix","StrikeDummy","Vajra","The Courier","Sundial","Strawberry","Meat on the Bone","MutagenicStrength","Busted Crown","Whetstone","Bronze Scales","Bottled Lightning","Orichalcum","Question Card","Ancient Tea Set","InkBottle","Nunchaku","Dead Branch","Bottled Tornado","Singing Bowl","Ornamental Fan"],"acts_visited":["Exordium","TheCity","TheBeyond"],"potions_floor_usage":[7,14,14,16,22,28,30,33,39,39,39,39,40,50,50,50,50],"damage_taken":[{"damage":0,"enemies":"2 Louse","floor":1,"turns":3},{"damage":0,"enemies":"Small Slimes","floor":3,"turns":3},{"damage":7,"enemies":"Jaw Worm","floor":4,"turns":3},{"damage":0,"enemies":"Lagavulin","floor":6,"turns":4},{"damage":0,"enemies":"3 Louse","floor":7,"turns":1},{"damage":0,"enemies":"3 Sentries","floor":10,"turns":7},{"damage":0,"enemies":"Looter","floor":11,"turns":3},{"damage":0,"enemies":"Red Slaver","floor":13,"turns":3},{"damage":0,"enemies":"Gremlin Nob","floor":14,"turns":1},{"damage":7,"enemies":"Slime Boss","floor":16,"turns":7},{"damage":0,"enemies":"Chosen","floor":18,"turns":4},{"damage":2,"enemies":"2 Thieves","floor":19,"turns":4},{"damage":3,"enemies":"Snake Plant","floor":22,"turns":3},{"damage":8,"enemies":"Gremlin Leader","floor":23,"turns":4},{"damage":14,"enemies":"Book of Stabbing","floor":24,"turns":4},{"damage":14,"enemies":"Gremlin Leader","floor":27,"turns":6},{"damage":7,"enemies":"Shelled Parasite and Fungi","floor":28,"turns":6},{"damage":14,"enemies":"Slavers","floor":30,"turns":4},{"damage":0,"enemies":"Champ","floor":33,"turns":8},{"damage":0,"enemies":"Orb Walker","floor":35,"turns":2},{"damage":0,"enemies":"3 Darklings","floor":39,"turns":3},{"damage":8,"enemies":"Nemesis","floor":40,"turns":3},{"damage":0,"enemies":"4 Shapes","floor":41,"turns":6},{"damage":0,"enemies":"2 Orb Walkers","floor":45,"turns":3},{"damage":0,"enemies":"Spire Growth","floor":46,"turns":3},{"damage":0,"enemies":"Reptomancer","floor":47,"turns":3},{"damage":0,"enemies":"Transient","floor":48,"turns":5},{"damage":0,"enemies":"Donu and Deca","floor":50,"turns":10}],"seed_played":"-6364388829593626548","potions_obtained":[{"floor":1,"key":"SteroidPotion"},{"floor":4,"key":"Fruit Juice"},{"floor":7,"key":"DuplicationPotion"},{"floor":14,"key":"Swift Potion"},{"floor":16,"key":"Strength Potion"},{"floor":19,"key":"DistilledChaos"},{"floor":22,"key":"Weak Potion"},{"floor":28,"key":"Energy Potion"},{"floor":33,"key":"EntropicBrew"},{"floor":39,"key":"ColorlessPotion"},{"floor":41,"key":"PowerPotion"},{"floor":48,"key":"PotionOfCapacity"}],"is_trial":true,"path_per_floor":["M","$","M","M","?","E","M","R","T","E","M","?","M","E","R","B",null,"M","M","?","?","M","E","E","R","T","E","M","R","E","?","R","B",null,"M","?","?","$","M","E","M","R","T","R","?","M","E","M","R","B",null],"character_chosen":"DEFECT","items_purchased":["Beam Cell","Explosive Potion","Glacier","Bronze Scales","Bottled Lightning","Orichalcum","Go for the Eyes"],"campfire_rested":0,"item_purchase_floors":[2,2,38,38,38,38,38],"current_hp_per_floor":[75,75,75,75,75,75,75,75,75,75,75,60,60,60,60,75,75,75,73,73,73,70,62,55,55,55,55,62,62,55,55,55,82,82,82,78,78,78,83,75,75,75,75,75,82,83,85,85,85,85],"gold":261,"neow_bonus":"","is_daily":false,"chose_seed":false,"campfire_upgraded":8,"win_rate":0.0,"timestamp":1612632296,"path_taken":["M","?","?","M","?","E","M","R","T","E","?","?","M","E","R","BOSS","M","M","?","?","?","E","E","R","T","E","M","R","E","?","R","BOSS","M","?","?","$","M","E","?","R","T","R","?","M","E","M","R","BOSS"],"items_purchased_type":["Card","Potion","Card","Relic","Relic","Relic","Card"],"build_version":"2020-12-22","purchased_purges":0,"victory":true,"max_hp_per_floor":[75,75,75,75,75,75,75,75,75,75,75,75,75,75,75,75,75,75,75,75,75,75,75,75,75,75,75,82,82,82,82,82,82,82,82,78,78,78,83,83,83,83,83,83,83,83,85,85,85,85],"relic_stats":{"Singing Bowl":2,"counters":[28,116],"Dead Branch":[20],"Whetstone":["Lockon","Rebound"],"War Paint":["Glacier","Aggregate"],"Orichalcum":[42],"Boot":[46],"Question Card":3,"Emotion Chip":[38,23,15,0,0],"Dream Catcher":0,"Lizard Tail":0,"Nunchaku":[7],"Busted Crown":6,"Sundial":[0],"Ornamental Fan":[28],"Pantograph":40,"Bronze Scales":[84],"MealTicket":0,"Art of War":[15],"obtain_stats":[{"Singing Bowl":47,"Vajra":26,"Whetstone":35,"Bottled Tornado":46,"Boot":11,"Ancient Tea Set":40,"Emotion Chip":3,"Dream Catcher":19,"Lizard Tail":22,"Nunchaku":43,"Matryoshka":7,"Sundial":27,"Pantograph":9,"Strawberry":28,"MealTicket":6,"Philosopher\u0027s Stone":17,"WingedGreaves":10,"Cracked Core":0,"InkBottle":41,"Potion Belt":4,"Dead Branch":45,"The Courier":26,"Frozen Egg 2":14,"War Paint":18,"Orichalcum":38,"Question Card":39,"DataDisk":1,"Busted Crown":34,"Ornamental Fan":48,"MutagenicStrength":31,"Bronze Scales":38,"Bag of Marbles":9,"Art of War":13,"Bottled Lightning":38,"StrikeDummy":24,"FossilizedHelix":23,"Meat on the Bone":30},{"Singing Bowl":26,"Vajra":15,"Whetstone":20,"Bottled Tornado":25,"Boot":7,"Ancient Tea Set":22,"Emotion Chip":2,"Dream Catcher":12,"Lizard Tail":13,"Nunchaku":23,"Matryoshka":5,"Sundial":16,"Pantograph":5,"Strawberry":17,"MealTicket":4,"Philosopher\u0027s Stone":10,"WingedGreaves":6,"Cracked Core":0,"InkBottle":23,"Potion Belt":3,"Dead Branch":24,"The Courier":15,"Frozen Egg 2":9,"War Paint":11,"Orichalcum":20,"Question Card":21,"DataDisk":1,"Busted Crown":19,"Ornamental Fan":27,"MutagenicStrength":18,"Bronze Scales":20,"Bag of Marbles":5,"Art of War":8,"Bottled Lightning":20,"StrikeDummy":15,"FossilizedHelix":14,"Meat on the Bone":18},{"Singing Bowl":101,"Vajra":54,"Whetstone":80,"Bottled Tornado":98,"Boot":24,"Ancient Tea Set":86,"Emotion Chip":6,"Dream Catcher":43,"Lizard Tail":46,"Nunchaku":92,"Matryoshka":14,"Sundial":60,"Pantograph":14,"Strawberry":66,"MealTicket":13,"Philosopher\u0027s Stone":35,"WingedGreaves":21,"Cracked Core":0,"InkBottle":92,"Potion Belt":9,"Dead Branch":95,"The Courier":54,"Frozen Egg 2":28,"War Paint":39,"Orichalcum":80,"Question Card":83,"DataDisk":3,"Busted Crown":78,"Ornamental Fan":106,"MutagenicStrength":70,"Bronze Scales":80,"Bag of Marbles":14,"Art of War":27,"Bottled Lightning":80,"StrikeDummy":54,"FossilizedHelix":50,"Meat on the Bone":70}],"InkBottle":[17],"Meat on the Bone":0},"card_choices":[{"not_picked":["Rebound","Cold Snap"],"picked":"Hologram","floor":6},{"not_picked":["Melter","Meteor Strike"],"picked":"Loop","floor":10},{"not_picked":["Leap","Go for the Eyes"],"picked":"Lockon","floor":14},{"not_picked":["Meteor Strike","All For One"],"picked":"Buffer+1","floor":16},{"not_picked":["Sweeping Beam","Turbo+1"],"picked":"Streamline","floor":23},{"not_picked":["Beam Cell","Reprogram"],"picked":"Rebound","floor":24},{"not_picked":["Redo","Gash"],"picked":"Barrage","floor":27},{"not_picked":["Hyperbeam","Doom and Gloom"],"picked":"Lockon+1","floor":30},{"not_picked":["Buffer+1","Multi-Cast"],"picked":"Biased Cognition+1","floor":33},{"not_picked":["Steam+1"],"picked":"Beam Cell","floor":40},{"not_picked":["Beam Cell"],"picked":"Cold Snap+1","floor":45},{"not_picked":["Steam+1","Multi-Cast"],"picked":"Singing Bowl","floor":47}],"player_experience":1236832,"relics_obtained":[{"floor":1,"key":"DataDisk"},{"floor":3,"key":"Emotion Chip"},{"floor":4,"key":"Potion Belt"},{"floor":6,"key":"MealTicket"},{"floor":7,"key":"Matryoshka"},{"floor":9,"key":"Bag of Marbles"},{"floor":9,"key":"Pantograph"},{"floor":10,"key":"WingedGreaves"},{"floor":11,"key":"Boot"},{"floor":13,"key":"Art of War"},{"floor":14,"key":"Frozen Egg 2"},{"floor":18,"key":"War Paint"},{"floor":19,"key":"Dream Catcher"},{"floor":22,"key":"Lizard Tail"},{"floor":23,"key":"FossilizedHelix"},{"floor":24,"key":"StrikeDummy"},{"floor":26,"key":"Vajra"},{"floor":26,"key":"The Courier"},{"floor":27,"key":"Sundial"},{"floor":28,"key":"Strawberry"},{"floor":30,"key":"Meat on the Bone"},{"floor":35,"key":"Whetstone"},{"floor":39,"key":"Question Card"},{"floor":40,"key":"Ancient Tea Set"},{"floor":41,"key":"InkBottle"},{"floor":43,"key":"Nunchaku"},{"floor":45,"key":"Dead Branch"},{"floor":46,"key":"Bottled Tornado"},{"floor":47,"key":"Singing Bowl"},{"floor":48,"key":"Ornamental Fan"}],"event_choices":[{"cards_removed":["Gash"],"damage_healed":0,"gold_gain":0,"player_choice":"Purged","damage_taken":0,"max_hp_gain":0,"max_hp_loss":0,"event_name":"Purifier","floor":5,"gold_loss":0},{"damage_healed":0,"gold_gain":0,"player_choice":"Entered Light","damage_taken":15,"max_hp_gain":0,"max_hp_loss":0,"event_name":"Shining Light","floor":12,"gold_loss":0,"cards_upgraded":["Static Discharge","Stack"]},{"damage_healed":0,"gold_gain":0,"player_choice":"Read","damage_taken":0,"max_hp_gain":0,"max_hp_loss":0,"event_name":"The Library","floor":20,"gold_loss":0,"cards_obtained":["Capacitor"]},{"damage_healed":0,"gold_gain":0,"player_choice":"Ignored","damage_taken":0,"max_hp_gain":0,"max_hp_loss":0,"event_name":"NoteForYourself","floor":21,"gold_loss":0},{"damage_healed":0,"gold_gain":0,"player_choice":"Inject Mutagens","damage_taken":0,"relics_obtained":["MutagenicStrength"],"max_hp_gain":0,"max_hp_loss":0,"event_name":"Drug Dealer","floor":31,"gold_loss":0},{"damage_healed":0,"gold_gain":0,"player_choice":"Max HP","damage_taken":0,"max_hp_gain":0,"max_hp_loss":4,"event_name":"Winding Halls","floor":36,"gold_loss":0},{"cards_removed":["Tempest"],"damage_healed":0,"gold_gain":0,"player_choice":"Offered Uncommon","damage_taken":0,"max_hp_gain":0,"max_hp_loss":0,"event_name":"Bonfire Elementals","floor":37,"gold_loss":0},{"damage_healed":0,"gold_gain":0,"player_choice":"Fight","damage_taken":0,"max_hp_gain":0,"max_hp_loss":0,"event_name":"Mysterious Sphere","floor":45,"gold_loss":0}],"is_beta":false,"boss_relics":[{"not_picked":["Astrolabe","Velvet Choker"],"picked":"Philosopher\u0027s Stone"},{"not_picked":["Runic Pyramid","Sozu"],"picked":"Busted Crown"}],"items_purged_floors":[],"is_endless":false,"potions_floor_spawned":[1,4,7,14,16,19,22,28,33,39,41,48],"ascension_level":0}}