{"host":"6r3ioyv75hs1gp74","time":1612575351,"event":{"mods":["AchievementEnabler","Act Like it!","BaseMod","Better Sensory Stone","Better Third Choice","Block Reminder","Colored Map","Colored Powertips","Curses Come First","Minty Spire (QoL Compilation)","StSLib"],"gold_per_floor":[117,128,128,143,0,41,60,60,84,103,137,137,160,173,173,303,303,328,328,351,351,364,364,395,418,445,445,445,16,55,76,76,76,76],"floor_reached":33,"language":"ENG","playtime":2161,"items_purged":["Strike_B","Pain"],"score":374,"play_id":"a2562120-2163-418f-8720-90bd3af8079d","local_time":"20210206013551","is_ascension_mode":true,"campfire_choices":[{"floor":8,"key":"REST"},{"floor":12,"key":"REST"},{"data":"Fusion","floor":15,"key":"SMITH"},{"floor":23,"key":"REST"},{"floor":28,"key":"REST"},{"data":"Biased Cognition","floor":32,"key":"SMITH"}],"circlet_count":0,"master_deck":["Strike_B","Strike_B","Strike_B","Defend_B","Defend_B","Defend_B","Defend_B","Zap","Dualcast+1","Chaos","Coolheaded","Reboot","Conserve Battery","Streamline","Biased Cognition+1","Beam Cell","Ball Lightning","Fusion+1","Hologram","Beam Cell","Rebound","Loop+1","White Noise+1","Sunder","Blizzard+1","Leap","Sunder","Ball Lightning","Hologram+1"],"relics":["Black Star","Golden Idol","Potion Belt","Ancient Tea Set","Orichalcum","Blood Vial","Vajra","Nuclear Battery","PreservedInsect","Pocketwatch","War Paint","WarpedTongs","Symbiotic Virus","Question Card","Thread and Needle"],"acts_visited":["Exordium","TheCity"],"potions_floor_usage":[6,14,16,20,20,22,22,22,22,25,30,33],"damage_taken":[{"damage":9,"enemies":"2 Louse","floor":1,"turns":3},{"damage":7,"enemies":"Jaw Worm","floor":2,"turns":3},{"damage":2,"enemies":"Cultist","floor":4,"turns":4},{"damage":19,"enemies":"3 Sentries","floor":6,"turns":12},{"damage":3,"enemies":"Large Slime","floor":7,"turns":7},{"damage":23,"enemies":"Gremlin Gang","floor":10,"turns":5},{"damage":15,"enemies":"Lagavulin","floor":11,"turns":6},{"damage":6,"enemies":"Blue Slaver","floor":13,"turns":3},{"damage":0,"enemies":"Lots of Slimes","floor":14,"turns":1},{"damage":20,"enemies":"Slime Boss","floor":16,"turns":10},{"damage":16,"enemies":"Shell Parasite","floor":18,"turns":7},{"damage":11,"enemies":"Spheric Guardian","floor":20,"turns":4},{"damage":42,"enemies":"Shelled Parasite and Fungi","floor":22,"turns":5},{"damage":9,"enemies":"Gremlin Leader","floor":24,"turns":7},{"damage":29,"enemies":"Snake Plant","floor":25,"turns":3},{"damage":14,"enemies":"Slavers","floor":30,"turns":3},{"damage":2,"enemies":"Snecko","floor":31,"turns":5},{"damage":40,"enemies":"Automaton","floor":33,"turns":6}],"seed_played":"-1007464974007190179","potions_obtained":[{"floor":1,"key":"SkillPotion"},{"floor":7,"key":"GamblersBrew"},{"floor":11,"key":"Explosive Potion"},{"floor":16,"key":"LiquidBronze"},{"floor":18,"key":"PowerPotion"},{"floor":19,"key":"PotionOfCapacity"},{"floor":19,"key":"PowerPotion"},{"floor":19,"key":"EntropicBrew"},{"floor":30,"key":"AttackPotion"}],"is_trial":false,"path_per_floor":["M","M","?","M","$","E","M","R","T","M","E","R","M","M","R","B",null,"M","?","M","?","M","R","E","M","T","?","R","$","E","M","R","B"],"character_chosen":"DEFECT","items_purchased":["Conserve Battery","Streamline","Symbiotic Virus","Leap","Sunder"],"campfire_rested":4,"item_purchase_floors":[5,5,29,29,29],"current_hp_per_floor":[66,59,59,57,57,38,35,55,55,32,17,37,33,35,35,17,56,42,42,33,79,37,60,53,26,26,26,49,49,37,37,37,0,0],"gold":76,"neow_bonus":"BOSS_RELIC","is_daily":false,"chose_seed":false,"campfire_upgraded":2,"win_rate":0.0,"timestamp":1612575351,"path_taken":["M","M","?","M","$","E","M","R","T","M","E","R","M","M","R","BOSS","M","?","?","?","?","R","E","M","T","?","R","$","E","?","R","BOSS"],"items_purchased_type":["Card","Card","Relic","Card","Card"],"build_version":"2020-12-22","purchased_purges":2,"victory":false,"max_hp_per_floor":[75,75,69,69,69,69,69,69,69,69,69,69,69,69,69,69,69,69,69,69,79,79,79,79,79,79,79,79,79,79,79,79,79,79],"card_choices":[{"not_picked":["Turbo","Rebound"],"picked":"Chaos","floor":1},{"not_picked":["Hologram","Beam Cell"],"picked":"Coolheaded","floor":2},{"not_picked":["Double Energy","Streamline"],"picked":"Reboot","floor":4},{"not_picked":["Coolheaded","Cold Snap"],"picked":"Biased Cognition","floor":6},{"not_picked":["Go for the Eyes","Force Field"],"picked":"Beam Cell","floor":7},{"not_picked":["Stack","Streamline"],"picked":"Ball Lightning","floor":10},{"not_picked":["Leap","Consume"],"picked":"Fusion","floor":11},{"not_picked":["Leap","Gash"],"picked":"Hologram","floor":13},{"not_picked":["Barrage","Redo"],"picked":"Beam Cell","floor":14},{"not_picked":["Creative AI","Hyperbeam"],"picked":"Amplify","floor":16},{"not_picked":["Leap","Double Energy"],"picked":"Rebound","floor":18},{"not_picked":["Aggregate","Barrage"],"picked":"Loop+1","floor":20},{"not_picked":["Doom and Gloom+1","Turbo+1"],"picked":"White Noise","floor":22},{"not_picked":["Gash","Cold Snap+1"],"picked":"Sunder","floor":24},{"not_picked":["Redo","Sweeping Beam"],"picked":"Blizzard+1","floor":25},{"not_picked":["Coolheaded+1","Sunder"],"picked":"Ball Lightning","floor":30},{"not_picked":["Leap","BootSequence","Hello World"],"picked":"Hologram+1","floor":31}],"player_experience":145069,"relics_obtained":[{"floor":6,"key":"Potion Belt"},{"floor":6,"key":"Ancient Tea Set"},{"floor":9,"key":"Orichalcum"},{"floor":11,"key":"Blood Vial"},{"floor":11,"key":"Vajra"},{"floor":24,"key":"PreservedInsect"},{"floor":24,"key":"Pocketwatch"},{"floor":26,"key":"War Paint"},{"floor":30,"key":"Question Card"},{"floor":30,"key":"Thread and Needle"}],"event_choices":[{"damage_healed":0,"gold_gain":0,"player_choice":"Lose Max HP","damage_taken":0,"relics_obtained":["Golden Idol"],"max_hp_gain":0,"max_hp_loss":6,"event_name":"Golden Idol","floor":3,"gold_loss":0},{"damage_healed":0,"gold_gain":0,"player_choice":"Got Potions","damage_taken":0,"max_hp_gain":0,"max_hp_loss":0,"event_name":"Lab","floor":19,"gold_loss":0},{"cards_removed":["Amplify"],"damage_healed":36,"gold_gain":0,"player_choice":"Offered Rare","damage_taken":0,"max_hp_gain":10,"max_hp_loss":0,"event_name":"Bonfire Elementals","floor":21,"gold_loss":0},{"damage_healed":0,"gold_gain":0,"player_choice":"Rummage","damage_taken":0,"relics_obtained":["WarpedTongs"],"max_hp_gain":0,"max_hp_loss":0,"event_name":"Accursed Blacksmith","floor":27,"gold_loss":0,"cards_obtained":["Pain"]}],"is_beta":false,"boss_relics":[{"not_picked":["Cursed Key","Tiny House"],"picked":"Nuclear Battery"}],"items_purged_floors":[5,29],"is_endless":false,"potions_floor_spawned":[1,7,11,16,18,30],"killed_by":"Automaton","ascension_level":5}}