{"host":"mijx6czmnk03eucy","time":1612654155,"event":{"mods":["Aspiration","BaseMod","Better Altar","Better Skull","Better Third Choice","Better-Laid Plans","BetterRewards","Bossed Relics","Challenge The Spire","Colored Map","Colored Powertips","Conspire","Curses Come First","Debug Mod","Disable Question Mark Monsters","Displayed Cursed Tome","Energized Spire","Evolution","Force Act Four","Fox Events","GifTheSpireLib","Googly Eyes","Hermit","Highlight Path","Hubris","Infinite Spire","Jedi Mod","JesterMod","Mimic Mod","Minty Spire (QoL Compilation)","Quick Restart","Rare Cards Sparkle","Relic Filter","Relic Stats","Reliquary","Replay The Spire","SacredBarkPlus","Spicy Shops","Spire Arcade","StS++","StSLib","Stuff the Spire","The Blue Laboratory","The Jungle","Uncapped","Wandering Minibosses","Wide Potions"],"gold_per_floor":[118,168,188,188,206,206,231,249,249,260,272,272,272,222,222,323,323,339,339],"floor_reached":18,"language":"ENG","playtime":3598,"items_purged":[],"score":214,"play_id":"80926128-6d33-4663-b856-01cae21913c1","local_time":"20210206232915","is_ascension_mode":false,"campfire_choices":[{"data":"hermit:Quickdraw","floor":6,"key":"SMITH"},{"floor":13,"key":"REST"},{"data":"hermit:Quickdraw","floor":15,"key":"SMITH"}],"circlet_count":0,"master_deck":["hermit:Desperado","conspire:GhostlyStrike","conspire:GhostlyStrike","conspire:GhostlyStrike","conspire:GhostlyDefend","conspire:GhostlyDefend","conspire:GhostlyDefend","conspire:GhostlyDefend","hermit:Snapshot","hermit:Covet","hermit:Quickdraw+1","hermit:Quickdraw+1","hermit:GhostlyPresence","hermit:Ricochet","hermit:Headshot","hermit:WideOpen","hermit:Vantage","hermit:CursedWeapon"],"relics":["hermit:Momento","EVO:Axolotl","reliquary:Stiletto","reliquary:TatteredRug","Singing Bowl","Ring of Searing","ReplayTheSpireMod:Ring of Addiction","Toy Ornithopter","Chameleon Ring","Pandora\u0027s Box"],"acts_visited":["Exordium","TheCity"],"potions_floor_usage":[10],"damage_taken":[{"damage":2,"enemies":"Small Slimes","floor":1,"turns":4},{"damage":0,"enemies":"2 Louse","floor":3,"turns":2},{"damage":0,"enemies":"Jaw Worm","floor":5,"turns":2},{"damage":20,"enemies":"Gremlin Nob","floor":7,"turns":4},{"damage":17,"enemies":"Large Slime","floor":8,"turns":6},{"damage":0,"enemies":"3 Louse","floor":10,"turns":1},{"damage":5,"enemies":"Blue Slaver","floor":11,"turns":3},{"damage":30,"enemies":"The Guardian","floor":16,"turns":7},{"damage":10,"enemies":"Chosen","floor":18,"turns":3}],"seed_played":"2396566739774384225","potions_obtained":[{"floor":1,"key":"Explosive Potion"},{"floor":2,"key":"jedi:holywater"},{"floor":11,"key":"blueLaboratory:BottleOfVodka"},{"floor":12,"key":"blueLaboratory:PolymorphPotion"},{"floor":12,"key":"blueLaboratory:BottleOfVodka"},{"floor":12,"key":"Death Potion"},{"floor":16,"key":"Toxic Potion"}],"is_trial":false,"path_per_floor":["M","?","M","?","M","R","E","M","T","M","M","?","R","?","R","B",null,"M"],"character_chosen":"HERMIT","items_purchased":[],"campfire_rested":1,"item_purchase_floors":[],"current_hp_per_floor":[66,66,66,66,66,66,46,29,29,31,26,26,53,53,53,25,91,81,81],"gold":339,"neow_bonus":"TWENTY_PERCENT_HP_BONUS","is_daily":false,"chose_seed":false,"campfire_upgraded":2,"win_rate":0.0,"timestamp":1612654155,"path_taken":["M","?","M","?","M","R","E","?","T","M","M","?","R","?","R","BOSS","M"],"items_purchased_type":[],"build_version":"2020-12-22","purchased_purges":0,"victory":false,"max_hp_per_floor":[89,89,89,89,89,89,89,89,89,91,91,91,91,91,91,91,91,91,91],"relic_stats":{"Singing Bowl":4,"counters":[9,32],"Pandora\u0027s Box":[],"obtain_stats":[{"Chameleon Ring":12,"Singing Bowl":9,"ReplayTheSpireMod:Ring of Addiction":12,"Pandora\u0027s Box":17,"reliquary:Stiletto":2,"reliquary:TatteredRug":7,"EVO:Axolotl":0,"hermit:Momento":0,"Toy Ornithopter":12,"Ring of Searing":12},{"Chameleon Ring":7,"Singing Bowl":5,"ReplayTheSpireMod:Ring of Addiction":7,"Pandora\u0027s Box":8,"reliquary:Stiletto":1,"reliquary:TatteredRug":4,"EVO:Axolotl":0,"hermit:Momento":0,"Toy Ornithopter":7,"Ring of Searing":7},{"Chameleon Ring":22,"Singing Bowl":18,"ReplayTheSpireMod:Ring of Addiction":22,"Pandora\u0027s Box":29,"reliquary:Stiletto":4,"reliquary:TatteredRug":12,"EVO:Axolotl":0,"hermit:Momento":0,"Toy Ornithopter":22,"Ring of Searing":22}],"Toy Ornithopter":0},"card_choices":[{"not_picked":["hermit:Roulette","hermit:Virtue"],"picked":"hermit:Quickdraw","floor":1},{"not_picked":["hermit:Ricochet","hermit:Manifest"],"picked":"hermit:Quickdraw","floor":2},{"not_picked":["hermit:Midnight","hermit:EyeOfTheStorm"],"picked":"hermit:GhostlyPresence","floor":2},{"not_picked":["hermit:WideOpen","hermit:LowProfile"],"picked":"hermit:Ricochet","floor":3},{"not_picked":["hermit:Virtue","hermit:Desperado"],"picked":"hermit:Headshot","floor":5},{"not_picked":["hermit:Midnight","hermit:ItchyTrigger","hermit:SprayPray"],"picked":"SKIP","floor":7},{"not_picked":["hermit:ShadowCloak","hermit:Virtue"],"picked":"hermit:WideOpen","floor":8},{"not_picked":["hermit:Coalescence","hermit:Misfire","hermit:Headshot"],"picked":"Singing Bowl","floor":10},{"not_picked":["hermit:HoleUp","hermit:SprayPray"],"picked":"hermit:Vantage","floor":11},{"not_picked":["hermit:Adapt","hermit:Dissolve","hermit:Gambit"],"picked":"Singing Bowl","floor":16},{"not_picked":["hermit:Vantage","hermit:Quickdraw"],"picked":"hermit:CursedWeapon","floor":18}],"player_experience":753642,"relics_obtained":[{"floor":2,"key":"reliquary:Stiletto"},{"floor":7,"key":"reliquary:TatteredRug"},{"floor":9,"key":"Singing Bowl"},{"floor":12,"key":"Ring of Searing"},{"floor":12,"key":"ReplayTheSpireMod:Ring of Addiction"},{"floor":12,"key":"Toy Ornithopter"},{"floor":12,"key":"Chameleon Ring"}],"event_choices":[{"damage_healed":0,"gold_gain":0,"player_choice":"Agree","damage_taken":0,"max_hp_gain":0,"max_hp_loss":0,"event_name":"conspire:LoneGhost","floor":4,"gold_loss":0},{"cards_removed":["Normality"],"damage_healed":0,"gold_gain":0,"player_choice":"Card Removal","damage_taken":0,"max_hp_gain":0,"max_hp_loss":0,"event_name":"The Cleric","floor":14,"gold_loss":50}],"is_beta":false,"boss_relics":[{"not_picked":["conspire:RunicOctahedron","Replay:Drink Me"],"picked":"Pandora\u0027s Box"}],"items_purged_floors":[],"is_endless":false,"potions_floor_spawned":[1,11,16],"killed_by":"Chosen","ascension_level":0}}