{"host":"vyjryxuuuxkt43k4","time":1612610845,"event":{"mods":["AchievementEnabler","BaseMod","Colored Map","DeckTracker","Highlight Path","Keyboard Shortcuts","Minty Spire (QoL Compilation)","Permanent Neow","Quick Restart","Relic Stats","StSLib","SuperFastMode","everything is the same but u backflip on backflip"],"gold_per_floor":[116,133,48,62,62,62,91,91,91,126,51,51,51,65,65,65,65],"floor_reached":16,"language":"KOR","playtime":527,"items_purged":[],"score":205,"play_id":"ab160d37-df28-4d02-89b5-c814fe6e3c5f","local_time":"20210206202725","is_ascension_mode":true,"campfire_choices":[{"data":"Eruption","floor":6,"key":"SMITH"},{"data":"EmptyFist","floor":8,"key":"SMITH"},{"floor":13,"key":"REST"},{"floor":15,"key":"REST"}],"circlet_count":0,"master_deck":["AscendersBane","Strike_P","Defend_P","Defend_P","Defend_P","Eruption+1","Vigilance","EmptyFist+1","TalkToTheHand","CutThroughFate","Scrawl","Meditate"],"relics":["Empty Cage","Pear","Bottled Flame","Nunchaku"],"acts_visited":["Exordium"],"potions_floor_usage":[10],"damage_taken":[{"damage":5,"enemies":"Small Slimes","floor":1,"turns":4},{"damage":16,"enemies":"2 Louse","floor":2,"turns":5},{"damage":2,"enemies":"Jaw Worm","floor":4,"turns":4},{"damage":2,"enemies":"Gremlin Nob","floor":7,"turns":3},{"damage":24,"enemies":"Lagavulin","floor":10,"turns":7},{"damage":37,"enemies":"Gremlin Gang","floor":14,"turns":3},{"damage":27,"enemies":"The Guardian","floor":16,"turns":12}],"seed_played":"6153571789202544663","potions_obtained":[{"floor":2,"key":"SpeedPotion"},{"floor":14,"key":"Ancient Potion"}],"is_trial":false,"path_per_floor":["M","M","$","M","?","R","E","R","T","E","?","$","R","M","R","B"],"character_chosen":"WATCHER","items_purchased":["TalkToTheHand"],"campfire_rested":2,"item_purchase_floors":[3],"current_hp_per_floor":[56,40,40,38,31,31,39,39,39,15,15,15,38,1,24,0,0],"gold":65,"neow_bonus":"BOSS_RELIC","is_daily":false,"chose_seed":false,"campfire_upgraded":2,"win_rate":0.0,"timestamp":1612610845,"path_taken":["M","M","$","M","?","R","E","R","T","E","?","$","R","M","R","BOSS"],"items_purchased_type":["Card"],"build_version":"2020-12-22","purchased_purges":0,"victory":false,"max_hp_per_floor":[68,68,68,68,68,68,78,78,78,78,78,78,78,78,78,78,78],"relic_stats":{"Nunchaku":[2],"counters":[7,38],"obtain_stats":[{"Bottled Flame":9,"Nunchaku":10,"Pear":7,"PureWater":0,"Empty Cage":0},{"Bottled Flame":4,"Nunchaku":5,"Pear":4,"PureWater":0,"Empty Cage":0},{"Bottled Flame":16,"Nunchaku":23,"Pear":16,"PureWater":0,"Empty Cage":0}]},"card_choices":[{"not_picked":["FlyingSleeves","Prostrate","Protect"],"picked":"SKIP","floor":1},{"not_picked":["Fasting2","Evaluate"],"picked":"EmptyFist","floor":2},{"not_picked":["Weave","EmptyFist"],"picked":"CutThroughFate","floor":4},{"not_picked":["PathToVictory","FlyingSleeves"],"picked":"Scrawl","floor":7},{"not_picked":["CarveReality","Prostrate","BowlingBash"],"picked":"SKIP","floor":10},{"not_picked":["EmptyFist","TalkToTheHand"],"picked":"Meditate","floor":14}],"player_experience":797887,"relics_obtained":[{"floor":7,"key":"Pear"},{"floor":9,"key":"Bottled Flame"},{"floor":10,"key":"Nunchaku"}],"event_choices":[{"cards_removed":["Defend_P"],"damage_healed":0,"gold_gain":0,"player_choice":"Card Removal","damage_taken":7,"max_hp_gain":0,"max_hp_loss":0,"event_name":"Golden Wing","floor":5,"gold_loss":0},{"cards_removed":["Strike_P"],"damage_healed":0,"gold_gain":0,"player_choice":"Card Removal","damage_taken":0,"max_hp_gain":0,"max_hp_loss":0,"event_name":"The Cleric","floor":11,"gold_loss":75}],"is_beta":false,"boss_relics":[],"items_purged_floors":[],"is_endless":false,"potions_floor_spawned":[2,14],"killed_by":"The Guardian","ascension_level":18}}