{"host":"rylkjufw9dlhr07b","time":1612616088,"event":{"mods":["AchievementEnabler","BaseMod","Better Note","BetterRewards","Hubris","Minty Spire (QoL Compilation)","Quick Restart","StSLib"],"gold_per_floor":[117,117,131,131,151,151,176,176,176,176,214,226,313,363,375,486,498,530,542,569,597,630,642,673,685,697,734,746,783,811,218,218,314,314,330,343,362,362,393,393,95,95,122,122,156,165,197,226,226,226],"floor_reached":51,"language":"FRA","playtime":5997,"items_purged":["Injury"],"score":1736,"play_id":"21e5a9b5-d912-48f8-ba44-0311b09c5c14","local_time":"20210206135448","is_ascension_mode":true,"campfire_choices":[{"floor":6,"key":"REST"},{"data":"Wild Strike","floor":8,"key":"SMITH"},{"data":"Iron Wave","floor":15,"key":"SMITH"},{"data":"Armaments","floor":23,"key":"SMITH"},{"data":"Chrysalis","floor":32,"key":"SMITH"},{"data":"Feed","floor":40,"key":"SMITH"},{"data":"Madness","floor":44,"key":"SMITH"},{"floor":49,"key":"REST"}],"circlet_count":0,"master_deck":["AscendersBane","Strike_R","Strike_R","Strike_R","Strike_R","Strike_R","Defend_R","Defend_R","Defend_R","Defend_R","Bash","Fire Breathing+1","Flash of Steel","Swift Strike","Iron Wave+1","Clash","Clash","Wild Strike+1","Shrug It Off","Clash","hubris:StunningStrike","Wild Strike","Iron Wave+1","Armaments+1","Sword Boomerang","Sword Boomerang","Armaments+1","Clash","Pummel","Swift Strike","Chrysalis+1","Feed+1","Searing Blow","Heavy Blade","Madness","Madness+1","Spot Weakness+1","Pain","Injury","Pommel Strike+1","Writhe","Flame Barrier+1","Evolve"],"relics":["Burning Blood","FossilizedHelix","Mercury Hourglass","Bird Faced Urn","Brimstone","hubris:TenFootPole","Turnip","Golden Idol","Vajra","MawBank","Odd Mushroom","Cursed Key","Meat on the Bone","Blood Vial","SacredBark","Thread and Needle","Potion Belt","WarpedTongs","CeramicFish","Pocketwatch"],"acts_visited":["Exordium","TheCity","TheBeyond"],"potions_floor_usage":[11,16,21,33,36,37,47],"damage_taken":[{"damage":5,"enemies":"Small Slimes","floor":1,"turns":3},{"damage":0,"enemies":"2 Louse","floor":3,"turns":2},{"damage":0,"enemies":"Jaw Worm","floor":5,"turns":3},{"damage":0,"enemies":"Large Slime","floor":7,"turns":4},{"damage":0,"enemies":"Gremlin Nob","floor":11,"turns":1},{"damage":0,"enemies":"The Mushroom Lair","floor":14,"turns":2},{"damage":53,"enemies":"Hexaghost","floor":16,"turns":6},{"damage":0,"enemies":"Shell Parasite","floor":18,"turns":2},{"damage":26,"enemies":"3 Byrds","floor":20,"turns":4},{"damage":0,"enemies":"Shelled Parasite and Fungi","floor":21,"turns":4},{"damage":7,"enemies":"3 Cultists","floor":22,"turns":4},{"damage":0,"enemies":"Cultist and Chosen","floor":24,"turns":4},{"damage":0,"enemies":"Centurion and Healer","floor":27,"turns":3},{"damage":0,"enemies":"Snecko","floor":29,"turns":3},{"damage":27,"enemies":"Chosen and Byrds","floor":30,"turns":4},{"damage":33,"enemies":"hubris:MusketHawk","floor":33,"turns":7},{"damage":13,"enemies":"3 Shapes","floor":35,"turns":7},{"damage":11,"enemies":"3 Darklings","floor":36,"turns":4},{"damage":0,"enemies":"Jaw Worm Horde","floor":37,"turns":3},{"damage":0,"enemies":"Mind Bloom Boss Battle","floor":39,"turns":5},{"damage":14,"enemies":"Maw","floor":45,"turns":7},{"damage":36,"enemies":"Sphere and 2 Shapes","floor":47,"turns":7},{"damage":9,"enemies":"Transient","floor":48,"turns":6},{"damage":37,"enemies":"hubris:GrandSnecko","floor":50,"turns":11}],"seed_played":"-193736737617587886","potions_obtained":[{"floor":3,"key":"SteroidPotion"},{"floor":5,"key":"CultistPotion"},{"floor":16,"key":"Regen Potion"},{"floor":20,"key":"Explosive Potion"},{"floor":24,"key":"BlessingOfTheForge"},{"floor":33,"key":"Block Potion"},{"floor":35,"key":"ColorlessPotion"},{"floor":37,"key":"SteroidPotion"},{"floor":47,"key":"FairyPotion"},{"floor":48,"key":"SteroidPotion"}],"is_trial":false,"path_per_floor":["M","?","M","?","M","R","M","R","T","?","E","$","?","?","R","B",null,"M","?","M","M","M","R","M","?","T","M","?","M","M","$","R","B",null,"M","M","M","?","?","R","$","?","T","R","M","T","M","M","R","B",null],"character_chosen":"IRONCLAD","items_purchased":["FossilizedHelix","Fire Breathing","Mercury Hourglass","Bird Faced Urn","Flash of Steel","Brimstone","hubris:TenFootPole","Turnip","Swift Strike","DistilledChaos","Blood Vial","Pummel","Swift Strike","Chrysalis","Potion Belt","DuplicationPotion","SkillPotion"],"campfire_rested":2,"item_purchase_floors":[0,0,0,0,0,0,0,0,0,0,31,31,31,31,41,41,41],"current_hp_per_floor":[22,22,28,31,39,62,70,70,70,70,76,76,71,78,78,31,66,72,72,54,60,59,59,67,67,67,73,88,88,67,67,67,59,81,81,78,86,78,89,89,89,89,89,89,83,83,59,58,87,60],"gold":226,"neow_bonus":"","is_daily":false,"chose_seed":false,"campfire_upgraded":6,"win_rate":0.0,"timestamp":1612616088,"path_taken":["M","?","M","?","M","R","M","R","T","?","E","$","?","?","R","BOSS","M","?","M","?","M","R","M","?","T","?","?","M","M","$","R","BOSS","M","M","M","?","?","R","$","?","T","R","?","?","M","M","R","BOSS"],"items_purchased_type":["Relic","Card","Relic","Relic","Card","Relic","Relic","Relic","Card","Potion","Relic","Card","Card","Card","Relic","Potion","Potion"],"build_version":"2020-12-22","purchased_purges":1,"victory":true,"max_hp_per_floor":[75,75,75,78,78,78,78,78,78,78,78,78,78,78,78,78,78,78,78,78,78,78,78,78,78,78,78,88,88,88,88,88,88,88,91,91,91,91,94,94,94,94,94,94,94,94,98,98,98,98],"card_choices":[{"not_picked":["True Grit","Intimidate"],"picked":"Iron Wave","floor":1},{"not_picked":["Searing Blow","Seeing Red"],"picked":"Clash","floor":3},{"not_picked":["Seeing Red","Whirlwind"],"picked":"Clash","floor":5},{"not_picked":["Sword Boomerang","Dual Wield"],"picked":"Wild Strike","floor":7},{"not_picked":["Bludgeon","Dual Wield"],"picked":"Shrug It Off","floor":11},{"not_picked":["Rupture","Reckless Charge"],"picked":"Clash","floor":14},{"not_picked":["Immolate","Berserk"],"picked":"hubris:StunningStrike","floor":16},{"not_picked":["Clothesline","Second Wind"],"picked":"Wild Strike","floor":18},{"not_picked":["Shrug It Off","Clash"],"picked":"Armaments","floor":20},{"not_picked":["Twin Strike","Wild Strike"],"picked":"Sword Boomerang","floor":21},{"not_picked":["Body Slam","Hemokinesis","Dual Wield"],"picked":"SKIP","floor":22},{"not_picked":["Feel No Pain","Second Wind"],"picked":"Sword Boomerang","floor":24},{"not_picked":["hubris:SharpeningStone","Dark Embrace"],"picked":"hubris:StunningStrike","floor":27},{"not_picked":["Flex+1","Reckless Charge"],"picked":"Armaments+1","floor":29},{"not_picked":["Armaments","Sentinel"],"picked":"Clash","floor":30},{"not_picked":["Immolate","Brutality"],"picked":"Feed","floor":33},{"not_picked":["Rage+1","Headbutt","Reckless Charge"],"picked":"SKIP","floor":35},{"not_picked":["Clash","Sentinel"],"picked":"Searing Blow","floor":36},{"not_picked":["Headbutt","Metallicize"],"picked":"Heavy Blade","floor":37},{"not_picked":["Anger","Searing Blow"],"picked":"Spot Weakness+1","floor":39},{"not_picked":["Body Slam","Ghostly Armor"],"picked":"Pommel Strike+1","floor":45},{"not_picked":["Sentinel","Twin Strike"],"picked":"Flame Barrier+1","floor":47},{"not_picked":["Twin Strike","Havoc"],"picked":"Evolve","floor":48}],"player_experience":574404,"relics_obtained":[{"floor":9,"key":"Vajra"},{"floor":11,"key":"MawBank"},{"floor":14,"key":"Odd Mushroom"},{"floor":26,"key":"Meat on the Bone"},{"floor":39,"key":"Thread and Needle"},{"floor":43,"key":"CeramicFish"},{"floor":46,"key":"Pocketwatch"}],"event_choices":[{"damage_healed":0,"gold_gain":0,"player_choice":"Take Wound","damage_taken":0,"relics_obtained":["Golden Idol"],"max_hp_gain":0,"max_hp_loss":0,"event_name":"Golden Idol","floor":2,"gold_loss":0,"cards_obtained":["Injury"]},{"damage_healed":0,"gold_gain":0,"player_choice":"Grow","damage_taken":0,"max_hp_gain":0,"max_hp_loss":0,"event_name":"Living Wall","floor":10,"gold_loss":0,"cards_upgraded":["Fire Breathing"]},{"damage_healed":0,"gold_gain":75,"player_choice":"Gather Gold","damage_taken":11,"max_hp_gain":0,"max_hp_loss":0,"event_name":"World of Goop","floor":13,"gold_loss":0},{"damage_healed":0,"gold_gain":0,"player_choice":"Fought Mushrooms","damage_taken":0,"max_hp_gain":0,"max_hp_loss":0,"event_name":"Mushrooms","floor":14,"gold_loss":0},{"damage_healed":0,"gold_gain":0,"player_choice":"Copied","damage_taken":0,"max_hp_gain":0,"max_hp_loss":0,"event_name":"Duplicator","floor":19,"gold_loss":0,"cards_obtained":["Iron Wave"]},{"cards_removed":["Injury"],"damage_healed":0,"gold_gain":0,"player_choice":"Removed Curses","damage_taken":0,"max_hp_gain":0,"max_hp_loss":0,"event_name":"Fountain of Cleansing","floor":25,"gold_loss":0},{"cards_removed":["hubris:StunningStrike"],"damage_healed":5,"gold_gain":0,"player_choice":"Offered Rare","damage_taken":0,"max_hp_gain":10,"max_hp_loss":0,"event_name":"Bonfire Elementals","floor":28,"gold_loss":0},{"damage_healed":0,"gold_gain":0,"player_choice":"Embrace Madness","damage_taken":16,"max_hp_gain":0,"max_hp_loss":0,"event_name":"Winding Halls","floor":38,"gold_loss":0,"cards_obtained":["Madness","Madness"]},{"damage_healed":0,"gold_gain":0,"player_choice":"Fight","damage_taken":0,"max_hp_gain":0,"max_hp_loss":0,"event_name":"MindBloom","floor":39,"gold_loss":0},{"damage_healed":0,"gold_gain":0,"player_choice":"Rummage","damage_taken":0,"relics_obtained":["WarpedTongs"],"max_hp_gain":0,"max_hp_loss":0,"event_name":"Accursed Blacksmith","floor":42,"gold_loss":0,"cards_obtained":["Pain"]}],"is_beta":false,"boss_relics":[{"not_picked":["hubris:GrandSneckoEye","Snecko Eye"],"picked":"Cursed Key"},{"not_picked":["Velvet Choker","hubris:Stopwatch"],"picked":"SacredBark"}],"items_purged_floors":[31],"is_endless":false,"potions_floor_spawned":[3,5,16,20,24,27,30,33,35,37,47,48],"ascension_level":19}}