{"host":"81h68oe4mr04pk3r","time":1612603424,"event":{"mods":["Act Like it!","Aspiration","BaseMod","BetterRewards","Colored Map","Colored Powertips","Conspire","Downfall","Gensokyo","Hallownest","Hermit","Hubris","Infinite Spire","Jorbs\u0027s Wanderer Trilogy","Koishi","Lobotomy","LobotomyExtend","Marisa????????","Minty Spire (QoL Compilation)","Quick Restart","Reimu??????","Remilia??????","StSLib","The Bug Knight","The Construct","The Cursed","The Disciple","The Servant 0.9.4"],"gold_per_floor":[114,132,49,63,63,63,82,99,99,112,31,46,46,58,58,58,58],"floor_reached":16,"language":"ENG","playtime":993,"items_purged":[],"score":96,"play_id":"6c407220-6ec9-42e1-8c30-e698dcf33518","local_time":"20210206012344","is_ascension_mode":false,"campfire_choices":[{"data":"HollowMod:ShadowDash","floor":6,"key":"SMITH"},{"floor":15,"key":"REST"}],"circlet_count":0,"master_deck":["HollowMod:NailStrikeStart","HollowMod:NailStrikeStart","HollowMod:NailStrikeStart","HollowMod:NailStrikeStart","HollowMod:QuickDashStart","HollowMod:QuickDashStart","HollowMod:QuickDashStart","HollowMod:QuickDashStart","HollowMod:FocusHealStart","HollowMod:PogoStrike","Forethought","HollowMod:FastStrike","HollowMod:SoulStrike","HollowMod:GreatSlash","HollowMod:ShadowDash+1","HollowMod:ChannelNail","HollowMod:VengefulVoid","HollowMod:ShadowDash","HollowMod:VengefulSpirit","HollowMod:CloakDash","HollowMod:ShadowDash","HollowMod:DesolateDive"],"relics":["HollowMod:VesselMask","LetterFromLob","Meat on the Bone"],"acts_visited":["Gensokyo:Gensokyo"],"potions_floor_usage":[16,16],"damage_taken":[{"damage":6,"enemies":"Gensokyo:2_Kodama","floor":1,"turns":4},{"damage":0,"enemies":"Gensokyo:3_Fairies","floor":2,"turns":4},{"damage":2,"enemies":"Gensokyo:Gryphon","floor":4,"turns":3},{"damage":2,"enemies":"Gensokyo:Kitsune","floor":7,"turns":3},{"damage":23,"enemies":"Gensokyo:Gryphon_and_Rabbit","floor":8,"turns":4},{"damage":9,"enemies":"Gensokyo:5_Fairies","floor":10,"turns":3},{"damage":0,"enemies":"Gensokyo:LivingMonolith","floor":12,"turns":3},{"damage":10,"enemies":"Gensokyo:VengefulSpirit","floor":14,"turns":4},{"damage":75,"enemies":"Gensokyo:Yukari","floor":16,"turns":13}],"seed_played":"-969180155400881039","potions_obtained":[{"floor":2,"key":"DuplicationPotion"},{"floor":10,"key":"Energy Potion"}],"is_trial":false,"path_per_floor":["M","M","$","M","?","R","M","M","T","M","$","M","?","M","R","B"],"character_chosen":"THE_BUGKNIGHT","items_purchased":["HollowMod:GreatSlash","HollowMod:ShadowDash","HollowMod:VengefulSpirit","HollowMod:CloakDash"],"campfire_rested":1,"item_purchase_floors":[3,3,11,11],"current_hp_per_floor":[75,75,75,73,73,73,71,48,48,39,39,39,39,41,63,0,0],"gold":58,"neow_bonus":"RANDOM_COLORLESS","is_daily":false,"chose_seed":false,"campfire_upgraded":1,"win_rate":0.0,"timestamp":1612603424,"path_taken":["M","M","$","M","?","R","M","M","T","M","$","M","?","M","R","BOSS"],"items_purchased_type":["Card","Card","Card","Card"],"build_version":"2020-12-22","purchased_purges":0,"victory":false,"max_hp_per_floor":[75,75,75,75,75,75,75,75,75,75,75,75,75,75,75,75,75],"card_choices":[{"not_picked":["Deep Breath","Enlightenment"],"picked":"Forethought","floor":0},{"not_picked":["HollowMod:SiblingsSouls","HollowMod:CloakDash"],"picked":"HollowMod:FastStrike","floor":1},{"not_picked":["HollowMod:FallenFury","HollowMod:VengefulSpirit"],"picked":"HollowMod:SoulStrike","floor":2},{"not_picked":["HollowMod:DoubleDash","HollowMod:MawleksShell"],"picked":"HollowMod:ChannelNail","floor":4},{"not_picked":["HollowMod:NewInfectedGuardian","HollowMod:CycloneSlash"],"picked":"HollowMod:VengefulVoid","floor":7},{"not_picked":["HollowMod:CloakDash","HollowMod:TaintedHusks"],"picked":"HollowMod:InfectedCysts","floor":8},{"not_picked":["HollowMod:SoulStrike","HollowMod:DreamGate"],"picked":"HollowMod:ShadowDash","floor":10},{"not_picked":["HollowMod:LifebloodCocoon","HollowMod:DungDefenderAura"],"picked":"HollowMod:ShadowDash","floor":12},{"not_picked":["HollowMod:DescendingDark","HollowMod:LifebloodCocoon"],"picked":"HollowMod:DesolateDive","floor":14}],"player_experience":223549,"relics_obtained":[{"floor":1,"key":"LetterFromLob"},{"floor":9,"key":"Meat on the Bone"}],"event_choices":[{"damage_healed":0,"gold_gain":0,"player_choice":"Leave","damage_taken":0,"max_hp_gain":0,"max_hp_loss":0,"event_name":"conspire:Investor","floor":5,"gold_loss":0}],"is_beta":false,"boss_relics":[],"items_purged_floors":[],"is_endless":false,"potions_floor_spawned":[2,10],"killed_by":"Gensokyo:Yukari","ascension_level":0}}