{"host":"vpaavrwbmey593fx","time":1612647854,"event":{"mods":["AchievementEnabler","BaseMod","Bestiary","Colored Map","Colored Powertips","DeckTracker","Minty Spire (QoL Compilation)","Relic Sorter"],"gold_per_floor":[109,122,135,85,160,160,160,160,160,82,109,109,124,149,149,245,245,259,278,278,292,242,255,255,288,313,326,141,141,175,189,189,290,290,304,304,304,357,357,382,382,382,382,382,398,412,412,85,85,85,85,85,1,33,33,33],"floor_reached":55,"language":"ENG","playtime":4225,"items_purged":[],"score":1002,"play_id":"23e37c18-983f-4ed1-abae-5235f4f65b3c","local_time":"20210206134414","is_ascension_mode":true,"campfire_choices":[{"data":"Dash","floor":6.0,"key":"SMITH"},{"data":"Neutralize","floor":8.0,"key":"SMITH"},{"data":"Noxious Fumes","floor":12.0,"key":"SMITH"},{"data":"PiercingWail","floor":15.0,"key":"SMITH"},{"data":"Burst","floor":24.0,"key":"SMITH"},{"floor":32.0,"key":"REST"},{"floor":41.0,"key":"REST"},{"floor":44.0,"key":"RECALL"},{"floor":49.0,"key":"REST"},{"floor":52,"key":"REST"}],"circlet_count":0,"master_deck":["Strike_G+1","Strike_G+1","Strike_G+1","Strike_G+1","Defend_G+1","Defend_G+1","Defend_G+1","Defend_G+1","Survivor+1","Neutralize+1","Dash+1","PiercingWail+1","Noxious Fumes+1","Blur","Burst+1","Bane+1","Dash","Footwork","Bouncing Flask","PiercingWail","Backflip+1","Phantasmal Killer","Crippling Poison","Bouncing Flask","PiercingWail"],"relics":["Ring of the Snake","HornCleat","InkBottle","Happy Flower","Letter Opener","Tiny Chest","War Paint","StrikeDummy","Snecko Eye","Akabeko","Snake Skull","Bottled Tornado","Busted Crown","Ice Cream","Bottled Flame","TheAbacus","Oddly Smooth Stone"],"acts_visited":["Exordium","TheCity","TheBeyond","TheEnding"],"potions_floor_usage":[50,55,55],"damage_taken":[{"damage":1.0,"enemies":"2 Louse","floor":1.0,"turns":5.0},{"damage":5.0,"enemies":"Small Slimes","floor":2.0,"turns":6.0},{"damage":0.0,"enemies":"Jaw Worm","floor":3.0,"turns":3.0},{"damage":11.0,"enemies":"Gremlin Nob","floor":11.0,"turns":5.0},{"damage":2.0,"enemies":"3 Louse","floor":13.0,"turns":3.0},{"damage":0.0,"enemies":"3 Sentries","floor":14.0,"turns":8.0},{"damage":4.0,"enemies":"Hexaghost","floor":16.0,"turns":12.0},{"damage":1.0,"enemies":"2 Thieves","floor":18.0,"turns":5.0},{"damage":0.0,"enemies":"Chosen","floor":19.0,"turns":7.0},{"damage":4.0,"enemies":"3 Cultists","floor":21.0,"turns":6.0},{"damage":12.0,"enemies":"Snecko","floor":23.0,"turns":7.0},{"damage":1.0,"enemies":"Book of Stabbing","floor":25.0,"turns":7.0},{"damage":1.0,"enemies":"Centurion and Healer","floor":27.0,"turns":6.0},{"damage":12.0,"enemies":"Slavers","floor":30.0,"turns":5.0},{"damage":12.0,"enemies":"Sentry and Sphere","floor":31.0,"turns":6.0},{"damage":7.0,"enemies":"Automaton","floor":33.0,"turns":10.0},{"damage":10.0,"enemies":"3 Darklings","floor":35.0,"turns":5.0},{"damage":14.0,"enemies":"2 Orb Walkers","floor":38.0,"turns":5.0},{"damage":22.0,"enemies":"Nemesis","floor":40.0,"turns":11.0},{"damage":0.0,"enemies":"Orb Walker","floor":45.0,"turns":3.0},{"damage":0.0,"enemies":"Writhing Mass","floor":46.0,"turns":4.0},{"damage":52,"enemies":"Donu and Deca","floor":50,"turns":9},{"damage":46,"enemies":"Shield and Spear","floor":54,"turns":6},{"damage":33,"enemies":"The Heart","floor":55,"turns":3}],"seed_played":"2930006981644331806","potions_obtained":[{"floor":1.0,"key":"Fire Potion"},{"floor":2.0,"key":"FearPotion"},{"floor":3.0,"key":"ColorlessPotion"},{"floor":16.0,"key":"DuplicationPotion"},{"floor":23.0,"key":"Fire Potion"},{"floor":25.0,"key":"BlessingOfTheForge"},{"floor":27.0,"key":"CultistPotion"},{"floor":31.0,"key":"SkillPotion"},{"floor":38.0,"key":"Block Potion"},{"floor":40.0,"key":"SpeedPotion"},{"floor":45.0,"key":"Swift Potion"}],"is_trial":false,"path_per_floor":["M","M","M","?","?","R","?","R","T","$","E","R","M","E","R","B",null,"M","M","?","M","?","M","R","E","T","M","$","T","E","M","R","B",null,"M","?","$","?","?","E","R","T","T","R","M","M","?","$","R","B",null,"R","$","E","B"],"character_chosen":"THE_SILENT","items_purchased":["Noxious Fumes","Footwork","Bouncing Flask","PiercingWail","LiquidBronze","TheAbacus","CultistPotion","Bouncing Flask","PiercingWail"],"campfire_rested":4,"item_purchase_floors":[10,28,28,28,48,48,48,53,53],"current_hp_per_floor":[62,57,57,57,46,46,39,39,39,39,28,28,26,26,26,22,58,57,57,57,53,53,41,41,40,40,39,39,39,27,15,36,29,60,50,50,50,36,36,14,35,35,35,35,35,35,35,35,56,4,54,70,70,24,0,0],"gold":33,"neow_bonus":"RANDOM_COMMON_RELIC","is_daily":false,"chose_seed":false,"campfire_upgraded":5,"win_rate":0.0,"timestamp":1612647854,"path_taken":["M","M","M","?","?","R","?","R","T","?","E","R","M","E","R","BOSS","M","M","?","M","?","?","R","E","T","M","$","?","E","M","R","BOSS","M","?","$","?","?","E","R","?","T","R","M","M","?","$","R","BOSS","R","$","E","BOSS"],"items_purchased_type":["Card","Card","Card","Card","Potion","Relic","Potion","Card","Card"],"build_version":"2020-12-22","purchased_purges":0,"victory":false,"max_hp_per_floor":[70,70,70,70,70,70,70,70,70,70,70,70,70,70,70,70,70,70,70,70,70,70,70,70,70,70,70,70,70,70,70,70,70,70,70,70,70,70,70,70,70,70,70,70,70,70,70,70,70,70,70,70,70,70,70,70],"card_choices":[{"not_picked":["Tactician","Deadly Poison","Deflect"],"picked":"SKIP","floor":1.0},{"not_picked":["Bane","Setup"],"picked":"Dash","floor":2.0},{"not_picked":["Sucker Punch","Flying Knee"],"picked":"PiercingWail","floor":3.0},{"not_picked":["Deflect","Masterful Stab"],"picked":"Blur","floor":11.0},{"not_picked":["Deflect","Heel Hook","Infinite Blades"],"picked":"SKIP","floor":13.0},{"not_picked":["Blade Dance","Dodge and Roll","Deflect"],"picked":"SKIP","floor":14.0},{"not_picked":["Envenom","Doppelganger"],"picked":"Burst","floor":16.0},{"not_picked":["Deflect","Finisher+1","Backstab+1"],"picked":"SKIP","floor":18.0},{"not_picked":["Blade Dance","Dagger Throw","Setup"],"picked":"SKIP","floor":19.0},{"not_picked":["Accuracy","All Out Attack+1","Slice"],"picked":"SKIP","floor":21.0},{"not_picked":["Acrobatics","Choke"],"picked":"Bane+1","floor":23.0},{"not_picked":["After Image","Blade Dance"],"picked":"Dash","floor":25.0},{"not_picked":["Acrobatics","Choke","Poisoned Stab"],"picked":"SKIP","floor":27.0},{"not_picked":["Dodge and Roll","Burst"],"picked":"Backflip+1","floor":30.0},{"not_picked":["Deflect","Dagger Spray","Expertise+1"],"picked":"SKIP","floor":31.0},{"not_picked":["Tools of the Trade","Glass Knife"],"picked":"Phantasmal Killer","floor":33.0},{"not_picked":["Masterful Stab"],"picked":"SKIP","floor":35.0},{"not_picked":["Endless Agony+1"],"picked":"SKIP","floor":40.0},{"not_picked":[],"picked":"Crippling Poison","floor":45.0},{"not_picked":["Poisoned Stab+1"],"picked":"SKIP","floor":46.0},{"not_picked":["Quick Slash"],"picked":"SKIP","floor":54}],"player_experience":325715,"relics_obtained":[{"floor":9.0,"key":"Letter Opener"},{"floor":11.0,"key":"Tiny Chest"},{"floor":14.0,"key":"StrikeDummy"},{"floor":25.0,"key":"Akabeko"},{"floor":26.0,"key":"Snake Skull"},{"floor":30.0,"key":"Bottled Tornado"},{"floor":38.0,"key":"Ice Cream"},{"floor":40.0,"key":"HornCleat"},{"floor":42.0,"key":"Bottled Flame"},{"floor":43.0,"key":"InkBottle"},{"floor":54,"key":"Oddly Smooth Stone"}],"event_choices":[{"cards_removed":["Strike_G"],"damage_healed":0.0,"max_hp_gain":0.0,"max_hp_loss":0.0,"gold_gain":0.0,"event_name":"The Cleric","player_choice":"Card Removal","floor":4.0,"gold_loss":50.0,"damage_taken":0.0},{"damage_healed":0.0,"max_hp_gain":0.0,"max_hp_loss":0.0,"gold_gain":75.0,"event_name":"World of Goop","player_choice":"Gather Gold","floor":5.0,"gold_loss":0.0,"damage_taken":11.0},{"damage_healed":0.0,"max_hp_gain":0.0,"max_hp_loss":0.0,"gold_gain":0.0,"event_name":"Scrap Ooze","player_choice":"Success","floor":7.0,"gold_loss":0.0,"damage_taken":7.0,"relics_obtained":["War Paint"]},{"damage_healed":0.0,"max_hp_gain":0.0,"max_hp_loss":0.0,"gold_gain":0.0,"event_name":"Back to Basics","player_choice":"Simplicity","floor":20.0,"gold_loss":0.0,"damage_taken":0.0,"cards_upgraded":["Strike_G","Strike_G","Strike_G","Strike_G","Defend_G","Defend_G","Defend_G","Defend_G"]},{"damage_healed":0.0,"max_hp_gain":0.0,"max_hp_loss":0.0,"gold_gain":0.0,"event_name":"The Joust","player_choice":"Bet on Murderer","floor":22.0,"gold_loss":50.0,"damage_taken":0.0},{"cards_removed":["Defend_G"],"damage_healed":0.0,"max_hp_gain":0.0,"max_hp_loss":0.0,"gold_gain":0.0,"event_name":"Falling","player_choice":"Removed Skill","floor":36.0,"gold_loss":0.0,"damage_taken":0.0},{"damage_healed":0.0,"max_hp_gain":0.0,"max_hp_loss":0.0,"gold_gain":0.0,"event_name":"Mysterious Sphere","player_choice":"Fight","floor":38.0,"gold_loss":0.0,"damage_taken":0.0},{"damage_healed":0.0,"max_hp_gain":0.0,"max_hp_loss":0.0,"gold_gain":0.0,"event_name":"SensoryStone","player_choice":"Memory 1","floor":39.0,"gold_loss":0.0,"damage_taken":0.0},{"damage_healed":0.0,"max_hp_gain":0.0,"max_hp_loss":0.0,"gold_gain":0.0,"event_name":"Tomb of Lord Red Mask","player_choice":"Ignored","floor":47.0,"gold_loss":0.0,"damage_taken":0.0}],"is_beta":false,"boss_relics":[{"not_picked":["HoveringKite","Philosopher\u0027s Stone"],"picked":"Snecko Eye"},{"not_picked":["Empty Cage","Tiny House"],"picked":"Busted Crown"}],"items_purged_floors":[],"is_endless":false,"potions_floor_spawned":[1,2,3,16,23,25,27,31,38,40,45],"killed_by":"The Heart","ascension_level":8}}