{"host":"l5zfpd2l2htson6l","time":1612592808,"event":{"mods":["AchievementEnabler","BaseMod","Colored Map","Colored Powertips","Minty Spire (QoL Compilation)","Permanent Neow","Quick Restart","Rare Cards Sparkle","Relic Stats","SuperFastMode"],"gold_per_floor":[117,128,148,164,164,164,191,207,207,207,207],"floor_reached":10,"language":"ENG","playtime":376,"items_purged":[],"score":140,"play_id":"788f8ad3-1d0a-4789-abe5-930ad204a2da","local_time":"20210205222648","is_ascension_mode":true,"campfire_choices":[{"data":"Rampage","floor":6,"key":"SMITH"}],"circlet_count":0,"master_deck":["AscendersBane","Strike_R","Strike_R","Strike_R","Strike_R","Strike_R","Defend_R","Defend_R","Defend_R","Defend_R","Bash","Rampage+1","Twin Strike","Offering","Fire Breathing","Armaments","Blood for Blood"],"relics":["Runic Cube","Smiling Mask","Self Forming Clay"],"acts_visited":["Exordium"],"potions_floor_usage":[4,7],"damage_taken":[{"damage":4,"enemies":"2 Louse","floor":1,"turns":4},{"damage":10,"enemies":"Small Slimes","floor":2,"turns":3},{"damage":4,"enemies":"Jaw Worm","floor":3,"turns":4},{"damage":26,"enemies":"Gremlin Gang","floor":4,"turns":3},{"damage":16,"enemies":"3 Sentries","floor":7,"turns":5},{"damage":8,"enemies":"Looter","floor":8,"turns":3},{"damage":39,"enemies":"Lagavulin","floor":10,"turns":7}],"seed_played":"7773630157038230195","potions_obtained":[{"floor":1,"key":"LiquidBronze"},{"floor":4,"key":"BloodPotion"}],"is_trial":false,"path_per_floor":["M","M","M","M","?","R","E","M","T","E"],"character_chosen":"IRONCLAD","items_purchased":[],"campfire_rested":0,"item_purchase_floors":[],"current_hp_per_floor":[64,54,50,24,29,29,29,21,21,0,0],"gold":207,"neow_bonus":"BOSS_RELIC","is_daily":false,"chose_seed":false,"campfire_upgraded":1,"win_rate":0.0,"timestamp":1612592808,"path_taken":["M","M","M","M","?","R","E","M","T","E"],"items_purchased_type":[],"build_version":"2020-12-22","purchased_purges":0,"victory":false,"max_hp_per_floor":[75,75,75,75,80,80,80,80,80,80,80],"relic_stats":{"counters":[7,29],"Self Forming Clay":[6],"Smiling Mask":0,"obtain_stats":[{"Self Forming Clay":9,"Smiling Mask":7,"Burning Blood":0,"Runic Cube":0},{"Self Forming Clay":6,"Smiling Mask":5,"Burning Blood":0,"Runic Cube":0},{"Self Forming Clay":22,"Smiling Mask":19,"Burning Blood":0,"Runic Cube":0}],"Runic Cube":[15]},"card_choices":[{"not_picked":["Combust","Armaments"],"picked":"Rampage","floor":1},{"not_picked":["Havoc","Sword Boomerang"],"picked":"Twin Strike","floor":2},{"not_picked":["Sever Soul","Seeing Red"],"picked":"Offering","floor":3},{"not_picked":["Body Slam","Flex"],"picked":"Fire Breathing","floor":4},{"not_picked":["True Grit","Pommel Strike"],"picked":"Armaments","floor":7},{"not_picked":["Pummel","Iron Wave"],"picked":"Blood for Blood","floor":8}],"player_experience":913093,"relics_obtained":[{"floor":7,"key":"Smiling Mask"},{"floor":9,"key":"Self Forming Clay"}],"event_choices":[{"damage_healed":0,"gold_gain":0,"player_choice":"Donut","damage_taken":0,"max_hp_gain":5,"max_hp_loss":0,"event_name":"Big Fish","floor":5,"gold_loss":0}],"is_beta":false,"boss_relics":[],"items_purged_floors":[],"is_endless":false,"potions_floor_spawned":[1,4],"killed_by":"Lagavulin","ascension_level":20}}