{"host":"06gxn1c1bsk424jw","time":1612628775,"event":{"mods":["BaseMod","DeckTracker","Minty Spire (QoL Compilation)","SuperFastMode"],"gold_per_floor":[111,111,111,126,126,126,165,165,165,189,189,208,252,266,266,364,364,377,367,367,71,0,0,0,0],"floor_reached":24,"language":"KOR","playtime":1599,"items_purged":["Injury"],"score":367,"play_id":"7ca11e60-dcd3-4fea-996c-54c30b3679e9","local_time":"20210207012615","is_ascension_mode":true,"campfire_choices":[{"data":"Terror","floor":6,"key":"SMITH"},{"data":"Envenom","floor":8,"key":"SMITH"},{"floor":11,"key":"REST"},{"floor":15,"key":"REST"},{"floor":23,"key":"REST"}],"circlet_count":0,"master_deck":["AscendersBane","Strike_G","Strike_G","Strike_G","Defend_G","Defend_G","Defend_G","Survivor","Neutralize","Terror+1","Eviscerate","Dagger Spray+1","Envenom+1","Infinite Blades","Malaise","Backflip","Deadly Poison","Venomology","Corpse Explosion","Footwork"],"relics":["Ring of the Snake","Golden Idol","Sundial","Pantograph","The Specimen","Black Star","Membership Card"],"acts_visited":["Exordium","TheCity"],"potions_floor_usage":[7,14,16,24,24,24],"damage_taken":[{"damage":11,"enemies":"Small Slimes","floor":1,"turns":4},{"damage":0,"enemies":"2 Louse","floor":4,"turns":4},{"damage":20,"enemies":"3 Sentries","floor":7,"turns":6},{"damage":4,"enemies":"Jaw Worm","floor":10,"turns":2},{"damage":8,"enemies":"Looter","floor":12,"turns":2},{"damage":18,"enemies":"Gremlin Nob","floor":13,"turns":3},{"damage":19,"enemies":"Exordium Thugs","floor":14,"turns":5},{"damage":19,"enemies":"Hexaghost","floor":16,"turns":9},{"damage":33,"enemies":"Spheric Guardian","floor":18,"turns":6},{"damage":21,"enemies":"2 Thieves","floor":19,"turns":4},{"damage":24,"enemies":"Book of Stabbing","floor":24,"turns":8}],"seed_played":"-3390639714597035673","potions_obtained":[{"floor":1,"key":"Explosive Potion"},{"floor":13,"key":"Regen Potion"},{"floor":14,"key":"Energy Potion"},{"floor":18,"key":"Swift Potion"}],"is_trial":false,"path_per_floor":["M","?","?","M","?","R","E","R","T","M","R","M","E","M","R","B",null,"M","M","?","$","?","R","E"],"character_chosen":"THE_SILENT","items_purchased":["Membership Card","Footwork","GhostInAJar"],"campfire_rested":3,"item_purchase_floors":[21,21,21],"current_hp_per_floor":[48,41,41,41,41,41,21,21,21,17,36,28,10,5,24,30,57,24,3,3,3,3,22,0,0],"gold":0,"neow_bonus":"TRANSFORM_TWO_CARDS","is_daily":false,"chose_seed":false,"campfire_upgraded":2,"win_rate":0.0,"timestamp":1612628775,"path_taken":["M","?","?","M","?","R","E","R","T","M","R","M","E","M","R","BOSS","M","M","?","$","?","R","E"],"items_purchased_type":["Relic","Card","Potion"],"build_version":"2020-12-22","purchased_purges":1,"victory":false,"max_hp_per_floor":[66,66,66,66,66,66,66,66,66,66,66,66,66,66,66,66,66,66,66,66,66,66,66,66,66],"card_choices":[{"not_picked":["Sucker Punch","PiercingWail","Dodge and Roll"],"picked":"SKIP","floor":1},{"not_picked":["Prepared","PiercingWail"],"picked":"Dagger Spray","floor":4},{"not_picked":["Cloak And Dagger","Catalyst"],"picked":"Envenom","floor":7},{"not_picked":["Concentrate","Acrobatics","Bouncing Flask"],"picked":"SKIP","floor":10},{"not_picked":["Flying Knee","Quick Slash"],"picked":"Infinite Blades","floor":12},{"not_picked":["Endless Agony","Outmaneuver","Poisoned Stab"],"picked":"SKIP","floor":13},{"not_picked":["Acrobatics","Poisoned Stab","Flying Knee"],"picked":"SKIP","floor":14},{"not_picked":["Phantasmal Killer","Grand Finale"],"picked":"Malaise","floor":16},{"not_picked":["Dagger Spray","Deflect"],"picked":"Backflip","floor":18},{"not_picked":["Escape Plan","Slice+1"],"picked":"Deadly Poison","floor":19}],"player_experience":775076,"relics_obtained":[{"floor":7,"key":"Sundial"},{"floor":9,"key":"Pantograph"},{"floor":13,"key":"The Specimen"}],"event_choices":[{"cards_removed":["Regret"],"damage_healed":0,"gold_gain":0,"player_choice":"Card Removal","damage_taken":7,"max_hp_gain":0,"max_hp_loss":0,"event_name":"Golden Wing","floor":2,"gold_loss":0},{"damage_healed":0,"gold_gain":0,"player_choice":"Take Wound","damage_taken":0,"relics_obtained":["Golden Idol"],"max_hp_gain":0,"max_hp_loss":0,"event_name":"Golden Idol","floor":3,"gold_loss":0,"cards_obtained":["Injury"]},{"damage_healed":0,"gold_gain":0,"player_choice":"Grow","damage_taken":0,"max_hp_gain":0,"max_hp_loss":0,"event_name":"Living Wall","floor":5,"gold_loss":0,"cards_upgraded":["Dagger Spray"]},{"damage_healed":0,"gold_gain":0,"cards_transformed":["Strike_G","Defend_G"],"player_choice":"Became Test Subject","damage_taken":0,"max_hp_gain":0,"max_hp_loss":0,"event_name":"Drug Dealer","floor":20,"gold_loss":0,"cards_obtained":["Venomology","Corpse Explosion"]},{"damage_healed":0,"gold_gain":0,"player_choice":"Paid Fearfully","damage_taken":0,"max_hp_gain":0,"max_hp_loss":0,"event_name":"Masked Bandits","floor":22,"gold_loss":71}],"is_beta":false,"boss_relics":[{"not_picked":["Ectoplasm","Runic Dome"],"picked":"Black Star"}],"items_purged_floors":[21],"is_endless":false,"potions_floor_spawned":[1,13,14,18],"killed_by":"Book of Stabbing","ascension_level":16}}