{"host":"rtw1tnr74gozsrw1","time":1612570892,"event":{"mods":["BaseMod","Colored Map","Colored Powertips","Highlight Path","Infinite Spire","Minty Spire (QoL Compilation)","Replay The Spire","StSLib","The Jungle"],"gold_per_floor":[110,110,128,141,141,141,160,160,160,187,197,77,77,77,77,178,178,178,178],"floor_reached":18,"language":"ENG","playtime":651,"items_purged":["Strike_B"],"score":192,"play_id":"88b88456-cf9d-4715-a487-6670b5d696ee","local_time":"20210206012132","is_ascension_mode":true,"campfire_choices":[{"data":"Capacitor","floor":6,"key":"SMITH"},{"data":"Ball Lightning","floor":8,"key":"SMITH"},{"data":"BasicCrystalCard","floor":13,"key":"SMITH"},{"data":"Zap","floor":15,"key":"SMITH"}],"circlet_count":0,"master_deck":["Zap+1","Dualcast","Ball Lightning+1","Capacitor+1","Barrage+1","BasicCrystalCard+1","Cold Snap+1","ReplayRNGCard","Crystallizer","Compile Driver+1","BootSequence","Buffer","Double Energy","ReplayTheSpireMod:System Scan","Sunder+1"],"relics":["Cracked Core","NeowsBlessing","infinitespire:Bottled Soul","Molten Egg 2","Pandora\u0027s Box"],"acts_visited":["Exordium","TheCity"],"potions_floor_usage":[10,11,16,16],"damage_taken":[{"damage":0,"enemies":"Small Slimes","floor":1,"turns":1},{"damage":0,"enemies":"Cultist","floor":3,"turns":1},{"damage":0,"enemies":"Jaw Worm","floor":4,"turns":1},{"damage":10,"enemies":"Large Slime","floor":7,"turns":5},{"damage":15,"enemies":"Gremlin Nob","floor":10,"turns":4},{"damage":5,"enemies":"3 Louse","floor":11,"turns":2},{"damage":65,"enemies":"Fading Forest","floor":16,"turns":11},{"damage":26,"enemies":"3 Byrds","floor":18,"turns":4}],"seed_played":"4604143589700139974","potions_obtained":[{"floor":2,"key":"Death Potion"},{"floor":2,"key":"DistilledChaos"},{"floor":2,"key":"infinitespire:BlackPotion"},{"floor":3,"key":"Adrenaline Potion"},{"floor":10,"key":"Regen Potion"}],"is_trial":false,"path_per_floor":["M","?","M","M","?","R","M","R","T","E","M","$","R","?","R","B",null,"M"],"character_chosen":"DEFECT","items_purchased":["Cold Snap+1"],"campfire_rested":0,"item_purchase_floors":[12],"current_hp_per_floor":[75,75,75,75,75,75,65,65,65,50,45,45,45,70,70,42,75,49,49],"gold":178,"neow_bonus":"THREE_ENEMY_KILL","is_daily":false,"chose_seed":false,"campfire_upgraded":4,"win_rate":0.0,"timestamp":1612570892,"path_taken":["M","?","M","?","?","R","?","R","T","E","M","$","R","?","R","BOSS","M"],"items_purchased_type":["Card"],"build_version":"2020-12-22","purchased_purges":1,"victory":false,"max_hp_per_floor":[75,75,75,75,75,75,75,75,75,75,75,75,75,75,75,75,75,75,75],"card_choices":[{"not_picked":["Stack","Static Discharge"],"picked":"Ball Lightning","floor":1},{"not_picked":["Stack","Go for the Eyes"],"picked":"Capacitor","floor":3},{"not_picked":["Genetic Algorithm","ReplayTheSpireMod:GoodbyeWorld"],"picked":"Panic Button","floor":4},{"not_picked":["Rebound","Gash","Go for the Eyes"],"picked":"SKIP","floor":7},{"not_picked":["Darkness","Turbo"],"picked":"Barrage+1","floor":10},{"not_picked":["Steam","Double Energy"],"picked":"BasicCrystalCard","floor":11},{"not_picked":["Meteor Strike+1","Fission"],"picked":"ReplayRNGCard","floor":16}],"player_experience":112595,"relics_obtained":[{"floor":9,"key":"Molten Egg 2"}],"event_choices":[{"damage_healed":0,"gold_gain":0,"player_choice":"Got Potions","damage_taken":0,"max_hp_gain":0,"max_hp_loss":0,"event_name":"Lab","floor":2,"gold_loss":0},{"cards_removed":["Panic Button"],"damage_healed":0,"gold_gain":0,"player_choice":"Gave Card","damage_taken":0,"relics_obtained":["infinitespire:Bottled Soul"],"max_hp_gain":0,"max_hp_loss":0,"event_name":"WeMeetAgain","floor":5,"gold_loss":0},{"damage_healed":25,"gold_gain":0,"player_choice":"Banana","damage_taken":0,"max_hp_gain":0,"max_hp_loss":0,"event_name":"Big Fish","floor":14,"gold_loss":0}],"is_beta":false,"boss_relics":[{"not_picked":["Tiny House","FrozenCore"],"picked":"Pandora\u0027s Box"}],"items_purged_floors":[12],"is_endless":false,"potions_floor_spawned":[3,10],"killed_by":"3 Byrds","ascension_level":4}}