{"host":"epc8efk9vrywpcsw","time":1612616043,"event":{"mods":["BaseMod","Minty Spire (QoL Compilation)","Relic Stats","StSLib"],"gold_per_floor":[118,134,57,57,76,76,88,88,161,161,185,185,225,276,276,365,365,384,299,349,349,365,399,181,181,208,208,208,251,51,51,51,150,213,228,503,521,536,183,183,183],"floor_reached":40,"language":"ENG","playtime":1328,"items_purged":["Corpse Explosion","Deadly Poison"],"score":825,"play_id":"1fcda384-ca54-4c46-8548-2754dce8bb83","local_time":"20210206135403","is_ascension_mode":true,"campfire_choices":[{"data":"Blade Dance","floor":6.0,"key":"SMITH"},{"data":"Blade Dance","floor":12.0,"key":"SMITH"},{"data":"Finisher","floor":15.0,"key":"SMITH"},{"floor":25.0,"key":"REST"},{"data":"After Image","floor":32.0,"key":"SMITH"}],"circlet_count":0,"master_deck":["AscendersBane","Survivor","Neutralize+1","Heel Hook","Dash","Blade Dance+1","Quick Slash","Blade Dance+1","Finisher+1","Backflip","Escape Plan+1","Envenom","Die Die Die","Envenom","Footwork","Tools of the Trade","Quick Slash","All Out Attack","After Image+1","Leg Sweep","Heel Hook","Terror","Malaise","Blur","Heel Hook+1"],"relics":["Ring of the Snake","NeowsBlessing","InkBottle","Golden Idol","Smiling Mask","Omamori","Pandora\u0027s Box","Juzu Bracelet","Eternal Feather","Lantern","Toy Ornithopter","MutagenicStrength","Red Mask","Membership Card","Tiny House","Shuriken","Blood Vial","Cauldron"],"acts_visited":["Exordium","TheCity","TheBeyond"],"potions_floor_usage":[37,38],"damage_taken":[{"damage":0.0,"enemies":"Cultist","floor":1.0,"turns":1.0},{"damage":0.0,"enemies":"Jaw Worm","floor":2.0,"turns":1.0},{"damage":0.0,"enemies":"2 Louse","floor":5.0,"turns":1.0},{"damage":0.0,"enemies":"Looter","floor":7.0,"turns":2.0},{"damage":0.0,"enemies":"Large Slime","floor":11.0,"turns":2.0},{"damage":10.0,"enemies":"3 Sentries","floor":13.0,"turns":6.0},{"damage":10.0,"enemies":"Hexaghost","floor":16.0,"turns":9.0},{"damage":0.0,"enemies":"Spheric Guardian","floor":18.0,"turns":1.0},{"damage":10.0,"enemies":"Shell Parasite","floor":22.0,"turns":4.0},{"damage":32.0,"enemies":"Gremlin Leader","floor":23.0,"turns":5.0},{"damage":0.0,"enemies":"Masked Bandits","floor":29.0,"turns":2.0},{"damage":46,"enemies":"Champ","floor":33,"turns":12},{"damage":6,"enemies":"Orb Walker","floor":35,"turns":5},{"damage":13,"enemies":"3 Darklings","floor":37,"turns":5},{"damage":11,"enemies":"Sphere and 2 Shapes","floor":38,"turns":7},{"damage":35,"enemies":"Giant Head","floor":40,"turns":5}],"seed_played":"1450144134430532785","potions_obtained":[{"floor":1.0,"key":"SkillPotion"},{"floor":11.0,"key":"BlessingOfTheForge"},{"floor":29.0,"key":"ColorlessPotion"},{"floor":37,"key":"Explosive Potion"},{"floor":39,"key":"CunningPotion"}],"is_trial":false,"path_per_floor":["M","M","$","?","M","R","M","?","T","?","M","R","E","T","R","B",null,"M","?","?","?","M","E","$","R","T","?","?","?","$","?","R","B",null,"M","?","M","M","$","E"],"character_chosen":"THE_SILENT","items_purchased":["Blade Dance","Quick Slash","Lantern","Membership Card","Heel Hook","Shuriken","Blood Vial","Cauldron"],"campfire_rested":1,"item_purchase_floors":[3,3,24,30,30,39,39,39],"current_hp_per_floor":[59,59,59,50,50,50,50,50,50,50,50,50,40,40,40,30,53,53,53,53,53,43,11,11,41,41,41,41,41,41,41,53,7,52,46,46,38,32,32,0,0],"gold":183,"neow_bonus":"THREE_ENEMY_KILL","is_daily":false,"chose_seed":false,"campfire_upgraded":4,"win_rate":0.0,"timestamp":1612616043,"path_taken":["M","M","$","?","?","R","M","?","T","?","M","R","E","?","R","BOSS","M","?","?","?","M","E","$","R","T","?","?","?","?","?","R","BOSS","M","?","M","M","$","E"],"items_purchased_type":["Card","Card","Relic","Relic","Card","Relic","Relic","Relic"],"build_version":"2020-12-22","purchased_purges":2,"victory":false,"max_hp_per_floor":[66,66,66,66,66,66,66,66,66,60,60,60,60,60,60,60,60,60,60,60,60,60,60,60,60,60,60,60,60,60,60,60,60,65,65,65,65,65,65,65,65],"relic_stats":{"Blood Vial":2,"counters":[16,68],"Golden Idol":97,"Shuriken":[1],"Pandora\u0027s Box":["Die Die Die","Underhanded Strike","Corpse Explosion","Envenom","Footwork","Tools of the Trade","Quick Slash","All Out Attack","After Image","Deadly Poison"],"Eternal Feather":24,"Juzu Bracelet":2,"Smiling Mask":25,"obtain_stats":[{"Lantern":24,"Tiny House":34,"NeowsBlessing":0,"Golden Idol":10,"Eternal Feather":23,"Omamori":14,"Juzu Bracelet":19,"Smiling Mask":13,"Blood Vial":39,"Cauldron":39,"Shuriken":39,"MutagenicStrength":27,"Pandora\u0027s Box":17,"Red Mask":29,"Membership Card":30,"InkBottle":9,"Toy Ornithopter":26,"Ring of the Snake":0},{"Lantern":10,"Tiny House":12,"NeowsBlessing":0,"Golden Idol":4,"Eternal Feather":10,"Omamori":6,"Juzu Bracelet":8,"Smiling Mask":6,"Blood Vial":15,"Cauldron":15,"Shuriken":15,"MutagenicStrength":10,"Pandora\u0027s Box":7,"Red Mask":11,"Membership Card":11,"InkBottle":4,"Toy Ornithopter":10,"Ring of the Snake":0},{"Lantern":32,"Tiny House":46,"NeowsBlessing":0,"Golden Idol":5,"Eternal Feather":32,"Omamori":13,"Juzu Bracelet":23,"Smiling Mask":13,"Blood Vial":63,"Cauldron":63,"Shuriken":63,"MutagenicStrength":32,"Pandora\u0027s Box":22,"Red Mask":34,"Membership Card":34,"InkBottle":5,"Toy Ornithopter":32,"Ring of the Snake":0}],"InkBottle":[37],"Toy Ornithopter":10,"Ring of the Snake":[32]},"card_choices":[{"not_picked":["Prepared","Bane"],"picked":"Heel Hook","floor":1.0},{"not_picked":["Dodge and Roll","Prepared"],"picked":"Dash","floor":2.0},{"not_picked":["Reflex","Prepared"],"picked":"Blade Dance","floor":5.0},{"not_picked":["Flying Knee","Dash"],"picked":"Finisher","floor":7.0},{"not_picked":["Flying Knee","Choke"],"picked":"Backflip","floor":11.0},{"not_picked":["Quick Slash","All Out Attack"],"picked":"Escape Plan","floor":13.0},{"not_picked":["Night Terror","Unload"],"picked":"Envenom","floor":16.0},{"not_picked":["Masterful Stab","Flying Knee","Dagger Throw+1"],"picked":"SKIP","floor":18.0},{"not_picked":["Prepared","Skewer","Poisoned Stab"],"picked":"SKIP","floor":22.0},{"not_picked":["Poisoned Stab","Deadly Poison"],"picked":"Leg Sweep","floor":23.0},{"not_picked":["Night Terror","Wraith Form v2"],"picked":"Malaise","floor":33},{"not_picked":["Bane","Cloak And Dagger"],"picked":"Blur","floor":34},{"not_picked":["Leg Sweep","Slice+1"],"picked":"Heel Hook+1","floor":35},{"not_picked":["Bane+1","Expertise+1","Deflect"],"picked":"SKIP","floor":37},{"not_picked":["Caltrops+1","Finisher","Distraction"],"picked":"SKIP","floor":38}],"player_experience":490528,"relics_obtained":[{"floor":9.0,"key":"InkBottle"},{"floor":13.0,"key":"Smiling Mask"},{"floor":14.0,"key":"Omamori"},{"floor":23.0,"key":"Eternal Feather"},{"floor":26.0,"key":"Toy Ornithopter"},{"floor":29.0,"key":"Red Mask"}],"event_choices":[{"damage_healed":0.0,"max_hp_gain":0.0,"max_hp_loss":0.0,"gold_gain":0.0,"event_name":"Wheel of Change","player_choice":"Damaged","floor":4.0,"gold_loss":0.0,"damage_taken":9.0},{"damage_healed":0.0,"max_hp_gain":0.0,"max_hp_loss":0.0,"gold_gain":0.0,"event_name":"Living Wall","player_choice":"Grow","floor":8.0,"gold_loss":0.0,"damage_taken":0.0,"cards_upgraded":["Neutralize"]},{"damage_healed":0.0,"max_hp_gain":0.0,"max_hp_loss":6.0,"gold_gain":0.0,"event_name":"Golden Idol","player_choice":"Lose Max HP","floor":10.0,"gold_loss":0.0,"damage_taken":0.0,"relics_obtained":["Golden Idol"]},{"damage_healed":0.0,"max_hp_gain":0.0,"max_hp_loss":0.0,"gold_gain":0.0,"event_name":"Addict","player_choice":"Obtained Relic","floor":19.0,"gold_loss":85.0,"damage_taken":0.0,"relics_obtained":["Juzu Bracelet"]},{"damage_healed":0.0,"max_hp_gain":0.0,"max_hp_loss":0.0,"gold_gain":50.0,"event_name":"Nest","player_choice":"Stole From Cult","floor":20.0,"gold_loss":0.0,"damage_taken":0.0},{"cards_removed":["Underhanded Strike"],"damage_healed":0.0,"max_hp_gain":0.0,"max_hp_loss":0.0,"gold_gain":0.0,"event_name":"Back to Basics","player_choice":"Elegance","floor":21.0,"gold_loss":0.0,"damage_taken":0.0},{"damage_healed":0.0,"max_hp_gain":0.0,"max_hp_loss":0.0,"gold_gain":0.0,"event_name":"Drug Dealer","player_choice":"Inject Mutagens","floor":27.0,"gold_loss":0.0,"damage_taken":0.0,"relics_obtained":["MutagenicStrength"]},{"damage_healed":0.0,"max_hp_gain":0.0,"max_hp_loss":0.0,"gold_gain":0.0,"event_name":"Ghosts","player_choice":"Ignored","floor":28.0,"gold_loss":0.0,"damage_taken":0.0},{"damage_healed":0.0,"max_hp_gain":0.0,"max_hp_loss":0.0,"gold_gain":0.0,"event_name":"Masked Bandits","player_choice":"Fought Bandits","floor":29.0,"gold_loss":0.0,"damage_taken":0.0},{"damage_healed":0.0,"max_hp_gain":0.0,"max_hp_loss":0.0,"gold_gain":0.0,"event_name":"The Library","player_choice":"Read","floor":31.0,"gold_loss":0.0,"damage_taken":0.0,"cards_obtained":["Terror"]},{"damage_healed":0,"gold_gain":275,"player_choice":"Desecrate","damage_taken":0,"max_hp_gain":0,"max_hp_loss":0,"event_name":"Golden Shrine","floor":36,"gold_loss":0,"cards_obtained":["Regret"]}],"is_beta":false,"boss_relics":[{"not_picked":["SlaversCollar","Velvet Choker"],"picked":"Pandora\u0027s Box"},{"not_picked":["HoveringKite","Coffee Dripper"],"picked":"Tiny House"}],"items_purged_floors":[24,39],"is_endless":false,"potions_floor_spawned":[1,11,29,35,37],"killed_by":"Giant Head","ascension_level":20}}