{"host":"w0w6pulqqtqvk313","time":1612651453,"event":{"mods":["BaseMod","Downfall","Hermit","Marisa????????","Minty Spire (QoL Compilation)","READ ME - Snecko Mod","Shop Mod","StSLib","The Blackbeard","The Bug Knight","The Disciple","The Jungle","The Necromancer","The Servant 0.9.4","The Witch"],"gold_per_floor":[99,111,122,179,20,120,120,136,121,136,190,190,207,225,238,238,238,238],"floor_reached":16,"language":"SPA","playtime":884,"items_purged":[],"score":94,"play_id":"c9d8e9df-5f41-4488-b169-fa653892c3fe","local_time":"20210206234413","is_ascension_mode":false,"campfire_choices":[{"floor":1,"key":"RECALL"}],"circlet_count":0,"master_deck":["hexamod:Strike","hexamod:Strike","hexamod:Strike","hexamod:Strike","hexamod:Defend","hexamod:Defend","hexamod:Defend","hexamod:Defend","hexamod:Sear","hexamod:Float","hexamod:Firestarter","hexamod:GhostLash","hexamod:FastForward+1","hexamod:NightmareGuise+1","hexamod:AdvancingGuard+1","hexamod:RetreatToShadows+1","hexamod:HeatCrush","hexamod:InspiringFlames+1","hexamod:GhostShield+1","hexamod:GhostflameBarrier+1"],"relics":["hexamod:SpiritBrand","Toxic Egg 2","Tiny Chest","Mercury Hourglass","Shuriken"],"acts_visited":["Exordium"],"potions_floor_usage":[16,16,16],"damage_taken":[{"damage":1,"enemies":"Jaw Worm","floor":2,"turns":4},{"damage":7,"enemies":"Small Slimes","floor":3,"turns":3},{"damage":43,"enemies":"3 Sentries","floor":4,"turns":10},{"damage":0,"enemies":"downfall:FleeingMerchant","floor":5,"turns":4},{"damage":0,"enemies":"2 Louse","floor":8,"turns":2},{"damage":0,"enemies":"downfall:FleeingMerchant","floor":9,"turns":4},{"damage":3,"enemies":"2 Fungi Beasts","floor":10,"turns":3},{"damage":3,"enemies":"Red Slaver","floor":13,"turns":2},{"damage":3,"enemies":"Large Slime","floor":14,"turns":5},{"damage":0,"enemies":"Blue Slaver","floor":15,"turns":4},{"damage":13,"enemies":"WA_ARCHETYPE_RETAIN","floor":16,"turns":4}],"seed_played":"868332160774248230","potions_obtained":[{"floor":8,"key":"hexamod:DoubleChargePotion"},{"floor":10,"key":"sneckomod:MuddlingPotion"},{"floor":13,"key":"GamblersBrew"},{"floor":14,"key":"hexamod:SoulburnPotion"}],"is_trial":false,"path_per_floor":["R","M","M","?","$","?","T","M","$","M","T","?","M","M","M","B"],"character_chosen":"THE_SPIRIT","items_purchased":["Tiny Chest"],"campfire_rested":0,"item_purchase_floors":[5],"current_hp_per_floor":[77,76,69,26,26,26,26,26,26,23,23,16,13,10,10,0,0,0],"gold":238,"neow_bonus":"TEN_PERCENT_HP_BONUS","is_daily":false,"chose_seed":false,"campfire_upgraded":0,"win_rate":0.0,"timestamp":1612651453,"path_taken":["R","M","M","?","$","?","T","M","?","?","?","?","M","M","M","BOSS"],"items_purchased_type":["Relic"],"build_version":"2020-12-22","purchased_purges":0,"victory":false,"max_hp_per_floor":[77,77,77,77,77,77,77,77,77,77,77,77,77,77,77,77,77,77],"card_choices":[{"not_picked":["hexamod:SpectersWail","hexamod:FastForward"],"picked":"hexamod:Firestarter","floor":2},{"not_picked":["hexamod:HeatShield","hexamod:ThermalTransfer"],"picked":"hexamod:GhostLash","floor":3},{"not_picked":["hexamod:GhostLash","hexamod:Hexaguard+1"],"picked":"hexamod:FastForward+1","floor":4},{"not_picked":["hexamod:Firestarter","hexamod:Hexaguard+1"],"picked":"hexamod:NightmareGuise+1","floor":5},{"not_picked":["hexamod:PhantomCloak","hexamod:GhostLash"],"picked":"hexamod:AdvancingGuard+1","floor":8},{"not_picked":["hexamod:SpectralAdrenaline+1","hexamod:HexaLevel"],"picked":"hexamod:RetreatToShadows+1","floor":9},{"not_picked":["hexamod:AdvancingGuard+1","hexamod:Firestarter"],"picked":"hexamod:HeatCrush","floor":10},{"not_picked":["hexamod:ShieldOfDarkness+1","hexamod:BurningTouch+1"],"picked":"hexamod:InspiringFlames+1","floor":13},{"not_picked":["hexamod:AdvancingGuard+1","hexamod:ShieldOfDarkness+1"],"picked":"hexamod:GhostShield+1","floor":14},{"not_picked":["hexamod:RainOfEmbers","hexamod:NightmareGuise+1"],"picked":"hexamod:GhostflameBarrier+1","floor":15}],"player_experience":143385,"relics_obtained":[{"floor":4,"key":"Toxic Egg 2"},{"floor":7,"key":"Mercury Hourglass"}],"event_choices":[{"damage_healed":0,"gold_gain":0,"player_choice":"Success","damage_taken":7,"relics_obtained":["Shuriken"],"max_hp_gain":0,"max_hp_loss":0,"event_name":"Scrap Ooze","floor":12,"gold_loss":0}],"is_beta":false,"boss_relics":[],"items_purged_floors":[],"is_endless":false,"potions_floor_spawned":[8,10,13,14,15],"killed_by":"WA_ARCHETYPE_RETAIN","ascension_level":0}}