{"host":"z609fbm6pkeriks8","time":1612613961,"event":{"mods":["AchievementEnabler","BaseMod","Colored Map","Colored Powertips","Downfall","Highlight Path","Marisa£®ÏF”Í°°ƒß¿Ì…≥£©","Minty Spire (QoL Compilation)","StSLib","The Cursed","The Servant 0.9.4"],"gold_per_floor":[109,34,52,69,69,97,115,126,126,143,43,43,60,85,85,185,185,197,164,39,56,56,75,75,90,113,145,192,204,204],"floor_reached":29,"language":"ZHS","playtime":1607,"items_purged":["Strike_R","Strike_R","Defend_R"],"score":261,"play_id":"6a29dfe3-32dc-486c-b993-f09e962d09ae","local_time":"20210206201921","is_ascension_mode":false,"campfire_choices":[{"data":"Fire Breathing","floor":12,"key":"SMITH"},{"floor":15,"key":"REST"},{"data":"Shockwave","floor":24,"key":"SMITH"}],"circlet_count":0,"master_deck":["Defend_R","Defend_R","Bash","Parasite","Body Slam","Body Slam","Thunderclap","Feel No Pain","Inflame+1","Shockwave+1","Shrug It Off","Fire Breathing+1","Power Through","Impervious","Sentinel+1","Metallicize","Reaper"],"relics":["Burning Blood","Red Skull","Bottled Flame","PreservedInsect","Empty Cage","MawBank","Gambling Chip"],"acts_visited":["Exordium","TheCity"],"potions_floor_usage":[6,6,23,23,28,28,28],"damage_taken":[{"damage":2,"enemies":"Small Slimes","floor":1,"turns":5},{"damage":9,"enemies":"Cultist","floor":3,"turns":4},{"damage":0,"enemies":"2 Louse","floor":4,"turns":3},{"damage":35,"enemies":"Lagavulin","floor":6,"turns":7},{"damage":8,"enemies":"Red Slaver","floor":7,"turns":5},{"damage":14,"enemies":"Looter","floor":8,"turns":4},{"damage":12,"enemies":"Exordium Thugs","floor":10,"turns":4},{"damage":2,"enemies":"Blue Slaver","floor":13,"turns":5},{"damage":21,"enemies":"Gremlin Nob","floor":14,"turns":4},{"damage":32,"enemies":"The Guardian","floor":16,"turns":10},{"damage":9,"enemies":"Shell Parasite","floor":18,"turns":7},{"damage":15,"enemies":"2 Thieves","floor":19,"turns":5},{"damage":10,"enemies":"3 Cultists","floor":21,"turns":7},{"damage":23,"enemies":"Cultist and Chosen","floor":23,"turns":7},{"damage":8,"enemies":"Chosen and Byrds","floor":25,"turns":6},{"damage":15,"enemies":"Centurion and Healer","floor":27,"turns":8},{"damage":36,"enemies":"Gremlin Leader","floor":28,"turns":8},{"damage":34,"enemies":"Sentry and Sphere","floor":29,"turns":5}],"seed_played":"5739747549802672710","potions_obtained":[{"floor":3,"key":"DuplicationPotion"},{"floor":4,"key":"champ:CounterPotion"},{"floor":7,"key":"Fire Potion"},{"floor":13,"key":"Swift Potion"},{"floor":16,"key":"Energy Potion"},{"floor":21,"key":"LiquidBronze"},{"floor":23,"key":"Fire Potion"},{"floor":25,"key":"Regen Potion"}],"is_trial":false,"path_per_floor":["M","$","M","M","?","E","M","M","T","M","$","R","M","E","R","B",null,"M","M","$","M","?","M","R","M","T","M","E","M"],"character_chosen":"IRONCLAD","items_purchased":[],"campfire_rested":1,"item_purchase_floors":[],"current_hp_per_floor":[80,80,77,80,80,51,49,41,41,35,35,35,39,24,48,22,80,77,68,68,64,64,47,47,45,45,36,21,0,0],"gold":204,"neow_bonus":"TRANSFORM_TWO_CARDS","is_daily":false,"chose_seed":false,"campfire_upgraded":2,"win_rate":0.0,"timestamp":1612613961,"path_taken":["M","$","M","M","?","E","M","?","T","M","?","R","M","E","R","BOSS","M","M","$","M","?","M","R","M","T","M","E","M"],"items_purchased_type":[],"build_version":"2020-12-22","purchased_purges":3,"victory":false,"max_hp_per_floor":[80,80,80,80,80,80,80,80,80,80,80,80,80,80,80,80,80,80,80,80,80,80,80,80,80,80,80,80,80,80],"card_choices":[{"not_picked":["Warcry","Intimidate"],"picked":"Thunderclap","floor":1},{"not_picked":["True Grit","Shrug It Off"],"picked":"Feel No Pain","floor":3},{"not_picked":["Cleave","Rage"],"picked":"Inflame","floor":4},{"not_picked":["Carnage","Flex"],"picked":"Shockwave","floor":6},{"not_picked":["Feel No Pain","Pommel Strike"],"picked":"Shrug It Off","floor":7},{"not_picked":["Intimidate","Bludgeon"],"picked":"Fire Breathing","floor":8},{"not_picked":["Shrug It Off","Searing Blow","Carnage"],"picked":"SKIP","floor":10},{"not_picked":["Flex","Cleave","Pommel Strike"],"picked":"SKIP","floor":13},{"not_picked":["Brutality","Shrug It Off"],"picked":"Power Through","floor":14},{"not_picked":["Reaper","Feed"],"picked":"Impervious","floor":16},{"not_picked":["Shrug It Off","Fire Breathing"],"picked":"Sentinel+1","floor":18},{"not_picked":["Cleave","Body Slam","Anger"],"picked":"SKIP","floor":19},{"not_picked":["Body Slam","Sword Boomerang+1","Anger"],"picked":"SKIP","floor":21},{"not_picked":["Headbutt","Pommel Strike","Bloodletting+1"],"picked":"SKIP","floor":23},{"not_picked":["Warcry+1","Cleave"],"picked":"Metallicize","floor":25},{"not_picked":["Heavy Blade+1","Intimidate+1"],"picked":"Reaper","floor":27},{"not_picked":["Pommel Strike","Flex","Blood for Blood"],"picked":"SKIP","floor":28}],"player_experience":42795,"relics_obtained":[{"floor":6,"key":"Red Skull"},{"floor":9,"key":"Bottled Flame"},{"floor":14,"key":"PreservedInsect"},{"floor":26,"key":"MawBank"},{"floor":28,"key":"Gambling Chip"}],"event_choices":[{"damage_healed":0,"gold_gain":0,"player_choice":"Forge","damage_taken":0,"max_hp_gain":0,"max_hp_loss":0,"event_name":"Accursed Blacksmith","floor":5,"gold_loss":0,"cards_upgraded":["Inflame"]}],"is_beta":false,"boss_relics":[{"not_picked":["Ectoplasm","Calling Bell"],"picked":"Empty Cage"}],"items_purged_floors":[2,11,20],"is_endless":false,"potions_floor_spawned":[3,4,7,13,16,18,21,23,25],"killed_by":"Sentry and Sphere","ascension_level":0}}