{"host":"1ooxfz79hmpvpehx","time":1612582624,"event":{"mods":["BaseMod","Minty Spire (QoL Compilation)","Quick Restart","Replay The Spire","StSLib","SuperFastMode"],"gold_per_floor":[118,118,166,182,182,211,66,78,78,78,97,117,117,147,147,147,147],"floor_reached":16,"language":"ENG","playtime":232,"items_purged":[],"score":142,"play_id":"d20b75a7-2356-4cfd-bce7-f598258f1831","local_time":"20210206003704","is_ascension_mode":true,"campfire_choices":[{"data":"Gash","floor":10,"key":"SMITH"},{"data":"Doubt","floor":15,"key":"PURGE"}],"circlet_count":0,"master_deck":["Strike_B","Strike_B","Strike_B","Strike_B","Defend_B","Defend_B","Defend_B","Zap","Dualcast","Gash+1","Capacitor","Buffer"],"relics":["Cracked Core","NeowsBlessing","Shuriken","Ring of Shattering","ReplayTheSpireMod:Ring of Collecting","Carrot","PreservedInsect","Ring of Hypnosis","Blood Vial","Ring of Fury","Mango","Counterbalance"],"acts_visited":["Exordium"],"potions_floor_usage":[11,11,12,14],"damage_taken":[{"damage":0,"enemies":"Jaw Worm","floor":1,"turns":1},{"damage":0,"enemies":"2 Louse","floor":4,"turns":1},{"damage":0,"enemies":"Lagavulin","floor":6,"turns":1},{"damage":0,"enemies":"Cultist","floor":8,"turns":2},{"damage":12,"enemies":"Large Slime","floor":11,"turns":2},{"damage":7,"enemies":"Blue Slaver","floor":12,"turns":3},{"damage":33,"enemies":"3 Sentries","floor":14,"turns":6},{"damage":21,"enemies":"The Guardian","floor":16,"turns":7}],"seed_played":"-8831590610005638620","potions_obtained":[{"floor":1,"key":"EssenceOfDarkness"},{"floor":3,"key":"Death Potion"},{"floor":8,"key":"FearPotion"},{"floor":11,"key":"Energy Potion"}],"is_trial":false,"path_per_floor":["M","?","?","M","?","E","$","M","T","R","M","M","T","E","R","B"],"character_chosen":"DEFECT","items_purchased":["PreservedInsect"],"campfire_rested":0,"item_purchase_floors":[7],"current_hp_per_floor":[75,75,45,45,45,45,45,45,45,45,35,30,44,13,13,0,0],"gold":147,"neow_bonus":"THREE_ENEMY_KILL","is_daily":false,"chose_seed":false,"campfire_upgraded":1,"win_rate":0.0,"timestamp":1612582624,"path_taken":["M","?","?","?","?","E","$","M","T","R","M","M","?","E","R","BOSS"],"items_purchased_type":["Relic"],"build_version":"2020-12-22","purchased_purges":0,"victory":false,"max_hp_per_floor":[75,75,75,75,75,75,75,75,75,75,75,75,89,89,89,89,89],"card_choices":[{"not_picked":["Force Field","Redo","Storm"],"picked":"SKIP","floor":1},{"not_picked":["Tempest","Rebound"],"picked":"Gash","floor":3},{"not_picked":["Redo","BootSequence","Double Energy"],"picked":"SKIP","floor":4},{"not_picked":["Heatsinks","Conserve Battery"],"picked":"Capacitor","floor":6},{"not_picked":["Glacier","Panic Button","Consume"],"picked":"SKIP","floor":8},{"not_picked":["Turbo","Compile Driver","Reprogram"],"picked":"SKIP","floor":11},{"not_picked":["Heatsinks","Conserve Battery"],"picked":"Buffer","floor":12},{"not_picked":["Coolheaded","Sunder","Fusion"],"picked":"SKIP","floor":14}],"player_experience":14984,"relics_obtained":[{"floor":3,"key":"Shuriken"},{"floor":5,"key":"Ring of Shattering"},{"floor":5,"key":"ReplayTheSpireMod:Ring of Collecting"},{"floor":6,"key":"Carrot"},{"floor":9,"key":"Ring of Hypnosis"},{"floor":9,"key":"Blood Vial"},{"floor":13,"key":"Ring of Fury"},{"floor":13,"key":"Mango"},{"floor":14,"key":"Counterbalance"}],"event_choices":[{"cards_removed":["Defend_B"],"damage_healed":0,"gold_gain":0,"player_choice":"Forget","damage_taken":0,"max_hp_gain":0,"max_hp_loss":0,"event_name":"Living Wall","floor":2,"gold_loss":0}],"is_beta":false,"boss_relics":[],"items_purged_floors":[],"is_endless":false,"potions_floor_spawned":[1,8,11],"killed_by":"The Guardian","ascension_level":1}}