{"host":"f5gffvlv6a66yqkd","time":1612602704,"event":{"mods":["2.2 Compatiblity","BaseMod","Colored Map","Custom Start","DeckTracker","Keyboard Shortcuts","Minty Spire (QoL Compilation)","Permanent Neow","Quick Restart","Relic Stats","StSLib","SuperFastMode"],"gold_per_floor":[109,123,123,123,123,123,153,164,164,178,178,198,210,228,228,299,299,319,369,121,121,131,131,141,141,189,189,189,215,225,239,239,316,316,326,326,326,343,343,343,363,363,363,379,397,417,61,110,110,110,110,110,110,42,74,74],"floor_reached":57,"language":"KOR","playtime":2489,"items_purged":["Strike_R","Pain"],"score":2602,"play_id":"6f1308d4-b250-42bc-96e9-b8e3ae010221","local_time":"20210206181144","is_ascension_mode":true,"campfire_choices":[{"data":"Bash","floor":6.0,"key":"SMITH"},{"data":"Carnage","floor":11.0,"key":"SMITH"},{"data":"Rampage","floor":15.0,"key":"SMITH"},{"data":"Evolve","floor":23.0,"key":"SMITH"},{"data":"Body Slam","floor":25.0,"key":"SMITH"},{"data":"Second Wind","floor":28.0,"key":"SMITH"},{"floor":32.0,"key":"REST"},{"data":"Seeing Red","floor":40.0,"key":"SMITH"},{"floor":42.0,"key":"RECALL"},{"floor":49.0,"key":"REST"},{"floor":53.0,"key":"REST"}],"circlet_count":0,"master_deck":["AscendersBane","Defend_R","Defend_R","Defend_R+1","Bash+1","Second Wind+1","Dropkick","Intimidate+1","Feed","Shrug It Off","Carnage+1","Rampage+1","Body Slam+1","Evolve+1","Immolate","Seeing Red+1","Shrug It Off","Battle Trance+1","Power Through+1","Dual Wield+1","Warcry+1","Shrug It Off+1","Warcry+1","Warcry+1","Feel No Pain"],"relics":["Burning Blood","Blood Vial","Self Forming Clay","Tiny Chest","Runic Pyramid","OrangePellets","Potion Belt","The Courier","Toxic Egg 2","Cursed Key","Incense Burner","Pocketwatch"],"acts_visited":["Exordium","TheCity","TheBeyond","TheEnding"],"potions_floor_usage":[56],"damage_taken":[{"damage":7.0,"enemies":"Jaw Worm","floor":1.0,"turns":3.0},{"damage":8.0,"enemies":"2 Louse","floor":2.0,"turns":4.0},{"damage":23.0,"enemies":"Gremlin Nob","floor":7.0,"turns":4.0},{"damage":4.0,"enemies":"Small Slimes","floor":8.0,"turns":4.0},{"damage":0.0,"enemies":"Exordium Wildlife","floor":10.0,"turns":3.0},{"damage":1.0,"enemies":"2 Fungi Beasts","floor":12.0,"turns":3.0},{"damage":8.0,"enemies":"Looter","floor":13.0,"turns":4.0},{"damage":21.0,"enemies":"Gremlin Gang","floor":14.0,"turns":5.0},{"damage":22.0,"enemies":"Slime Boss","floor":16.0,"turns":9.0},{"damage":7.0,"enemies":"3 Byrds","floor":18.0,"turns":6.0},{"damage":2.0,"enemies":"Chosen","floor":22.0,"turns":4.0},{"damage":29.0,"enemies":"Sentry and Sphere","floor":24.0,"turns":6.0},{"damage":48.0,"enemies":"Gremlin Leader","floor":29.0,"turns":7.0},{"damage":12.0,"enemies":"Cultist and Chosen","floor":30.0,"turns":7.0},{"damage":13.0,"enemies":"Snake Plant","floor":31.0,"turns":3.0},{"damage":27.0,"enemies":"Collector","floor":33.0,"turns":12.0},{"damage":13.0,"enemies":"3 Shapes","floor":35.0,"turns":3.0},{"damage":0.0,"enemies":"Orb Walker","floor":38.0,"turns":4.0},{"damage":10.0,"enemies":"Transient","floor":41.0,"turns":6.0},{"damage":4.0,"enemies":"3 Darklings","floor":44.0,"turns":6.0},{"damage":23.0,"enemies":"Sphere and 2 Shapes","floor":45.0,"turns":6.0},{"damage":12.0,"enemies":"Maw","floor":46.0,"turns":8.0},{"damage":27.0,"enemies":"2 Orb Walkers","floor":48.0,"turns":4.0},{"damage":62.0,"enemies":"Donu and Deca","floor":50.0,"turns":11.0},{"damage":41.0,"enemies":"Time Eater","floor":51.0,"turns":14.0},{"damage":17.0,"enemies":"Shield and Spear","floor":55.0,"turns":11.0},{"damage":38,"enemies":"The Heart","floor":56,"turns":12}],"seed_played":"1124830623022861766","potions_obtained":[{"floor":1.0,"key":"LiquidBronze"},{"floor":8.0,"key":"Weak Potion"},{"floor":12.0,"key":"DuplicationPotion"},{"floor":14.0,"key":"Dexterity Potion"},{"floor":16.0,"key":"SpeedPotion"},{"floor":22.0,"key":"LiquidBronze"},{"floor":24.0,"key":"ColorlessPotion"},{"floor":30.0,"key":"Explosive Potion"},{"floor":31.0,"key":"FearPotion"},{"floor":35.0,"key":"Energy Potion"},{"floor":45.0,"key":"Explosive Potion"},{"floor":46.0,"key":"LiquidBronze"},{"floor":55.0,"key":"FairyPotion"}],"is_trial":false,"path_per_floor":["M","M","?","?","?","R","E","M","T","M","R","M","M","M","R","B",null,"M","?","$","?","M","R","M","R","T","T","R","E","M","M","R","B",null,"M","?","?","M","T","R","M","R","T","M","M","M","$","?","R","B","B",null,"R","$","E","B",null],"character_chosen":"IRONCLAD","items_purchased":["OrangePellets","Incense Burner","Feel No Pain"],"campfire_rested":3,"item_purchase_floors":[20,47,54],"current_hp_per_floor":[69,69,69,46,39,39,24,28,28,39,39,49,49,39,39,28,72,76,76,76,76,85,85,67,67,67,67,67,30,29,27,58,39,89,87,87,87,98,98,98,96,96,96,100,88,87,87,71,107,56,23,98,123,123,112,82],"gold":74,"neow_bonus":"RANDOM_COMMON_RELIC","is_daily":false,"chose_seed":false,"campfire_upgraded":7,"win_rate":0.0,"timestamp":1612602704,"path_taken":["M","M","?","?","?","R","E","M","T","?","R","M","M","M","R","BOSS","M","?","$","?","M","R","M","R","T","?","R","E","M","M","R","BOSS","M","?","?","?","?","R","M","R","T","M","M","M","$","?","R","BOSS","BOSS","R","$","E","BOSS"],"items_purchased_type":["Relic","Relic","Card"],"build_version":"2020-12-22","purchased_purges":2,"victory":true,"max_hp_per_floor":[75,75,75,75,75,75,75,75,75,78,78,81,81,84,84,87,87,90,90,90,90,93,93,96,96,96,96,96,99,102,105,105,105,105,108,108,108,111,111,111,111,111,111,111,114,117,117,120,120,123,123,123,123,123,123,123],"relic_stats":{"Blood Vial":52,"OrangePellets":[9],"counters":[27,169],"Self Forming Clay":[303],"Tiny Chest":2,"Cursed Key":1,"obtain_stats":[{"Potion Belt":26,"Self Forming Clay":7,"Dead Branch":55,"The Courier":27,"Incense Burner":47,"Cursed Key":34,"Burning Blood":0,"Blood Vial":0,"OrangePellets":20,"Tiny Chest":9,"Toxic Egg 2":29,"Runic Pyramid":17,"Pocketwatch":48},{"Potion Belt":12,"Self Forming Clay":3,"Dead Branch":26,"The Courier":12,"Incense Burner":22,"Cursed Key":16,"Burning Blood":0,"Blood Vial":0,"OrangePellets":10,"Tiny Chest":4,"Toxic Egg 2":13,"Runic Pyramid":9,"Pocketwatch":23},{"Potion Belt":55,"Self Forming Clay":11,"Dead Branch":157,"The Courier":55,"Incense Burner":117,"Cursed Key":84,"Burning Blood":0,"Blood Vial":0,"OrangePellets":45,"Tiny Chest":15,"Toxic Egg 2":62,"Runic Pyramid":39,"Pocketwatch":121}],"Burning Blood":162,"Pocketwatch":[14]},"card_choices":[{"not_picked":["Pummel","Dark Embrace"],"picked":"Second Wind","floor":1.0},{"not_picked":["Iron Wave","Clash"],"picked":"Dropkick","floor":2.0},{"not_picked":["Flame Barrier","Exhume"],"picked":"Feed","floor":7.0},{"not_picked":["Infernal Blade","Disarm"],"picked":"Shrug It Off","floor":8.0},{"not_picked":["Shrug It Off","Rupture"],"picked":"Carnage","floor":10.0},{"not_picked":["Intimidate","Sword Boomerang"],"picked":"Rampage","floor":12.0},{"not_picked":["Limit Break","Wild Strike"],"picked":"Body Slam","floor":13.0},{"not_picked":["Warcry","Perfected Strike"],"picked":"Evolve","floor":14.0},{"not_picked":["Feed","Limit Break"],"picked":"Immolate","floor":16.0},{"not_picked":["Sword Boomerang","Rampage"],"picked":"Seeing Red","floor":18.0},{"not_picked":["Evolve","Whirlwind","Perfected Strike+1"],"picked":"SKIP","floor":22.0},{"not_picked":["Pommel Strike","Shockwave"],"picked":"Shrug It Off","floor":24.0},{"not_picked":["Immolate","Spot Weakness+1"],"picked":"Battle Trance+1","floor":29.0},{"not_picked":["Body Slam","Perfected Strike"],"picked":"Power Through+1","floor":30.0},{"not_picked":["Rampage","Clash"],"picked":"Dual Wield+1","floor":31.0},{"not_picked":["Carnage","Iron Wave+1","Clothesline"],"picked":"SKIP","floor":35.0},{"not_picked":["Fire Breathing+1","Inflame"],"picked":"Shrug It Off+1","floor":38.0},{"not_picked":["Shrug It Off+1","Evolve","Infernal Blade+1"],"picked":"SKIP","floor":41.0},{"not_picked":["Thunderclap","Disarm+1","Shrug It Off+1"],"picked":"SKIP","floor":44.0},{"not_picked":["Clothesline+1","Shrug It Off+1"],"picked":"Warcry+1","floor":45.0},{"not_picked":["Havoc+1","Anger"],"picked":"Warcry+1","floor":46.0},{"not_picked":["Fire Breathing+1","Battle Trance+1","Cleave"],"picked":"SKIP","floor":55.0}],"player_experience":1670637,"relics_obtained":[{"floor":7.0,"key":"Self Forming Clay"},{"floor":9.0,"key":"Tiny Chest"},{"floor":26.0,"key":"Potion Belt"},{"floor":27.0,"key":"The Courier"},{"floor":29.0,"key":"Toxic Egg 2"},{"floor":48.0,"key":"Pocketwatch"},{"floor":55.0,"key":"Dead Branch"}],"event_choices":[{"damage_healed":0.0,"max_hp_gain":0.0,"max_hp_loss":0.0,"gold_gain":0.0,"cards_transformed":["Strike_R"],"event_name":"Living Wall","player_choice":"Change","floor":3.0,"gold_loss":0.0,"damage_taken":0.0,"cards_obtained":["Intimidate"]},{"damage_healed":0.0,"max_hp_gain":0.0,"max_hp_loss":0.0,"gold_gain":0.0,"event_name":"Shining Light","player_choice":"Entered Light","floor":4.0,"gold_loss":0.0,"damage_taken":23.0,"cards_upgraded":["Intimidate","Defend_R"]},{"cards_removed":["Strike_R"],"damage_healed":0.0,"max_hp_gain":0.0,"max_hp_loss":0.0,"gold_gain":0.0,"event_name":"Golden Wing","player_choice":"Card Removal","floor":5.0,"gold_loss":0.0,"damage_taken":7.0},{"damage_healed":0.0,"max_hp_gain":0.0,"max_hp_loss":0.0,"gold_gain":50.0,"event_name":"Nest","player_choice":"Stole From Cult","floor":19.0,"gold_loss":0.0,"damage_taken":0.0},{"cards_removed":["Strike_R"],"damage_healed":0.0,"max_hp_gain":0.0,"max_hp_loss":0.0,"gold_gain":0.0,"event_name":"Purifier","player_choice":"Purged","floor":21.0,"gold_loss":0.0,"damage_taken":0.0},{"cards_removed":["Defend_R"],"damage_healed":0.0,"max_hp_gain":0.0,"max_hp_loss":0.0,"gold_gain":0.0,"event_name":"Falling","player_choice":"Removed Skill","floor":36.0,"gold_loss":0.0,"damage_taken":0.0},{"damage_healed":0.0,"max_hp_gain":0.0,"max_hp_loss":0.0,"gold_gain":0.0,"cards_transformed":["Strike_R"],"event_name":"Transmorgrifier","player_choice":"Transformed","floor":37.0,"gold_loss":0.0,"damage_taken":0.0,"cards_obtained":["Warcry"]},{"damage_healed":0.0,"max_hp_gain":0.0,"max_hp_loss":0.0,"gold_gain":0.0,"event_name":"Mysterious Sphere","player_choice":"Fight","floor":48.0,"gold_loss":0.0,"damage_taken":0.0}],"is_beta":false,"boss_relics":[{"not_picked":["Velvet Choker","Philosopher\u0027s Stone"],"picked":"Runic Pyramid"},{"not_picked":["Empty Cage","Pandora\u0027s Box"],"picked":"Cursed Key"}],"items_purged_floors":[20,47],"is_endless":false,"potions_floor_spawned":[1,8,12,14,16,22,24,30,31,35,45,46,55],"ascension_level":20}}