{"host":"51f0ad793vly1w6u","time":1612595645,"event":{"mods":["BaseMod","Colored Map","DeckTracker","Minty Spire (QoL Compilation)","Replay The Spire","StSLib","SuperFastMode"],"gold_per_floor":[10,30,40,51,70,70,98,98,98,110,127,127,153,153,153,254,254,266,43,71,84,103,103,132,132,132,132,132,145,176,91,91,195,245,259,307,307,325,343,373,373,393,393,393,419,93,108,133,133,133,133,133,16,49,49],"floor_reached":56,"language":"KOR","playtime":1432,"items_purged":["Strike_R","Strike_R"],"score":1478,"play_id":"b64bbe89-ab6c-404f-b139-62d0096cd817","local_time":"20210206161405","is_ascension_mode":true,"campfire_choices":[{"data":"Replay:Undeath\u0027s Touch","floor":6.0,"key":"SMITH"},{"data":"Flex","floor":8.0,"key":"SMITH"},{"data":"Replay:Undeath\u0027s Touch","floor":12.0,"key":"SMITH"},{"data":"Dual Wield","floor":12.0,"key":"SMITH"},{"data":"Bash","floor":15.0,"key":"SMITH"},{"data":"Pommel Strike","floor":15.0,"key":"SMITH"},{"data":"Offering","floor":23.0,"key":"SMITH"},{"data":"Offering","floor":23.0,"key":"SMITH"},{"data":"Rupture","floor":27.0,"key":"SMITH"},{"data":"ReplayTheSpireMod:Corrosion Curse","floor":27.0,"key":"SMITH"},{"floor":32.0,"key":"DIG"},{"floor":41.0,"key":"REST"},{"floor":49,"key":"REST"},{"data":"Replay:Many Hands","floor":52,"key":"SMITH"},{"data":"Impervious","floor":52,"key":"SMITH"}],"circlet_count":0,"master_deck":["Strike_R","Defend_R","Defend_R+1","Defend_R+1","Bash+1","Clothesline+1","Flex+1","Dual Wield+1","Pommel Strike+1","Cleave","Impervious+1","Replay:Undeath\u0027s Touch+1","Offering+1","Offering+1","Rupture+1","ReplayTheSpireMod:Corrosion Curse+1","Replay:Many Hands+1","Shrug It Off+1","Dual Wield+1","Seeing Red+1","Pot Of Greed+1","Pot Of Greed+1","Flame Barrier+1","Seeing Red+1","Pot Of Greed+1"],"relics":["Burning Blood","Singing Bowl","Replay:Arrowhead","Champion Belt","Black Star","DollysMirror","Red Mask","Pocketwatch","Potion Belt","Pear","Enchiridion","Shovel","Gremlin Food","Oddly Smooth Stone","Dead Branch","Tiny House","Magic Flower","StrikeDummy","Grinning Jar","Replay:Bottled Eggs","The Courier","Self Forming Clay","Ice Cream","Incense Burner","Replay:Bottled Steam","Chemical X","Mirror","Iron Hammer"],"acts_visited":["Exordium","TheCity","TheBeyond","TheEnding"],"potions_floor_usage":[50,55,55],"damage_taken":[{"damage":6.0,"enemies":"Cultist","floor":1.0,"turns":3.0},{"damage":0.0,"enemies":"Small Slimes","floor":2.0,"turns":2.0},{"damage":0.0,"enemies":"2 Louse","floor":3.0,"turns":2.0},{"damage":20.0,"enemies":"Large Slime","floor":4.0,"turns":6.0},{"damage":9.0,"enemies":"2 Fungi Beasts","floor":5.0,"turns":3.0},{"damage":7.0,"enemies":"Gremlin Nob","floor":7.0,"turns":3.0},{"damage":6.0,"enemies":"Looter","floor":10.0,"turns":2.0},{"damage":10.0,"enemies":"Large Slime","floor":11.0,"turns":4.0},{"damage":0.0,"enemies":"Lagavulin","floor":13.0,"turns":4.0},{"damage":28.0,"enemies":"The Guardian","floor":16.0,"turns":5.0},{"damage":7.0,"enemies":"Spheric Guardian","floor":18.0,"turns":3.0},{"damage":19.0,"enemies":"Masked Bandits","floor":20.0,"turns":3.0},{"damage":6.0,"enemies":"Shell Parasite","floor":21.0,"turns":2.0},{"damage":6.0,"enemies":"Sentry and Sphere","floor":22.0,"turns":3.0},{"damage":8.0,"enemies":"Replay:Snechameleon","floor":24.0,"turns":3.0},{"damage":7.0,"enemies":"Chosen and Byrds","floor":29.0,"turns":2.0},{"damage":12.0,"enemies":"Slavers","floor":30.0,"turns":3.0},{"damage":14.0,"enemies":"Champ","floor":33.0,"turns":2.0},{"damage":26.0,"enemies":"3 Shapes","floor":35.0,"turns":2.0},{"damage":40.0,"enemies":"2 Orb Walkers","floor":36.0,"turns":4.0},{"damage":33.0,"enemies":"3 Darklings","floor":38.0,"turns":4.0},{"damage":30.0,"enemies":"Writhing Mass","floor":39.0,"turns":3.0},{"damage":17.0,"enemies":"R_Hoarder","floor":40.0,"turns":4.0},{"damage":17.0,"enemies":"Jaw Worm Horde","floor":42.0,"turns":3.0},{"damage":15.0,"enemies":"Giant Head","floor":45.0,"turns":4.0},{"damage":35.0,"enemies":"Transient","floor":47.0,"turns":5.0},{"damage":16.0,"enemies":"R_Hoarder","floor":48.0,"turns":4.0},{"damage":28,"enemies":"Replay:Hell Engine","floor":50,"turns":4},{"damage":14,"enemies":"Shield and Spear","floor":54,"turns":6},{"damage":68,"enemies":"The Heart","floor":55,"turns":6}],"seed_played":"6088341166253991951","potions_obtained":[{"floor":2.0,"key":"Venom Potion"},{"floor":7.0,"key":"FairyPotion"},{"floor":10.0,"key":"DuplicationPotion"},{"floor":16.0,"key":"LifebloodPotion"},{"floor":24.0,"key":"AttackPotion"},{"floor":30.0,"key":"Fruit Juice"},{"floor":33.0,"key":"SpeedPotion"},{"floor":34.0,"key":"PowerPotion"},{"floor":38.0,"key":"BlessingOfTheForge"},{"floor":39.0,"key":"Venom Potion"},{"floor":40.0,"key":"BloodPotion"},{"floor":54,"key":"Milkshake"}],"is_trial":false,"path_per_floor":["M","M","M","M","M","R","E","R","T","M","M","R","E","?","R","B",null,"M","$","?","M","M","R","E","?","T","R","?","M","E","?","R","B",null,"M","?","?","M","M","E","R","M","T","?","E","$","M","E","R","B",null,"R","$","E","B",null],"character_chosen":"IRONCLAD","items_purchased":["DollysMirror","Ice Cream","Chemical X"],"campfire_rested":2,"item_purchase_floors":[19,46,53],"current_hp_per_floor":[80,80,80,66,63,63,64,64,64,64,60,60,68,61,61,39,84,85,85,74,76,78,78,76,76,86,86,70,71,72,72,72,64,118,98,66,66,42,23,15,51,43,43,43,39,39,49,44,81,62,126,126,126,123,64],"gold":49,"neow_bonus":"TRANSFORM_TWO_CARDS","is_daily":false,"chose_seed":false,"campfire_upgraded":12,"win_rate":0.0,"timestamp":1612595645,"path_taken":["M","?","M","M","M","R","E","R","T","M","M","R","E","?","R","BOSS","M","$","?","M","M","R","E","?","T","R","?","M","E","?","R","BOSS","M","?","?","M","M","E","R","M","T","?","E","?","?","E","R","BOSS","R","$","E","BOSS"],"items_purchased_type":["Relic","Relic","Relic"],"build_version":"2020-12-22","purchased_purges":2,"victory":true,"max_hp_per_floor":[80,80,80,80,80,80,82,82,82,82,82,82,84,84,84,84,84,86,86,88,90,92,92,92,92,102,102,102,104,111,111,111,111,118,118,120,120,120,122,122,122,122,122,122,124,124,124,126,126,126,126,126,126,128,128],"card_choices":[{"not_picked":["Iron Wave","Havoc"],"picked":"Flex","floor":1.0},{"not_picked":["Wild Strike","Infernal Blade"],"picked":"Dual Wield","floor":2.0},{"not_picked":["Armaments","Run Through","Wild Strike"],"picked":"SKIP","floor":3.0},{"not_picked":["Iron Wave","Clash"],"picked":"Pommel Strike","floor":4.0},{"not_picked":["Clothesline","Flex"],"picked":"Cleave","floor":5.0},{"not_picked":["Burning Pact","Massacre","Wild Strike"],"picked":"Singing Bowl","floor":7.0},{"not_picked":["Whirlwind","Headbutt"],"picked":"Impervious","floor":10.0},{"not_picked":["True Grit","Hemokinesis"],"picked":"Replay:Undeath\u0027s Touch","floor":11.0},{"not_picked":["Perfected Strike","Sword Boomerang","Intimidate"],"picked":"Singing Bowl","floor":13.0},{"not_picked":["Fiend Fire","Corruption"],"picked":"Offering","floor":16.0},{"not_picked":["Iron Wave","Clothesline","Thunderclap"],"picked":"Singing Bowl","floor":18.0},{"not_picked":["Heavy Blade","Intimidate","Entrench+1"],"picked":"Singing Bowl","floor":20.0},{"not_picked":["Intimidate","True Grit","Sword Boomerang"],"picked":"Singing Bowl","floor":21.0},{"not_picked":["Fiend Fire","Rampage","Armaments"],"picked":"Singing Bowl","floor":22.0},{"not_picked":["Wild Strike","Offering"],"picked":"Rupture","floor":24.0},{"not_picked":["Cleave","Flex","Pommel Strike"],"picked":"Singing Bowl","floor":29.0},{"not_picked":["Demonic Infusion","Fire Breathing","Warcry"],"picked":"Singing Bowl","floor":30.0},{"not_picked":["Impervious","Feed"],"picked":"Replay:Many Hands","floor":33.0},{"not_picked":["Thunderclap","Perfected Strike","Uppercut"],"picked":"Singing Bowl","floor":34.0},{"not_picked":["Body Slam","Uppercut"],"picked":"Shrug It Off+1","floor":35.0},{"not_picked":["Cleave+1","Heavy Blade+1","Iron Wave+1"],"picked":"Singing Bowl","floor":36.0},{"not_picked":["Thunderclap","Replay:Undeath\u0027s Touch"],"picked":"Dual Wield+1","floor":38.0},{"not_picked":["Twin Strike","Thunderclap","Perfected Strike+1"],"picked":"Singing Bowl","floor":39.0},{"not_picked":["Reckless Charge","Clothesline"],"picked":"Seeing Red+1","floor":40.0},{"not_picked":["Infernal Blade+1","Perfected Strike+1"],"picked":"Flame Barrier+1","floor":42.0},{"not_picked":["Havoc+1","Armaments","Warcry"],"picked":"Singing Bowl","floor":45.0},{"not_picked":["Havoc","Dual Wield"],"picked":"Seeing Red+1","floor":47.0},{"not_picked":["Brutality","Power Through","Clothesline+1"],"picked":"Singing Bowl","floor":48},{"not_picked":["Searing Blow","Flex","Anger"],"picked":"Singing Bowl","floor":54}],"player_experience":1442157,"relics_obtained":[{"floor":7.0,"key":"Singing Bowl"},{"floor":9.0,"key":"Replay:Arrowhead"},{"floor":13.0,"key":"Champion Belt"},{"floor":20.0,"key":"Red Mask"},{"floor":24.0,"key":"Pocketwatch"},{"floor":24.0,"key":"Potion Belt"},{"floor":26.0,"key":"Pear"},{"floor":28.0,"key":"Enchiridion"},{"floor":30.0,"key":"Shovel"},{"floor":30.0,"key":"Gremlin Food"},{"floor":32.0,"key":"Dead Branch"},{"floor":36.0,"key":"Magic Flower"},{"floor":40.0,"key":"StrikeDummy"},{"floor":40.0,"key":"Grinning Jar"},{"floor":43.0,"key":"Replay:Bottled Eggs"},{"floor":45.0,"key":"The Courier"},{"floor":45.0,"key":"Self Forming Clay"},{"floor":48,"key":"Incense Burner"},{"floor":48,"key":"Replay:Bottled Steam"},{"floor":54,"key":"Mirror"},{"floor":54,"key":"Iron Hammer"}],"event_choices":[{"cards_removed":["Strike_R"],"damage_healed":0.0,"max_hp_gain":0.0,"max_hp_loss":0.0,"gold_gain":0.0,"event_name":"Golden Wing","player_choice":"Card Removal","floor":14.0,"gold_loss":0.0,"damage_taken":7.0},{"damage_healed":0.0,"max_hp_gain":0.0,"max_hp_loss":0.0,"gold_gain":0.0,"event_name":"Masked Bandits","player_choice":"Fought Bandits","floor":20.0,"gold_loss":0.0,"damage_taken":0.0},{"damage_healed":0.0,"max_hp_gain":0.0,"max_hp_loss":0.0,"gold_gain":0.0,"event_name":"The Library","player_choice":"Read","floor":25.0,"gold_loss":0.0,"damage_taken":0.0,"cards_obtained":["ReplayTheSpireMod:Corrosion Curse"]},{"damage_healed":0.0,"max_hp_gain":0.0,"max_hp_loss":0.0,"gold_gain":0.0,"event_name":"Cursed Tome","player_choice":"Obtained Book","floor":28.0,"gold_loss":0.0,"damage_taken":16.0},{"damage_healed":0.0,"max_hp_gain":0.0,"max_hp_loss":0.0,"gold_gain":0.0,"event_name":"Addict","player_choice":"Obtained Relic","floor":31.0,"gold_loss":85.0,"damage_taken":0.0,"relics_obtained":["Oddly Smooth Stone"]},{"damage_healed":0.0,"max_hp_gain":0.0,"max_hp_loss":0.0,"gold_gain":0.0,"event_name":"Mysterious Sphere","player_choice":"Fight","floor":36.0,"gold_loss":0.0,"damage_taken":0.0},{"cards_removed":["Replay:Undeath\u0027s Touch"],"damage_healed":0.0,"max_hp_gain":0.0,"max_hp_loss":0.0,"gold_gain":0.0,"event_name":"Falling","player_choice":"Removed Attack","floor":44.0,"gold_loss":0.0,"damage_taken":0.0}],"is_beta":false,"boss_relics":[{"not_picked":["Painkiller Herb","Fusion Hammer"],"picked":"Black Star"},{"not_picked":["Pandora\u0027s Box","Ring of Chaos"],"picked":"Tiny House"}],"items_purged_floors":[19,46],"is_endless":false,"potions_floor_spawned":[2,7,10,16,20,24,30,33,38,39,40,54],"ascension_level":3}}