{"host":"yrtk68ixj64vhhh3","time":1612609387,"event":{"mods":["AchievementEnabler","Aspiration","BaseMod","Better Altar","Better Match","Better Silent Start","Colored Map","Colored Powertips","Conspire","Dio Mod","Downfall","Energized Spire","Hubris","Infinite Spire","Minty Spire (QoL Compilation)","Prisma Mod","RNG Fix","StSLib","Steal the Spire","Td1madao Mod","The Animator","The Poker Player","The Wild Card","TheBandit","TheHero"],"gold_per_floor":[113,188,153,53,64,64,98,98,98,125,8,183,183,183,183,282,282,300,300,312,312,312,312],"floor_reached":21,"language":"ENG","playtime":1130,"items_purged":[],"score":229,"play_id":"3f685525-5e7a-40dc-901f-4e3873045bcc","local_time":"20210207000307","is_ascension_mode":true,"metric_token":1618,"campfire_choices":[{"data":"PokerPlayerMod:Mulligan","floor":6,"key":"SMITH"},{"floor":8,"key":"RECALL"},{"data":"PokerPlayerMod:BadJoker","floor":13,"key":"SMITH"},{"data":"PokerPlayerMod:Sharpen","floor":15,"key":"SMITH"}],"circlet_count":0,"master_deck":["PokerPlayerMod:Diamond1","PokerPlayerMod:Diamond2","PokerPlayerMod:Diamond3","PokerPlayerMod:Diamond4","PokerPlayerMod:Diamond5","PokerPlayerMod:Spade1","PokerPlayerMod:Spade2","PokerPlayerMod:Spade3","PokerPlayerMod:Spade4","PokerPlayerMod:Club1","PokerPlayerMod:Club2","PokerPlayerMod:Heart2","PokerPlayerMod:TrumpStrike","PokerPlayerMod:BadJoker+1","PokerPlayerMod:Mulligan+1","PokerPlayerMod:DiamondStrike","PokerPlayerMod:CardPrinter","PokerPlayerMod:Diamond4","PokerPlayerMod:Diamond8","PokerPlayerMod:ClubDance","PokerPlayerMod:Spade7","PokerPlayerMod:Sharpen+1","PokerPlayerMod:CloakAndDiamond","PokerPlayerMod:Diamond8","CurseOfTheBell","PokerPlayerMod:Trickery+1","PokerPlayerMod:Diamond7"],"relics":["PokerPlayerMod:DeckCase","conspire:InfiniteJournal","Bottled Lightning","PokerPlayerMod:BottledPoker","Calling Bell","Nunchaku","HornCleat","hubris:FunFungus"],"acts_visited":["Exordium","TheCity"],"potions_floor_usage":[20],"damage_taken":[{"damage":0,"enemies":"Cultist","floor":1,"turns":2},{"damage":7,"enemies":"Jaw Worm","floor":5,"turns":2},{"damage":1,"enemies":"3 Sentries","floor":7,"turns":4},{"damage":0,"enemies":"Gremlin Nob","floor":10,"turns":3},{"damage":36,"enemies":"Hexaghost","floor":16,"turns":8},{"damage":10,"enemies":"3 Byrds","floor":18,"turns":2},{"damage":37,"enemies":"2 Thieves","floor":20,"turns":4},{"damage":18,"enemies":"Shelled Parasite and Fungi","floor":21,"turns":1}],"seed_played":"7370665375410385281","potions_obtained":[{"floor":1,"key":"Energy Potion"},{"floor":16,"key":"Dexterity Potion"}],"is_trial":false,"path_per_floor":["M","?","?","$","M","R","E","R","T","E","$","?","R","?","R","B",null,"M","?","M","M"],"character_chosen":"THE_POKER_PLAYER","items_purchased":["PokerPlayerMod:CardPrinter","PokerPlayerMod:Diamond4","PokerPlayerMod:Sharpen","PokerPlayerMod:CloakAndDiamond"],"campfire_rested":0,"item_purchase_floors":[4,4,11,11],"current_hp_per_floor":[57,46,57,57,50,50,49,49,49,49,49,49,49,49,49,13,57,47,53,16,0,0,0],"gold":312,"neow_bonus":"TEN_PERCENT_HP_BONUS","is_daily":false,"chose_seed":false,"campfire_upgraded":3,"win_rate":0.0,"timestamp":1612609387,"path_taken":["M","?","?","$","?","R","E","R","T","E","$","?","R","?","R","BOSS","M","?","M","?"],"items_purchased_type":["Card","Card","Card","Card"],"build_version":"2020-12-22","purchased_purges":0,"victory":false,"max_hp_per_floor":[57,57,57,57,57,57,57,57,57,57,57,57,57,57,57,57,57,57,57,57,57,57,57],"card_choices":[{"not_picked":["PokerPlayerMod:Fold","PokerPlayerMod:Diamond5"],"picked":"PokerPlayerMod:DiamondStrike","floor":1},{"not_picked":["PokerPlayerMod:Diamond7","PokerPlayerMod:DiamondStrike"],"picked":"PokerPlayerMod:Diamond8","floor":5},{"not_picked":["PokerPlayerMod:Spade4","PokerPlayerMod:Club1"],"picked":"PokerPlayerMod:ClubDance","floor":7},{"not_picked":["PokerPlayerMod:Configure","PokerPlayerMod:Diamond2"],"picked":"PokerPlayerMod:Spade7","floor":10},{"not_picked":["PokerPlayerMod:WasteCollection","PokerPlayerMod:RoyalStrike"],"picked":"PokerPlayerMod:Diamond8","floor":16},{"not_picked":["PokerPlayerMod:Fold","PokerPlayerMod:Spade3"],"picked":"PokerPlayerMod:Trickery+1","floor":18},{"not_picked":["PokerPlayerMod:Club1","PokerPlayerMod:CardBurn+1"],"picked":"PokerPlayerMod:Diamond7","floor":20}],"player_experience":715772,"relics_obtained":[{"floor":7,"key":"conspire:InfiniteJournal"},{"floor":9,"key":"Bottled Lightning"},{"floor":10,"key":"PokerPlayerMod:BottledPoker"},{"floor":17,"key":"Nunchaku"},{"floor":17,"key":"HornCleat"},{"floor":17,"key":"hubris:FunFungus"}],"event_choices":[{"damage_healed":0,"gold_gain":75,"player_choice":"Gather Gold","damage_taken":11,"max_hp_gain":0,"max_hp_loss":0,"event_name":"World of Goop","floor":2,"gold_loss":0},{"damage_healed":14,"gold_gain":0,"player_choice":"Healed","damage_taken":0,"max_hp_gain":0,"max_hp_loss":0,"event_name":"The Cleric","floor":3,"gold_loss":35},{"damage_healed":0,"gold_gain":175,"player_choice":"AGREE","damage_taken":0,"max_hp_gain":0,"max_hp_loss":0,"event_name":"Liars Game","floor":12,"gold_loss":0,"cards_obtained":["Doubt"]},{"cards_removed":["Doubt"],"damage_healed":0,"gold_gain":0,"player_choice":"Purged","damage_taken":0,"max_hp_gain":0,"max_hp_loss":0,"event_name":"Purifier","floor":14,"gold_loss":0}],"is_beta":false,"boss_relics":[{"not_picked":["hubris:ScarierMask","bronze:MakeshiftBattery"],"picked":"Calling Bell"}],"items_purged_floors":[],"is_endless":false,"potions_floor_spawned":[1,16],"killed_by":"Shelled Parasite and Fungi","ascension_level":2}}