{"host":"qbvxbacgnxuisbbe","time":1612585830,"event":{"mods":["Aya Shameimaru","BaseMod","Minty Spire (QoL Compilation)","Squeeny\u0027s Tweaks","StSLib"],"gold_per_floor":[111,111,36,55,69,69,95,110,110,110,110,124,124,138,138,259,259,279,279,279,304,329,348,381,404,404,404,419,438,438,47,47,176,176,201,217,217,92,425,425,456,456,456,81,108,158,14,25,25,25],"floor_reached":51,"language":"ENG","playtime":2277,"items_purged":["Regret","shameimaru:Defend","shameimaru:Defend","shameimaru:Defend"],"score":1002,"play_id":"9f8af9bf-0038-4abe-9255-5636d853a128","local_time":"20210206043030","is_ascension_mode":false,"campfire_choices":[{"data":"shameimaru:HitAndRun","floor":6.0,"key":"SMITH"},{"data":"shameimaru:IllusoryDominance","floor":15.0,"key":"SMITH"},{"data":"shameimaru:InstantShotJournalist","floor":27,"key":"SMITH"},{"data":"shameimaru:Imitation","floor":32,"key":"SMITH"},{"data":"shameimaru:OverclockedCamera","floor":40,"key":"SMITH"},{"data":"shameimaru:Imitation","floor":42,"key":"SMITH"},{"data":"shameimaru:IllusoryDominance","floor":49,"key":"SMITH"}],"circlet_count":0,"master_deck":["shameimaru:Strike","shameimaru:Strike","shameimaru:Strike","shameimaru:Strike","shameimaru:Defend","shameimaru:PlayfulTaunt","shameimaru:SnapshotStrike","shameimaru:HitAndRun+1","shameimaru:GuidingBreeze","shameimaru:InstantShotJournalist+1","shameimaru:PressRelease","shameimaru:BreezeOfReminiscience","shameimaru:Imitation+1","shameimaru:IllusoryDominance+1","shameimaru:OverclockedCamera+1","shameimaru:Imitation+1","shameimaru:Imitation+1","shameimaru:LibraryResearch+1","shameimaru:BreezeOfReminiscience","shameimaru:GuidingBreeze","Master of Strategy","shameimaru:DeadlineDay","shameimaru:IllusoryDominance+1"],"relics":["shameimaru:blackbirdfeather","Gremlin Horn","Question Card","Pear","Mercury Hourglass","Vajra","Coffee Dripper","Ice Cream","Boot","Gambling Chip","Busted Crown","InkBottle","Darkstone Periapt","TheAbacus","Art of War","Thread and Needle"],"acts_visited":["Exordium","TheCity","TheBeyond"],"potions_floor_usage":[22,33,33,45,46,46,50],"damage_taken":[{"damage":11.0,"enemies":"Jaw Worm","floor":1.0,"turns":2.0},{"damage":0.0,"enemies":"Small Slimes","floor":4.0,"turns":4.0},{"damage":1.0,"enemies":"Cultist","floor":5.0,"turns":3.0},{"damage":2.0,"enemies":"Lagavulin","floor":7.0,"turns":5.0},{"damage":0.0,"enemies":"3 Louse","floor":8.0,"turns":2.0},{"damage":0.0,"enemies":"Exordium Wildlife","floor":12.0,"turns":1.0},{"damage":0.0,"enemies":"Large Slime","floor":14.0,"turns":3.0},{"damage":8.0,"enemies":"The Guardian","floor":16.0,"turns":5.0},{"damage":0.0,"enemies":"Spheric Guardian","floor":18.0,"turns":2.0},{"damage":0,"enemies":"Chosen","floor":21,"turns":2},{"damage":1,"enemies":"Centurion and Healer","floor":22,"turns":3},{"damage":0,"enemies":"Snake Plant","floor":23,"turns":1},{"damage":0,"enemies":"Slavers","floor":24,"turns":2},{"damage":0,"enemies":"Shelled Parasite and Fungi","floor":25,"turns":1},{"damage":0,"enemies":"Centurion and Healer","floor":28,"turns":2},{"damage":0,"enemies":"Snecko","floor":29,"turns":3},{"damage":0,"enemies":"Champ","floor":33,"turns":2},{"damage":0,"enemies":"3 Shapes","floor":35,"turns":1},{"damage":0,"enemies":"3 Darklings","floor":36,"turns":1},{"damage":0,"enemies":"Reptomancer","floor":41,"turns":1},{"damage":0,"enemies":"Giant Head","floor":45,"turns":2},{"damage":0,"enemies":"Mind Bloom Boss Battle","floor":46,"turns":3},{"damage":0,"enemies":"Sphere and 2 Shapes","floor":48,"turns":1},{"damage":0,"enemies":"Awakened One","floor":50,"turns":3}],"seed_played":"76082199806471116","potions_obtained":[{"floor":1.0,"key":"Energy Potion"},{"floor":4.0,"key":"Ancient Potion"},{"floor":5.0,"key":"DistilledChaos"},{"floor":16.0,"key":"Weak Potion"},{"floor":18.0,"key":"ColorlessPotion"},{"floor":21,"key":"Regen Potion"},{"floor":24,"key":"Dexterity Potion"},{"floor":28,"key":"PowerPotion"},{"floor":33,"key":"DuplicationPotion"},{"floor":41,"key":"Weak Potion"},{"floor":45,"key":"Energy Potion"},{"floor":48,"key":"FearPotion"}],"is_trial":false,"path_per_floor":["M","?","$","M","M","R","E","M","T","?","T","M","?","M","R","B",null,"M","?","?","M","M","M","E","M","T","R","M","M","?","$","R","B",null,"M","M","?","$","?","R","E","R","T","$","E","?","$","M","R","B",null],"character_chosen":"AYA","items_purchased":["Gambling Chip","shameimaru:DeadlineDay","TheAbacus","shameimaru:IllusoryDominance"],"campfire_rested":0,"item_purchase_floors":[31,44,44,47],"current_hp_per_floor":[77,77,77,77,76,76,74,74,84,84,84,84,77,77,77,69,91,91,91,91,91,90,90,90,90,90,90,90,90,72,72,72,77,96,96,96,96,96,96,96,96,96,96,96,96,96,96,96,96,96],"gold":25,"neow_bonus":"TEN_PERCENT_HP_BONUS","is_daily":false,"chose_seed":false,"campfire_upgraded":7,"win_rate":0.0,"timestamp":1612585830,"path_taken":["M","?","$","M","M","R","E","M","T","?","?","?","?","M","R","BOSS","M","?","?","?","M","M","E","M","T","R","M","M","?","$","R","BOSS","M","M","?","$","?","R","E","R","T","$","E","?","?","M","R","BOSS"],"items_purchased_type":["Relic","Card","Relic","Card"],"build_version":"2020-12-22","purchased_purges":4,"victory":true,"max_hp_per_floor":[88,88,88,88,88,88,88,88,98,91,91,91,91,91,91,91,91,91,91,91,91,91,91,91,91,91,91,91,91,96,96,96,96,96,96,96,96,96,96,96,96,96,96,96,96,96,96,96,96,96],"card_choices":[{"not_picked":["shameimaru:Telescoping","shameimaru:WhispersOfTheWind"],"picked":"shameimaru:HitAndRun","floor":1.0},{"not_picked":["shameimaru:CandidShot","shameimaru:AdverseWind"],"picked":"shameimaru:GuidingBreeze","floor":4.0},{"not_picked":["shameimaru:DashingDomination","shameimaru:AirCutter"],"picked":"shameimaru:InstantShotJournalist","floor":5.0},{"not_picked":["shameimaru:Photoshoot","shameimaru:DashingDomination"],"picked":"shameimaru:PressRelease","floor":7.0},{"not_picked":["shameimaru:WidespreadPropaganda","shameimaru:PeerlessWind","shameimaru:SuddenOutburst"],"picked":"shameimaru:BreezeOfReminiscience","floor":8.0},{"not_picked":["shameimaru:PeerlessWind","shameimaru:InvertedColours","shameimaru:Foresight"],"picked":"shameimaru:Imitation","floor":12.0},{"not_picked":["shameimaru:WindsOfChange","shameimaru:AirCutter","shameimaru:WhispersOfTheWind"],"picked":"shameimaru:IllusoryDominance","floor":14.0},{"not_picked":["shameimaru:BunbunmaruNewspaper","shameimaru:AutumnalFallWind","shameimaru:OutburstingGust"],"picked":"shameimaru:OverclockedCamera","floor":16.0},{"not_picked":["shameimaru:DoctoredImage","shameimaru:Photocopier","shameimaru:BlindingSpeed"],"picked":"shameimaru:Imitation+1","floor":18.0},{"not_picked":["shameimaru:GustFan","shameimaru:FranticSearch+1","shameimaru:Photoshoot"],"picked":"shameimaru:Imitation","floor":21},{"not_picked":["shameimaru:BreezeOfReminiscience","shameimaru:Foresight","shameimaru:DashingGrace+1"],"picked":"shameimaru:LibraryResearch+1","floor":22},{"not_picked":["shameimaru:BlindingSpeed","shameimaru:DoctoredImage","shameimaru:GaleBlade","shameimaru:RapidFirePhotography"],"picked":"SKIP","floor":23},{"not_picked":["shameimaru:Photoshoot","shameimaru:CandidShot","shameimaru:GaleBullet","shameimaru:FreezeFrame"],"picked":"SKIP","floor":24},{"not_picked":["shameimaru:WindSickleVeiling","shameimaru:SuddenOutburst","shameimaru:Galeforce+1","shameimaru:ForseenReaction"],"picked":"SKIP","floor":25},{"not_picked":["shameimaru:AirSlash","shameimaru:ReporterInstinct","shameimaru:BlindingSpeed"],"picked":"shameimaru:BreezeOfReminiscience","floor":28},{"not_picked":["shameimaru:GustFan","shameimaru:Imitation","shameimaru:Photoshoot+1"],"picked":"shameimaru:GuidingBreeze","floor":29},{"not_picked":["shameimaru:AdverseWind+1","shameimaru:HurricaneOfFreedom+1"],"picked":"SKIP","floor":35},{"not_picked":["shameimaru:Tailwind","shameimaru:GroupPhoto+1"],"picked":"SKIP","floor":36},{"not_picked":["Deep Breath"],"picked":"Master of Strategy","floor":37},{"not_picked":["shameimaru:DashingDomination","shameimaru:GroupPhoto+1"],"picked":"SKIP","floor":41},{"not_picked":["shameimaru:Photocopier","shameimaru:GuidingBreeze"],"picked":"SKIP","floor":45},{"not_picked":["shameimaru:Opportunity","shameimaru:Foresight+1"],"picked":"SKIP","floor":48}],"player_experience":164262,"relics_obtained":[{"floor":7.0,"key":"Question Card"},{"floor":9.0,"key":"Pear"},{"floor":11.0,"key":"Mercury Hourglass"},{"floor":24,"key":"Ice Cream"},{"floor":26,"key":"Boot"},{"floor":41,"key":"InkBottle"},{"floor":43,"key":"Darkstone Periapt"},{"floor":45,"key":"Art of War"},{"floor":46,"key":"Thread and Needle"}],"event_choices":[{"damage_healed":0.0,"max_hp_gain":0.0,"max_hp_loss":0.0,"gold_gain":0.0,"event_name":"Big Fish","player_choice":"Box","floor":2.0,"gold_loss":0.0,"damage_taken":0.0,"relics_obtained":["Gremlin Horn"],"cards_obtained":["Regret"]},{"damage_healed":0.0,"max_hp_gain":0.0,"max_hp_loss":7.0,"gold_gain":0.0,"event_name":"Golden Idol","player_choice":"Lose Max HP","floor":10.0,"gold_loss":0.0,"damage_taken":0.0,"relics_obtained":["Golden Idol"]},{"damage_healed":0.0,"max_hp_gain":0.0,"max_hp_loss":0.0,"gold_gain":0.0,"event_name":"Scrap Ooze","player_choice":"Success","floor":13.0,"gold_loss":0.0,"damage_taken":7.0,"relics_obtained":["Vajra"]},{"damage_healed":0.0,"max_hp_gain":0.0,"max_hp_loss":0.0,"gold_gain":0.0,"event_name":"Cursed Tome","player_choice":"Ignored","floor":19.0,"gold_loss":0.0,"damage_taken":0.0},{"damage_healed":0,"gold_gain":0,"player_choice":"0 cards matched","damage_taken":0,"max_hp_gain":0,"max_hp_loss":0,"event_name":"Match and Keep!","floor":20,"gold_loss":0,"cards_obtained":[]},{"damage_healed":0,"gold_gain":0,"player_choice":"Shed Blood","damage_taken":23,"max_hp_gain":5,"max_hp_loss":0,"event_name":"Forgotten Altar","floor":30,"gold_loss":0},{"damage_healed":0,"gold_gain":0,"player_choice":"Memory 1","damage_taken":0,"max_hp_gain":0,"max_hp_loss":0,"event_name":"SensoryStone","floor":37,"gold_loss":0},{"damage_healed":0,"gold_gain":333,"player_choice":"Gave Idol","damage_taken":0,"max_hp_gain":0,"max_hp_loss":0,"event_name":"The Moai Head","floor":39,"relics_lost":["Golden Idol"],"gold_loss":0},{"damage_healed":0,"gold_gain":0,"player_choice":"Fight","damage_taken":0,"max_hp_gain":0,"max_hp_loss":0,"event_name":"MindBloom","floor":46,"gold_loss":0}],"is_beta":false,"boss_relics":[{"not_picked":["Fusion Hammer","Pandora\u0027s Box"],"picked":"Coffee Dripper"},{"not_picked":["Philosopher\u0027s Stone","Cursed Key"],"picked":"Busted Crown"}],"items_purged_floors":[3,31,38,44],"is_endless":false,"potions_floor_spawned":[1,4,5,16,18,21,24,28,33,41,45,48],"ascension_level":0}}