{"host":"9z9bilz90zy1bfdt","time":1612581336,"event":{"mods":["BaseMod","Lobotomy","Minty Spire (QoL Compilation)","StSLib","SuperFastMode"],"gold_per_floor":[111,131,63,63,82,82,98,23,23,54,54,82,82,82,82,206,206,219,219,219,37,58,58,58,58,133,157,157,181,181,181],"floor_reached":30,"language":"KOR","playtime":693,"items_purged":["Strike_G","Strike_G"],"score":283,"play_id":"04611c3e-3ff8-48ae-82ed-993450b39471","local_time":"20210206121536","is_ascension_mode":true,"campfire_choices":[{"data":"Accuracy","floor":6,"key":"SMITH"},{"data":"Blade Dance","floor":11,"key":"SMITH"},{"data":"Cloak And Dagger","floor":15,"key":"SMITH"},{"data":"Blade Dance","floor":23,"key":"SMITH"},{"data":"Neutralize","floor":25,"key":"SMITH"}],"circlet_count":0,"master_deck":["Strike_G","Strike_G","Strike_G","Defend_G","Defend_G","Defend_G","Defend_G","Defend_G","Survivor","Neutralize+1","LongBird","Blade Dance+1","Accuracy+1","Cloak And Dagger+1","FieryBird","Blade Dance+1","QueenOfHatred","Malaise+1","VoidDream","Finisher+1","Flash of Steel","FairyFestival","Infinite Blades"],"relics":["Ring of the Snake","CogitoBucket","HornCleat","TungstenRod","Juzu Bracelet","Golden Idol","Black Star","ResearcherNote","Art of War","Matryoshka","PreservedInsect"],"acts_visited":["Exordium","TheCity"],"potions_floor_usage":[30],"damage_taken":[{"damage":0,"enemies":"2 Louse","floor":1,"turns":2},{"damage":1,"enemies":"Cultist","floor":2,"turns":3},{"damage":0,"enemies":"Small Slimes","floor":5,"turns":3},{"damage":1,"enemies":"Looter","floor":7,"turns":4},{"damage":35,"enemies":"3 Sentries","floor":10,"turns":6},{"damage":1,"enemies":"Gremlin Nob","floor":12,"turns":3},{"damage":33,"enemies":"The Guardian","floor":16,"turns":11},{"damage":0,"enemies":"Shell Parasite","floor":18,"turns":2},{"damage":9,"enemies":"Chosen","floor":22,"turns":3},{"damage":29,"enemies":"Sentry and Sphere","floor":27,"turns":4},{"damage":0,"enemies":"Cultist and Chosen","floor":29,"turns":3},{"damage":48,"enemies":"Gremlin Leader","floor":30,"turns":6}],"seed_played":"-2109150511327258047","potions_obtained":[{"floor":1,"key":"Swift Potion"},{"floor":2,"key":"Explosive Potion"},{"floor":18,"key":"GamblersBrew"},{"floor":27,"key":"LiquidMemories"}],"is_trial":false,"path_per_floor":["M","M","$","?","M","R","M","$","T","E","R","E","?","?","R","B",null,"M","?","T","$","M","R","?","R","T","M","?","M","E"],"character_chosen":"THE_SILENT","items_purchased":["Accuracy","Flash of Steel"],"campfire_rested":0,"item_purchase_floors":[3,21],"current_hp_per_floor":[70,69,69,69,69,69,68,68,68,33,33,32,32,32,32,16,65,65,65,65,65,56,56,56,56,56,28,28,28,0,0],"gold":181,"neow_bonus":"","is_daily":false,"chose_seed":false,"campfire_upgraded":5,"win_rate":0.0,"timestamp":1612581336,"path_taken":["M","M","$","?","M","R","M","$","T","E","R","E","?","?","R","BOSS","M","?","?","$","M","R","?","R","T","M","?","M","E"],"items_purchased_type":["Card","Card"],"build_version":"2020-12-22","purchased_purges":2,"victory":false,"max_hp_per_floor":[70,70,70,70,70,70,70,70,70,70,70,70,70,65,65,65,65,65,65,65,65,65,65,65,65,65,65,65,65,65,65],"card_choices":[{"not_picked":["WallGazer","Bloodbath","Rudolta"],"picked":"Singing Bowl","floor":1},{"not_picked":["SpiderBud","PunishingBird"],"picked":"LongBird","floor":1},{"not_picked":["Flying Knee","Deflect"],"picked":"Blade Dance","floor":1},{"not_picked":["Laetitia","OldLady","SpiderBud"],"picked":"Singing Bowl","floor":2},{"not_picked":["Deflect","Dagger Throw","Outmaneuver"],"picked":"SKIP","floor":2},{"not_picked":["HeroicMonk","GalaxyChild","CrumblingArmor"],"picked":"Singing Bowl","floor":5},{"not_picked":["Doppelganger","Poisoned Stab"],"picked":"Cloak And Dagger","floor":5},{"not_picked":["OldLady","BeautyBeast"],"picked":"FieryBird","floor":7},{"not_picked":["Expertise","Leg Sweep"],"picked":"Blade Dance","floor":7},{"not_picked":["OldLady","Laetitia","CrumblingArmor"],"picked":"Singing Bowl","floor":10},{"not_picked":["QueenBee","MeatLantern"],"picked":"QueenOfHatred","floor":10},{"not_picked":["Dash","Skewer","Quick Slash"],"picked":"SKIP","floor":10},{"not_picked":["OldLady","Scorched","DreamingCurrent"],"picked":"Singing Bowl","floor":12},{"not_picked":["Outmaneuver","Flying Knee","Slice"],"picked":"SKIP","floor":12},{"not_picked":["Die Die Die","Night Terror"],"picked":"Malaise","floor":16},{"not_picked":["UniverseFragment","Porccubus","Murderer"],"picked":"Singing Bowl","floor":18},{"not_picked":["LaLuna","SilentOrchestra"],"picked":"VoidDream","floor":18},{"not_picked":["Distraction","Deflect"],"picked":"Finisher","floor":18},{"not_picked":["SpiderBud","QueenBee"],"picked":"FairyFestival","floor":22},{"not_picked":["Poisoned Stab","Reflex","PiercingWail"],"picked":"SKIP","floor":22},{"not_picked":["Scorched","Variant","Murderer"],"picked":"Singing Bowl","floor":27},{"not_picked":["Deadly Poison","Deflect"],"picked":"Infinite Blades","floor":27},{"not_picked":["CherryBlossoms","Variant","OldLady"],"picked":"Singing Bowl","floor":29},{"not_picked":["Expertise","Dodge and Roll+1","Prepared"],"picked":"SKIP","floor":29}],"player_experience":345814,"relics_obtained":[{"floor":9,"key":"HornCleat"},{"floor":10,"key":"TungstenRod"},{"floor":12,"key":"Juzu Bracelet"},{"floor":20,"key":"Art of War"},{"floor":26,"key":"PreservedInsect"}],"event_choices":[{"damage_healed":0,"gold_gain":0,"player_choice":"0 cards matched","damage_taken":0,"max_hp_gain":0,"max_hp_loss":0,"event_name":"Match and Keep!","floor":4,"gold_loss":0,"cards_obtained":[]},{"damage_healed":0,"gold_gain":0,"player_choice":"Ignored","damage_taken":0,"max_hp_gain":0,"max_hp_loss":0,"event_name":"Liars Game","floor":13,"gold_loss":0},{"damage_healed":0,"gold_gain":0,"player_choice":"Lose Max HP","damage_taken":0,"relics_obtained":["Golden Idol"],"max_hp_gain":0,"max_hp_loss":5,"event_name":"Golden Idol","floor":14,"gold_loss":0},{"damage_healed":0,"gold_gain":0,"player_choice":"Forge","damage_taken":0,"max_hp_gain":0,"max_hp_loss":0,"event_name":"Accursed Blacksmith","floor":19,"gold_loss":0,"cards_upgraded":["Malaise"]},{"damage_healed":0,"gold_gain":0,"player_choice":"Gave Potion","damage_taken":0,"relics_obtained":["Matryoshka"],"max_hp_gain":0,"max_hp_loss":0,"event_name":"WeMeetAgain","floor":24,"gold_loss":0},{"damage_healed":0,"gold_gain":0,"player_choice":"Upgraded","damage_taken":0,"max_hp_gain":0,"max_hp_loss":0,"event_name":"Upgrade Shrine","floor":28,"gold_loss":0,"cards_upgraded":["Finisher"]}],"is_beta":false,"boss_relics":[{"not_picked":["Coffee Dripper","Runic Dome"],"picked":"Black Star"}],"items_purged_floors":[8,21],"is_endless":false,"potions_floor_spawned":[1,2,18,27],"killed_by":"Gremlin Leader","ascension_level":4}}