{"host":"hs5g5f0q56ds4vmn","time":1612601675,"event":{"mods":["AchievementEnabler","BaseMod","DeckTracker","Highlight Path","Minty Spire (QoL Compilation)","SuperFastMode","everything is the same but u backflip on backflip"],"gold_per_floor":[117,117,13,30,41,72,92,92,92,92,102,102,102,28,28,28,28],"floor_reached":16,"language":"KOR","playtime":770,"items_purged":[],"score":155,"play_id":"2dcf73ce-550e-40b4-a74a-065db27f585b","local_time":"20210206175435","is_ascension_mode":true,"campfire_choices":[{"floor":8,"key":"REST"},{"data":"Blizzard","floor":10,"key":"SMITH"},{"data":"Barrage","floor":12,"key":"SMITH"},{"data":"Capacitor","floor":15,"key":"SMITH"}],"circlet_count":0,"master_deck":["AscendersBane","Strike_B","Strike_B","Strike_B+1","Defend_B","Defend_B","Zap","Dualcast","Genetic Algorithm+1","Glacier","Barrage+1","Cold Snap","Blizzard+1","Capacitor+1"],"relics":["Cracked Core","PreservedInsect"],"acts_visited":["Exordium"],"potions_floor_usage":[6,7,16],"damage_taken":[{"damage":7.0,"enemies":"2 Louse","floor":1.0,"turns":2.0},{"damage":1,"enemies":"Cultist","floor":4,"turns":4},{"damage":3,"enemies":"Small Slimes","floor":5,"turns":4},{"damage":16,"enemies":"Lagavulin","floor":6,"turns":8},{"damage":13,"enemies":"Exordium Thugs","floor":7,"turns":5},{"damage":0,"enemies":"2 Fungi Beasts","floor":11,"turns":4},{"damage":17,"enemies":"Hexaghost","floor":16,"turns":9}],"seed_played":"-5645126890966342343","potions_obtained":[{"floor":1.0,"key":"EntropicBrew"},{"floor":11,"key":"SteroidPotion"}],"is_trial":false,"path_per_floor":["M","?","$","M","M","E","M","R","T","R","M","R","?","$","R","B"],"character_chosen":"DEFECT","items_purchased":["Glacier","Barrage","Capacitor"],"campfire_rested":1,"item_purchase_floors":[3,3,14],"current_hp_per_floor":[43,43,43,42,39,23,10,32,32,32,32,32,17,17,17,0,0],"gold":28,"neow_bonus":"REMOVE_TWO","is_daily":false,"chose_seed":false,"campfire_upgraded":3,"win_rate":0.0,"timestamp":1612601675,"path_taken":["M","?","$","M","?","E","M","R","T","R","M","R","?","$","R","BOSS"],"items_purchased_type":["Card","Card","Card"],"build_version":"2020-12-22","purchased_purges":0,"victory":false,"max_hp_per_floor":[75,75,75,75,75,75,75,75,75,75,75,75,75,75,75,75,75],"card_choices":[{"not_picked":["Force Field","Go for the Eyes"],"picked":"Genetic Algorithm","floor":1.0},{"not_picked":["Gash","Reprogram"],"picked":"Cold Snap","floor":4},{"not_picked":["Leap","Rebound"],"picked":"Blizzard","floor":5},{"not_picked":["Rip and Tear","Rebound","Biased Cognition"],"picked":"SKIP","floor":6},{"not_picked":["Streamline","Consume","Go for the Eyes"],"picked":"SKIP","floor":7},{"not_picked":["Lockon","Melter","Barrage"],"picked":"SKIP","floor":11}],"player_experience":618492,"relics_obtained":[{"floor":6,"key":"PreservedInsect"}],"event_choices":[{"cards_removed":["Strike_B"],"damage_healed":0,"gold_gain":0,"player_choice":"Offered Basic","damage_taken":0,"max_hp_gain":0,"max_hp_loss":0,"event_name":"Bonfire Elementals","floor":2,"gold_loss":0},{"damage_healed":0,"gold_gain":0,"player_choice":"Entered Light","damage_taken":15,"max_hp_gain":0,"max_hp_loss":0,"event_name":"Shining Light","floor":13,"gold_loss":0,"cards_upgraded":["Strike_B","Genetic Algorithm"]}],"is_beta":false,"boss_relics":[],"items_purged_floors":[],"is_endless":false,"potions_floor_spawned":[1,5,11],"killed_by":"Hexaghost","ascension_level":11}}