{"host":"f5gffvlv6a66yqkd","time":1612589798,"event":{"mods":["2.2 Compatiblity","BaseMod","Colored Map","Custom Start","DeckTracker","Keyboard Shortcuts","Minty Spire (QoL Compilation)","Permanent Neow","Quick Restart","Relic Stats","StSLib","SuperFastMode"],"gold_per_floor":[13,31,41,61,61,72,92,17,43,43,68,68,68,93,93,164,164,181,181,195,195,120,139,139,139,139],"floor_reached":25,"language":"KOR","playtime":621,"items_purged":["Strike_R"],"score":426,"play_id":"f1aa5a72-55f8-4cb8-abcf-720310650eb2","local_time":"20210206143638","is_ascension_mode":true,"campfire_choices":[{"data":"True Grit","floor":10,"key":"SMITH"},{"data":"Bash","floor":12,"key":"SMITH"},{"data":"Immolate","floor":15,"key":"SMITH"},{"floor":24,"key":"REST"}],"circlet_count":0,"master_deck":["AscendersBane","Defend_R","Defend_R","Defend_R","Defend_R","Bash+1","Immolate+1","Warcry","Dual Wield","Immolate","True Grit+1","Wild Strike","Fire Breathing","Seeing Red","Feed","Armaments","Dual Wield","Limit Break"],"relics":["Burning Blood","Smiling Mask","Anchor","Omamori","Calling Bell","Charon\u0027s Ashes","The Courier","Dream Catcher"],"acts_visited":["Exordium","TheCity"],"potions_floor_usage":[11,14,16,18],"damage_taken":[{"damage":1,"enemies":"2 Louse","floor":1,"turns":2},{"damage":16,"enemies":"Jaw Worm","floor":2,"turns":4},{"damage":10,"enemies":"Small Slimes","floor":3,"turns":2},{"damage":6,"enemies":"Looter","floor":4,"turns":2},{"damage":2,"enemies":"Large Slime","floor":6,"turns":5},{"damage":9,"enemies":"Blue Slaver","floor":7,"turns":3},{"damage":25,"enemies":"Lagavulin","floor":11,"turns":6},{"damage":8,"enemies":"Gremlin Nob","floor":14,"turns":3},{"damage":52,"enemies":"Hexaghost","floor":16,"turns":6},{"damage":19,"enemies":"Shell Parasite","floor":18,"turns":4},{"damage":38,"enemies":"3 Byrds","floor":20,"turns":5},{"damage":4,"enemies":"Cultist and Chosen","floor":23,"turns":3},{"damage":48,"enemies":"Book of Stabbing","floor":25,"turns":3}],"seed_played":"-9145357834491395226","potions_obtained":[{"floor":2,"key":"ColorlessPotion"},{"floor":3,"key":"BloodPotion"},{"floor":11,"key":"BlessingOfTheForge"},{"floor":14,"key":"SneckoOil"},{"floor":20,"key":"ElixirPotion"}],"is_trial":false,"path_per_floor":["M","M","M","M","?","M","M","$","T","R","E","R","?","E","R","B",null,"M","?","M","?","?","M","R","E"],"character_chosen":"IRONCLAD","items_purchased":[],"campfire_rested":1,"item_purchase_floors":[],"current_hp_per_floor":[73,63,59,59,64,68,65,65,65,65,62,62,55,53,53,7,62,49,49,17,17,17,19,43,0,0],"gold":139,"neow_bonus":"THREE_RARE_CARDS","is_daily":false,"chose_seed":false,"campfire_upgraded":3,"win_rate":0.0,"timestamp":1612589798,"path_taken":["M","M","M","M","?","M","M","?","T","R","E","R","?","E","R","BOSS","M","?","M","?","?","M","R","E"],"items_purchased_type":[],"build_version":"2020-12-22","purchased_purges":1,"victory":false,"max_hp_per_floor":[75,75,75,75,80,80,80,80,80,80,80,80,80,80,80,80,80,80,80,80,80,80,80,80,80,80],"relic_stats":{"Dream Catcher":1,"counters":[13,48],"Charon\u0027s Ashes":[76],"Smiling Mask":0,"obtain_stats":[{"Calling Bell":17,"Anchor":11,"Dream Catcher":17,"Charon\u0027s Ashes":17,"The Courier":17,"Omamori":14,"Smiling Mask":9,"Burning Blood":0},{"Calling Bell":9,"Anchor":7,"Dream Catcher":9,"Charon\u0027s Ashes":9,"The Courier":9,"Omamori":8,"Smiling Mask":6,"Burning Blood":0},{"Calling Bell":33,"Anchor":24,"Dream Catcher":33,"Charon\u0027s Ashes":33,"The Courier":33,"Omamori":27,"Smiling Mask":18,"Burning Blood":0}],"Burning Blood":72},"card_choices":[{"not_picked":["Impervious","Juggernaut"],"picked":"Immolate","floor":0.0},{"not_picked":["Anger","Heavy Blade"],"picked":"Warcry","floor":1},{"not_picked":["Warcry","Anger"],"picked":"Dual Wield","floor":2},{"not_picked":["Shockwave","Bloodletting"],"picked":"Immolate","floor":3},{"not_picked":["Clash","Rampage"],"picked":"True Grit","floor":4},{"not_picked":["Pummel","Anger"],"picked":"Wild Strike","floor":6},{"not_picked":["Shockwave","Thunderclap"],"picked":"Fire Breathing","floor":7},{"not_picked":["Combust","Dark Embrace","Anger"],"picked":"SKIP","floor":11},{"not_picked":["Fire Breathing","Pommel Strike"],"picked":"Seeing Red","floor":14},{"not_picked":["Reaper","Berserk"],"picked":"Feed","floor":16},{"not_picked":["Entrench","Clothesline","Inflame"],"picked":"SKIP","floor":18},{"not_picked":["Clothesline","Flex"],"picked":"Armaments","floor":20},{"not_picked":["Bloodletting","Berserk","Armaments"],"picked":"SKIP","floor":23}],"player_experience":1663943,"relics_obtained":[{"floor":9,"key":"Smiling Mask"},{"floor":11,"key":"Anchor"},{"floor":14,"key":"Omamori"},{"floor":17,"key":"Charon\u0027s Ashes"},{"floor":17,"key":"The Courier"},{"floor":17,"key":"Dream Catcher"}],"event_choices":[{"damage_healed":0,"gold_gain":0,"player_choice":"Donut","damage_taken":0,"max_hp_gain":5,"max_hp_loss":0,"event_name":"Big Fish","floor":5,"gold_loss":0},{"cards_removed":["Strike_R"],"damage_healed":0,"gold_gain":0,"player_choice":"Card Removal","damage_taken":7,"max_hp_gain":0,"max_hp_loss":0,"event_name":"Golden Wing","floor":13,"gold_loss":0},{"damage_healed":0,"gold_gain":0,"player_choice":"Ignored","damage_taken":0,"max_hp_gain":0,"max_hp_loss":0,"event_name":"Ghosts","floor":19,"gold_loss":0},{"damage_healed":0,"gold_gain":0,"cards_transformed":["Strike_R","Strike_R"],"player_choice":"Became Test Subject","damage_taken":0,"max_hp_gain":0,"max_hp_loss":0,"event_name":"Drug Dealer","floor":21,"gold_loss":0,"cards_obtained":["Dual Wield","Limit Break"]},{"cards_removed":["Strike_R"],"damage_healed":0,"gold_gain":0,"player_choice":"Gave Gold","damage_taken":0,"max_hp_gain":0,"max_hp_loss":0,"event_name":"Beggar","floor":22,"gold_loss":75}],"is_beta":false,"boss_relics":[{"not_picked":["Black Blood","Empty Cage"],"picked":"Calling Bell"}],"items_purged_floors":[8],"is_endless":false,"potions_floor_spawned":[2,3,6,7,11,14,20],"killed_by":"Book of Stabbing","ascension_level":20}}