{"host":"188x3om7sf6mgxv1","time":1612571276,"event":{"mods":["BaseMod","Block Reminder","Jorbs\u0027s Wanderer Trilogy","Minty Spire (QoL Compilation)","Relic Stats","StSLib"],"gold_per_floor":[114,32,49,49,68,68,94,167,167,167,167,178,211,225,225,329,329,341,359,359,383,383,383,414,414,438,438,438],"floor_reached":27,"language":"ENG","playtime":1252,"items_purged":[],"score":253,"play_id":"eb8aaff3-0f83-400c-8cb1-dbecb67388c7","local_time":"20210205192756","is_ascension_mode":true,"campfire_choices":[{"data":"stsjorbsmod:Thorns","floor":6,"key":"SMITH"},{"data":"stsjorbsmod:ScorchingRay","floor":11,"key":"SMITH"},{"data":"stsjorbsmod:EyeOfTheStorm","floor":15,"key":"SMITH"},{"floor":23,"key":"REST"}],"circlet_count":0,"master_deck":["stsjorbsmod:ForbiddenGrimoire+1","stsjorbsmod:Strike_Wanderer","stsjorbsmod:Strike_Wanderer","stsjorbsmod:Strike_Wanderer","stsjorbsmod:Strike_Wanderer","stsjorbsmod:Defend_Wanderer","stsjorbsmod:Defend_Wanderer","stsjorbsmod:Defend_Wanderer","stsjorbsmod:Defend_Wanderer","stsjorbsmod:FreshAdventure","stsjorbsmod:EyeOfTheStorm+1","stsjorbsmod:MistyStep","stsjorbsmod:Thorns+1","stsjorbsmod:TinyHut","stsjorbsmod:Firebolt","stsjorbsmod:ScorchingRay+1","stsjorbsmod:Prestidigitation","stsjorbsmod:HoldMonster","stsjorbsmod:Rediscovery+1","stsjorbsmod:FindFamiliar"],"relics":["stsjorbsmod:GrimoireRelic","NeowsBlessing","Meat on the Bone","Gremlin Horn","White Beast Statue","Runic Pyramid","Boot","Ancient Tea Set"],"acts_visited":["Exordium","TheCity"],"potions_floor_usage":[14,16,19,21],"damage_taken":[{"damage":0,"enemies":"Jaw Worm","floor":1,"turns":1},{"damage":0,"enemies":"Cultist","floor":3,"turns":1},{"damage":0,"enemies":"Small Slimes","floor":5,"turns":2},{"damage":21,"enemies":"3 Sentries","floor":7,"turns":7},{"damage":1,"enemies":"2 Fungi Beasts","floor":12,"turns":3},{"damage":19,"enemies":"Lagavulin","floor":13,"turns":7},{"damage":0,"enemies":"Red Slaver","floor":14,"turns":2},{"damage":27,"enemies":"Hexaghost","floor":16,"turns":9},{"damage":18,"enemies":"3 Byrds","floor":18,"turns":3},{"damage":5,"enemies":"Chosen","floor":19,"turns":5},{"damage":16,"enemies":"Sentry and Sphere","floor":21,"turns":7},{"damage":19,"enemies":"Book of Stabbing","floor":24,"turns":6},{"damage":53,"enemies":"Slavers","floor":27,"turns":3}],"seed_played":"-5614347259331884055","potions_obtained":[{"floor":1,"key":"Explosive Potion"},{"floor":3,"key":"stsjorbsmod:LiquidVirtue"},{"floor":4,"key":"stsjorbsmod:DimensionDoorPotion"},{"floor":4,"key":"Energy Potion"},{"floor":14,"key":"ColorlessPotion"},{"floor":16,"key":"Energy Potion"},{"floor":19,"key":"Strength Potion"},{"floor":21,"key":"Ancient Potion"}],"is_trial":false,"path_per_floor":["M","$","M","?","M","R","E","?","T","?","R","M","E","M","R","B",null,"M","M","?","M","?","R","E","?","T","E"],"character_chosen":"WANDERER","items_purchased":["stsjorbsmod:Thorns"],"campfire_rested":1,"item_purchase_floors":[2],"current_hp_per_floor":[68,68,68,68,68,68,54,54,54,54,54,54,47,49,49,34,72,57,55,55,43,30,53,50,50,50,0,0],"gold":438,"neow_bonus":"THREE_ENEMY_KILL","is_daily":false,"chose_seed":false,"campfire_upgraded":3,"win_rate":0.0,"timestamp":1612571276,"path_taken":["M","$","M","?","?","R","E","?","T","?","R","?","E","M","R","BOSS","M","M","?","?","?","R","E","?","T","E"],"items_purchased_type":["Card"],"build_version":"2020-12-22","purchased_purges":0,"victory":false,"max_hp_per_floor":[68,68,68,68,68,68,72,72,72,72,72,72,72,72,72,72,72,72,72,72,72,77,77,77,77,77,77,77],"relic_stats":{"Gremlin Horn":[3,3],"counters":[13,56],"Boot":[0],"obtain_stats":[{"NeowsBlessing":0,"Gremlin Horn":9,"stsjorbsmod:GrimoireRelic":0,"Boot":24,"Ancient Tea Set":26,"White Beast Statue":13,"Meat on the Bone":7,"Runic Pyramid":17},{"NeowsBlessing":0,"Gremlin Horn":4,"stsjorbsmod:GrimoireRelic":0,"Boot":12,"Ancient Tea Set":12,"White Beast Statue":6,"Meat on the Bone":4,"Runic Pyramid":8},{"NeowsBlessing":0,"Gremlin Horn":11,"stsjorbsmod:GrimoireRelic":0,"Boot":53,"Ancient Tea Set":53,"White Beast Statue":21,"Meat on the Bone":11,"Runic Pyramid":32}],"Meat on the Bone":36},"card_choices":[{"not_picked":["stsjorbsmod:Rest","stsjorbsmod:Hibernate"],"picked":"stsjorbsmod:MistyStep","floor":1},{"not_picked":["stsjorbsmod:DoubleCheck","stsjorbsmod:Thorns"],"picked":"stsjorbsmod:TinyHut","floor":3},{"not_picked":["stsjorbsmod:MagicMirror","stsjorbsmod:MistyStep"],"picked":"stsjorbsmod:Firebolt","floor":5},{"not_picked":["stsjorbsmod:ArcaneWeapon","stsjorbsmod:TrueStrike"],"picked":"stsjorbsmod:ScorchingRay","floor":7},{"not_picked":["stsjorbsmod:ArcaneWeapon","stsjorbsmod:WeightOfMemory"],"picked":"stsjorbsmod:Prestidigitation","floor":12},{"not_picked":["stsjorbsmod:Prepare","stsjorbsmod:ArcaneWeapon","stsjorbsmod:Index"],"picked":"SKIP","floor":13},{"not_picked":["stsjorbsmod:ParryingBlow","stsjorbsmod:Index"],"picked":"stsjorbsmod:HoldMonster","floor":14},{"not_picked":["stsjorbsmod:IvoryTower","stsjorbsmod:CorrodingBarrier"],"picked":"stsjorbsmod:Rediscovery","floor":16},{"not_picked":["stsjorbsmod:TollTheDead","stsjorbsmod:DoubleCheck","stsjorbsmod:WeightOfMemory"],"picked":"SKIP","floor":18},{"not_picked":["stsjorbsmod:WanderingMind","stsjorbsmod:DisguiseSelf","stsjorbsmod:TrueStrike"],"picked":"SKIP","floor":19},{"not_picked":["stsjorbsmod:DoubleCheck+1","stsjorbsmod:Aid","stsjorbsmod:Hurt+1"],"picked":"SKIP","floor":21},{"not_picked":["stsjorbsmod:ChatteringStrike","stsjorbsmod:Trauma","stsjorbsmod:ParryingBlow"],"picked":"SKIP","floor":24}],"player_experience":16253,"relics_obtained":[{"floor":7,"key":"Meat on the Bone"},{"floor":9,"key":"Gremlin Horn"},{"floor":13,"key":"White Beast Statue"},{"floor":24,"key":"Boot"},{"floor":26,"key":"Ancient Tea Set"}],"event_choices":[{"damage_healed":0,"gold_gain":0,"player_choice":"Got Potions","damage_taken":0,"max_hp_gain":0,"max_hp_loss":0,"event_name":"Lab","floor":4,"gold_loss":0},{"damage_healed":0,"gold_gain":73,"player_choice":"Gained Gold","damage_taken":0,"max_hp_gain":0,"max_hp_loss":0,"event_name":"Golden Wing","floor":8,"gold_loss":0},{"damage_healed":0,"gold_gain":0,"player_choice":"Bought 0 Potions","damage_taken":0,"max_hp_gain":0,"max_hp_loss":0,"event_name":"The Woman in Blue","floor":10,"gold_loss":0},{"damage_healed":0,"gold_gain":0,"player_choice":"Upgraded","damage_taken":0,"max_hp_gain":0,"max_hp_loss":0,"event_name":"Upgrade Shrine","floor":20,"gold_loss":0,"cards_upgraded":["stsjorbsmod:Rediscovery"]},{"damage_healed":0,"gold_gain":0,"player_choice":"Shed Blood","damage_taken":18,"max_hp_gain":5,"max_hp_loss":0,"event_name":"Forgotten Altar","floor":22,"gold_loss":0},{"damage_healed":0,"gold_gain":0,"player_choice":"Read","damage_taken":0,"max_hp_gain":0,"max_hp_loss":0,"event_name":"The Library","floor":25,"gold_loss":0,"cards_obtained":["stsjorbsmod:FindFamiliar"]}],"is_beta":false,"boss_relics":[{"not_picked":["Busted Crown","Coffee Dripper"],"picked":"Runic Pyramid"}],"items_purged_floors":[],"is_endless":false,"potions_floor_spawned":[1,3,7,14,16,18,19,21,24],"killed_by":"Slavers","ascension_level":1}}