{"host":"81h68oe4mr04pk3r","time":1612606153,"event":{"mods":["Act Like it!","Aspiration","BaseMod","BetterRewards","Colored Map","Colored Powertips","Conspire","Downfall","Gensokyo","Hallownest","Hermit","Hubris","Infinite Spire","Jorbs\u0027s Wanderer Trilogy","Koishi","Lobotomy","LobotomyExtend","Marisa????????","Minty Spire (QoL Compilation)","Quick Restart","Reimu??????","Remilia??????","StSLib","The Bug Knight","The Construct","The Cursed","The Disciple","The Servant 0.9.4"],"gold_per_floor":[18,34,54,4,4,4,38,50,50,50,566,566,583,599,599,599,599],"floor_reached":16,"language":"ENG","playtime":966,"items_purged":[],"score":104,"play_id":"5813c96e-a966-420d-ac9c-d9e8d70816ee","local_time":"20210206020913","is_ascension_mode":false,"campfire_choices":[{"data":"HollowMod:RecoilStrike","floor":6,"key":"SMITH"},{"data":"HollowMod:BlackTendrils","floor":12,"key":"SMITH"},{"floor":15,"key":"REST"}],"circlet_count":0,"master_deck":["HollowMod:NailStrikeStart","HollowMod:NailStrikeStart","HollowMod:NailStrikeStart","HollowMod:NailStrikeStart","HollowMod:QuickDashStart","HollowMod:QuickDashStart","HollowMod:QuickDashStart","HollowMod:QuickDashStart","HollowMod:FocusHealStart","HollowMod:PogoStrike","HollowMod:BaldurShell","HollowMod:RecoilStrike+1","HollowMod:CycloneSlash","HollowMod:GoodIntentions","HollowMod:BlackTendrils+1","HollowMod:ShadowDash","HollowMod:SharpenedNail"],"relics":["HollowMod:VesselMask","infinitespire:Magic Flask","LetterFromLob","infinitespire:Beetle Shell","Toy Ornithopter"],"acts_visited":["Gensokyo:Gensokyo"],"potions_floor_usage":[7,7,16,16],"damage_taken":[{"damage":3,"enemies":"Gensokyo:2_Kodama","floor":1,"turns":4},{"damage":0,"enemies":"Gensokyo:3_Fairies","floor":2,"turns":3},{"damage":6,"enemies":"Gensokyo:Python","floor":3,"turns":3},{"damage":20,"enemies":"Gensokyo:Mamizou","floor":7,"turns":9},{"damage":5,"enemies":"Gensokyo:VengefulSpirit","floor":8,"turns":5},{"damage":20,"enemies":"Gensokyo:Kitsune","floor":11,"turns":6},{"damage":7,"enemies":"Gensokyo:5_Fairies","floor":13,"turns":3},{"damage":5,"enemies":"Gensokyo:VengefulSpirit","floor":14,"turns":5},{"damage":119,"enemies":"Gensokyo:Kokoro","floor":16,"turns":13}],"seed_played":"3370849173721296802","potions_obtained":[{"floor":2,"key":"Energy Potion"},{"floor":3,"key":"Dexterity Potion"},{"floor":8,"key":"AttackPotion"},{"floor":13,"key":"Weak Potion"}],"is_trial":false,"path_per_floor":["M","M","M","COS","?","R","E","M","T","$","M","R","M","M","R","B"],"character_chosen":"THE_BUGKNIGHT","items_purchased":[],"campfire_rested":1,"item_purchase_floors":[],"current_hp_per_floor":[72,72,72,72,75,75,65,66,66,66,52,52,48,45,67,0,0],"gold":599,"neow_bonus":"ONE_RARE_RELIC","is_daily":false,"chose_seed":false,"campfire_upgraded":2,"win_rate":0.0,"timestamp":1612606153,"path_taken":["M","M","M","COS","?","R","E","M","T","$","M","R","M","M","R","BOSS"],"items_purchased_type":[],"build_version":"2020-12-22","purchased_purges":0,"victory":false,"max_hp_per_floor":[75,75,75,75,75,75,75,75,75,75,75,75,75,75,75,75,75],"card_choices":[{"not_picked":["HollowMod:LifebloodCocoon","HollowMod:MawleksShell","HollowMod:InfectionAssault"],"picked":"SKIP","floor":1},{"not_picked":["HollowMod:DreamGate","HollowMod:ShadowDash"],"picked":"HollowMod:BaldurShell","floor":2},{"not_picked":["HollowMod:NewLittleFool","HollowMod:SharpenedNail"],"picked":"HollowMod:RecoilStrike","floor":3},{"not_picked":["HollowMod:DashSlash","HollowMod:DoubleDash"],"picked":"HollowMod:CycloneSlash","floor":7},{"not_picked":["HollowMod:MothsMistake","HollowMod:ChannelNail"],"picked":"HollowMod:GoodIntentions","floor":8},{"not_picked":["HollowMod:CornifersMapStart","HollowMod:SiblingsSouls"],"picked":"HollowMod:BlackTendrils","floor":11},{"not_picked":["HollowMod:PureNailStrike","HollowMod:TaintedHusks"],"picked":"HollowMod:ShadowDash","floor":13},{"not_picked":["HollowMod:LifebloodCocoon","HollowMod:HuntersJournal"],"picked":"HollowMod:SharpenedNail","floor":14}],"player_experience":223549,"relics_obtained":[{"floor":1,"key":"LetterFromLob"},{"floor":7,"key":"infinitespire:Beetle Shell"},{"floor":9,"key":"Toy Ornithopter"}],"event_choices":[],"is_beta":false,"boss_relics":[],"items_purged_floors":[],"is_endless":false,"potions_floor_spawned":[2,3,8,13],"killed_by":"Gensokyo:Kokoro","ascension_level":0}}