{"host":"t7mx8yfj1no5p62f","time":1612583654,"event":{"mods":["BaseMod","Colored Map","Colored Powertips","Curses Come First","Minty Spire (QoL Compilation)","Relic Stats","StSLib"],"gold_per_floor":[12,27,27,45,55,55,84,96,120,134,164,197,272,7,7,84,84,100,100,112,135,18,18,45,61,61,94,94,19,53,72,72,145,145,160,160,176,176,192,212,246,9,9,9,9,41,57,71,71,71,71,71,71,18,51,51,51],"floor_reached":56,"language":"ENG","playtime":3388,"items_purged":["Strike_R"],"score":1989,"play_id":"4e2e9b6c-1df5-4ef9-b563-1774d8066b31","local_time":"20210205225414","is_ascension_mode":true,"campfire_choices":[{"data":"Cleave","floor":6.0,"key":"SMITH"},{"data":"Armaments","floor":15.0,"key":"SMITH"},{"data":"Rage","floor":23.0,"key":"SMITH"},{"data":"Spot Weakness","floor":28.0,"key":"SMITH"},{"data":"True Grit","floor":32.0,"key":"SMITH"},{"floor":45,"key":"RECALL"},{"floor":49,"key":"REST"},{"floor":53,"key":"REST"}],"circlet_count":0,"master_deck":["AscendersBane","Strike_R","Strike_R","Defend_R","Defend_R","Defend_R","Defend_R","Bash","Sword Boomerang","Cleave+1","Battle Trance","Iron Wave","Burning Pact","Shrug It Off","Armaments+1","Offering","True Grit+1","True Grit+1","Spot Weakness+1","Rage+1","Feed","Immolate","Pummel","Exhume","Disarm","Inflame+1","Headbutt+1","Double Tap"],"relics":["Burning Blood","Thread and Needle","Anchor","Pen Nib","Centennial Puzzle","Lantern","ClockworkSouvenir","Runic Pyramid","Bag of Preparation","Paper Frog","Lizard Tail","Red Mask","Red Skull","Fusion Hammer","Bag of Marbles","Medical Kit","Happy Flower","CaptainsWheel"],"acts_visited":["Exordium","TheCity","TheBeyond","TheEnding"],"potions_floor_usage":[39,56,56],"damage_taken":[{"damage":0.0,"enemies":"Cultist","floor":1.0,"turns":3.0},{"damage":6.0,"enemies":"Small Slimes","floor":2.0,"turns":3.0},{"damage":0.0,"enemies":"2 Louse","floor":4.0,"turns":3.0},{"damage":4.0,"enemies":"Blue Slaver","floor":5.0,"turns":4.0},{"damage":24.0,"enemies":"Gremlin Nob","floor":7.0,"turns":4.0},{"damage":0.0,"enemies":"3 Louse","floor":8.0,"turns":2.0},{"damage":0.0,"enemies":"Exordium Thugs","floor":10.0,"turns":3.0},{"damage":28.0,"enemies":"Lagavulin","floor":12.0,"turns":6.0},{"damage":9.0,"enemies":"The Guardian","floor":16.0,"turns":16.0},{"damage":6.0,"enemies":"Shell Parasite","floor":18.0,"turns":7.0},{"damage":6.0,"enemies":"Spheric Guardian","floor":20.0,"turns":8.0},{"damage":28.0,"enemies":"Gremlin Leader","floor":24.0,"turns":6.0},{"damage":6.0,"enemies":"3 Cultists","floor":25.0,"turns":4.0},{"damage":14.0,"enemies":"Masked Bandits","floor":27.0,"turns":4.0},{"damage":8.0,"enemies":"Slavers","floor":30.0,"turns":7.0},{"damage":12.0,"enemies":"Centurion and Healer","floor":31.0,"turns":7.0},{"damage":54.0,"enemies":"Automaton","floor":33.0,"turns":10.0},{"damage":6.0,"enemies":"Orb Walker","floor":35.0,"turns":3.0},{"damage":6.0,"enemies":"3 Darklings","floor":37.0,"turns":4.0},{"damage":19,"enemies":"Jaw Worm Horde","floor":39,"turns":4},{"damage":8,"enemies":"Writhing Mass","floor":40,"turns":6},{"damage":71,"enemies":"Nemesis","floor":41,"turns":9},{"damage":49,"enemies":"Giant Head","floor":46,"turns":7},{"damage":0,"enemies":"3 Darklings","floor":47,"turns":2},{"damage":27,"enemies":"Transient","floor":48,"turns":6},{"damage":62,"enemies":"Time Eater","floor":50,"turns":12},{"damage":11,"enemies":"Awakened One","floor":51,"turns":12},{"damage":61,"enemies":"Shield and Spear","floor":55,"turns":6},{"damage":63,"enemies":"The Heart","floor":56,"turns":5}],"seed_played":"-6069152681111136503","potions_obtained":[{"floor":2.0,"key":"DuplicationPotion"},{"floor":7.0,"key":"Fire Potion"},{"floor":8.0,"key":"FairyPotion"},{"floor":16.0,"key":"Energy Potion"},{"floor":30.0,"key":"ElixirPotion"},{"floor":31.0,"key":"SkillPotion"},{"floor":37.0,"key":"Explosive Potion"},{"floor":41,"key":"Dexterity Potion"},{"floor":47,"key":"EssenceOfSteel"},{"floor":55,"key":"Dexterity Potion"}],"is_trial":false,"path_per_floor":["M","M","$","M","M","R","E","M","T","M","?","E","?","$","R","B",null,"M","?","M","T","$","R","E","M","T","?","R","?","E","M","R","B",null,"M","?","M","?","M","M","E","$","T","?","R","E","M","M","R","B","B",null,"R","$","E","B"],"character_chosen":"IRONCLAD","items_purchased":["ClockworkSouvenir","Shrug It Off","Armaments","Spot Weakness","Rage","Medical Kit","Strength Potion"],"campfire_rested":2,"item_purchase_floors":[14,14,14,22,22,42,54],"current_hp_per_floor":[74,74,74,75,75,75,57,63,63,69,69,47,36,36,36,33,65,65,65,65,65,65,65,43,46,46,42,42,42,44,42,42,33,76,76,76,80,80,71,69,59,59,59,102,102,63,73,52,85,29,28,93,114,114,63,0,0],"gold":51,"neow_bonus":"ONE_RARE_RELIC","is_daily":false,"chose_seed":false,"campfire_upgraded":5,"win_rate":0.0,"timestamp":1612583654,"path_taken":["M","M","?","M","?","R","E","?","T","M","?","E","?","?","R","BOSS","M","?","M","?","?","R","E","M","T","?","R","?","E","M","R","BOSS","M","?","?","?","?","?","E","?","T","?","R","E","M","M","R","BOSS","BOSS","R","$","E","BOSS"],"items_purchased_type":["Relic","Card","Card","Card","Card","Relic","Potion"],"build_version":"2020-12-22","purchased_purges":1,"victory":false,"max_hp_per_floor":[75,75,75,75,75,75,75,75,75,75,75,75,75,75,75,75,75,75,75,75,75,75,75,75,78,78,82,82,82,86,90,90,90,90,90,90,94,94,98,98,102,102,102,102,102,106,110,110,110,110,114,114,114,114,118,118,118],"relic_stats":{"Centennial Puzzle":[63],"Lizard Tail":49,"Happy Flower":[14],"counters":[29,173],"Pen Nib":[25],"Bag of Preparation":[36],"Medical Kit":[6],"obtain_stats":[{"Lantern":12,"Happy Flower":46,"Thread and Needle":0,"Pen Nib":9,"Bag of Preparation":21,"Medical Kit":42,"Burning Blood":0,"ClockworkSouvenir":14,"Anchor":7,"Centennial Puzzle":11,"Lizard Tail":26,"CaptainsWheel":55,"Fusion Hammer":34,"Red Mask":27,"Bag of Marbles":41,"Red Skull":30,"Runic Pyramid":17,"Paper Frog":24},{"Lantern":8,"Happy Flower":23,"Thread and Needle":0,"Pen Nib":6,"Bag of Preparation":11,"Medical Kit":22,"Burning Blood":0,"ClockworkSouvenir":8,"Anchor":5,"Centennial Puzzle":7,"Lizard Tail":13,"CaptainsWheel":28,"Fusion Hammer":17,"Red Mask":14,"Bag of Marbles":22,"Red Skull":15,"Runic Pyramid":9,"Paper Frog":12},{"Lantern":28,"Happy Flower":130,"Thread and Needle":0,"Pen Nib":19,"Bag of Preparation":59,"Medical Kit":123,"Burning Blood":0,"ClockworkSouvenir":28,"Anchor":17,"Centennial Puzzle":22,"Lizard Tail":69,"CaptainsWheel":168,"Fusion Hammer":97,"Red Mask":73,"Bag of Marbles":123,"Red Skull":80,"Runic Pyramid":44,"Paper Frog":65}],"Burning Blood":161},"card_choices":[{"not_picked":["True Grit","Ghostly Armor"],"picked":"Sword Boomerang","floor":1.0},{"not_picked":["Shrug It Off","Evolve"],"picked":"Cleave","floor":2.0},{"not_picked":["Clothesline","Dual Wield"],"picked":"Battle Trance","floor":4.0},{"not_picked":["Power Through","Warcry"],"picked":"Perfected Strike","floor":5.0},{"not_picked":["Combust","Searing Blow"],"picked":"Iron Wave","floor":7.0},{"not_picked":["Warcry","Seeing Red","Headbutt"],"picked":"SKIP","floor":8.0},{"not_picked":["Blood for Blood","Perfected Strike"],"picked":"Burning Pact","floor":10.0},{"not_picked":["Anger","Rupture","Demon Form"],"picked":"SKIP","floor":12.0},{"not_picked":["Reaper","Double Tap"],"picked":"Offering","floor":16.0},{"not_picked":["Hemokinesis","Sentinel"],"picked":"True Grit+1","floor":18.0},{"not_picked":["Armaments","Shrug It Off","Iron Wave"],"picked":"SKIP","floor":20.0},{"not_picked":["Dual Wield","Sword Boomerang"],"picked":"Feed","floor":24.0},{"not_picked":["Iron Wave","True Grit","Clash"],"picked":"SKIP","floor":25.0},{"not_picked":["Pommel Strike","Sword Boomerang","Reckless Charge"],"picked":"SKIP","floor":30.0},{"not_picked":["True Grit","Havoc+1"],"picked":"Intimidate","floor":31.0},{"not_picked":["Juggernaut","Double Tap"],"picked":"Immolate","floor":33.0},{"not_picked":["Clothesline","Cleave"],"picked":"Pummel","floor":35.0},{"not_picked":["Hemokinesis","True Grit"],"picked":"Disarm","floor":37.0},{"not_picked":["Rampage","Sword Boomerang","Flex"],"picked":"SKIP","floor":39},{"not_picked":["Armaments+1","Disarm"],"picked":"Inflame+1","floor":40},{"not_picked":["Sword Boomerang","Ghostly Armor"],"picked":"Headbutt+1","floor":41},{"not_picked":["Thunderclap","Fire Breathing","Bloodletting"],"picked":"SKIP","floor":46},{"not_picked":["Inflame","Seeing Red+1"],"picked":"Double Tap","floor":47},{"not_picked":["Flex","Rupture","Shrug It Off"],"picked":"SKIP","floor":48},{"not_picked":["Reckless Charge","Warcry","Pommel Strike"],"picked":"SKIP","floor":55}],"player_experience":1940353,"relics_obtained":[{"floor":7.0,"key":"Anchor"},{"floor":9.0,"key":"Pen Nib"},{"floor":12.0,"key":"Lantern"},{"floor":21.0,"key":"Bag of Preparation"},{"floor":24.0,"key":"Paper Frog"},{"floor":26.0,"key":"Lizard Tail"},{"floor":27.0,"key":"Red Mask"},{"floor":30.0,"key":"Red Skull"},{"floor":41,"key":"Bag of Marbles"},{"floor":46,"key":"Happy Flower"},{"floor":55,"key":"CaptainsWheel"}],"event_choices":[{"damage_healed":0.0,"max_hp_gain":0.0,"max_hp_loss":0.0,"gold_gain":30.0,"event_name":"Dead Adventurer","player_choice":"Searched \u00272\u0027 times","floor":11.0,"gold_loss":0.0,"damage_taken":0.0,"relics_obtained":["Centennial Puzzle"]},{"damage_healed":0.0,"max_hp_gain":0.0,"max_hp_loss":0.0,"gold_gain":75.0,"event_name":"World of Goop","player_choice":"Gather Gold","floor":13.0,"gold_loss":0.0,"damage_taken":11.0},{"damage_healed":0.0,"max_hp_gain":0.0,"max_hp_loss":0.0,"gold_gain":0.0,"cards_transformed":["Strike_R","Perfected Strike"],"event_name":"Drug Dealer","player_choice":"Became Test Subject","floor":19.0,"gold_loss":0.0,"damage_taken":0.0,"cards_obtained":["Battle Trance","True Grit"]},{"damage_healed":0.0,"max_hp_gain":0.0,"max_hp_loss":0.0,"gold_gain":0.0,"event_name":"Masked Bandits","player_choice":"Fought Bandits","floor":27.0,"gold_loss":0.0,"damage_taken":0.0},{"cards_removed":["Strike_R"],"damage_healed":0.0,"max_hp_gain":0.0,"max_hp_loss":0.0,"gold_gain":0.0,"event_name":"Beggar","player_choice":"Gave Gold","floor":29.0,"gold_loss":75.0,"damage_taken":0.0},{"damage_healed":0.0,"max_hp_gain":0.0,"max_hp_loss":0.0,"gold_gain":0.0,"cards_transformed":["Battle Trance"],"event_name":"Transmorgrifier","player_choice":"Transformed","floor":36.0,"gold_loss":0.0,"damage_taken":0.0,"cards_obtained":["Exhume"]},{"damage_healed":0.0,"max_hp_gain":0.0,"max_hp_loss":0.0,"gold_gain":0.0,"event_name":"SecretPortal","player_choice":"Ignored","floor":38.0,"gold_loss":0.0,"damage_taken":0.0},{"cards_removed":["Intimidate"],"damage_healed":43,"gold_gain":0,"player_choice":"Offered Uncommon","damage_taken":0,"max_hp_gain":0,"max_hp_loss":0,"event_name":"Bonfire Elementals","floor":44,"gold_loss":0}],"is_beta":false,"boss_relics":[{"not_picked":["Black Star","Tiny House"],"picked":"Runic Pyramid"},{"not_picked":["Pandora\u0027s Box","Calling Bell"],"picked":"Fusion Hammer"}],"items_purged_floors":[42],"is_endless":false,"potions_floor_spawned":[2,7,8,16,18,20,30,31,37,41,47,55],"killed_by":"The Heart","ascension_level":20}}