{"host":"l2dnabsh5e0fsksb","time":1612617564,"event":{"mods":["2.2 Compatiblity","BaseMod","Downfall","Minty Spire (QoL Compilation)","Quick Restart","StSLib"],"gold_per_floor":[99,99,99,99,99,249,274,374,274,304,316,329,229,253,267,341,341,341,352,90,90,75,75,75,75,95,95,95,108,108,108,108],"floor_reached":30,"language":"ENG","playtime":897,"items_purged":["Regret"],"score":411,"play_id":"7c98313e-f17c-49aa-aad6-5fb017b31696","local_time":"20210206234924","is_ascension_mode":true,"campfire_choices":[{"floor":1.0,"key":"RECALL"},{"data":"bronze:WhirlingStrike","floor":9.0,"key":"SMITH"},{"floor":13.0,"key":"REST"},{"data":"bronze:Library","floor":18.0,"key":"SMITH"},{"floor":25.0,"key":"REST"}],"circlet_count":0,"master_deck":["AscendersBane","bronze:Strike","bronze:Strike","bronze:Strike","bronze:Strike","bronze:Defend","bronze:Defend","bronze:Defend","bronze:Defend","bronze:Replicate","bronze:Goto+1","bronze:WhirlingStrike+1","bronze:Constructor","Doubt","bronze:Iterate","bronze:BuggyMess","bronze:Library+1","bronze:CutThrough","bronze:Format","bronze:WhirlingStrike","Pride","bronze:FollowUp","Writhe","bronze:Constructor","bronze:InfiniteBeams"],"relics":["bronze:BronzeCore","downfall:HeartsMalice","Ginger","Bag of Marbles","downfall:HeartBlessingRed","Centennial Puzzle","downfall:HeartBlessingGreen","Vajra","Black Star","champ:Barbells","MealTicket","bronze:SilverBullet","Oddly Smooth Stone"],"acts_visited":["Exordium","TheCity"],"potions_floor_usage":[29],"damage_taken":[{"damage":0.0,"enemies":"2 Louse","floor":2.0,"turns":1.0},{"damage":0.0,"enemies":"Jaw Worm","floor":3.0,"turns":1.0},{"damage":0.0,"enemies":"Small Slimes","floor":4.0,"turns":1.0},{"damage":38.0,"enemies":"3 Sentries","floor":10.0,"turns":9.0},{"damage":15.0,"enemies":"Exordium Wildlife","floor":11.0,"turns":4.0},{"damage":2.0,"enemies":"2 Fungi Beasts","floor":12.0,"turns":2.0},{"damage":1.0,"enemies":"Blue Slaver","floor":15.0,"turns":2.0},{"damage":14.0,"enemies":"SI_SHIV_ARCHETYPE","floor":16.0,"turns":5.0},{"damage":24.0,"enemies":"Chosen","floor":19.0,"turns":4.0},{"damage":8.0,"enemies":"downfall:FleeingMerchant","floor":20.0,"turns":4.0},{"damage":11.0,"enemies":"downfall:FleeingMerchant","floor":22.0,"turns":4.0},{"damage":33.0,"enemies":"Snake Plant","floor":26.0,"turns":5.0},{"damage":0,"enemies":"Cultist and Chosen","floor":29,"turns":3},{"damage":21,"enemies":"Centurion and Healer","floor":30,"turns":4}],"seed_played":"-5793270392408771151","potions_obtained":[{"floor":10.0,"key":"DistilledChaos"},{"floor":11.0,"key":"Strength Potion"},{"floor":15.0,"key":"GamblersBrew"},{"floor":16.0,"key":"SkillPotion"},{"floor":26.0,"key":"Strength Potion"}],"is_trial":false,"path_per_floor":["R","M","M","M","?","?","T","?","R","E","M","M","R","T","M","B",null,"R","M","$","?","$","?","T","R","M","?","?","M","M"],"character_chosen":"THE_AUTOMATON","items_purchased":["champ:Barbells"],"campfire_rested":2,"item_purchase_floors":[20],"current_hp_per_floor":[57,57,57,57,57,57,57,57,57,19,4,2,20,20,19,5,49,49,25,17,17,21,21,21,39,6,6,19,19,0,0,0],"gold":108,"neow_bonus":"THREE_ENEMY_KILL","is_daily":false,"chose_seed":false,"campfire_upgraded":2,"win_rate":0.0,"timestamp":1612617564,"path_taken":["R","M","M","M","?","?","T","?","R","E","M","M","R","?","M","BOSS","R","M","$","?","$","?","T","R","M","?","?","M","M"],"items_purchased_type":["Relic"],"build_version":"2020-12-22","purchased_purges":1,"victory":false,"max_hp_per_floor":[63,63,63,63,63,63,63,63,63,63,63,63,63,63,63,63,63,63,63,63,63,63,63,63,63,63,63,63,63,63,63,63],"card_choices":[{"not_picked":["bronze:NullPointer","bronze:Safeguard"],"picked":"bronze:WhirlingStrike","floor":2.0},{"not_picked":["bronze:Branch","bronze:CloningBeam"],"picked":"bronze:Constructor","floor":3.0},{"not_picked":["bronze:Safeguard","bronze:Overheat","bronze:Overload"],"picked":"SKIP","floor":4.0},{"not_picked":["bronze:FineTuning","bronze:InfiniteBeams"],"picked":"bronze:Iterate","floor":10.0},{"not_picked":["bronze:Frontload","bronze:Shield"],"picked":"bronze:BuggyMess","floor":11.0},{"not_picked":["bronze:NullPointer","bronze:Branch"],"picked":"bronze:Library","floor":12.0},{"not_picked":["bronze:ForLoop","bronze:WildBeam"],"picked":"bronze:CutThrough","floor":15.0},{"not_picked":["bronze:Assembly","bronze:RecursiveStrike"],"picked":"bronze:Format","floor":16.0},{"not_picked":["bronze:ForLoop","bronze:WildBeam+1","bronze:BitShift"],"picked":"SKIP","floor":19.0},{"not_picked":["bronze:DigitalCarnage+1","bronze:WildBeam"],"picked":"bronze:WhirlingStrike","floor":20.0},{"not_picked":["bronze:Deprecate","bronze:Allocate"],"picked":"bronze:FollowUp","floor":22.0},{"not_picked":["bronze:Allocate","bronze:Branch"],"picked":"bronze:Constructor","floor":26.0},{"not_picked":["bronze:WildBeam","bronze:BuggyMess"],"picked":"bronze:InfiniteBeams","floor":29}],"player_experience":1907973,"relics_obtained":[{"floor":7.0,"key":"Bag of Marbles"},{"floor":10.0,"key":"Centennial Puzzle"},{"floor":14.0,"key":"Vajra"},{"floor":24.0,"key":"Oddly Smooth Stone"}],"event_choices":[{"damage_healed":0.0,"max_hp_gain":0.0,"max_hp_loss":0.0,"gold_gain":0.0,"event_name":"Big Fish","player_choice":"Box","floor":5.0,"gold_loss":0.0,"damage_taken":0.0,"relics_obtained":["Ginger"],"cards_obtained":["Regret"]},{"damage_healed":0.0,"max_hp_gain":0.0,"max_hp_loss":0.0,"gold_gain":0.0,"event_name":"Addict","player_choice":"Stole Relic","floor":21.0,"gold_loss":0.0,"damage_taken":0.0,"relics_obtained":["MealTicket"],"cards_obtained":["Pride"]},{"damage_healed":13.0,"max_hp_gain":0.0,"max_hp_loss":0.0,"gold_gain":0.0,"event_name":"The Library","player_choice":"Heal","floor":28.0,"gold_loss":0.0,"damage_taken":0.0}],"is_beta":false,"boss_relics":[{"not_picked":["Velvet Choker","Busted Crown"],"picked":"Black Star"}],"items_purged_floors":[20],"is_endless":false,"potions_floor_spawned":[10,11,15,16,26],"killed_by":"Centurion and Healer","ascension_level":17}}