{"host":"h7xtspmc2x3i8s2i","time":1612590824,"event":{"mods":["2.2 Compatiblity","AchievementEnabler","Act Like it!","AlwaysNeverKeys","Aspiration","Astrologer","BaseMod","Bestiary","Better Altar","Better Match","Better Note","Better Sensory Stone","Better Skull","Better Third Choice","Better Vampires","Better-Laid Plans","Colored Map","Colored Powertips","Conjunction","Curses Come First","Defuse TimeMaze Blight","Dio Mod","Disable Question Mark Monsters","Dota2Spire","Downfall","EXCEPTION","Emptier Cage","Energized Spire","Evolution","Friendly Minions","GifTheSpireLib","Gold Saver","Gremlin Skip","Halation","Hubris","Hyrulean Relics","Infinite Spire","Jedi Mod","Key Reminder","Marked Mod","Minty Spire (QoL Compilation)","Permanent Neow","Potion Indicator Mod","Quick Restart","Random Character Button","Random Character Mod","Rare Cards Sparkle","Relic Filter","Relic Stats","Reliquary","Replay The Spire","SacredBarkPlus","Shop Mod","Smile Girya","Somnambulant","Spicy Shops","Spikes Relics","Spire Birthday Party","StSLib","Steal the Spire","Stuff the Spire","SuperFastMode","The Awakened One except there are too many feathers","The Blue Laboratory","The Cursed","The Death Knight","The Edgeheg","The Problem Sleuth","The Runesmith","The Wild Card","Trackpad","Transform Curses","Uncapped","Unceasing Turn Reminder","Virulent Crown","Wide Potions","everything is the same but u backflip on backflip","slay the spire mod where everything is the same but ironclad has a cowboy hat"],"gold_per_floor":[99,117,117,117,14,44,44,44,494,594,612,412,412,440,458,554,554,554,570,582,582,582,598,644,744,496,496,524,538,92,103,114,217,217,117,128,128,147,147,147,147,147],"floor_reached":40,"language":"ENG","playtime":2580,"items_purged":["ReplayTheSpireMod:Chaos Vortex","bronze:Repulsor+1"],"score":738,"play_id":"88b061a5-d26f-4c47-9ac7-ca6b15097d2a","local_time":"20210206005344","is_ascension_mode":true,"campfire_choices":[{"floor":1,"key":"RECALL"},{"floor":8,"key":"REST"},{"floor":12,"key":"REST"},{"data":"bronze:Repulsor","floor":18,"key":"SMITH"},{"data":"bronze:MaxOutput","floor":35,"key":"SMITH"}],"circlet_count":0,"master_deck":["bronze:Strike","bronze:Strike","bronze:Strike","bronze:Strike","bronze:Defend+1","bronze:Defend","bronze:Defend","bronze:Defend+1","bronze:Replicate+1","bronze:Goto","bronze:FindAndReplace","ReplayTheSpireMod:Chaos Vortex+1","bronze:MaxOutput+1","bronze:Repulsor+1","bronze:Separator","downfall:Icky","downfall:Icky","downfall:Icky","bronze:Repulsor+1","bronze:Break+1","Parasite","bronze:Verify","bronze:Repulsor","bronze:Mutator","Pride","bronze:BugBarrage+1","bronze:BugBarrage","bronze:Turbo","bronze:ItsAFeature","bronze:Allocate","bronze:Turbo","bronze:ItsAFeature+1","bronze:BuggyMess","bronze:Repulsor","bronze:WildBeam+1","bronze:ShipIt","bronze:MaxOutput+1"],"relics":["bronze:BronzeCore","EVO:Axolotl","Replay:Wax Seal","Dota2Spire:ShivaGuard","White Beast Statue","downfall:HeartBlessingRed","downfall:HeartBlessingGreen","InkBottle","halation:HeavySnake","StuffTheSpire:OldFever","Replay:Kaleidoscope","Dota2Spire:BattleFury","MerchantsRug","reliquary:Bookmark","Dota2Spire:Vanguard","Toolbox","Strange Spoon","hubris:GrandSneckoEye","downfall:HeartBlessingBlue","theSleuth:Tectrixcalibur"],"acts_visited":["Exordium","TheCity","TheBeyond"],"potions_floor_usage":[10,11,14,15,16,16,25,28,29,32,33,33,40,40],"damage_taken":[{"damage":0,"enemies":"Small Slimes","floor":2,"turns":4},{"damage":5,"enemies":"downfall:FleeingMerchant","floor":5,"turns":4},{"damage":15,"enemies":"Lagavulin","floor":6,"turns":10},{"damage":34,"enemies":"downfall:LadyInBlue","floor":10,"turns":13},{"damage":0,"enemies":"infinitespire:Voidling","floor":11,"turns":3},{"damage":0,"enemies":"3 Sentries","floor":14,"turns":4},{"damage":1,"enemies":"Jaw Worm","floor":15,"turns":2},{"damage":0,"enemies":"SI_SHIV_ARCHETYPE","floor":16,"turns":7},{"damage":0,"enemies":"3 Byrds","floor":19,"turns":8},{"damage":0,"enemies":"Snecko","floor":20,"turns":5},{"damage":0,"enemies":"Snake Plant","floor":23,"turns":3},{"damage":0,"enemies":"IC_STATUS_ARCHETYPE","floor":25,"turns":6},{"damage":0,"enemies":"downfall:FleeingMerchant","floor":26,"turns":4},{"damage":4,"enemies":"Book of Stabbing","floor":28,"turns":6},{"damage":0,"enemies":"Centurion and Healer","floor":29,"turns":3},{"damage":0,"enemies":"Cultist and Chosen","floor":31,"turns":4},{"damage":0,"enemies":"3 Cultists","floor":32,"turns":4},{"damage":19,"enemies":"DF_ARCHETYPE_CLAW","floor":33,"turns":6},{"damage":7,"enemies":"3 Shapes","floor":36,"turns":5},{"damage":0,"enemies":"3 Darklings","floor":38,"turns":1},{"damage":83,"enemies":"Nightmare","floor":40,"turns":5}],"seed_played":"-1903416433192879086","potions_obtained":[{"floor":6,"key":"DeathKnight:RimePotion"},{"floor":10,"key":"Dexterity Potion"},{"floor":10,"key":"AttackPotion"},{"floor":11,"key":"Dota2Spire:HealingSalve"},{"floor":14,"key":"blueLaboratory:BubblePotion"},{"floor":15,"key":"Dota2Spire:HealingSalve"},{"floor":16,"key":"jedi:tentaclejuice"},{"floor":19,"key":"blueLaboratory:PyrophylliteBrew"},{"floor":20,"key":"blueLaboratory:EnragingPotion"},{"floor":23,"key":"blueLaboratory:HeartbeatPotion"},{"floor":25,"key":"blueLaboratory:BubblePotion"},{"floor":26,"key":"blueLaboratory:BottleOfRum"},{"floor":28,"key":"jedi:StrikingPotion"},{"floor":29,"key":"Regen Potion"},{"floor":31,"key":"blueLaboratory:FrostheartPotion"},{"floor":32,"key":"Toxic Potion"},{"floor":33,"key":"blueLaboratory:PhilterOfMotion"},{"floor":36,"key":"Dexterity Potion"},{"floor":38,"key":"GamblersBrew"}],"is_trial":false,"path_per_floor":["R","M","?","?","$","E","T","R","?","?","M","R","?","E","M","B",null,"R","M","M","?","?","M","T","?","$","?","E","M","$","M","M","B",null,"R","M","?","M","?","NM"],"character_chosen":"THE_AUTOMATON","items_purchased":["bronze:Repulsor+1","bronze:ItsAFeature","MerchantsRug","reliquary:Bookmark","bronze:Allocate","Dota2Spire:Vanguard","bronze:BuggyMess","bronze:Repulsor","Toolbox","Strange Spoon"],"campfire_rested":2,"item_purchase_floors":[5,26,26,26,26,26,30,30,30,30],"current_hp_per_floor":[70,70,53,53,48,33,33,54,54,20,20,41,58,67,66,70,70,70,70,70,70,70,70,70,70,70,70,73,73,73,73,73,65,77,87,80,80,80,80,0,0,0],"gold":147,"neow_bonus":"ONE_RANDOM_RARE_CARD","is_daily":false,"chose_seed":false,"campfire_upgraded":2,"win_rate":0.0,"timestamp":1612590824,"path_taken":["R","M","?","?","$","E","T","R","?","?","?","R","?","E","M","BOSS","R","M","M","?","?","M","T","?","$","?","E","M","$","M","M","BOSS","R","M","?","M","?","NM"],"items_purchased_type":["Card","Card","Relic","Relic","Card","Relic","Card","Card","Relic","Relic"],"build_version":"2020-12-22","purchased_purges":2,"victory":false,"max_hp_per_floor":[70,70,70,70,70,70,70,70,70,70,70,70,70,70,70,70,70,70,70,70,70,70,70,70,70,70,70,77,77,77,77,77,77,77,87,87,87,87,87,87,87,87],"relic_stats":{"Strange Spoon":[13],"counters":[21,107],"obtain_stats":[{"MerchantsRug":26,"bronze:BronzeCore":0,"downfall:HeartBlessingRed":12,"Dota2Spire:ShivaGuard":7,"downfall:HeartBlessingGreen":12,"Dota2Spire:BattleFury":25,"Dota2Spire:Vanguard":26,"EVO:Axolotl":0,"Replay:Kaleidoscope":25,"White Beast Statue":10,"halation:HeavySnake":17,"keyreminder:keyreminder":1,"reliquary:Bookmark":26,"Strange Spoon":30,"theSleuth:Tectrixcalibur":37,"downfall:HeartBlessingBlue":35,"Strawberry":28,"Toolbox":30,"hubris:GrandSneckoEye":34,"Replay:Wax Seal":6,"InkBottle":14,"StuffTheSpire:OldFever":22},{"MerchantsRug":13,"bronze:BronzeCore":0,"downfall:HeartBlessingRed":5,"Dota2Spire:ShivaGuard":3,"downfall:HeartBlessingGreen":5,"Dota2Spire:BattleFury":12,"Dota2Spire:Vanguard":13,"EVO:Axolotl":0,"Replay:Kaleidoscope":12,"White Beast Statue":4,"halation:HeavySnake":8,"keyreminder:keyreminder":0,"reliquary:Bookmark":13,"Strange Spoon":15,"theSleuth:Tectrixcalibur":19,"downfall:HeartBlessingBlue":18,"Strawberry":14,"Toolbox":15,"hubris:GrandSneckoEye":18,"Replay:Wax Seal":3,"InkBottle":6,"StuffTheSpire:OldFever":10},{"MerchantsRug":73,"bronze:BronzeCore":0,"downfall:HeartBlessingRed":34,"Dota2Spire:ShivaGuard":18,"downfall:HeartBlessingGreen":34,"Dota2Spire:BattleFury":69,"Dota2Spire:Vanguard":73,"EVO:Axolotl":0,"Replay:Kaleidoscope":69,"White Beast Statue":31,"halation:HeavySnake":47,"keyreminder:keyreminder":0,"reliquary:Bookmark":73,"Strange Spoon":82,"theSleuth:Tectrixcalibur":101,"downfall:HeartBlessingBlue":96,"Strawberry":79,"Toolbox":82,"hubris:GrandSneckoEye":96,"Replay:Wax Seal":18,"InkBottle":38,"StuffTheSpire:OldFever":60}],"InkBottle":[40]},"card_choices":[{"not_picked":["bronze:Deprecate","bronze:WhirlingStrike","bronze:Overload"],"picked":"SKIP","floor":2},{"not_picked":["ReplayTheSpireMod:Black Plague","infinitespire:NeuralNetwork"],"picked":"ReplayTheSpireMod:Chaos Vortex","floor":3},{"not_picked":["bronze:DelayedGuard","bronze:ForLoop"],"picked":"bronze:MaxOutput","floor":5},{"not_picked":["bronze:Iterate","bronze:ChosenStrike"],"picked":"bronze:Separator","floor":6},{"not_picked":["bronze:Invalidate","bronze:CloningBeam"],"picked":"bronze:Repulsor","floor":10},{"not_picked":["bronze:Repair","bronze:CutThrough"],"picked":"bronze:Break","floor":11},{"not_picked":["bronze:ClassDefault","bronze:Deprecate"],"picked":"bronze:Verify","floor":14},{"not_picked":["bronze:WhirlingStrike","bronze:DigitalCarnage"],"picked":"bronze:Repulsor","floor":15},{"not_picked":["bronze:RecursiveStrike","bronze:Break"],"picked":"bronze:Mutator","floor":16},{"not_picked":["bronze:Invalidate+1","bronze:Constructor+1","bronze:WhirlingStrike"],"picked":"SKIP","floor":19},{"not_picked":["bronze:Optimize","bronze:DelayedGuard","bronze:Separator+1"],"picked":"SKIP","floor":20},{"not_picked":["bronze:WildBeam","bronze:HardenedForm"],"picked":"bronze:BugBarrage+1","floor":23},{"not_picked":["bronze:DigitalCarnage+1","bronze:Overheat"],"picked":"bronze:BugBarrage","floor":25},{"not_picked":["bronze:Constructor+1","bronze:Deprecate"],"picked":"bronze:Turbo","floor":26},{"not_picked":["bronze:ForLoop","bronze:Boost"],"picked":"bronze:Turbo","floor":28},{"not_picked":["bronze:Fortify","bronze:Allocate"],"picked":"bronze:ItsAFeature","floor":29},{"not_picked":["bronze:WhirlingStrike+1","bronze:Overheat"],"picked":"bronze:WildBeam+1","floor":31},{"not_picked":["bronze:DigitalCarnage","bronze:Invalidate","bronze:FineTuning"],"picked":"SKIP","floor":32},{"not_picked":["bronze:Break","bronze:HyperBeam"],"picked":"bronze:ShipIt","floor":33},{"not_picked":["bronze:Flail","bronze:Frontload+1"],"picked":"bronze:MaxOutput+1","floor":36},{"not_picked":["bronze:Fortify+1","bronze:Iterate+1","bronze:Invalidate"],"picked":"SKIP","floor":38}],"player_experience":381259,"relics_obtained":[{"floor":6,"key":"Replay:Wax Seal"},{"floor":7,"key":"Dota2Spire:ShivaGuard"},{"floor":10,"key":"White Beast Statue"},{"floor":14,"key":"InkBottle"},{"floor":25,"key":"Replay:Kaleidoscope"},{"floor":25,"key":"Dota2Spire:BattleFury"},{"floor":28,"key":"Strawberry"}],"event_choices":[{"damage_healed":17,"gold_gain":0,"player_choice":"Healed and dodged fight","damage_taken":0,"max_hp_gain":0,"max_hp_loss":0,"event_name":"Mushrooms","floor":13,"gold_loss":0,"cards_obtained":["Parasite"]},{"damage_healed":0,"gold_gain":0,"player_choice":"Stole Relic","damage_taken":0,"relics_obtained":["StuffTheSpire:OldFever"],"max_hp_gain":0,"max_hp_loss":0,"event_name":"Addict","floor":22,"gold_loss":0,"cards_obtained":["Pride"]}],"is_beta":false,"boss_relics":[{"not_picked":["hubris:BlackHole","ChewingGum"],"picked":"halation:HeavySnake"},{"not_picked":["energizedSpire:DeadBattery","jedi:hotpepper"],"picked":"hubris:GrandSneckoEye"}],"items_purged_floors":[26,30],"is_endless":false,"potions_floor_spawned":[6,11,14,15,16,19,20,23,25,26,28,29,31,32,33,36,38],"killed_by":"Nightmare","ascension_level":1}}