{"host":"Squid","time":1612632602,"event":{"mods":["BaseMod","ChefMod","Minty Spire (QoL Compilation)","StSLib"],"gold_per_floor":[112,125,178,178,18,49,49,60,60,90,118,118,118,156,156,285,285,308,110,131,131,147,161,195,195,266,266,266,191,191,212,212,338,638,662,662,662,662,265,300,300,314,338,338,377,391,412,428,428,428,428,428,152,185,185],"floor_reached":56,"language":"ENG","playtime":2917,"items_purged":["chefmod:Strike","chefmod:FreshProduce","chefmod:Strike+1"],"score":1316,"play_id":"321bfef1-3fab-406c-8668-9650dba5af42","local_time":"20210206123002","is_ascension_mode":false,"campfire_choices":[{"data":"chefmod:FrozenTuna","floor":7.0,"key":"SMITH"},{"data":"chefmod:QuickChop","floor":15.0,"key":"SMITH"},{"data":"chefmod:TwoForOne","floor":25.0,"key":"SMITH"},{"data":"chefmod:FreezerBurn","floor":28.0,"key":"SMITH"},{"data":"chefmod:FrozenTuna","floor":32.0,"key":"SMITH"},{"data":"chefmod:IceCreamCone","floor":41,"key":"SMITH"},{"floor":44,"key":"RECALL"},{"data":"chefmod:HotSoup","floor":49,"key":"SMITH"},{"data":"chefmod:Granita","floor":52,"key":"SMITH"}],"circlet_count":0,"master_deck":["chefmod:Strike+1","chefmod:Defend+1","chefmod:Defend+1","chefmod:Defend+1","chefmod:Defend+1","chefmod:TodaysSpecial","chefmod:BaoBuns","chefmod:QuickChop+1","chefmod:FrozenTuna+1","chefmod:Tenderizer","chefmod:FreezerBurn+1","chefmod:TwoForOne+1","chefmod:IceCreamCone+1","chefmod:Chop+1","chefmod:Granita+1","chefmod:FrozenTuna+1","chefmod:TwoForOne+1","CurseOfTheBell","chefmod:FrozenTuna+1","chefmod:Gelato+1","chefmod:Granita+1","chefmod:Julienne","chefmod:Gelato+1","chefmod:HotSoup+1","chefmod:FreezeSolid","chefmod:ZaruSoba+1","chefmod:Gelato+1","chefmod:ZaruSoba+1"],"relics":["Coffee Dripper","Juzu Bracelet","Orichalcum","Potion Belt","Odd Mushroom","InkBottle","Golden Idol","Smiling Mask","Snecko Eye","Anchor","Sundial","Toxic Egg 2","Calling Bell","Boot","HornCleat","Old Coin","Mercury Hourglass","StrikeDummy","Toy Ornithopter"],"acts_visited":["Exordium","TheCity","TheBeyond","TheEnding"],"potions_floor_usage":[46,55,55,55],"damage_taken":[{"damage":0.0,"enemies":"Cultist","floor":1.0,"turns":3.0},{"damage":0.0,"enemies":"Small Slimes","floor":2.0,"turns":4.0},{"damage":11.0,"enemies":"Gremlin Nob","floor":6.0,"turns":4.0},{"damage":0.0,"enemies":"Jaw Worm","floor":8.0,"turns":2.0},{"damage":0.0,"enemies":"The Mushroom Lair","floor":10.0,"turns":2.0},{"damage":4.0,"enemies":"3 Sentries","floor":11.0,"turns":4.0},{"damage":2.0,"enemies":"Gremlin Nob","floor":14.0,"turns":3.0},{"damage":23.0,"enemies":"Slime Boss","floor":16.0,"turns":9.0},{"damage":0.0,"enemies":"3 Byrds","floor":18.0,"turns":3.0},{"damage":0.0,"enemies":"Shell Parasite","floor":20.0,"turns":1.0},{"damage":0.0,"enemies":"Centurion and Healer","floor":22.0,"turns":2.0},{"damage":0.0,"enemies":"Cultist and Chosen","floor":23.0,"turns":3.0},{"damage":24.0,"enemies":"Slavers","floor":24.0,"turns":4.0},{"damage":0.0,"enemies":"Sentry and Sphere","floor":31.0,"turns":1.0},{"damage":0.0,"enemies":"Collector","floor":33.0,"turns":3.0},{"damage":9.0,"enemies":"3 Shapes","floor":35.0,"turns":4.0},{"damage":15,"enemies":"Nemesis","floor":40,"turns":6},{"damage":0,"enemies":"Orb Walker","floor":42,"turns":1},{"damage":0,"enemies":"Reptomancer","floor":45,"turns":1},{"damage":8,"enemies":"Transient","floor":46,"turns":5},{"damage":13,"enemies":"3 Darklings","floor":47,"turns":2},{"damage":0,"enemies":"Maw","floor":48,"turns":1},{"damage":34,"enemies":"Awakened One","floor":50,"turns":7},{"damage":0,"enemies":"Shield and Spear","floor":54,"turns":1},{"damage":38,"enemies":"The Heart","floor":55,"turns":7}],"seed_played":"6352281532597974805","potions_obtained":[{"floor":8.0,"key":"ColorlessPotion"},{"floor":11.0,"key":"EssenceOfSteel"},{"floor":16.0,"key":"Explosive Potion"},{"floor":21.0,"key":"AttackPotion"},{"floor":21.0,"key":"Ancient Potion"},{"floor":21.0,"key":"LiquidBronze"},{"floor":24.0,"key":"FairyPotion"},{"floor":35.0,"key":"Regen Potion"},{"floor":46,"key":"chefmod:PotionOfPlenty"},{"floor":47,"key":"LiquidBronze"}],"is_trial":false,"path_per_floor":["M","M","T","?","$","E","R","M","T","?","E","?","?","E","R","B",null,"M","$","M","?","M","M","E","R","T","?","R","?","?","M","R","B",null,"M","?","?","?","$","E","R","M","T","R","E","M","M","M","R","B",null,"R","$","E","B",null],"character_chosen":"THE_CHEF","items_purchased":["chefmod:FrozenTuna","Anchor","chefmod:Gelato+1","chefmod:Granita+1","Mercury Hourglass","chefmod:FreezeSolid","chefmod:ZaruSoba+1","chefmod:Gelato+1","Weak Potion"],"campfire_rested":0,"item_purchase_floors":[5,19,39,39,39,53,53,53,53],"current_hp_per_floor":[76,76,76,69,69,58,58,58,58,58,54,54,40,38,38,15,70,70,70,70,70,70,70,46,46,46,46,46,46,46,46,46,46,70,61,61,61,61,61,46,46,46,46,46,46,57,44,44,44,10,66,66,66,66,31],"gold":185,"neow_bonus":"BOSS_RELIC","is_daily":false,"chose_seed":false,"campfire_upgraded":8,"win_rate":0.0,"timestamp":1612632602,"path_taken":["M","M","?","?","?","E","R","M","T","?","E","?","?","E","R","BOSS","M","$","M","?","M","M","E","R","T","?","R","?","?","M","R","BOSS","M","?","?","?","$","E","R","M","T","R","E","M","M","M","R","BOSS","R","$","E","BOSS"],"items_purchased_type":["Card","Relic","Card","Card","Relic","Card","Card","Card","Potion"],"build_version":"2020-12-18","purchased_purges":3,"victory":true,"max_hp_per_floor":[76,76,76,76,76,76,76,76,76,76,76,70,70,70,70,70,70,70,70,70,70,70,70,70,70,70,70,70,70,70,70,70,70,70,70,70,70,66,66,66,66,66,66,66,66,66,66,66,66,66,66,66,66,66,66],"card_choices":[{"not_picked":["chefmod:Sorbet","chefmod:Defrost"],"picked":"chefmod:BaoBuns","floor":1.0},{"not_picked":["chefmod:Defrost","chefmod:MonsterBait"],"picked":"chefmod:QuickChop","floor":2.0},{"not_picked":["chefmod:Chop","chefmod:ZaruSoba"],"picked":"chefmod:Tenderizer","floor":6.0},{"not_picked":["chefmod:HotSoup","chefmod:FryPan"],"picked":"chefmod:FreshProduce","floor":8.0},{"not_picked":["chefmod:GroceryDelivery","chefmod:SearedScallops"],"picked":"chefmod:FreezerBurn","floor":11.0},{"not_picked":["chefmod:NewMenu","chefmod:SliceAndDice","chefmod:DinoKale"],"picked":"SKIP","floor":14.0},{"not_picked":["chefmod:Canape","chefmod:Tenderizer"],"picked":"chefmod:TwoForOne","floor":16.0},{"not_picked":["chefmod:Granita","chefmod:VegetableTart"],"picked":"chefmod:IceCreamCone","floor":18.0},{"not_picked":["chefmod:FireUp","chefmod:SliceAndDice"],"picked":"chefmod:Chop+1","floor":20.0},{"not_picked":["chefmod:CleanHouse+1","chefmod:TonkotsuRamen"],"picked":"chefmod:Granita","floor":22.0},{"not_picked":["chefmod:HotSoup","chefmod:SliceAndDice","chefmod:Defrost"],"picked":"SKIP","floor":23.0},{"not_picked":["chefmod:Fillet","chefmod:FarmersMarket","chefmod:FireUp"],"picked":"SKIP","floor":24.0},{"not_picked":["chefmod:Flambe","chefmod:FiveAlarmChili","chefmod:FireUp"],"picked":"SKIP","floor":31.0},{"not_picked":["chefmod:Canape+1","chefmod:OrderUp"],"picked":"chefmod:TwoForOne+1","floor":33.0},{"not_picked":["chefmod:ZaruSoba+1","chefmod:Escargot","chefmod:BaoBuns+1"],"picked":"SKIP","floor":35.0},{"not_picked":["chefmod:SliceAndDice","chefmod:ZaruSoba+1","chefmod:BaoBuns+1"],"picked":"SKIP","floor":40},{"not_picked":["chefmod:HotSoup","chefmod:ColdSteel"],"picked":"chefmod:Julienne","floor":42},{"not_picked":["chefmod:FireUp+1","chefmod:Fillet+1","chefmod:Cleavers"],"picked":"SKIP","floor":45},{"not_picked":["chefmod:Fillet","chefmod:PotatoGratin+1","chefmod:Sorbet+1"],"picked":"SKIP","floor":46},{"not_picked":["chefmod:Fillet","chefmod:PotatoGratin+1","chefmod:Sorbet+1"],"picked":"SKIP","floor":46},{"not_picked":["chefmod:Sorbet+1","chefmod:Granita+1"],"picked":"chefmod:Gelato+1","floor":47},{"not_picked":["chefmod:FreezerBurn+1","chefmod:Tenderizer"],"picked":"chefmod:HotSoup","floor":48},{"not_picked":["chefmod:SliceAndDice+1","chefmod:SpaghettiCarbonara+1"],"picked":"chefmod:ZaruSoba+1","floor":54}],"player_experience":855492,"relics_obtained":[{"floor":3.0,"key":"Juzu Bracelet"},{"floor":6.0,"key":"Orichalcum"},{"floor":9.0,"key":"Potion Belt"},{"floor":10.0,"key":"Odd Mushroom"},{"floor":11.0,"key":"InkBottle"},{"floor":14.0,"key":"Smiling Mask"},{"floor":24.0,"key":"Sundial"},{"floor":26.0,"key":"Toxic Egg 2"},{"floor":34.0,"key":"Boot"},{"floor":34.0,"key":"HornCleat"},{"floor":34.0,"key":"Old Coin"},{"floor":40,"key":"StrikeDummy"},{"floor":45,"key":"Toy Ornithopter"}],"event_choices":[{"cards_removed":["chefmod:Strike"],"damage_healed":0.0,"max_hp_gain":0.0,"max_hp_loss":0.0,"gold_gain":0.0,"event_name":"Golden Wing","player_choice":"Card Removal","floor":4.0,"gold_loss":0.0,"damage_taken":7.0},{"damage_healed":0.0,"max_hp_gain":0.0,"max_hp_loss":0.0,"gold_gain":0.0,"event_name":"Mushrooms","player_choice":"Fought Mushrooms","floor":10.0,"gold_loss":0.0,"damage_taken":0.0},{"damage_healed":0.0,"max_hp_gain":0.0,"max_hp_loss":6.0,"gold_gain":0.0,"event_name":"Golden Idol","player_choice":"Lose Max HP","floor":12.0,"gold_loss":0.0,"damage_taken":0.0,"relics_obtained":["Golden Idol"]},{"damage_healed":0.0,"max_hp_gain":0.0,"max_hp_loss":0.0,"gold_gain":0.0,"event_name":"Shining Light","player_choice":"Entered Light","floor":13.0,"gold_loss":0.0,"damage_taken":14.0,"cards_upgraded":["chefmod:Defend","chefmod:Strike"]},{"damage_healed":0.0,"max_hp_gain":0.0,"max_hp_loss":0.0,"gold_gain":0.0,"event_name":"Lab","player_choice":"Got Potions","floor":21.0,"gold_loss":0.0,"damage_taken":0.0},{"damage_healed":0.0,"max_hp_gain":0.0,"max_hp_loss":0.0,"gold_gain":0.0,"event_name":"Back to Basics","player_choice":"Simplicity","floor":27.0,"gold_loss":0.0,"damage_taken":0.0,"cards_upgraded":["chefmod:Strike","chefmod:Defend","chefmod:Defend","chefmod:Defend"]},{"cards_removed":["chefmod:QuickThaw"],"damage_healed":0.0,"max_hp_gain":0.0,"max_hp_loss":0.0,"gold_gain":0.0,"event_name":"Beggar","player_choice":"Gave Gold","floor":29.0,"gold_loss":75.0,"damage_taken":0.0},{"damage_healed":0.0,"max_hp_gain":0.0,"max_hp_loss":0.0,"gold_gain":0.0,"event_name":"The Library","player_choice":"Read","floor":30.0,"gold_loss":0.0,"damage_taken":0.0,"cards_obtained":["chefmod:FrozenTuna"]},{"damage_healed":0.0,"max_hp_gain":0.0,"max_hp_loss":0.0,"gold_gain":0.0,"event_name":"Duplicator","player_choice":"Copied","floor":36.0,"gold_loss":0.0,"damage_taken":0.0,"cards_obtained":["chefmod:FrozenTuna"]},{"damage_healed":0,"gold_gain":0,"player_choice":"Memory 1","damage_taken":0,"max_hp_gain":0,"max_hp_loss":0,"event_name":"SensoryStone","floor":37,"gold_loss":0},{"damage_healed":0,"gold_gain":0,"player_choice":"Max HP","damage_taken":0,"max_hp_gain":0,"max_hp_loss":4,"event_name":"Winding Halls","floor":38,"gold_loss":0}],"is_beta":true,"boss_relics":[{"not_picked":["Black Star","Ectoplasm"],"picked":"Snecko Eye"},{"not_picked":["Runic Pyramid","Tiny House"],"picked":"Calling Bell"}],"items_purged_floors":[19,39,53],"is_endless":false,"potions_floor_spawned":[8,11,16,22,23,24,33,35,40,46,47,48],"ascension_level":0}}