{"host":"v4pe0ixo3k7iwzp0","time":1612607119,"event":{"mods":["Ascension Reborn","BaseMod","Bestiary","Highlight Path","Minty Spire (QoL Compilation)","StSLib","The Marked","The Servant 0.9.4"],"gold_per_floor":[111,111,32,32,51,71,71,71,98,117,117,151,166,184,184,289,339,357,373,385,402,416,416,448,448,475,505,537,569,595,532,544,653,665,695,757,749,777,379,379,399,409,435,450,467,6,19,33,33,33],"floor_reached":51,"language":"ENG","playtime":4278,"items_purged":["Strike_S","Strike_S"],"score":774,"play_id":"9febb8f2-3d5f-44c5-84ab-512b38698350","local_time":"20210206022519","is_ascension_mode":true,"campfire_choices":[{"data":"Initiator","floor":8.0,"key":"SMITH"},{"data":"Solidify","floor":11.0,"key":"SMITH"},{"floor":15.0,"key":"REST"},{"floor":23.0,"key":"REST"},{"floor":25.0,"key":"REST"},{"floor":32.0,"key":"REST"},{"floor":40.0,"key":"DIG"},{"floor":49.0,"key":"REST"}],"circlet_count":0,"master_deck":["Strike_S","Defend_S","Defend_S","Defend_S","Defend_S","KidneyShot+1","Exchange+1","Solidify+1","Initiator+1","Spin","FastForward","Unruled","Dilation","Hightail","Reset","MoonPhase","Defy+1","DoubleEdge+1","Spin","FastForward","FlawlessForm","Spin","Spin","InstantArmor+1","Duplication","WasteNot+1","Panache","Hightail+1","InstantArmor","Defy+1"],"relics":["Uniform","Regal Pillow","Mercury Hourglass","Tiny House","Shuriken","Bronze Scales","MawBank","Busted Crown","Shovel","Anchor","Pocketwatch","Smiling Mask","Mango"],"acts_visited":["Exordium","TheCity","TheBeyond"],"potions_floor_usage":[50,50],"damage_taken":[{"damage":0.0,"enemies":"Small Slimes","floor":1.0,"turns":3.0},{"damage":0.0,"enemies":"Jaw Worm","floor":5.0,"turns":3.0},{"damage":0.0,"enemies":"2 Louse","floor":6.0,"turns":1.0},{"damage":1.0,"enemies":"Gremlin Gang","floor":10.0,"turns":2.0},{"damage":14.0,"enemies":"Gremlin Nob","floor":12.0,"turns":3.0},{"damage":0.0,"enemies":"2 Fungi Beasts","floor":13.0,"turns":1.0},{"damage":0.0,"enemies":"Exordium Wildlife","floor":14.0,"turns":3.0},{"damage":12.0,"enemies":"The Guardian","floor":16.0,"turns":10.0},{"damage":10.0,"enemies":"Spheric Guardian","floor":18.0,"turns":3.0},{"damage":13.0,"enemies":"2 Thieves","floor":19.0,"turns":3.0},{"damage":12.0,"enemies":"3 Cultists","floor":20.0,"turns":7.0},{"damage":0.0,"enemies":"Sentry and Sphere","floor":21.0,"turns":4.0},{"damage":0.0,"enemies":"Snecko","floor":22.0,"turns":5.0},{"damage":27.0,"enemies":"Gremlin Leader","floor":24.0,"turns":6.0},{"damage":13.0,"enemies":"Book of Stabbing","floor":27.0,"turns":4.0},{"damage":14.0,"enemies":"Cultist and Chosen","floor":28.0,"turns":4.0},{"damage":8.0,"enemies":"Shelled Parasite and Fungi","floor":29.0,"turns":5.0},{"damage":22.0,"enemies":"Centurion and Healer","floor":30.0,"turns":6.0},{"damage":0.0,"enemies":"Champ","floor":33.0,"turns":9.0},{"damage":0.0,"enemies":"Orb Walker","floor":35.0,"turns":2.0},{"damage":0.0,"enemies":"Mind Bloom Boss Battle","floor":36.0,"turns":4.0},{"damage":11.0,"enemies":"3 Shapes","floor":38.0,"turns":3.0},{"damage":0.0,"enemies":"3 Darklings","floor":41.0,"turns":3.0},{"damage":0.0,"enemies":"Jaw Worm Horde","floor":42.0,"turns":5.0},{"damage":0.0,"enemies":"4 Shapes","floor":44.0,"turns":5.0},{"damage":0.0,"enemies":"Maw","floor":45.0,"turns":6.0},{"damage":0.0,"enemies":"Transient","floor":47.0,"turns":5.0},{"damage":14.0,"enemies":"Jaw Worm Horde","floor":48.0,"turns":3.0},{"damage":49,"enemies":"Awakened One","floor":50,"turns":11}],"seed_played":"2791448730871661594","potions_obtained":[{"floor":1.0,"key":"AttackPotion"},{"floor":5.0,"key":"ColorlessPotion"},{"floor":7.0,"key":"EssenceOfSteel"},{"floor":12.0,"key":"ColorlessPotion"},{"floor":14.0,"key":"EssenceOfSteel"},{"floor":17.0,"key":"LiquidMemories"},{"floor":19.0,"key":"DistilledChaos"},{"floor":22.0,"key":"FearPotion"},{"floor":28.0,"key":"Swift Potion"},{"floor":29.0,"key":"BlessingOfTheForge"},{"floor":36.0,"key":"Weak Potion"},{"floor":37.0,"key":"Fruit Juice"},{"floor":38.0,"key":"Fire Potion"}],"is_trial":false,"path_per_floor":["M","?","$","?","M","M","?","R","T","M","R","E","M","M","R","B",null,"M","M","M","M","M","R","E","R","T","E","M","M","M","?","R","B",null,"M","?","?","M","$","R","M","M","T","M","M","$","M","M","R","B",null],"character_chosen":"THE_SERVANT","items_purchased":["Initiator","Anchor","Panache","Mango","InstantArmor","Strength Potion"],"campfire_rested":5,"item_purchase_floors":[3,39,39,46,46,46],"current_hp_per_floor":[65,65,65,65,65,65,65,65,65,64,64,50,50,50,65,53,70,60,47,35,35,35,70,43,70,70,57,43,35,13,13,49,49,70,70,70,75,64,64,64,64,64,64,64,64,78,78,64,89,40],"gold":33,"neow_bonus":"UPGRADE_CARD","is_daily":false,"chose_seed":false,"campfire_upgraded":2,"win_rate":0.0,"timestamp":1612607119,"path_taken":["M","?","$","?","M","M","?","R","T","M","R","E","M","M","R","BOSS","M","M","M","M","M","R","E","R","T","E","M","M","?","?","R","BOSS","M","?","?","M","$","R","M","M","T","M","?","?","M","?","R","BOSS"],"items_purchased_type":["Card","Relic","Card","Relic","Card","Potion"],"build_version":"2020-12-22","purchased_purges":2,"victory":true,"max_hp_per_floor":[65,65,65,65,65,65,65,65,65,65,65,65,65,65,65,65,70,70,70,70,70,70,70,70,70,70,70,70,70,70,70,70,70,70,70,70,75,75,75,75,75,75,75,75,75,89,89,89,89,89],"card_choices":[{"not_picked":["Potential","FanOfKnives"],"picked":"Moonlight","floor":1.0},{"not_picked":["SilverBlades","Alleviate"],"picked":"Spin","floor":5.0},{"not_picked":["Alleviate","Starlight"],"picked":"FastForward","floor":6.0},{"not_picked":["Rearm","ShiftingGears"],"picked":"Unruled","floor":10.0},{"not_picked":["Barrier","WasteNot"],"picked":"Dilation","floor":12.0},{"not_picked":["FanOfKnives","Alleviate"],"picked":"Hightail","floor":13.0},{"not_picked":["TimeWarp","ReturningBlade"],"picked":"Reset","floor":14.0},{"not_picked":["Starlight","Foresight"],"picked":"MoonPhase","floor":17.0},{"not_picked":["BestPractice","Replace","Gouge"],"picked":"SKIP","floor":18.0},{"not_picked":["Sabotage","Potential"],"picked":"Defy+1","floor":19.0},{"not_picked":["Defy+1","Replace"],"picked":"DoubleEdge+1","floor":20.0},{"not_picked":["Revamp","Unruled"],"picked":"Spin","floor":21.0},{"not_picked":["Unruled","SilverBlades"],"picked":"FastForward","floor":22.0},{"not_picked":["Revamp","BestPractice"],"picked":"FlawlessForm","floor":24.0},{"not_picked":["Alleviate","ShatteredReality","Ricochet"],"picked":"SKIP","floor":27.0},{"not_picked":["Desolation","Comet+1"],"picked":"Spin","floor":28.0},{"not_picked":["Ricochet","Gouge"],"picked":"Spin","floor":29.0},{"not_picked":["Unruled","Ricochet"],"picked":"InstantArmor+1","floor":30.0},{"not_picked":["Initiator","TheWorld"],"picked":"Duplication","floor":33.0},{"not_picked":["Rearm"],"picked":"SKIP","floor":35.0},{"not_picked":[],"picked":"WasteNot+1","floor":38.0},{"not_picked":[],"picked":"Hightail+1","floor":41.0},{"not_picked":["Hightail"],"picked":"SKIP","floor":42.0},{"not_picked":["FastForward"],"picked":"SKIP","floor":44.0},{"not_picked":["Potential"],"picked":"SKIP","floor":45.0},{"not_picked":[],"picked":"Defy+1","floor":47.0},{"not_picked":["Spin"],"picked":"SKIP","floor":48.0}],"player_experience":171467,"relics_obtained":[{"floor":9.0,"key":"Regal Pillow"},{"floor":12.0,"key":"Mercury Hourglass"},{"floor":24.0,"key":"Shuriken"},{"floor":26.0,"key":"Bronze Scales"},{"floor":27.0,"key":"MawBank"},{"floor":36.0,"key":"Shovel"},{"floor":40.0,"key":"Pocketwatch"},{"floor":43.0,"key":"Smiling Mask"}],"event_choices":[{"damage_healed":0.0,"max_hp_gain":0.0,"max_hp_loss":0.0,"gold_gain":0.0,"cards_transformed":["Strike_S"],"event_name":"Living Wall","player_choice":"Change","floor":2.0,"gold_loss":0.0,"damage_taken":0.0,"cards_obtained":["Solidify"]},{"damage_healed":0.0,"max_hp_gain":0.0,"max_hp_loss":0.0,"gold_gain":0.0,"event_name":"Shining Light","player_choice":"Ignored","floor":4.0,"gold_loss":0.0,"damage_taken":0.0},{"damage_healed":0.0,"max_hp_gain":0.0,"max_hp_loss":0.0,"gold_gain":0.0,"event_name":"Lab","player_choice":"Got Potions","floor":7.0,"gold_loss":0.0,"damage_taken":0.0},{"cards_removed":["Moonlight"],"damage_healed":0.0,"max_hp_gain":0.0,"max_hp_loss":0.0,"gold_gain":0.0,"event_name":"Beggar","player_choice":"Gave Gold","floor":31.0,"gold_loss":75.0,"damage_taken":0.0},{"damage_healed":0.0,"max_hp_gain":0.0,"max_hp_loss":0.0,"gold_gain":0.0,"event_name":"MindBloom","player_choice":"Fight","floor":36.0,"gold_loss":0.0,"damage_taken":0.0},{"damage_healed":0.0,"max_hp_gain":0.0,"max_hp_loss":0.0,"gold_gain":0.0,"event_name":"The Woman in Blue","player_choice":"Bought 1 Potion","floor":37.0,"gold_loss":0.0,"damage_taken":0.0}],"is_beta":false,"boss_relics":[{"not_picked":["StoneMask","Sozu"],"picked":"Tiny House"},{"not_picked":["Empty Cage","Calling Bell"],"picked":"Busted Crown"}],"items_purged_floors":[39,46],"is_endless":false,"potions_floor_spawned":[1,5,12,14,19,22,24,28,29,36,38,47,48],"ascension_level":0}}