{"host":"sygfylmorsvdndbx","time":1612638094,"event":{"mods":["AchievementEnabler","BaseMod","Bestiary","Highlight Path","Minty Spire (QoL Compilation)","Permanent Neow","Quick Restart","Relic Stats"],"gold_per_floor":[20,35,45,61,77,77,89,89,89,17,17,45,45,64,64,64,64],"floor_reached":16,"language":"ENG","playtime":995,"items_purged":[],"score":151,"play_id":"fdfc4f12-5c0e-451b-ac1a-4e3a65616019","local_time":"20210206140134","is_ascension_mode":true,"campfire_choices":[{"data":"Melter","floor":6,"key":"SMITH"},{"data":"Genetic Algorithm","floor":8,"key":"SMITH"},{"data":"Loop","floor":11,"key":"SMITH"},{"data":"Heatsinks","floor":15,"key":"SMITH"}],"circlet_count":0,"master_deck":["Strike_B","Strike_B","Strike_B","Defend_B","Defend_B","Defend_B","Zap","Dualcast","Genetic Algorithm+1","Heatsinks+1","Steam Power","Melter+1","Amplify","Loop+1","Force Field","Heatsinks"],"relics":["Cracked Core","Nunchaku","Bottled Tornado"],"acts_visited":["Exordium"],"potions_floor_usage":[7,12,12],"damage_taken":[{"damage":1,"enemies":"Cultist","floor":1,"turns":3},{"damage":4,"enemies":"2 Louse","floor":2,"turns":4},{"damage":23,"enemies":"Small Slimes","floor":3,"turns":5},{"damage":6,"enemies":"Exordium Thugs","floor":4,"turns":4},{"damage":12,"enemies":"Exordium Wildlife","floor":5,"turns":5},{"damage":2,"enemies":"3 Louse","floor":7,"turns":3},{"damage":4,"enemies":"Lagavulin","floor":12,"turns":6},{"damage":13,"enemies":"Blue Slaver","floor":14,"turns":4},{"damage":28,"enemies":"The Guardian","floor":16,"turns":10}],"seed_played":"-1280921471643198709","potions_obtained":[{"floor":2,"key":"SpeedPotion"},{"floor":4,"key":"SpeedPotion"},{"floor":7,"key":"LiquidMemories"}],"is_trial":false,"path_per_floor":["M","M","M","M","M","R","M","R","T","$","R","E","?","M","R","B"],"character_chosen":"DEFECT","items_purchased":["Loop"],"campfire_rested":0,"item_purchase_floors":[10],"current_hp_per_floor":[67,63,40,34,22,22,20,20,20,20,20,16,41,28,28,0,0],"gold":64,"neow_bonus":"REMOVE_TWO","is_daily":false,"chose_seed":false,"campfire_upgraded":4,"win_rate":0.0,"timestamp":1612638094,"path_taken":["M","M","M","M","M","R","M","R","T","$","R","E","?","M","R","BOSS"],"items_purchased_type":["Card"],"build_version":"2020-12-22","purchased_purges":0,"victory":false,"max_hp_per_floor":[75,75,75,75,75,75,75,75,75,75,75,75,75,75,75,75,75],"relic_stats":{"Nunchaku":[1],"counters":[9,44],"obtain_stats":[{"Nunchaku":9,"Bottled Tornado":12,"Cracked Core":0},{"Nunchaku":6,"Bottled Tornado":7,"Cracked Core":0},{"Nunchaku":24,"Bottled Tornado":30,"Cracked Core":0}]},"card_choices":[{"not_picked":["Redo","Barrage"],"picked":"Genetic Algorithm","floor":1},{"not_picked":["Barrage","Streamline"],"picked":"Heatsinks","floor":2},{"not_picked":["Rebound","Rip and Tear","Force Field"],"picked":"SKIP","floor":3},{"not_picked":["Gash","Redo"],"picked":"Steam Power","floor":4},{"not_picked":["Conserve Battery","Go for the Eyes"],"picked":"Melter","floor":5},{"not_picked":["Barrage","Scrape"],"picked":"Amplify","floor":7},{"not_picked":["Stack","Lockon"],"picked":"Force Field","floor":12},{"not_picked":["Sweeping Beam","Streamline"],"picked":"Heatsinks","floor":14}],"player_experience":428926,"relics_obtained":[{"floor":9,"key":"Nunchaku"},{"floor":12,"key":"Bottled Tornado"}],"event_choices":[{"damage_healed":25,"gold_gain":0,"player_choice":"Banana","damage_taken":0,"max_hp_gain":0,"max_hp_loss":0,"event_name":"Big Fish","floor":13,"gold_loss":0}],"is_beta":false,"boss_relics":[],"items_purged_floors":[],"is_endless":false,"potions_floor_spawned":[2,4,7],"killed_by":"The Guardian","ascension_level":9}}