{"host":"1xo5g347e5o4auts","time":1612644573,"event":{"mods":["BaseMod","Minty Spire (QoL Compilation)","Permanent Neow","StSLib"],"gold_per_floor":[113,126,146,166,185,219,219,254,254,286,286,316,316,316,316,390,390,404,404,420,440,440,440,46,80,80,91,105,119,19,44,44,120,120,131,147,147,161,177,205,223,253,325,357,371,406,423,436,436,436,436,436,436,41,68,68],"floor_reached":57,"language":"ENG","playtime":3344,"items_purged":["Strike_G","Defend_G","Defend_G"],"score":3221,"play_id":"f4d7f3e8-6b45-4739-b5ee-f4bbe523dc85","local_time":"20210206224933","is_ascension_mode":true,"campfire_choices":[{"data":"Noxious Fumes","floor":7.0,"key":"SMITH"},{"floor":11.0,"key":"REST"},{"data":"Deadly Poison","floor":15.0,"key":"SMITH"},{"floor":23.0,"key":"REST"},{"data":"Wraith Form v2","floor":32.0,"key":"SMITH"},{"floor":49.0,"key":"RECALL"},{"data":"Well Laid Plans","floor":53.0,"key":"SMITH"}],"circlet_count":0,"master_deck":["AscendersBane","Defend_G","Defend_G+1","Survivor+1","Neutralize","Deadly Poison+1","Dagger Throw","Dagger Spray","After Image","Escape Plan","Noxious Fumes+1","Bane","Tools of the Trade","Catalyst+1","Burst","Die Die Die+1","Night Terror+1","Outmaneuver+1","Adrenaline+1","Wraith Form v2+1","Tools of the Trade","Crippling Poison","PiercingWail","Acrobatics+1","Backflip","Footwork+1","Blur+1","Well Laid Plans+1","Reflex+1","Finesse+1"],"relics":["Ring of the Snake","Anchor","Nunchaku","Ninja Scroll","Pantograph","Bottled Lightning","Astrolabe","Enchiridion","Toy Ornithopter","Medical Kit","Mango","Mummified Hand","PreservedInsect","Philosopher\u0027s Stone","Bag of Preparation","War Paint","Shuriken","Toxic Egg 2","Bronze Scales","Ginger"],"acts_visited":["Exordium","TheCity","TheBeyond","TheEnding"],"potions_floor_usage":[56,56],"damage_taken":[{"damage":4.0,"enemies":"Small Slimes","floor":1.0,"turns":4.0},{"damage":0.0,"enemies":"2 Louse","floor":2.0,"turns":2.0},{"damage":3.0,"enemies":"Jaw Worm","floor":3.0,"turns":5.0},{"damage":7.0,"enemies":"2 Fungi Beasts","floor":4.0,"turns":3.0},{"damage":1.0,"enemies":"Red Slaver","floor":5.0,"turns":3.0},{"damage":13.0,"enemies":"3 Sentries","floor":6.0,"turns":8.0},{"damage":9.0,"enemies":"Lagavulin","floor":8.0,"turns":7.0},{"damage":0.0,"enemies":"3 Sentries","floor":10.0,"turns":6.0},{"damage":14.0,"enemies":"Lagavulin","floor":12.0,"turns":6.0},{"damage":17.0,"enemies":"Hexaghost","floor":16.0,"turns":8.0},{"damage":0.0,"enemies":"Chosen","floor":18.0,"turns":3.0},{"damage":3.0,"enemies":"2 Thieves","floor":20.0,"turns":4.0},{"damage":13.0,"enemies":"Snecko","floor":21.0,"turns":3.0},{"damage":0.0,"enemies":"Gremlin Leader","floor":25.0,"turns":2.0},{"damage":0.0,"enemies":"Centurion and Healer","floor":27.0,"turns":4.0},{"damage":4.0,"enemies":"Snake Plant","floor":28.0,"turns":3.0},{"damage":15.0,"enemies":"Snecko","floor":29.0,"turns":4.0},{"damage":21.0,"enemies":"Book of Stabbing","floor":31.0,"turns":4.0},{"damage":19.0,"enemies":"Automaton","floor":33.0,"turns":6.0},{"damage":0.0,"enemies":"3 Shapes","floor":35.0,"turns":2.0},{"damage":0.0,"enemies":"Orb Walker","floor":36.0,"turns":3.0},{"damage":0.0,"enemies":"3 Darklings","floor":38.0,"turns":4.0},{"damage":2.0,"enemies":"4 Shapes","floor":39.0,"turns":4.0},{"damage":0.0,"enemies":"Nemesis","floor":40.0,"turns":5.0},{"damage":14.0,"enemies":"Jaw Worm Horde","floor":41.0,"turns":5.0},{"damage":3.0,"enemies":"Giant Head","floor":42.0,"turns":6.0},{"damage":0.0,"enemies":"Reptomancer","floor":44.0,"turns":3.0},{"damage":0.0,"enemies":"Spire Growth","floor":45.0,"turns":4.0},{"damage":1.0,"enemies":"Giant Head","floor":46.0,"turns":3.0},{"damage":1.0,"enemies":"3 Darklings","floor":47.0,"turns":4.0},{"damage":1.0,"enemies":"4 Shapes","floor":48.0,"turns":7.0},{"damage":0.0,"enemies":"Awakened One","floor":50.0,"turns":9.0},{"damage":15.0,"enemies":"Time Eater","floor":51.0,"turns":6.0},{"damage":0,"enemies":"Shield and Spear","floor":55,"turns":5},{"damage":26,"enemies":"The Heart","floor":56,"turns":7}],"seed_played":"6674963787351336515","potions_obtained":[{"floor":4.0,"key":"SneckoOil"},{"floor":5.0,"key":"AttackPotion"},{"floor":8.0,"key":"CunningPotion"},{"floor":10.0,"key":"SpeedPotion"},{"floor":16.0,"key":"DuplicationPotion"},{"floor":20.0,"key":"DistilledChaos"},{"floor":21.0,"key":"Ancient Potion"},{"floor":28.0,"key":"SkillPotion"},{"floor":29.0,"key":"Regen Potion"},{"floor":41.0,"key":"SteroidPotion"},{"floor":45.0,"key":"DuplicationPotion"}],"is_trial":false,"path_per_floor":["M","M","M","M","M","E","R","E","T","E","R","E","?","?","R","B",null,"M","?","M","M","?","R","$","E","T","M","M","M","$","E","R","B",null,"M","M","?","M","M","E","M","E","T","E","M","E","M","M","R","B","B",null,"R","$","E","B",null],"character_chosen":"THE_SILENT","items_purchased":["Toy Ornithopter","Medical Kit","Bronze Scales","Finesse+1"],"campfire_rested":2,"item_purchase_floors":[24,24,54,54],"current_hp_per_floor":[55,55,52,45,44,31,31,22,22,22,40,26,8,3,3,11,48,48,27,24,11,11,29,29,43,43,43,39,29,29,8,8,14,59,59,59,59,59,57,74,60,57,57,57,57,56,55,54,54,74,59,70,70,70,70,51],"gold":68,"neow_bonus":"REMOVE_TWO","is_daily":false,"chose_seed":false,"campfire_upgraded":4,"win_rate":0.0,"timestamp":1612644573,"path_taken":["M","M","M","M","M","E","R","E","T","E","R","E","?","?","R","BOSS","M","?","M","M","?","R","?","E","T","M","M","M","$","E","R","BOSS","M","M","?","M","M","E","M","E","T","E","M","E","M","?","R","BOSS","BOSS","R","$","E","BOSS"],"items_purchased_type":["Relic","Relic","Relic","Card"],"build_version":"2020-12-22","purchased_purges":3,"victory":true,"max_hp_per_floor":[60,60,60,60,60,60,60,60,60,60,60,60,60,60,60,60,60,60,60,60,60,60,60,60,74,74,74,74,74,74,74,74,74,74,74,74,74,74,74,74,74,74,74,74,74,74,74,74,74,74,74,74,74,74,74,74],"card_choices":[{"not_picked":["Deflect","Dagger Throw"],"picked":"Deadly Poison","floor":1.0},{"not_picked":["Backflip","Acrobatics"],"picked":"Dagger Throw","floor":2.0},{"not_picked":["Blade Dance","Well Laid Plans"],"picked":"Dagger Spray","floor":3.0},{"not_picked":["Sucker Punch","Acrobatics"],"picked":"After Image","floor":4.0},{"not_picked":["Escape Plan","Riddle With Holes","Slice"],"picked":"SKIP","floor":5.0},{"not_picked":["Riddle With Holes","Slice"],"picked":"Escape Plan","floor":5.0},{"not_picked":["Flying Knee","Eviscerate"],"picked":"Noxious Fumes","floor":6.0},{"not_picked":["Grand Finale","Reflex"],"picked":"Bane","floor":8.0},{"not_picked":["Caltrops","Deflect"],"picked":"Tools of the Trade","floor":10.0},{"not_picked":["Poisoned Stab","Dodge and Roll"],"picked":"Catalyst","floor":12.0},{"not_picked":["A Thousand Cuts","Grand Finale"],"picked":"Burst","floor":16.0},{"not_picked":["Quick Slash","Sucker Punch","Dodge and Roll"],"picked":"SKIP","floor":18.0},{"not_picked":["Outmaneuver+1","Poisoned Stab"],"picked":"Adrenaline","floor":20.0},{"not_picked":["Finisher","Prepared","Dagger Throw"],"picked":"SKIP","floor":21.0},{"not_picked":["Acrobatics","Underhanded Strike","Flying Knee"],"picked":"SKIP","floor":25.0},{"not_picked":["Distraction+1","Skewer","Choke"],"picked":"SKIP","floor":27.0},{"not_picked":["Dash","Slice","Deflect"],"picked":"SKIP","floor":28.0},{"not_picked":["PiercingWail","Cloak And Dagger"],"picked":"Wraith Form v2","floor":29.0},{"not_picked":["Poisoned Stab","Flying Knee","Dagger Spray"],"picked":"SKIP","floor":31.0},{"not_picked":["Storm of Steel","Grand Finale"],"picked":"Tools of the Trade","floor":33.0},{"not_picked":["Sucker Punch","Setup+1"],"picked":"Crippling Poison","floor":35.0},{"not_picked":["Outmaneuver","Acrobatics","Deadly Poison"],"picked":"SKIP","floor":36.0},{"not_picked":["Dagger Throw","Dash"],"picked":"PiercingWail","floor":38.0},{"not_picked":["Dagger Throw","Bullet Time","Finisher"],"picked":"SKIP","floor":39.0},{"not_picked":["Deflect","Terror","Prepared"],"picked":"SKIP","floor":40.0},{"not_picked":["Dagger Throw+1","Bane"],"picked":"Acrobatics+1","floor":41.0},{"not_picked":["Tactician","Sucker Punch","Slice"],"picked":"SKIP","floor":42.0},{"not_picked":["PiercingWail","Bullet Time"],"picked":"Backflip","floor":44.0},{"not_picked":["Dagger Throw","Distraction"],"picked":"Footwork+1","floor":45.0},{"not_picked":["Grand Finale","Dodge and Roll+1"],"picked":"Blur+1","floor":46.0},{"not_picked":["Slice","Backstab"],"picked":"Well Laid Plans","floor":47.0},{"not_picked":["Skewer","Masterful Stab"],"picked":"Reflex+1","floor":48.0},{"not_picked":["Footwork","A Thousand Cuts","Endless Agony"],"picked":"SKIP","floor":55}],"player_experience":1452437,"relics_obtained":[{"floor":6.0,"key":"Anchor"},{"floor":8.0,"key":"Nunchaku"},{"floor":9.0,"key":"Ninja Scroll"},{"floor":10.0,"key":"Pantograph"},{"floor":12.0,"key":"Bottled Lightning"},{"floor":19.0,"key":"Enchiridion"},{"floor":25.0,"key":"Mango"},{"floor":26.0,"key":"Mummified Hand"},{"floor":31.0,"key":"PreservedInsect"},{"floor":40.0,"key":"Bag of Preparation"},{"floor":42.0,"key":"War Paint"},{"floor":44.0,"key":"Shuriken"},{"floor":46.0,"key":"Toxic Egg 2"},{"floor":55,"key":"Ginger"}],"event_choices":[{"damage_healed":0.0,"max_hp_gain":0.0,"max_hp_loss":0.0,"gold_gain":0.0,"event_name":"Shining Light","player_choice":"Entered Light","floor":13.0,"gold_loss":0.0,"damage_taken":18.0,"cards_upgraded":["Catalyst","Survivor"]},{"damage_healed":0.0,"max_hp_gain":0.0,"max_hp_loss":0.0,"gold_gain":0.0,"event_name":"Scrap Ooze","player_choice":"Fled","floor":14.0,"gold_loss":0.0,"damage_taken":5.0},{"damage_healed":0.0,"max_hp_gain":0.0,"max_hp_loss":0.0,"gold_gain":0.0,"event_name":"Cursed Tome","player_choice":"Obtained Book","floor":19.0,"gold_loss":0.0,"damage_taken":21.0},{"damage_healed":0.0,"max_hp_gain":0.0,"max_hp_loss":0.0,"gold_gain":0.0,"event_name":"The Mausoleum","player_choice":"Ignored","floor":22.0,"gold_loss":0.0,"damage_taken":0.0},{"damage_healed":0.0,"max_hp_gain":0.0,"max_hp_loss":0.0,"gold_gain":0.0,"event_name":"SecretPortal","player_choice":"Ignored","floor":37.0,"gold_loss":0.0,"damage_taken":0.0}],"is_beta":false,"boss_relics":[{"not_picked":["Calling Bell","Ectoplasm"],"picked":"Astrolabe"},{"not_picked":["Fusion Hammer","Tiny House"],"picked":"Philosopher\u0027s Stone"}],"items_purged_floors":[24,30,54],"is_endless":false,"potions_floor_spawned":[4,5,8,10,16,20,21,25,28,29,33,36,38,41,45],"ascension_level":20}}