{"host":"a6lkfb6c2wawj5iq","time":1612588981,"event":{"mods":["AchievementEnabler","BaseMod","Jorbs\u0027s Wanderer Trilogy","Minty Spire (QoL Compilation)","Relic Stats","Slay the Relics Exporter","StSLib"],"gold_per_floor":[112,3,3,3,21,21,62,62,86,86,101,115,115,136,136,229,229,252,273,273,219,219,219],"floor_reached":22,"language":"ENG","playtime":1201,"items_purged":[],"score":368,"play_id":"efdca224-e6fa-47d3-aa7f-5e9dd0fc837d","local_time":"20210206002301","is_ascension_mode":true,"campfire_choices":[{"data":"stsjorbsmod:Fireball","floor":6,"key":"SMITH"},{"data":"stsjorbsmod:Trauma","floor":13,"key":"SMITH"},{"data":"stsjorbsmod:GatherPower","floor":15,"key":"SMITH"}],"circlet_count":0,"master_deck":["AscendersBane","stsjorbsmod:ForbiddenGrimoire+1","stsjorbsmod:FreshAdventure","stsjorbsmod:EyeOfTheStorm","stsjorbsmod:GatherPower","stsjorbsmod:IvoryTower","stsjorbsmod:MageArmor","stsjorbsmod:Channel","stsjorbsmod:MistyStep","stsjorbsmod:Prestidigitation","stsjorbsmod:Fireball+1","stsjorbsmod:RayOfFrost","stsjorbsmod:UnseenServant","stsjorbsmod:ArcaneWeapon","stsjorbsmod:DisguiseSelf","stsjorbsmod:FlameWard","stsjorbsmod:Trauma+1","stsjorbsmod:BlackTentacles","stsjorbsmod:ScorchingRay","stsjorbsmod:GatherPower+1","stsjorbsmod:Pyromancy","stsjorbsmod:Index","stsjorbsmod:Will","stsjorbsmod:TrueStrike"],"relics":["Pandora\u0027s Box","Bloody Idol","Regal Pillow","Gremlin Horn","Anchor","Philosopher\u0027s Stone"],"acts_visited":["Exordium","TheCity"],"potions_floor_usage":[22],"damage_taken":[{"damage":5,"enemies":"Jaw Worm","floor":1,"turns":2},{"damage":0,"enemies":"2 Louse","floor":5,"turns":2},{"damage":6,"enemies":"3 Sentries","floor":7,"turns":3},{"damage":0,"enemies":"Cultist","floor":11,"turns":2},{"damage":0,"enemies":"3 Louse","floor":12,"turns":2},{"damage":1,"enemies":"Exordium Thugs","floor":14,"turns":3},{"damage":19,"enemies":"Hexaghost","floor":16,"turns":8},{"damage":9,"enemies":"2 Thieves","floor":18,"turns":3},{"damage":9,"enemies":"Chosen","floor":19,"turns":4},{"damage":47,"enemies":"Shelled Parasite and Fungi","floor":22,"turns":3}],"seed_played":"-4856025550394006506","potions_obtained":[{"floor":5,"key":"stsjorbsmod:BurningPotion"},{"floor":7,"key":"EntropicBrew"},{"floor":12,"key":"SteroidPotion"}],"is_trial":false,"path_per_floor":["M","$","?","?","M","R","E","?","T","?","M","M","R","M","R","B",null,"M","M","?","$","M"],"character_chosen":"WANDERER","items_purchased":["stsjorbsmod:UnseenServant","stsjorbsmod:ArcaneWeapon","stsjorbsmod:TrueStrike"],"campfire_rested":0,"item_purchase_floors":[2,2,21],"current_hp_per_floor":[53,53,53,53,53,53,47,36,36,41,41,41,41,40,40,21,53,44,35,35,35,0,0],"gold":219,"neow_bonus":"BOSS_RELIC","is_daily":false,"chose_seed":false,"campfire_upgraded":3,"win_rate":0.0,"timestamp":1612588981,"path_taken":["M","$","?","?","M","R","E","?","T","?","M","M","R","?","R","BOSS","M","M","?","$","M"],"items_purchased_type":["Card","Card","Card"],"build_version":"2020-12-22","purchased_purges":0,"victory":false,"max_hp_per_floor":[64,64,58,58,58,58,58,58,58,63,63,63,63,63,63,63,63,63,63,63,63,63,63],"relic_stats":{"Regal Pillow":0,"Gremlin Horn":[3,3],"counters":[10,32],"Bloody Idol":0,"Pandora\u0027s Box":["stsjorbsmod:GatherPower","stsjorbsmod:AnimateObjects","stsjorbsmod:IvoryTower","stsjorbsmod:MageArmor","stsjorbsmod:Channel","stsjorbsmod:MistyStep","stsjorbsmod:Prestidigitation","stsjorbsmod:Fireball"],"obtain_stats":[{"Regal Pillow":7,"Anchor":9,"Gremlin Horn":8,"Golden Idol":3,"Bloody Idol":20,"stsjorbsmod:GrimoireRelic":0,"Pandora\u0027s Box":0,"Philosopher\u0027s Stone":17},{"Regal Pillow":3,"Anchor":3,"Gremlin Horn":3,"Golden Idol":1,"Bloody Idol":9,"stsjorbsmod:GrimoireRelic":0,"Pandora\u0027s Box":0,"Philosopher\u0027s Stone":7},{"Regal Pillow":7,"Anchor":7,"Gremlin Horn":7,"Golden Idol":2,"Bloody Idol":29,"stsjorbsmod:GrimoireRelic":0,"Pandora\u0027s Box":0,"Philosopher\u0027s Stone":22}]},"card_choices":[{"not_picked":["stsjorbsmod:DisguiseSelf","stsjorbsmod:FlameWard"],"picked":"stsjorbsmod:RayOfFrost","floor":1},{"not_picked":["stsjorbsmod:Channel","stsjorbsmod:BurningFlask"],"picked":"stsjorbsmod:FlameWard","floor":5},{"not_picked":["stsjorbsmod:ParryingBlow","stsjorbsmod:ArcaneWeapon"],"picked":"stsjorbsmod:Trauma","floor":7},{"not_picked":["stsjorbsmod:Mending","stsjorbsmod:Firebolt"],"picked":"stsjorbsmod:BlackTentacles","floor":11},{"not_picked":["stsjorbsmod:ParryingBlow","stsjorbsmod:ChatteringStrike"],"picked":"stsjorbsmod:ScorchingRay","floor":12},{"not_picked":["stsjorbsmod:Aid","stsjorbsmod:Patron"],"picked":"stsjorbsmod:GatherPower","floor":14},{"not_picked":["stsjorbsmod:DeathThroes","stsjorbsmod:Determination"],"picked":"stsjorbsmod:Pyromancy","floor":16},{"not_picked":["stsjorbsmod:Channel","stsjorbsmod:DisguiseSelf"],"picked":"stsjorbsmod:Index","floor":18},{"not_picked":["stsjorbsmod:MagicMirror","stsjorbsmod:Stalwart"],"picked":"stsjorbsmod:Will","floor":19}],"player_experience":209654,"relics_obtained":[{"floor":7,"key":"Regal Pillow"},{"floor":9,"key":"Anchor"}],"event_choices":[{"damage_healed":0,"gold_gain":0,"player_choice":"Lose Max HP","damage_taken":0,"relics_obtained":["Golden Idol"],"max_hp_gain":0,"max_hp_loss":6,"event_name":"Golden Idol","floor":3,"gold_loss":0},{"damage_healed":0,"gold_gain":0,"cards_transformed":["stsjorbsmod:AnimateObjects"],"player_choice":"Change","damage_taken":0,"max_hp_gain":0,"max_hp_loss":0,"event_name":"Living Wall","floor":4,"gold_loss":0,"cards_obtained":["stsjorbsmod:DisguiseSelf"]},{"damage_healed":0,"gold_gain":0,"player_choice":"Success","damage_taken":11,"relics_obtained":["Gremlin Horn"],"max_hp_gain":0,"max_hp_loss":0,"event_name":"Scrap Ooze","floor":8,"gold_loss":0},{"damage_healed":0,"gold_gain":0,"player_choice":"Donut","damage_taken":0,"max_hp_gain":5,"max_hp_loss":0,"event_name":"Big Fish","floor":10,"gold_loss":0},{"damage_healed":0,"gold_gain":0,"player_choice":"Gave Idol","damage_taken":0,"relics_obtained":["Bloody Idol"],"max_hp_gain":0,"max_hp_loss":0,"event_name":"Forgotten Altar","floor":20,"relics_lost":["Golden Idol"],"gold_loss":0}],"is_beta":false,"boss_relics":[{"not_picked":["Tiny House","Ectoplasm"],"picked":"Philosopher\u0027s Stone"}],"items_purged_floors":[],"is_endless":false,"potions_floor_spawned":[5,7,11,12],"killed_by":"Shelled Parasite and Fungi","ascension_level":20}}