{"host":"skr63qsdfgeey3it","time":1612594019,"event":{"mods":["BaseMod","Colored Map","Hubris","Minty Spire (QoL Compilation)","Monster B Gone","Reliquary","Replay The Spire","Spicy Shops","StSLib"],"gold_per_floor":[113,113,22,22,33,33,59,59,59,79,104,104,135,152,152,152,152],"floor_reached":16,"language":"ENG","playtime":482,"items_purged":[],"score":243,"play_id":"351402fb-4447-4f33-bac6-cd02ab2d3565","local_time":"20210206004659","is_ascension_mode":true,"campfire_choices":[{"data":"Rampage","floor":6,"key":"SMITH"},{"data":"ReplayTheSpireMod:Muscle Training","floor":8,"key":"SMITH"},{"data":"Fire Breathing","floor":12,"key":"SMITH"},{"floor":15,"key":"REST"}],"circlet_count":0,"master_deck":["AscendersBane","Strike_R","Strike_R","Strike_R","Defend_R","Defend_R","Defend_R","Defend_R","Bash","Flex","ReplayTheSpireMod:Muscle Training+1","Rampage+1","Wild Strike","hubris:ReadiedAction","Inflame","Fire Breathing+1","Disarm","Shrug It Off"],"relics":["Burning Blood","NeowsBlessing","King of Hearts","reliquary:SilkGlove","reliquary:TatteredRug","Replay:Kaleidoscope"],"acts_visited":["Exordium"],"potions_floor_usage":[14,16],"damage_taken":[{"damage":0,"enemies":"Cultist","floor":1,"turns":1},{"damage":0,"enemies":"Small Slimes","floor":5,"turns":1},{"damage":0,"enemies":"Gremlin Nob","floor":7,"turns":1},{"damage":6,"enemies":"2 Louse","floor":10,"turns":3},{"damage":24,"enemies":"3 Sentries","floor":11,"turns":6},{"damage":26,"enemies":"Lagavulin","floor":13,"turns":6},{"damage":15,"enemies":"Exordium Thugs","floor":14,"turns":5},{"damage":52,"enemies":"The Guardian","floor":16,"turns":8}],"seed_played":"-7773107315831470490","potions_obtained":[{"floor":10,"key":"SneckoOil"},{"floor":11,"key":"LiquidBronze"}],"is_trial":false,"path_per_floor":["M","?","$","?","M","R","E","R","T","M","E","R","E","M","R","B"],"character_chosen":"IRONCLAD","items_purchased":["Rampage"],"campfire_rested":1,"item_purchase_floors":[3],"current_hp_per_floor":[74,74,74,74,75,75,75,75,75,75,57,57,37,28,50,0,0],"gold":152,"neow_bonus":"THREE_ENEMY_KILL","is_daily":false,"chose_seed":false,"campfire_upgraded":3,"win_rate":0.0,"timestamp":1612594019,"path_taken":["M","?","?","?","M","R","E","R","T","?","E","R","E","M","R","BOSS"],"items_purchased_type":["Card"],"build_version":"2020-12-22","purchased_purges":0,"victory":false,"max_hp_per_floor":[75,75,75,75,75,75,75,75,75,75,75,75,75,75,75,75,75],"card_choices":[{"not_picked":["Shrug It Off","hubris:ReadiedAction"],"picked":"Flex","floor":1},{"not_picked":["Abandon","Thunderclap"],"picked":"Wild Strike","floor":5},{"not_picked":["Cleave","Clothesline"],"picked":"hubris:ReadiedAction","floor":7},{"not_picked":["Dark Embrace","Havoc"],"picked":"Inflame","floor":10},{"not_picked":["Offering","Twin Strike"],"picked":"Fire Breathing","floor":11},{"not_picked":["Warcry","Shockwave"],"picked":"Disarm","floor":13},{"not_picked":["Anger","Cleave"],"picked":"Shrug It Off","floor":14}],"player_experience":889005,"relics_obtained":[{"floor":7,"key":"King of Hearts"},{"floor":9,"key":"reliquary:SilkGlove"},{"floor":11,"key":"reliquary:TatteredRug"},{"floor":13,"key":"Replay:Kaleidoscope"}],"event_choices":[{"damage_healed":0,"gold_gain":0,"cards_transformed":["Strike_R"],"player_choice":"Transformed","damage_taken":0,"max_hp_gain":0,"max_hp_loss":0,"event_name":"Transmorgrifier","floor":2,"gold_loss":0,"cards_obtained":["ReplayTheSpireMod:Muscle Training"]},{"cards_removed":["Strike_R"],"damage_healed":0,"gold_gain":0,"player_choice":"Purged","damage_taken":0,"max_hp_gain":0,"max_hp_loss":0,"event_name":"Purifier","floor":4,"gold_loss":0}],"is_beta":false,"boss_relics":[],"items_purged_floors":[],"is_endless":false,"potions_floor_spawned":[10,11],"killed_by":"The Guardian","ascension_level":14}}