{"host":"prxrhpgaxnj4om9r","time":1612593555,"event":{"mods":["AchievementEnabler","BaseMod","DeckTracker","Keyboard Shortcuts","Minty Spire (QoL Compilation)"],"gold_per_floor":[114,114,130,156,156,191,191,191,191,191,211,211,245,269,269,400,400,423,439,83,103,128,128,143,143,197,218,233,48,83,99,99,225,225,244,244,265,283,81,115,115,133,133,167,0,0,15,15,15,15],"floor_reached":51,"language":"KOR","playtime":2612,"items_purged":[],"score":954,"play_id":"5dce67ac-1025-4a22-a817-3f59b225ce34","local_time":"20210206153915","is_ascension_mode":true,"campfire_choices":[{"data":"Body Slam","floor":8,"key":"SMITH"},{"data":"Clash","floor":12,"key":"SMITH"},{"data":"Fiend Fire","floor":15,"key":"SMITH"},{"data":"Impervious","floor":23,"key":"SMITH"},{"floor":32,"key":"REST"},{"data":"Juggernaut","floor":41,"key":"SMITH"},{"floor":49,"key":"REST"}],"circlet_count":0,"master_deck":["Strike_R+1","Strike_R+1","Strike_R+1","Defend_R+1","Defend_R+1","Defend_R+1","Defend_R+1","Bash+1","Flex+1","Juggernaut+1","Body Slam+1","Clash+1","Fiend Fire+1","Clash+1","Impervious+1","CurseOfTheBell","Evolve+1","Shrug It Off+1","Offering+1","Flame Barrier+1","Whirlwind+1","Pommel Strike+1","Body Slam+1","Evolve+1","Seeing Red+1","Rage+1","Feel No Pain+1","Body Slam+1","Immolate+1","Battle Trance+1","Spot Weakness+1","Reckless Charge+1","Pummel+1","Bash+1","Seeing Red+1","Second Wind+1"],"relics":["Burning Blood","NeowsBlessing","Oddly Smooth Stone","Eternal Feather","CaptainsWheel","Golden Idol","Mummified Hand","Calling Bell","Akabeko","Sundial","StoneCalendar","Frozen Egg 2","PreservedInsect","Nunchaku","Incense Burner","Runic Cube","Juzu Bracelet","Charon\u0027s Ashes","Magic Flower","TungstenRod","Red Mask","Mark of the Bloom"],"acts_visited":["Exordium","TheCity","TheBeyond"],"potions_floor_usage":[16,18,21,22,30,30,33,40,44,50,50],"damage_taken":[{"damage":0,"enemies":"Jaw Worm","floor":1,"turns":1},{"damage":0,"enemies":"Cultist","floor":3,"turns":1},{"damage":0,"enemies":"Gremlin Nob","floor":6,"turns":1},{"damage":6,"enemies":"2 Louse","floor":11,"turns":3},{"damage":1,"enemies":"3 Sentries","floor":13,"turns":5},{"damage":0,"enemies":"Exordium Wildlife","floor":14,"turns":2},{"damage":18,"enemies":"Slime Boss","floor":16,"turns":9},{"damage":12,"enemies":"3 Byrds","floor":18,"turns":3},{"damage":12,"enemies":"Chosen","floor":19,"turns":3},{"damage":0,"enemies":"Snecko","floor":21,"turns":2},{"damage":6,"enemies":"Cultist and Chosen","floor":22,"turns":6},{"damage":12,"enemies":"Snake Plant","floor":24,"turns":2},{"damage":7,"enemies":"Shelled Parasite and Fungi","floor":27,"turns":4},{"damage":21,"enemies":"Snecko","floor":28,"turns":5},{"damage":22,"enemies":"Gremlin Leader","floor":30,"turns":2},{"damage":0,"enemies":"Chosen and Byrds","floor":31,"turns":3},{"damage":34,"enemies":"Automaton","floor":33,"turns":8},{"damage":1,"enemies":"3 Darklings","floor":35,"turns":1},{"damage":6,"enemies":"Orb Walker","floor":37,"turns":2},{"damage":0,"enemies":"Sphere and 2 Shapes","floor":38,"turns":3},{"damage":0,"enemies":"Reptomancer","floor":40,"turns":2},{"damage":2,"enemies":"Maw","floor":42,"turns":5},{"damage":39,"enemies":"Nemesis","floor":44,"turns":5},{"damage":8,"enemies":"Spire Growth","floor":47,"turns":3},{"damage":40,"enemies":"Awakened One","floor":50,"turns":8}],"seed_played":"7253061586772381964","potions_obtained":[{"floor":3,"key":"FearPotion"},{"floor":13,"key":"BlessingOfTheForge"},{"floor":16,"key":"ColorlessPotion"},{"floor":21,"key":"LiquidMemories"},{"floor":22,"key":"GamblersBrew"},{"floor":28,"key":"Swift Potion"},{"floor":30,"key":"DistilledChaos"},{"floor":40,"key":"Dexterity Potion"},{"floor":42,"key":"Swift Potion"}],"is_trial":false,"path_per_floor":["M","?","M","T","$","E","?","R","T","?","M","R","E","M","R","B",null,"M","M","$","M","M","R","M","?","T","M","M","$","E","M","R","B",null,"M","?","M","M","$","E","R","M","T","E","?","?","M","?","R","B",null],"character_chosen":"IRONCLAD","items_purchased":["Frozen Egg 2","Fire Potion","Offering","Nunchaku","Rage","Juzu Bracelet","Fire Potion"],"campfire_rested":2,"item_purchase_floors":[20,20,20,29,29,39,39],"current_hp_per_floor":[80,80,80,80,80,80,64,70,70,50,50,56,61,67,76,64,80,74,68,68,74,74,80,74,74,74,73,58,58,42,48,80,52,80,80,80,80,80,80,80,80,80,80,50,50,50,51,51,51,11],"gold":15,"neow_bonus":"THREE_ENEMY_KILL","is_daily":false,"chose_seed":false,"campfire_upgraded":5,"win_rate":0.0,"timestamp":1612593555,"path_taken":["M","?","?","?","$","E","?","R","T","?","M","R","E","?","R","BOSS","M","M","$","M","M","R","M","?","T","M","M","$","E","?","R","BOSS","M","?","?","M","$","E","R","M","T","E","?","?","M","?","R","BOSS"],"items_purchased_type":["Relic","Potion","Card","Relic","Card","Relic","Potion"],"build_version":"2020-12-22","purchased_purges":0,"victory":true,"max_hp_per_floor":[80,80,80,80,80,80,80,80,80,80,80,80,80,80,80,80,80,80,80,80,80,80,80,80,80,80,80,80,80,80,80,80,80,80,80,80,80,80,80,80,80,80,80,80,80,80,80,80,80,80],"card_choices":[{"not_picked":["Reckless Charge","Twin Strike"],"picked":"Flex","floor":1},{"not_picked":["Clash","Armaments"],"picked":"Juggernaut","floor":3},{"not_picked":["Havoc","Rage"],"picked":"Body Slam","floor":6},{"not_picked":["Rupture","Pommel Strike"],"picked":"Clash","floor":11},{"not_picked":["Cleave","Dark Embrace"],"picked":"Fiend Fire","floor":13},{"not_picked":["Rupture","Heavy Blade"],"picked":"Clash","floor":14},{"not_picked":["Bludgeon","Exhume"],"picked":"Impervious","floor":16},{"not_picked":["True Grit","Flex"],"picked":"Evolve+1","floor":18},{"not_picked":["Body Slam+1","Iron Wave"],"picked":"Shrug It Off+1","floor":19},{"not_picked":["Shrug It Off","Warcry"],"picked":"Flame Barrier+1","floor":21},{"not_picked":["Headbutt","Impervious"],"picked":"Whirlwind+1","floor":22},{"not_picked":["Clothesline","Entrench"],"picked":"Pommel Strike+1","floor":24},{"not_picked":["Havoc","Shrug It Off"],"picked":"Evolve+1","floor":27},{"not_picked":["Iron Wave","Headbutt+1"],"picked":"Seeing Red+1","floor":28},{"not_picked":["Iron Wave","Wild Strike"],"picked":"Feel No Pain+1","floor":30},{"not_picked":["Dropkick","Warcry+1"],"picked":"Body Slam+1","floor":31},{"not_picked":["Corruption+1","Limit Break"],"picked":"Immolate","floor":33},{"not_picked":["Cleave","Whirlwind+1"],"picked":"Battle Trance","floor":35},{"not_picked":["Inflame+1","Reckless Charge"],"picked":"Spot Weakness+1","floor":37},{"not_picked":["Iron Wave","Wild Strike","Anger"],"picked":"SKIP","floor":38},{"not_picked":["Shrug It Off","Spot Weakness","Dropkick+1"],"picked":"SKIP","floor":40},{"not_picked":["Flame Barrier+1","Spot Weakness+1"],"picked":"Reckless Charge+1","floor":42},{"not_picked":["Corruption+1","Anger+1"],"picked":"Pummel+1","floor":44},{"not_picked":["Havoc+1","Anger"],"picked":"Second Wind+1","floor":47}],"player_experience":279523,"relics_obtained":[{"floor":4,"key":"Oddly Smooth Stone"},{"floor":6,"key":"Eternal Feather"},{"floor":9,"key":"CaptainsWheel"},{"floor":13,"key":"Mummified Hand"},{"floor":17,"key":"Akabeko"},{"floor":17,"key":"Sundial"},{"floor":17,"key":"StoneCalendar"},{"floor":26,"key":"PreservedInsect"},{"floor":30,"key":"Incense Burner"},{"floor":40,"key":"Charon\u0027s Ashes"},{"floor":43,"key":"Magic Flower"},{"floor":44,"key":"TungstenRod"}],"event_choices":[{"cards_removed":["Strike_R"],"damage_healed":0,"gold_gain":0,"player_choice":"Purged","damage_taken":0,"max_hp_gain":0,"max_hp_loss":0,"event_name":"Purifier","floor":2,"gold_loss":0},{"damage_healed":0,"gold_gain":0,"player_choice":"Entered Light","damage_taken":16,"max_hp_gain":0,"max_hp_loss":0,"event_name":"Shining Light","floor":7,"gold_loss":0,"cards_upgraded":["Defend_R","Flex"]},{"damage_healed":0,"gold_gain":0,"player_choice":"Take Damage","damage_taken":20,"relics_obtained":["Golden Idol"],"max_hp_gain":0,"max_hp_loss":0,"event_name":"Golden Idol","floor":10,"gold_loss":0},{"damage_healed":0,"gold_gain":0,"player_choice":"Copied","damage_taken":0,"max_hp_gain":0,"max_hp_loss":0,"event_name":"Duplicator","floor":25,"gold_loss":0,"cards_obtained":["Body Slam"]},{"cards_removed":["Strike_R"],"damage_healed":0,"gold_gain":0,"player_choice":"Offered Basic","damage_taken":0,"max_hp_gain":0,"max_hp_loss":0,"event_name":"Bonfire Elementals","floor":36,"gold_loss":0},{"damage_healed":0,"gold_gain":0,"player_choice":"Paid","damage_taken":0,"relics_obtained":["Red Mask"],"max_hp_gain":0,"max_hp_loss":0,"event_name":"Tomb of Lord Red Mask","floor":45,"gold_loss":167},{"damage_healed":0,"gold_gain":0,"player_choice":"2 cards matched","damage_taken":0,"max_hp_gain":0,"max_hp_loss":0,"event_name":"Match and Keep!","floor":46,"gold_loss":0,"cards_obtained":["Bash","Seeing Red"]},{"damage_healed":0,"gold_gain":0,"player_choice":"Upgrade","damage_taken":0,"relics_obtained":["Mark of the Bloom"],"max_hp_gain":0,"max_hp_loss":0,"event_name":"MindBloom","floor":48,"gold_loss":0,"cards_upgraded":["Strike_R","Strike_R","Strike_R","Defend_R","Defend_R","Defend_R","Bash","Clash","Offering","Rage","Immolate","Battle Trance","Bash","Seeing Red"]}],"is_beta":false,"boss_relics":[{"not_picked":["Fusion Hammer","Pandora\u0027s Box"],"picked":"Calling Bell"},{"not_picked":["Empty Cage","Philosopher\u0027s Stone"],"picked":"Runic Cube"}],"items_purged_floors":[],"is_endless":false,"potions_floor_spawned":[3,13,16,21,22,28,30,40,42],"ascension_level":3}}