{"host":"hf8wn58z41rkrmnq","time":1612594387,"event":{"mods":["BaseMod","Better Third Choice","BetterRewards","Colored Map","Colored Powertips","Infinite Spire","Minty Spire (QoL Compilation)","Quick Restart","Relic Sorter","Relic Stats","Replay The Spire","Spicy Shops","StSLib"],"gold_per_floor":[112,112,62,62,62,91,91,110,110,110,129,129,129,141,141,242,242,259,259,276,276,321,321,321,338,338,349,349,349,349],"floor_reached":29,"language":"ENG","playtime":1974,"items_purged":["Defend_R"],"score":243,"play_id":"f25d81fe-ce41-45f6-bad6-c118bf0ed9d7","local_time":"20210206015307","is_ascension_mode":true,"campfire_choices":[{"floor":7.0,"key":"REST"},{"data":"Cleave","floor":15.0,"key":"SMITH"},{"data":"infinitespire:FutureSight","floor":23.0,"key":"SMITH"},{"floor":28.0,"key":"REST"}],"circlet_count":0,"master_deck":["Strike_R","Strike_R","Strike_R","Strike_R","Defend_R","Defend_R","Shrug It Off+1","Survivor","Neutralize","Cleave+1","infinitespire:UltimateForm","infinitespire:FutureSight+1"],"relics":["Burning Blood","Replay:Accelerometer","The Courier","Counterbalance","White Beast Statue","Black Star","ClockworkSouvenir","Eternal Feather"],"acts_visited":["Exordium","TheCity"],"potions_floor_usage":[29],"damage_taken":[{"damage":3.0,"enemies":"2 Louse","floor":1.0,"turns":4.0},{"damage":28.0,"enemies":"Gremlin Nob","floor":6.0,"turns":5.0},{"damage":5.0,"enemies":"Small Slimes","floor":8.0,"turns":3.0},{"damage":1.0,"enemies":"Cultist","floor":11.0,"turns":4.0},{"damage":0.0,"enemies":"Blue Slaver","floor":14.0,"turns":5.0},{"damage":57.0,"enemies":"Fading Forest","floor":16.0,"turns":11.0},{"damage":29.0,"enemies":"Shell Parasite","floor":18.0,"turns":14.0},{"damage":15.0,"enemies":"3 Byrds","floor":20.0,"turns":6.0},{"damage":26.0,"enemies":"Cultist and Chosen","floor":25.0,"turns":7.0},{"damage":1.0,"enemies":"Snecko","floor":27.0,"turns":6.0},{"damage":47,"enemies":"Snake Plant","floor":29,"turns":8}],"seed_played":"-8672573340907745598","potions_obtained":[{"floor":1.0,"key":"LiquidBronze"},{"floor":14.0,"key":"Fire Potion"},{"floor":16.0,"key":"Reflective Coating"},{"floor":18.0,"key":"Strength Potion"},{"floor":20.0,"key":"ElixirPotion"},{"floor":22.0,"key":"ColorlessPotion"},{"floor":22.0,"key":"DuplicationPotion"},{"floor":22.0,"key":"Flashbang"},{"floor":25.0,"key":"Adrenaline Potion"},{"floor":27.0,"key":"EssenceOfSteel"}],"is_trial":false,"path_per_floor":["M","?","?","?","?","E","R","M","T","?","M","?","T","M","R","B",null,"M","?","M","AVR","?","R","?","M","T","M","R","M"],"character_chosen":"IRONCLAD","items_purchased":[],"campfire_rested":2,"item_purchase_floors":[],"current_hp_per_floor":[80,85,85,67,67,45,70,71,71,71,76,76,76,82,82,31,85,62,40,31,31,31,31,31,11,11,16,47,0,0],"gold":349,"neow_bonus":"TRANSFORM_CARD","is_daily":false,"chose_seed":false,"campfire_upgraded":2,"win_rate":0.0,"timestamp":1612594387,"path_taken":["M","?","?","?","?","E","R","M","T","?","?","?","?","?","R","BOSS","M","?","M","AVR","?","R","?","M","T","M","R","M"],"items_purchased_type":[],"build_version":"2020-12-22","purchased_purges":1,"victory":false,"max_hp_per_floor":[80,85,85,85,85,85,85,85,85,85,85,85,85,85,85,85,85,85,85,85,85,85,85,85,85,85,85,85,85,85],"relic_stats":{"counters":[11,73],"Eternal Feather":6,"Black Star":0,"obtain_stats":[{"Replay:Accelerometer":4,"Counterbalance":9,"Eternal Feather":26,"The Courier":6,"Black Star":21,"Burning Blood":0,"White Beast Statue":13,"ClockworkSouvenir":21},{"Replay:Accelerometer":1,"Counterbalance":3,"Eternal Feather":9,"The Courier":2,"Black Star":8,"Burning Blood":0,"White Beast Statue":4,"ClockworkSouvenir":8},{"Replay:Accelerometer":4,"Counterbalance":12,"Eternal Feather":59,"The Courier":9,"Black Star":52,"Burning Blood":0,"White Beast Statue":16,"ClockworkSouvenir":52}],"Burning Blood":57},"card_choices":[{"not_picked":["Twin Strike","Sword Boomerang","Shrug It Off"],"picked":"SKIP","floor":1.0},{"not_picked":["Massacre","Headbutt","Armaments"],"picked":"SKIP","floor":6.0},{"not_picked":["Shrug It Off","Clothesline","Shockwave"],"picked":"SKIP","floor":8.0},{"not_picked":["Offering","Replay:Undeath\u0027s Touch","Dark Embrace"],"picked":"SKIP","floor":11.0},{"not_picked":["True Grit","ReplayTheSpireMod:Corrosion Curse"],"picked":"Cleave","floor":14.0},{"not_picked":["Flex","Clash","Wild Strike"],"picked":"SKIP","floor":18.0},{"not_picked":["ReplayTheSpireMod:Black Plague","infinitespire:Punishment"],"picked":"infinitespire:UltimateForm","floor":19.0},{"not_picked":["True Grit","Wild Strike","Sentinel"],"picked":"SKIP","floor":20.0},{"not_picked":["Battle Trance","Flex","Shockwave+1"],"picked":"SKIP","floor":25.0},{"not_picked":["Clothesline","Feel No Pain","Reckless Charge+1"],"picked":"SKIP","floor":27.0}],"player_experience":225672,"relics_obtained":[{"floor":6.0,"key":"The Courier"},{"floor":9.0,"key":"Counterbalance"},{"floor":13.0,"key":"White Beast Statue"},{"floor":26.0,"key":"Eternal Feather"}],"event_choices":[{"damage_healed":0.0,"max_hp_gain":5.0,"max_hp_loss":0.0,"gold_gain":0.0,"event_name":"Big Fish","player_choice":"Donut","floor":2.0,"gold_loss":0.0,"damage_taken":0.0},{"cards_removed":["Defend_R"],"damage_healed":0.0,"max_hp_gain":0.0,"max_hp_loss":0.0,"gold_gain":0.0,"event_name":"The Cleric","player_choice":"Card Removal","floor":3.0,"gold_loss":50.0,"damage_taken":0.0},{"damage_healed":0.0,"max_hp_gain":0.0,"max_hp_loss":0.0,"gold_gain":0.0,"event_name":"betterThird:BetterScrap","player_choice":"Relic ","floor":4.0,"gold_loss":0.0,"damage_taken":18.0,"cards_obtained":["Fusion"]},{"damage_healed":0.0,"max_hp_gain":0.0,"max_hp_loss":0.0,"gold_gain":0.0,"event_name":"The Woman in Blue","player_choice":"Bought 0 Potions","floor":10.0,"gold_loss":0.0,"damage_taken":0.0},{"cards_removed":["ReplayTheSpireMod:Splinters"],"damage_healed":0.0,"max_hp_gain":0.0,"max_hp_loss":0.0,"gold_gain":0.0,"event_name":"betterThird:BetterWriting","player_choice":"Elegance","floor":24.0,"gold_loss":0.0,"damage_taken":0.0}],"is_beta":false,"boss_relics":[{"not_picked":["Replay:Wanted Poster","Cursed Key","Mark of Pain"]}],"items_purged_floors":[21],"is_endless":false,"potions_floor_spawned":[1,14,16,18,20,25,27],"killed_by":"Snake Plant","ascension_level":2}}