{"host":"yecadp3kwkksam5a","time":1612630375,"event":{"mods":["100% Spire Juice","Arknights","BaseMod","Minty Spire (QoL Compilation)","StSLib","SuperFastMode","The Cursed","WarShipGirlsR/??á´Ò³R mod"],"gold_per_floor":[119,136,136,211,223,253,253,253,253],"floor_reached":8,"language":"KOR","playtime":199,"items_purged":[],"score":106,"play_id":"09df0d2a-23b1-4699-add8-c0b1bde4a9ef","local_time":"20210207015255","is_ascension_mode":true,"campfire_choices":[{"data":"True Grit","floor":7.0,"key":"SMITH"}],"circlet_count":0,"master_deck":["AscendersBane","Strike_R","Strike_R","Strike_R","Strike_R","Defend_R","Defend_R","Defend_R","Defend_R","Bash","Deep Breath","Fire Breathing","Wild Strike","True Grit+1","Sentinel"],"relics":["Burning Blood","Matryoshka"],"acts_visited":["Exordium"],"potions_floor_usage":[],"damage_taken":[{"damage":4.0,"enemies":"Small Slimes","floor":1.0,"turns":4.0},{"damage":3.0,"enemies":"2 Louse","floor":2.0,"turns":4.0},{"damage":7.0,"enemies":"Jaw Worm","floor":5.0,"turns":3.0},{"damage":20.0,"enemies":"3 Sentries","floor":6.0,"turns":4.0},{"damage":31,"enemies":"Lagavulin","floor":8,"turns":5}],"seed_played":"9173033230365713885","potions_obtained":[{"floor":2.0,"key":"LiquidBronze"},{"floor":5.0,"key":"AttackPotion"}],"is_trial":false,"path_per_floor":["M","M","?","?","M","E","R","E"],"character_chosen":"IRONCLAD","items_purchased":[],"campfire_rested":0,"item_purchase_floors":[],"current_hp_per_floor":[70,73,66,55,54,40,40,9,9],"gold":253,"neow_bonus":"RANDOM_COLORLESS","is_daily":false,"chose_seed":false,"campfire_upgraded":1,"win_rate":0.0,"timestamp":1612630375,"path_taken":["M","M","?","?","M","E","R","E"],"items_purchased_type":[],"build_version":"2020-12-22","purchased_purges":0,"victory":false,"max_hp_per_floor":[75,75,75,75,75,75,75,75,75],"card_choices":[{"not_picked":["Forethought","Madness"],"picked":"Deep Breath","floor":0.0},{"not_picked":["Thunderclap","Havoc"],"picked":"Fire Breathing","floor":1.0},{"not_picked":["Twin Strike","Pommel Strike"],"picked":"Wild Strike","floor":2.0},{"not_picked":["Battle Trance","Clothesline"],"picked":"True Grit","floor":5.0},{"not_picked":["Rage","Iron Wave"],"picked":"Sentinel","floor":6.0}],"player_experience":613412,"relics_obtained":[{"floor":6.0,"key":"Matryoshka"}],"event_choices":[{"cards_removed":["Strike_R"],"damage_healed":0.0,"max_hp_gain":0.0,"max_hp_loss":0.0,"gold_gain":0.0,"event_name":"Golden Wing","player_choice":"Card Removal","floor":3.0,"gold_loss":0.0,"damage_taken":7.0},{"damage_healed":0.0,"max_hp_gain":0.0,"max_hp_loss":0.0,"gold_gain":75.0,"event_name":"World of Goop","player_choice":"Gather Gold","floor":4.0,"gold_loss":0.0,"damage_taken":11.0}],"is_beta":false,"boss_relics":[],"items_purged_floors":[],"is_endless":false,"potions_floor_spawned":[2,5],"killed_by":"Lagavulin","ascension_level":18}}