{"host":"ayh4nqhr0ddw4ozv","time":1612593893,"event":{"mods":["BaseMod","Minty Spire (QoL Compilation)","Relic Stats","Replay The Spire","Robot Space Explorer","StSLib"],"gold_per_floor":[115,131,148,165,45,45,57,57,82,93,119,133,235,254,254,332,332,352,371,62,62,77,77,17,52,101,27,126,126,140,150,150,229,229,247,326,340,310,328,328,357,372,372,372,372,390,415,415,415,415,415,415,59,85,85,85],"floor_reached":55,"language":"ENG","playtime":3830,"items_purged":["Strike_B","ReplayTheSpireMod:Splinters"],"score":1446,"play_id":"6d84a4c9-5505-4e3d-b9f7-bbd26b62c085","local_time":"20210205224453","is_ascension_mode":true,"campfire_choices":[{"data":"Ball Lightning","floor":6,"key":"SMITH"},{"data":"Sweeping Beam","floor":8,"key":"SMITH"},{"floor":15,"key":"REST"},{"floor":23,"key":"REST"},{"data":"Defragment","floor":32,"key":"SMITH"},{"data":"Mirror Shield","floor":40,"key":"SMITH"},{"data":"Buffer","floor":45,"key":"SMITH"},{"floor":49,"key":"RECALL"},{"data":"Seek","floor":52,"key":"SMITH"}],"circlet_count":0,"master_deck":["AscendersBane","Defend_B","Defend_B","Defend_B+1","Defend_B+1","Zap","Dualcast","Compile Driver","Ball Lightning","Mirror Shield+1","Ball Lightning+1","Sweeping Beam+1","Conserve Battery","Seek+1","Coolheaded","Defragment+1","Machine Learning","Electrodynamics","Cold Snap+1","Steam","Barrage+1","Buffer+1","Stack+1","Steam+1","Amplify+1","Sunder+1","Recycle+1","Leap+1","Panic Button+1","Hologram+1","Coolheaded+1","Go for the Eyes+1","Stack+1","Glacier+1","Defragment","Buffer"],"relics":["Black Star","Geode","Replay:Antivirus Software","Replay:Wax Seal","Gremlin Food","Velvet Choker","Runic Capacitor","Regal Pillow","Toy Ornithopter","Iron Hammer","Replay:Rubber Ducky","InkBottle","Toxic Egg 2","Durian","Astrolabe","HornCleat","ReplayTheSpireMod:Lightbulb","Letter Opener","Unceasing Top","PreservedInsect","Centennial Puzzle","Carrot","Mercury Hourglass"],"acts_visited":["Exordium","TheCity","TheBeyond","TheEnding"],"potions_floor_usage":[11,11,16,25,27,35,41,47,55,55],"damage_taken":[{"damage":1.0,"enemies":"Cultist","floor":1.0,"turns":4.0},{"damage":14.0,"enemies":"Small Slimes","floor":2.0,"turns":4.0},{"damage":3,"enemies":"2 Louse","floor":3,"turns":3},{"damage":2,"enemies":"Looter","floor":4,"turns":4},{"damage":0,"enemies":"Exordium Wildlife","floor":7,"turns":2},{"damage":5,"enemies":"Red Slaver","floor":10,"turns":3},{"damage":10,"enemies":"Replay:BlueRogue","floor":11,"turns":6},{"damage":6,"enemies":"Looter","floor":12,"turns":3},{"damage":6,"enemies":"3 Louse","floor":14,"turns":2},{"damage":13,"enemies":"Hexaghost","floor":16,"turns":10},{"damage":8,"enemies":"3 Byrds","floor":18,"turns":4},{"damage":4,"enemies":"Spheric Guardian","floor":19,"turns":3},{"damage":16,"enemies":"Chosen and Byrds","floor":22,"turns":5},{"damage":8,"enemies":"Book of Stabbing","floor":25,"turns":6},{"damage":0,"enemies":"Gremlin Leader","floor":27,"turns":5},{"damage":0,"enemies":"Snecko","floor":30,"turns":4},{"damage":0,"enemies":"Centurion and Healer","floor":31,"turns":6},{"damage":0,"enemies":"Automaton","floor":33,"turns":10},{"damage":0,"enemies":"3 Darklings","floor":35,"turns":5},{"damage":0,"enemies":"Orb Walker","floor":37,"turns":4},{"damage":0,"enemies":"Jaw Worm Horde","floor":39,"turns":4},{"damage":0,"enemies":"Reptomancer","floor":41,"turns":5},{"damage":12,"enemies":"Writhing Mass","floor":42,"turns":7},{"damage":0,"enemies":"Sphere and 2 Shapes","floor":46,"turns":5},{"damage":0,"enemies":"Giant Head","floor":47,"turns":9},{"damage":23,"enemies":"Donu and Deca","floor":50,"turns":11},{"damage":14,"enemies":"Shield and Spear","floor":54,"turns":4},{"damage":69,"enemies":"The Heart","floor":55,"turns":11}],"seed_played":"2270285496762508976","potions_obtained":[{"floor":4,"key":"Fire Potion"},{"floor":7,"key":"BlessingOfTheForge"},{"floor":10,"key":"Adrenaline Potion"},{"floor":12,"key":"Swift Potion"},{"floor":14,"key":"BlessingOfTheForge"},{"floor":22,"key":"EssenceOfSteel"},{"floor":25,"key":"SkillPotion"},{"floor":31,"key":"Death Potion"},{"floor":38,"key":"DuplicationPotion"},{"floor":42,"key":"FearPotion"}],"is_trial":false,"path_per_floor":["M","M","M","M","$","R","M","R","T","M","E","M","?","M","R","B",null,"M","M","$","?","M","R","?","E","T","E","?","T","M","M","R","B",null,"M","T","M","?","M","R","E","M","T","?","R","M","E","?","R","B",null,"R","$","E","B"],"character_chosen":"DEFECT","items_purchased":["Sweeping Beam","Runic Capacitor","Regal Pillow","Centennial Puzzle","Glacier+1","Defragment","FocusPotion"],"campfire_rested":2,"item_purchase_floors":[5,20,20,53,53,53,53],"current_hp_per_floor":[67,53,50,48,48,48,48,48,48,43,33,27,27,21,43,30,64,56,52,52,52,36,73,73,65,65,70,70,75,75,75,75,75,79,80,80,80,80,80,80,80,68,68,68,68,68,73,73,73,50,73,73,73,59,0,0],"gold":85,"neow_bonus":"BOSS_RELIC","is_daily":false,"chose_seed":false,"campfire_upgraded":6,"win_rate":0.0,"timestamp":1612593893,"path_taken":["M","M","?","M","?","R","?","R","T","M","E","M","?","M","R","BOSS","M","M","$","?","M","R","?","E","T","E","?","?","?","M","R","BOSS","M","?","M","?","M","R","E","?","T","?","R","M","E","?","R","BOSS","R","$","E","BOSS"],"items_purchased_type":["Card","Relic","Relic","Relic","Card","Card","Potion"],"build_version":"2020-12-22","purchased_purges":2,"victory":false,"max_hp_per_floor":[75,75,75,75,75,75,75,75,75,75,75,75,75,75,75,75,75,75,75,75,75,75,75,75,75,75,75,75,80,80,80,80,80,80,80,80,80,80,80,80,80,80,80,80,80,80,80,80,80,80,80,80,80,80,80,80],"relic_stats":{"Regal Pillow":15,"Centennial Puzzle":[6],"counters":[28,149],"Astrolabe":["Sunder","Recycle","Leap"],"PreservedInsect":77,"Black Star":6,"Letter Opener":[112],"obtain_stats":[{"Gremlin Food":13,"Regal Pillow":20,"Carrot":54,"Astrolabe":34,"Velvet Choker":17,"PreservedInsect":47,"Geode":9,"Runic Capacitor":20,"Letter Opener":41,"Replay:Rubber Ducky":26,"Mercury Hourglass":54,"Centennial Puzzle":53,"HornCleat":36,"Iron Hammer":25,"Black Star":0,"Durian":29,"Replay:Antivirus Software":11,"Replay:Wax Seal":11,"Toxic Egg 2":27,"Cracked Core":0,"ReplayTheSpireMod:Lightbulb":41,"Toy Ornithopter":25,"InkBottle":27,"Unceasing Top":47},{"Gremlin Food":8,"Regal Pillow":12,"Carrot":27,"Astrolabe":18,"Velvet Choker":10,"PreservedInsect":25,"Geode":5,"Runic Capacitor":12,"Letter Opener":22,"Replay:Rubber Ducky":14,"Mercury Hourglass":27,"Centennial Puzzle":26,"HornCleat":19,"Iron Hammer":14,"Black Star":0,"Durian":15,"Replay:Antivirus Software":7,"Replay:Wax Seal":7,"Toxic Egg 2":15,"Cracked Core":0,"ReplayTheSpireMod:Lightbulb":22,"Toy Ornithopter":14,"InkBottle":15,"Unceasing Top":25},{"Gremlin Food":29,"Regal Pillow":48,"Carrot":138,"Astrolabe":84,"Velvet Choker":41,"PreservedInsect":123,"Geode":17,"Runic Capacitor":48,"Letter Opener":102,"Replay:Rubber Ducky":59,"Mercury Hourglass":138,"Centennial Puzzle":134,"HornCleat":89,"Iron Hammer":59,"Black Star":0,"Durian":64,"Replay:Antivirus Software":26,"Replay:Wax Seal":26,"Toxic Egg 2":64,"Cracked Core":0,"ReplayTheSpireMod:Lightbulb":102,"Toy Ornithopter":59,"InkBottle":64,"Unceasing Top":123}],"Toy Ornithopter":21,"InkBottle":[36],"Unceasing Top":[1],"Mercury Hourglass":[33]},"card_choices":[{"not_picked":["Turbo","Barrage"],"picked":"Compile Driver","floor":1.0},{"not_picked":["Compile Driver","Fusion"],"picked":"Ball Lightning","floor":2.0},{"not_picked":["Streamline","Beam Cell"],"picked":"Mirror Shield","floor":3},{"not_picked":["Redo","ReplayTheSpireMod:System Scan"],"picked":"Ball Lightning","floor":4},{"not_picked":["Gash","Sweeping Beam"],"picked":"Conserve Battery","floor":7},{"not_picked":["Ball Lightning","White Noise","Thunder Strike"],"picked":"SKIP","floor":10},{"not_picked":["Storm","Streamline"],"picked":"Seek","floor":11},{"not_picked":["Conserve Battery","Redo","ReplayTheSpireMod:Reroute Power"],"picked":"SKIP","floor":12},{"not_picked":["ReplayTheSpireMod:System Scan","Steam"],"picked":"Coolheaded","floor":13},{"not_picked":["Gash","Steam"],"picked":"Defragment","floor":13},{"not_picked":["Cold Snap","Coolheaded"],"picked":"Machine Learning","floor":14},{"not_picked":["Seek","ReplayTheSpireMod:Omega Cannon"],"picked":"Electrodynamics","floor":16},{"not_picked":["Compile Driver","Rebound","Leap"],"picked":"SKIP","floor":18},{"not_picked":["Sunder","Go for the Eyes"],"picked":"Cold Snap+1","floor":19},{"not_picked":["Rebound","BasicCrystalCard"],"picked":"Steam","floor":22},{"not_picked":["Sweeping Beam","Doom and Gloom"],"picked":"Barrage+1","floor":25},{"not_picked":["BasicCrystalCard+1","Hello World"],"picked":"Buffer","floor":27},{"not_picked":["Blizzard","Conserve Battery+1"],"picked":"Stack+1","floor":30},{"not_picked":["Redo+1","Compile Driver"],"picked":"Steam+1","floor":31},{"not_picked":["Seek+1","Echo Form"],"picked":"Amplify+1","floor":33},{"not_picked":["Turbo+1","Fusion+1"],"picked":"Panic Button+1","floor":35},{"not_picked":["Go for the Eyes","Coolheaded+1"],"picked":"Hologram+1","floor":37},{"not_picked":["Go for the Eyes","Tempest+1"],"picked":"Coolheaded+1","floor":39},{"not_picked":["Cold Snap","Machine Learning","Redo+1"],"picked":"SKIP","floor":41},{"not_picked":["Doom and Gloom","Cold Snap"],"picked":"Go for the Eyes+1","floor":42},{"not_picked":["Gash","Doom and Gloom+1"],"picked":"Stack+1","floor":46},{"not_picked":["Barrage","Darkness+1","Lockon"],"picked":"SKIP","floor":47},{"not_picked":["Darkness+1","Conserve Battery+1"],"picked":"Buffer","floor":54}],"player_experience":422179,"relics_obtained":[{"floor":9,"key":"Geode"},{"floor":11,"key":"Replay:Antivirus Software"},{"floor":11,"key":"Replay:Wax Seal"},{"floor":13,"key":"Gremlin Food"},{"floor":25,"key":"Toy Ornithopter"},{"floor":25,"key":"Iron Hammer"},{"floor":26,"key":"Replay:Rubber Ducky"},{"floor":27,"key":"InkBottle"},{"floor":27,"key":"Toxic Egg 2"},{"floor":29,"key":"Durian"},{"floor":36,"key":"HornCleat"},{"floor":41,"key":"ReplayTheSpireMod:Lightbulb"},{"floor":41,"key":"Letter Opener"},{"floor":47,"key":"Unceasing Top"},{"floor":47,"key":"PreservedInsect"},{"floor":54,"key":"Carrot"},{"floor":54,"key":"Mercury Hourglass"}],"event_choices":[{"damage_healed":0,"gold_gain":99,"player_choice":"Stole From Cult","damage_taken":0,"max_hp_gain":0,"max_hp_loss":0,"event_name":"Nest","floor":28,"gold_loss":0},{"damage_healed":0,"gold_gain":0,"player_choice":"Bought 2 Potions","damage_taken":0,"max_hp_gain":0,"max_hp_loss":0,"event_name":"The Woman in Blue","floor":38,"gold_loss":0},{"damage_healed":0,"gold_gain":0,"player_choice":"Memory 1","damage_taken":0,"max_hp_gain":0,"max_hp_loss":0,"event_name":"SensoryStone","floor":44,"gold_loss":0},{"damage_healed":0,"gold_gain":0,"player_choice":"Ignored","damage_taken":0,"max_hp_gain":0,"max_hp_loss":0,"event_name":"Tomb of Lord Red Mask","floor":48,"gold_loss":0}],"is_beta":false,"boss_relics":[{"not_picked":["Replay:Ancient Bell","Nuclear Battery"],"picked":"Velvet Choker"},{"not_picked":["Fusion Hammer","Tiny House"],"picked":"Astrolabe"}],"items_purged_floors":[5,20],"is_endless":false,"potions_floor_spawned":[4,7,10,12,14,22,25,31,39,42],"killed_by":"The Heart","ascension_level":13}}