{"host":"og21o26alpnbwmz8","time":1612635159,"event":{"mods":["Act Like it!","Aspiration","BaseMod","Conspire","Downfall","Halation","Hallownest","Hubris","Jedi Mod","Mimic Mod","Minty Spire (QoL Compilation)","Pale of the Ancients","Reliquary","Replay The Spire","Shop Mod","Spikes Relics","StSLib","The Alterego","The Blackbeard","The Blue Laboratory","The Death Knight","The Runesmith","Waifu the Spire"],"gold_per_floor":[99,99,99,99,119,29,29,44,72,72,72,103,3,16,33,33,33,33],"floor_reached":16,"language":"ENG","playtime":592,"items_purged":["bronze:Strike"],"score":108,"play_id":"33831517-b248-4855-8fc7-b68303108f80","local_time":"20210206131239","is_ascension_mode":false,"campfire_choices":[{"data":"bronze:Goto","floor":1,"key":"SMITH"},{"data":"bronze:Separator","floor":13,"key":"SMITH"}],"circlet_count":0,"master_deck":["bronze:Strike","bronze:Strike","bronze:Strike","bronze:Defend","bronze:Defend","bronze:Defend","bronze:Defend","bronze:Replicate","bronze:Goto+1","bronze:Separator","bronze:Constructor","bronze:Separator+1","bronze:ClassDefault","bronze:CutThrough","bronze:FineTuning"],"relics":["bronze:BronzeCore","downfall:HeartsMalice","Slimebound:PreparedRelic","conspire:DeflatedDodgeball","hubris:Towel","aspiration:BabyByrd","Runesmith:Nanobots","downfall:HeartBlessingGreen"],"acts_visited":["Exordium"],"potions_floor_usage":[12,16],"damage_taken":[{"damage":0,"enemies":"Cultist","floor":2,"turns":1},{"damage":0,"enemies":"Small Slimes","floor":3,"turns":1},{"damage":0,"enemies":"Jaw Worm","floor":4,"turns":1},{"damage":2,"enemies":"3 Louse","floor":5,"turns":2},{"damage":0,"enemies":"downfall:FleeingMerchant","floor":6,"turns":4},{"damage":0,"enemies":"Gremlin Gang","floor":8,"turns":4},{"damage":26,"enemies":"Lagavulin","floor":9,"turns":7},{"damage":8,"enemies":"3 Sentries","floor":12,"turns":6},{"damage":0,"enemies":"2 Fungi Beasts","floor":14,"turns":2},{"damage":14,"enemies":"3 Louse","floor":15,"turns":2},{"damage":29,"enemies":"IC_STATUS_ARCHETYPE","floor":16,"turns":4}],"seed_played":"-524762276550067675","potions_obtained":[{"floor":9,"key":"Explosive Potion"},{"floor":12,"key":"blueLaboratory:StoneskinPotion"},{"floor":14,"key":"Ancient Potion"},{"floor":15,"key":"bronze:FreeFunctionsPotion"}],"is_trial":false,"path_per_floor":["R","M","M","M","M","$","T","M","E","?","?","E","R","M","M","B"],"character_chosen":"THE_AUTOMATON","items_purchased":[],"campfire_rested":0,"item_purchase_floors":[],"current_hp_per_floor":[70,70,70,70,68,68,68,68,42,42,42,34,34,34,20,0,0,0],"gold":33,"neow_bonus":"THREE_ENEMY_KILL","is_daily":false,"chose_seed":false,"campfire_upgraded":2,"win_rate":0.0,"timestamp":1612635159,"path_taken":["R","M","M","M","M","$","T","M","E","?","?","E","R","M","M","BOSS"],"items_purchased_type":[],"build_version":"2020-12-22","purchased_purges":1,"victory":false,"max_hp_per_floor":[70,70,70,70,70,70,70,70,70,70,70,70,70,70,70,70,70,70],"card_choices":[{"not_picked":["bronze:DelayedSlice","bronze:FollowUp"],"picked":"bronze:Separator","floor":2},{"not_picked":["bronze:WildBeam","bronze:Shield"],"picked":"bronze:Constructor","floor":3},{"not_picked":["bronze:CleanCode","bronze:CutThrough"],"picked":"bronze:Separator","floor":4},{"not_picked":["bronze:DelayedSlice","bronze:Overheat","bronze:BugBarrage"],"picked":"SKIP","floor":5},{"not_picked":["bronze:Turbo","bronze:BronzeOrb","bronze:AlphaBuild"],"picked":"SKIP","floor":6},{"not_picked":["bronze:Deprecate","bronze:BugBarrage","bronze:Shield"],"picked":"SKIP","floor":8},{"not_picked":["bronze:DelayedSlice","bronze:Iterate"],"picked":"bronze:ClassDefault","floor":9},{"not_picked":["bronze:Allocate","bronze:NullPointer","bronze:Break"],"picked":"SKIP","floor":12},{"not_picked":["bronze:Frontload","bronze:BitShift"],"picked":"bronze:CutThrough","floor":14},{"not_picked":["bronze:Backtrace","bronze:Turbo"],"picked":"bronze:FineTuning","floor":15}],"player_experience":239760,"relics_obtained":[{"floor":7,"key":"Slimebound:PreparedRelic"},{"floor":9,"key":"conspire:DeflatedDodgeball"},{"floor":12,"key":"Runesmith:Nanobots"}],"event_choices":[],"is_beta":false,"boss_relics":[],"items_purged_floors":[6],"is_endless":false,"potions_floor_spawned":[9,12,14,15],"killed_by":"IC_STATUS_ARCHETYPE","ascension_level":0}}