{"host":"mydft8i2zzydgggw","time":1612596657,"event":{"mods":["AchievementEnabler","BaseMod","BetterRewards","Colored Map","Colored Powertips","DeckTracker","Keyboard Shortcuts","Minty Spire (QoL Compilation)","Rare Cards Sparkle","StSLib","SuperFastMode","everything is the same but u backflip on backflip"],"gold_per_floor":[110,157,172,186,201,201,201,201,249,279,279,308,320,339,339,434,434,452,472,387,111,210,210,210,210],"floor_reached":24,"language":"KOR","playtime":383,"items_purged":["Strike_R"],"score":346,"play_id":"fa5481a8-4bc8-4070-a930-ec05c037b634","local_time":"20210206163057","is_ascension_mode":true,"campfire_choices":[{"data":"Body Slam","floor":6,"key":"SMITH"},{"data":"Perfected Strike","floor":11,"key":"SMITH"},{"data":"Limit Break","floor":15,"key":"SMITH"},{"data":"Dark Embrace","floor":23,"key":"SMITH"}],"circlet_count":0,"master_deck":["Strike_R+1","Strike_R","Strike_R","Strike_R","Defend_R","Defend_R","Defend_R","Defend_R","Bash+1","Clothesline","Perfected Strike+1","Pommel Strike","Body Slam+1","Perfected Strike+1","True Grit","Limit Break+1","Reaper","Perfected Strike+1","Armaments+1","Dark Embrace+1"],"relics":["Burning Blood","Whetstone","Orichalcum","Oddly Smooth Stone","Smiling Mask","Runic Pyramid","InkBottle","Vajra"],"acts_visited":["Exordium","TheCity"],"potions_floor_usage":[10,13,16],"damage_taken":[{"damage":0,"enemies":"Cultist","floor":1,"turns":4},{"damage":9,"enemies":"2 Louse","floor":3,"turns":2},{"damage":7,"enemies":"Small Slimes","floor":4,"turns":3},{"damage":15,"enemies":"Exordium Thugs","floor":5,"turns":4},{"damage":9,"enemies":"3 Sentries","floor":10,"turns":4},{"damage":10,"enemies":"Gremlin Nob","floor":12,"turns":3},{"damage":0,"enemies":"Blue Slaver","floor":13,"turns":1},{"damage":2,"enemies":"3 Louse","floor":14,"turns":3},{"damage":0,"enemies":"Slime Boss","floor":16,"turns":5},{"damage":7,"enemies":"Chosen","floor":18,"turns":4},{"damage":24,"enemies":"3 Byrds","floor":19,"turns":7},{"damage":100,"enemies":"Gremlin Leader","floor":24,"turns":8}],"seed_played":"2019688684332224816","potions_obtained":[{"floor":4,"key":"Explosive Potion"},{"floor":10,"key":"Ancient Potion"},{"floor":12,"key":"Energy Potion"},{"floor":14,"key":"DistilledChaos"},{"floor":18,"key":"Swift Potion"}],"is_trial":false,"path_per_floor":["M","T","M","M","M","R","?","?","T","E","R","E","M","M","R","B",null,"M","M","?","$","?","R","E"],"character_chosen":"IRONCLAD","items_purchased":["Vajra","Dark Embrace"],"campfire_rested":0,"item_purchase_floors":[21,21],"current_hp_per_floor":[78,78,75,74,65,65,65,65,65,62,62,58,64,68,68,74,79,80,66,66,66,66,66,0,0],"gold":210,"neow_bonus":"THREE_CARDS","is_daily":false,"chose_seed":false,"campfire_upgraded":4,"win_rate":0.0,"timestamp":1612596657,"path_taken":["M","?","M","M","M","R","?","?","T","E","R","E","?","M","R","BOSS","M","M","?","$","?","R","E"],"items_purchased_type":["Relic","Card"],"build_version":"2020-12-22","purchased_purges":1,"victory":false,"max_hp_per_floor":[80,80,80,80,80,80,80,80,80,80,80,80,80,80,80,80,80,80,80,80,80,80,80,80,80],"card_choices":[{"not_picked":["Anger","Sentinel"],"picked":"Clothesline","floor":0},{"not_picked":["Reckless Charge","Bloodletting"],"picked":"Perfected Strike","floor":1},{"not_picked":["Wild Strike","Juggernaut"],"picked":"Pommel Strike","floor":3},{"not_picked":["Iron Wave","Perfected Strike"],"picked":"Body Slam","floor":4},{"not_picked":["Iron Wave","Body Slam","Anger"],"picked":"SKIP","floor":5},{"not_picked":["Pummel","Sever Soul"],"picked":"Perfected Strike","floor":10},{"not_picked":["Pummel","Pommel Strike"],"picked":"True Grit","floor":12},{"not_picked":["Fire Breathing","Sentinel"],"picked":"Limit Break","floor":13},{"not_picked":["Iron Wave","Hemokinesis","Heavy Blade"],"picked":"SKIP","floor":14},{"not_picked":["Feed","Offering"],"picked":"Reaper","floor":16},{"not_picked":["Shrug It Off","Clothesline"],"picked":"Perfected Strike+1","floor":18},{"not_picked":["Shrug It Off","Havoc+1"],"picked":"Armaments+1","floor":19}],"player_experience":232356,"relics_obtained":[{"floor":2,"key":"Whetstone"},{"floor":9,"key":"Orichalcum"},{"floor":10,"key":"Oddly Smooth Stone"},{"floor":12,"key":"Smiling Mask"}],"event_choices":[{"damage_healed":0,"gold_gain":0,"player_choice":"Ignored","damage_taken":0,"max_hp_gain":0,"max_hp_loss":0,"event_name":"Liars Game","floor":7,"gold_loss":0},{"damage_healed":0,"gold_gain":0,"player_choice":"Forge","damage_taken":0,"max_hp_gain":0,"max_hp_loss":0,"event_name":"Accursed Blacksmith","floor":8,"gold_loss":0,"cards_upgraded":["Perfected Strike"]},{"damage_healed":0,"gold_gain":0,"player_choice":"Obtained Relic","damage_taken":0,"relics_obtained":["InkBottle"],"max_hp_gain":0,"max_hp_loss":0,"event_name":"Addict","floor":20,"gold_loss":85},{"damage_healed":0,"gold_gain":99,"player_choice":"Stole From Cult","damage_taken":0,"max_hp_gain":0,"max_hp_loss":0,"event_name":"Nest","floor":22,"gold_loss":0}],"is_beta":false,"boss_relics":[{"not_picked":["Coffee Dripper","SlaversCollar"],"picked":"Runic Pyramid"}],"items_purged_floors":[21],"is_endless":false,"potions_floor_spawned":[4,10,12,14,18],"killed_by":"Gremlin Leader","ascension_level":7}}