{"host":"artti7o26te9gn1a","time":1612588327,"event":{"mods":["AchievementEnabler","BaseMod","Beaked The Cultist","BetterRewards","Downfall","Minty Spire (QoL Compilation)","StSLib","Trackpad"],"gold_per_floor":[115,0,20,40,60,85,85,110,410,410,430,430,430,448,448,448,448],"floor_reached":16,"language":"ENG","playtime":541,"items_purged":[],"score":209,"play_id":"9af9efa4-3b75-47a9-b5e7-88fe4fe69cc8","local_time":"20210206061207","is_ascension_mode":true,"campfire_choices":[{"floor":7,"key":"REST"},{"data":"Feed","floor":10,"key":"SMITH"},{"data":"Spot Weakness","floor":12,"key":"SMITH"},{"data":"Seeing Red","floor":15,"key":"SMITH"}],"circlet_count":0,"master_deck":["AscendersBane","Strike_R","Strike_R","Strike_R","Strike_R","Strike_R","Defend_R","Defend_R","Defend_R","Defend_R","Bash","Twin Strike","Clothesline","Anger","Headbutt","Ghostly Armor","Feed+1","Offering","Spot Weakness+1","Rage","Seeing Red+1"],"relics":["Burning Blood","trackpad:BottledShadow","trackpad:BerserkersDraught","Old Coin","Odd Mushroom"],"acts_visited":["Exordium"],"potions_floor_usage":[],"damage_taken":[{"damage":15,"enemies":"Small Slimes","floor":1,"turns":3},{"damage":0,"enemies":"Cultist","floor":3,"turns":2},{"damage":2,"enemies":"Jaw Worm","floor":4,"turns":4},{"damage":0,"enemies":"Large Slime","floor":5,"turns":4},{"damage":40,"enemies":"3 Sentries","floor":6,"turns":9},{"damage":37,"enemies":"Lagavulin","floor":8,"turns":5},{"damage":14,"enemies":"The Mushroom Lair","floor":11,"turns":3},{"damage":3,"enemies":"Lots of Slimes","floor":14,"turns":4},{"damage":45,"enemies":"The Guardian","floor":16,"turns":4}],"seed_played":"2972939262186504690","potions_obtained":[{"floor":4,"key":"Strength Potion"},{"floor":5,"key":"Dexterity Potion"}],"is_trial":false,"path_per_floor":["M","$","M","M","M","E","R","E","T","R","?","R","?","M","R","B"],"character_chosen":"IRONCLAD","items_purchased":["Anger","Headbutt"],"campfire_rested":1,"item_purchase_floors":[2,2],"current_hp_per_floor":[59,59,65,69,78,47,71,40,40,40,36,36,36,43,43,0,0],"gold":448,"neow_bonus":"THREE_CARDS","is_daily":false,"chose_seed":false,"campfire_upgraded":3,"win_rate":0.0,"timestamp":1612588327,"path_taken":["M","$","M","M","M","E","R","E","T","R","?","R","?","M","R","BOSS"],"items_purchased_type":["Card","Card"],"build_version":"2020-12-22","purchased_purges":0,"victory":false,"max_hp_per_floor":[75,75,75,75,78,81,81,81,81,81,85,85,85,89,89,89,89],"card_choices":[{"not_picked":["Metallicize","Warcry"],"picked":"Twin Strike","floor":0},{"not_picked":["Cleave","Armaments"],"picked":"Clothesline","floor":1},{"not_picked":["Thunderclap","Twin Strike"],"picked":"Ghostly Armor","floor":3},{"not_picked":["Clash","Clothesline"],"picked":"Feed","floor":4},{"not_picked":["Searing Blow","Wild Strike","Clash"],"picked":"SKIP","floor":5},{"not_picked":["Bloodletting","Perfected Strike"],"picked":"Offering","floor":6},{"not_picked":["Clash","Sword Boomerang"],"picked":"Spot Weakness","floor":8},{"not_picked":["Blood for Blood","Second Wind"],"picked":"Rage","floor":11},{"not_picked":["Sword Boomerang","Armaments"],"picked":"Seeing Red","floor":14}],"player_experience":776807,"relics_obtained":[{"floor":6,"key":"trackpad:BottledShadow"},{"floor":8,"key":"trackpad:BerserkersDraught"},{"floor":9,"key":"Old Coin"},{"floor":11,"key":"Odd Mushroom"}],"event_choices":[{"damage_healed":0,"gold_gain":0,"player_choice":"Fought Mushrooms","damage_taken":0,"max_hp_gain":0,"max_hp_loss":0,"event_name":"Mushrooms","floor":11,"gold_loss":0},{"damage_healed":0,"gold_gain":0,"player_choice":"0 cards matched","damage_taken":0,"max_hp_gain":0,"max_hp_loss":0,"event_name":"Match and Keep!","floor":13,"gold_loss":0,"cards_obtained":[]}],"is_beta":false,"boss_relics":[],"items_purged_floors":[],"is_endless":false,"potions_floor_spawned":[4,5,6,14],"killed_by":"The Guardian","ascension_level":18}}