{"host":"is2s59edl8twrhoj","time":1612642167,"event":{"mods":["BaseMod","Colored Map","Colored Powertips","DeckTracker","Downfall","Minty Spire (QoL Compilation)","StSLib"],"gold_per_floor":[109,184,184,28,40,40,52,52,52,69,104,123,151,167,167,167,167],"floor_reached":16,"language":"ENG","playtime":701,"items_purged":["Strike_R"],"score":196,"play_id":"0857cbc4-f42f-4b2d-a86a-bf19b22145d6","local_time":"20210206200927","is_ascension_mode":true,"campfire_choices":[{"data":"Trip","floor":6,"key":"SMITH"},{"data":"Iron Wave","floor":8,"key":"SMITH"},{"data":"Cleave","floor":15,"key":"SMITH"}],"circlet_count":0,"master_deck":["AscendersBane","Strike_R","Strike_R","Strike_R","Strike_R","Defend_R","Defend_R","Defend_R","Defend_R","Bash","Pommel Strike+1","Trip+1","Cleave+1","Iron Wave+1","Thunderclap"],"relics":["Burning Blood","Blue Candle","Calipers","Blood Vial"],"acts_visited":["Exordium"],"potions_floor_usage":[16],"damage_taken":[{"damage":2,"enemies":"2 Louse","floor":1,"turns":4},{"damage":2,"enemies":"Jaw Worm","floor":5,"turns":3},{"damage":0,"enemies":"Cultist","floor":7,"turns":3},{"damage":0,"enemies":"2 Fungi Beasts","floor":10,"turns":3},{"damage":28,"enemies":"Lagavulin","floor":11,"turns":7},{"damage":28,"enemies":"Gremlin Gang","floor":12,"turns":3},{"damage":26,"enemies":"3 Sentries","floor":13,"turns":7},{"damage":6,"enemies":"Exordium Thugs","floor":14,"turns":3},{"damage":22,"enemies":"The Guardian","floor":16,"turns":6}],"seed_played":"9112221744382503124","potions_obtained":[{"floor":7,"key":"SmokeBomb"},{"floor":11,"key":"EssenceOfSteel"},{"floor":13,"key":"CultistPotion"}],"is_trial":false,"path_per_floor":["M","?","?","$","M","R","M","R","T","M","E","M","E","M","R","B"],"character_chosen":"IRONCLAD","items_purchased":["Trip"],"campfire_rested":0,"item_purchase_floors":[4],"current_hp_per_floor":[79,68,68,68,72,72,78,78,78,82,60,38,18,20,20,0,0],"gold":167,"neow_bonus":"TEN_PERCENT_HP_BONUS","is_daily":false,"chose_seed":false,"campfire_upgraded":3,"win_rate":0.0,"timestamp":1612642167,"path_taken":["M","?","?","$","M","R","?","R","T","M","E","?","E","M","R","BOSS"],"items_purchased_type":["Card"],"build_version":"2020-12-22","purchased_purges":1,"victory":false,"max_hp_per_floor":[82,82,82,82,82,82,82,82,82,82,82,82,82,82,82,82,82],"card_choices":[{"not_picked":["Headbutt","Sword Boomerang"],"picked":"Pommel Strike","floor":1},{"not_picked":["Armaments","Headbutt"],"picked":"Cleave","floor":5},{"not_picked":["Dark Embrace","Heavy Blade"],"picked":"Iron Wave","floor":7},{"not_picked":["Shockwave","Heavy Blade","Feel No Pain"],"picked":"SKIP","floor":10},{"not_picked":["Searing Blow","Offering"],"picked":"Thunderclap","floor":11},{"not_picked":["Headbutt","Uppercut","Body Slam"],"picked":"SKIP","floor":12},{"not_picked":["Blood for Blood","Second Wind","Armaments"],"picked":"SKIP","floor":13},{"not_picked":["Wild Strike","Headbutt","Body Slam"],"picked":"SKIP","floor":14}],"player_experience":688223,"relics_obtained":[{"floor":9,"key":"Blue Candle"},{"floor":11,"key":"Calipers"},{"floor":13,"key":"Blood Vial"}],"event_choices":[{"damage_healed":0,"gold_gain":75,"player_choice":"Gather Gold","damage_taken":11,"max_hp_gain":0,"max_hp_loss":0,"event_name":"World of Goop","floor":2,"gold_loss":0},{"damage_healed":0,"gold_gain":0,"player_choice":"Grow","damage_taken":0,"max_hp_gain":0,"max_hp_loss":0,"event_name":"Living Wall","floor":3,"gold_loss":0,"cards_upgraded":["Pommel Strike"]}],"is_beta":false,"boss_relics":[],"items_purged_floors":[4],"is_endless":false,"potions_floor_spawned":[7,11,13,14],"killed_by":"The Guardian","ascension_level":15}}