{"host":"q8mjpf3krl0t4p3x","time":1612634987,"event":{"mods":["BaseMod","Colored Map","Colored Powertips","Googly Eyes","Minty Spire (QoL Compilation)","Quick Restart","StSLib","everything is the same but u backflip on backflip","slay the spire mod where everything is the same but ironclad has a cowboy hat"],"gold_per_floor":[114,114,126,201,201,201,230,230,230,230,250,250,266,322,322,427,427,439,162,162,87,87,87,0,27,27,40,40,40],"floor_reached":28,"language":"ENG","playtime":720,"items_purged":["Strike_R"],"score":385,"play_id":"f3b23f54-49c7-49ca-b4cc-44c5b55055ed","local_time":"20210206100947","is_ascension_mode":true,"campfire_choices":[{"data":"Bash","floor":6.0,"key":"SMITH"},{"data":"Flex","floor":8.0,"key":"SMITH"},{"floor":10.0,"key":"REST"},{"data":"Cleave","floor":15.0,"key":"SMITH"},{"floor":23,"key":"REST"}],"circlet_count":0,"master_deck":["AscendersBane","Strike_R","Strike_R","Strike_R","Defend_R","Defend_R","Defend_R","Defend_R","Bash+1","Shockwave+1","Flex+1","Cleave+1","Pommel Strike","Berserk","CurseOfTheBell","Inflame"],"relics":["Burning Blood","Lizard Tail","Ornamental Fan","Mango","Calling Bell","Omamori","Blue Candle","Peace Pipe","Happy Flower","MutagenicStrength","Nilry\u0027s Codex","Bag of Preparation","Gremlin Horn"],"acts_visited":["Exordium","TheCity"],"potions_floor_usage":[16,16,19,28,28],"damage_taken":[{"damage":11.0,"enemies":"2 Louse","floor":1.0,"turns":3.0},{"damage":1.0,"enemies":"Cultist","floor":3.0,"turns":4.0},{"damage":34.0,"enemies":"3 Sentries","floor":7.0,"turns":5.0},{"damage":2.0,"enemies":"Jaw Worm","floor":11.0,"turns":3.0},{"damage":0.0,"enemies":"Large Slime","floor":13.0,"turns":4.0},{"damage":15.0,"enemies":"Gremlin Nob","floor":14.0,"turns":4.0},{"damage":81,"enemies":"The Guardian","floor":16,"turns":10},{"damage":50,"enemies":"Shell Parasite","floor":18,"turns":7},{"damage":36,"enemies":"Gremlin Leader","floor":25,"turns":5},{"damage":30,"enemies":"Spheric Guardian","floor":27,"turns":4},{"damage":0,"enemies":"Snake Plant","floor":28,"turns":2}],"seed_played":"-7570399037458699138","potions_obtained":[{"floor":3.0,"key":"EntropicBrew"},{"floor":11.0,"key":"FearPotion"},{"floor":13.0,"key":"Explosive Potion"},{"floor":16,"key":"Dexterity Potion"},{"floor":18,"key":"SkillPotion"},{"floor":27,"key":"GamblersBrew"}],"is_trial":false,"path_per_floor":["M","?","M","?","?","R","E","R","T","R","M","?","M","?","R","B",null,"M","$","?","?","?","R","?","E","T","M","M"],"character_chosen":"IRONCLAD","items_purchased":["Happy Flower","BloodPotion"],"campfire_rested":2,"item_purchase_floors":[19,19],"current_hp_per_floor":[75,75,80,69,69,69,46,46,46,72,76,81,87,92,92,17,81,37,57,57,57,41,71,71,41,41,17,17,17],"gold":40,"neow_bonus":"TEN_PERCENT_HP_BONUS","is_daily":false,"chose_seed":false,"campfire_upgraded":3,"win_rate":0.0,"timestamp":1612634987,"path_taken":["M","?","?","?","?","R","E","R","T","R","M","?","?","?","R","BOSS","M","$","?","?","?","R","?","E","T","M","M"],"items_purchased_type":["Relic","Potion"],"build_version":"2020-12-22","purchased_purges":1,"victory":false,"max_hp_per_floor":[88,88,88,88,88,88,88,88,88,88,88,88,88,102,102,102,102,102,102,102,102,102,102,102,102,102,102,102,102],"card_choices":[{"not_picked":["Clothesline","Heavy Blade"],"picked":"Cleave","floor":1.0},{"not_picked":["Wild Strike","Thunderclap"],"picked":"Shockwave","floor":3.0},{"not_picked":["Thunderclap","Carnage"],"picked":"Flex","floor":7.0},{"not_picked":["Entrench","Juggernaut"],"picked":"Cleave","floor":11.0},{"not_picked":["Heavy Blade","Hemokinesis"],"picked":"Pommel Strike","floor":13.0},{"not_picked":["Offering","Exhume"],"picked":"Berserk","floor":16},{"not_picked":["Cleave","Pommel Strike+1"],"picked":"Inflame","floor":18},{"not_picked":["Sword Boomerang","Armaments+1","True Grit"],"picked":"SKIP","floor":25},{"not_picked":["Spot Weakness","Disarm","Reaper"],"picked":"SKIP","floor":27}],"player_experience":321708,"relics_obtained":[{"floor":7.0,"key":"Lizard Tail"},{"floor":9.0,"key":"Ornamental Fan"},{"floor":14.0,"key":"Mango"},{"floor":17,"key":"Omamori"},{"floor":17,"key":"Blue Candle"},{"floor":17,"key":"Peace Pipe"},{"floor":22,"key":"Nilry\u0027s Codex"},{"floor":25,"key":"Bag of Preparation"},{"floor":26,"key":"Gremlin Horn"}],"event_choices":[{"damage_healed":0.0,"max_hp_gain":0.0,"max_hp_loss":0.0,"gold_gain":0.0,"event_name":"Accursed Blacksmith","player_choice":"Forge","floor":2.0,"gold_loss":0.0,"damage_taken":0.0,"cards_upgraded":["Cleave"]},{"damage_healed":0.0,"max_hp_gain":0.0,"max_hp_loss":0.0,"gold_gain":75.0,"event_name":"World of Goop","player_choice":"Gather Gold","floor":4.0,"gold_loss":0.0,"damage_taken":11.0},{"damage_healed":0.0,"max_hp_gain":0.0,"max_hp_loss":0.0,"gold_gain":0.0,"event_name":"Living Wall","player_choice":"Grow","floor":5.0,"gold_loss":0.0,"damage_taken":0.0,"cards_upgraded":["Shockwave"]},{"cards_removed":["Cleave"],"damage_healed":5.0,"max_hp_gain":0.0,"max_hp_loss":0.0,"gold_gain":0.0,"event_name":"Bonfire Elementals","player_choice":"Offered Common","floor":12.0,"gold_loss":0.0,"damage_taken":0.0},{"cards_removed":["Cleave"],"damage_healed":5.0,"max_hp_gain":0.0,"max_hp_loss":0.0,"gold_gain":0.0,"event_name":"Bonfire Elementals","player_choice":"Offered Special","floor":12.0,"gold_loss":0.0,"damage_taken":0.0},{"damage_healed":0.0,"max_hp_gain":0.0,"max_hp_loss":0.0,"gold_gain":0.0,"event_name":"Dead Adventurer","player_choice":"Searched \u00271\u0027 times","floor":14.0,"gold_loss":0.0,"damage_taken":0.0},{"damage_healed":0,"gold_gain":0,"player_choice":"Inject Mutagens","damage_taken":0,"relics_obtained":["MutagenicStrength"],"max_hp_gain":0,"max_hp_loss":0,"event_name":"Drug Dealer","floor":20,"gold_loss":0},{"cards_removed":["Strike_R"],"damage_healed":0,"gold_gain":0,"player_choice":"Gave Gold","damage_taken":0,"max_hp_gain":0,"max_hp_loss":0,"event_name":"Beggar","floor":21,"gold_loss":75},{"damage_healed":0,"gold_gain":0,"player_choice":"Obtained Book","damage_taken":16,"max_hp_gain":0,"max_hp_loss":0,"event_name":"Cursed Tome","floor":22,"gold_loss":0},{"damage_healed":0,"gold_gain":0,"player_choice":"Paid Fearfully","damage_taken":0,"max_hp_gain":0,"max_hp_loss":0,"event_name":"Masked Bandits","floor":24,"gold_loss":87}],"is_beta":false,"boss_relics":[{"not_picked":["Coffee Dripper","Pandora\u0027s Box"],"picked":"Calling Bell"}],"items_purged_floors":[19],"is_endless":false,"potions_floor_spawned":[3,11,13,16,18,27],"killed_by":"Snake Plant","ascension_level":11}}