{"host":"u21q392b5xaj11fl","time":1612640479,"event":{"mods":["2.2 Compatiblity","Bard","BaseMod","Better Note","Colored Map","Colored Powertips","Conspire","Custom Start","Downfall","Faster Ascension Climbing","GifTheSpireLib","Gremlin Skip","Highlight Path","Hubris","Infinite Spire","Mad Scientist","Marisa????????","Mimic Mod","Minty Spire (QoL Compilation)","Monster B Gone","Permanent Neow","Potionbrewer","Quick Restart","READ ME - Guardian Mod","Relic Sorter","Replay The Spire","Shop Mod","Somnambulant","StSLib","Stuff the Spire","SuperFastMode","The Construct","The Disciple","The Servant 0.9.4"],"gold_per_floor":[119,119,138,162,177,177,209,16,92,141,141,178,31,31,31,104,104,139,179,179,220,309,309,369,369,369,457,457,457,541,149,149,166,166],"floor_reached":33,"language":"ENG","playtime":2217,"items_purged":["Strike_R","Strike_R","Strike_R"],"score":529,"play_id":"9f94b85a-cb4d-427b-98cd-a71bd39de06b","local_time":"20210206134119","is_ascension_mode":true,"campfire_choices":[{"data":"Uppercut","floor":6.0,"key":"SMITH"},{"floor":11.0,"key":"REST"},{"data":"HandOfGreed","floor":15.0,"key":"SMITH"},{"floor":23.0,"key":"REST"},{"data":"Flame Barrier","floor":25.0,"key":"SMITH"},{"floor":29.0,"key":"REST"},{"floor":32.0,"key":"REST"}],"circlet_count":0,"master_deck":["AscendersBane","Strike_R","Strike_R","Defend_R","Defend_R","Defend_R","Defend_R","Bash","Shrug It Off","StuffTheSpire:Rapture","infinitespire:OneForAll","Uppercut+1","infinitespire:OneForAll","HandOfGreed+1","Offering","Shrug It Off","Battle Trance","Immolate","Seeing Red","sneckomod:GlitteringGambit+1","Evolve","Flame Barrier+1","StuffTheSpire:Incineration","infinitespire:Gouge","Ghostly Armor"],"relics":["Burning Blood","Replay:Accelerometer","StuffTheSpire:PointBlank","infinitespire:FocusingShard","Ooze Armor","potionbrewer:ToyAutogyro","Bottled Flame","Self Forming Clay","Bottled Lightning","Red Skull","MerchantsRug","Replay:Baseball"],"acts_visited":["Exordium","TheCity"],"potions_floor_usage":[33],"damage_taken":[{"damage":1.0,"enemies":"Cultist","floor":1.0,"turns":3.0},{"damage":2.0,"enemies":"Jaw Worm","floor":3.0,"turns":5.0},{"damage":1.0,"enemies":"Small Slimes","floor":5.0,"turns":4.0},{"damage":47.0,"enemies":"Lagavulin","floor":7.0,"turns":10.0},{"damage":22.0,"enemies":"3 Sentries","floor":10.0,"turns":10.0},{"damage":6.0,"enemies":"Blue Slaver","floor":12.0,"turns":8.0},{"damage":30.0,"enemies":"Fading Forest","floor":16.0,"turns":11.0},{"damage":13.0,"enemies":"Shell Parasite","floor":18.0,"turns":4.0},{"damage":13.0,"enemies":"3 Byrds","floor":19.0,"turns":4.0},{"damage":31.0,"enemies":"Snake Plant","floor":21.0,"turns":3.0},{"damage":11.0,"enemies":"3 Cultists","floor":22.0,"turns":4.0},{"damage":13.0,"enemies":"Replay:Snechameleon","floor":24.0,"turns":7.0},{"damage":15.0,"enemies":"Gremlin Leader","floor":27.0,"turns":3.0},{"damage":20.0,"enemies":"Slavers","floor":30.0,"turns":7.0},{"damage":72,"enemies":"Champ","floor":33,"turns":10}],"seed_played":"-7250247376363067786","potions_obtained":[{"floor":5.0,"key":"Strength Potion"},{"floor":7.0,"key":"LiquidMemories"},{"floor":10.0,"key":"BlessingOfTheForge"},{"floor":19.0,"key":"Death Potion"},{"floor":22.0,"key":"GamblersBrew"},{"floor":27.0,"key":"SpeedPotion"}],"is_trial":false,"path_per_floor":["M","?","M","T","M","R","E","$","T","E","R","M","$","?","R","B",null,"M","M","?","M","M","R","E","R","T","E","AVR","R","E","$","R","B"],"character_chosen":"IRONCLAD","items_purchased":["HandOfGreed","Battle Trance","MerchantsRug","Replay:Baseball"],"campfire_rested":4,"item_purchase_floors":[8,13,31,31],"current_hp_per_floor":[73,73,75,75,75,75,34,34,34,18,40,40,40,45,45,29,67,60,53,53,28,23,47,40,40,40,31,31,55,41,41,65,0,0],"gold":166,"neow_bonus":"RANDOM_COMMON_RELIC","is_daily":false,"chose_seed":false,"campfire_upgraded":3,"win_rate":0.0,"timestamp":1612640479,"path_taken":["M","?","M","?","M","R","E","$","T","E","R","M","$","?","R","BOSS","M","M","?","M","?","R","E","R","T","E","AVR","R","E","$","R","BOSS"],"items_purchased_type":["Card","Card","Relic","Relic"],"build_version":"2020-12-22","purchased_purges":3,"victory":false,"max_hp_per_floor":[75,75,75,75,75,75,75,75,75,75,75,75,75,80,80,80,80,80,80,80,80,80,80,80,80,80,80,80,80,80,80,80,80,80],"card_choices":[{"not_picked":["Flex","Armaments"],"picked":"Shrug It Off","floor":1.0},{"not_picked":["StuffTheSpire:CelestialWarden","StuffTheSpire:Perfection"],"picked":"StuffTheSpire:Rapture","floor":2.0},{"not_picked":["StuffTheSpire:Pyroclast","Evolve"],"picked":"infinitespire:OneForAll","floor":3.0},{"not_picked":["ReplayTheSpireMod:Strike From Hell","Havoc"],"picked":"Uppercut","floor":5.0},{"not_picked":["ReplayReversal","Eclipse"],"picked":"infinitespire:OneForAll","floor":7.0},{"not_picked":["Warcry","Burning Pact"],"picked":"Offering","floor":10.0},{"not_picked":["Replay:Undeath\u0027s Touch","Heavy Blade"],"picked":"Shrug It Off","floor":12.0},{"not_picked":["StuffTheSpire:TitanForm","Berserk"],"picked":"Immolate","floor":16.0},{"not_picked":["Clothesline","Infernal Blade","Abandon"],"picked":"SKIP","floor":18.0},{"not_picked":["Thunderclap","Warcry"],"picked":"Seeing Red","floor":19.0},{"not_picked":["Run Through","Intimidate"],"picked":"Evolve","floor":21.0},{"not_picked":["True Grit","Warcry"],"picked":"Flame Barrier","floor":22.0},{"not_picked":["Demon Form","Ghostly Armor"],"picked":"StuffTheSpire:Incineration","floor":24.0},{"not_picked":["Heavy Blade","Replay:Undeath\u0027s Touch","hubris:CleavingFinish"],"picked":"SKIP","floor":27.0},{"not_picked":["Wild Strike","True Grit"],"picked":"Ghostly Armor","floor":30.0}],"player_experience":209801,"relics_obtained":[{"floor":7.0,"key":"StuffTheSpire:PointBlank"},{"floor":9.0,"key":"infinitespire:FocusingShard"},{"floor":10.0,"key":"Replay:Accelerometer"},{"floor":24.0,"key":"potionbrewer:ToyAutogyro"},{"floor":26.0,"key":"Bottled Flame"},{"floor":27.0,"key":"Self Forming Clay"},{"floor":30.0,"key":"Red Skull"}],"event_choices":[{"damage_healed":0.0,"max_hp_gain":5.0,"max_hp_loss":0.0,"gold_gain":0.0,"event_name":"Big Fish","player_choice":"Donut","floor":14.0,"gold_loss":0.0,"damage_taken":0.0},{"cards_removed":["HandOfGreed"],"damage_healed":0.0,"max_hp_gain":0.0,"max_hp_loss":0.0,"gold_gain":0.0,"event_name":"betterNote:BetterNote","player_choice":"Take \u0026 Give","floor":20.0,"gold_loss":0.0,"damage_taken":0.0,"cards_obtained":["sneckomod:GlitteringGambit"]}],"is_beta":false,"boss_relics":[{"not_picked":["Replay:Bronze Core","Pandora\u0027s Box"],"picked":"Ooze Armor"}],"items_purged_floors":[13,28,31],"is_endless":false,"potions_floor_spawned":[5,7,10,19,22,27],"killed_by":"Champ","ascension_level":14}}