{"host":"nj4msrt0z6tj4wtb","time":1612619441,"event":{"mods":["AchievementEnabler","BaseMod","Colored Map","Colored Powertips","DeckTracker","Highlight Path","Keyboard Shortcuts","Minty Spire (QoL Compilation)","Quick Restart","Random Character Button","StSLib","SuperFastMode"],"gold_per_floor":[113,123,133,133,152,152,152,187,187,187,187,199,0,20,20,116,116,136,156,81,95,95,95,128,128,153,180,191,206,306,316,316,420,420,433,444,454,113,77,77,95,123,123,158,207,238,238,256,256,256,256,256,7,35,35,35],"floor_reached":55,"language":"KOR","playtime":2538,"items_purged":["Strike_B","Defend_B","Strike_B+1"],"score":930,"play_id":"d1e027a9-85a1-4f76-a45e-2c35b359a789","local_time":"20210206225041","is_ascension_mode":true,"campfire_choices":[{"data":"Zap","floor":6.0,"key":"SMITH"},{"data":"Cold Snap","floor":7.0,"key":"SMITH"},{"data":"Genetic Algorithm","floor":10.0,"key":"SMITH"},{"floor":15.0,"key":"REST"},{"floor":23.0,"key":"REST"},{"data":"Defragment","floor":25.0,"key":"SMITH"},{"data":"Coolheaded","floor":32.0,"key":"SMITH"},{"data":"Echo Form","floor":40.0,"key":"SMITH"},{"floor":49.0,"key":"RECALL"},{"data":"Loop","floor":52,"key":"SMITH"}],"circlet_count":0,"master_deck":["Defend_B","Defend_B","Defend_B","Zap+1","Dualcast+1","Glacier","Sweeping Beam+1","Genetic Algorithm+1","Cold Snap+1","Undo","Streamline","Core Surge","Electrodynamics","Sunder+1","Redo+1","Chaos+1","Defragment+1","Barrage+1","Conserve Battery","Coolheaded+1","Echo Form+1","Redo+1","Loop+1","Turbo","Conserve Battery+1","Seek"],"relics":["Cracked Core","NeowsBlessing","WingedGreaves","Kunai","Mercury Hourglass","Runic Capacitor","SlaversCollar","Sundial","Whetstone","Strawberry","Runic Pyramid","Eternal Feather","Pear","Akabeko","Lizard Tail","Smiling Mask","Cauldron","Pen Nib"],"acts_visited":["Exordium","TheCity","TheBeyond","TheEnding"],"potions_floor_usage":[50,55,55],"damage_taken":[{"damage":0.0,"enemies":"2 Louse","floor":1.0,"turns":1.0},{"damage":0.0,"enemies":"Small Slimes","floor":2.0,"turns":1.0},{"damage":0.0,"enemies":"Jaw Worm","floor":3.0,"turns":1.0},{"damage":16.0,"enemies":"Large Slime","floor":5.0,"turns":6.0},{"damage":19.0,"enemies":"3 Sentries","floor":8.0,"turns":6.0},{"damage":6.0,"enemies":"Lots of Slimes","floor":12.0,"turns":2.0},{"damage":6.0,"enemies":"Blue Slaver","floor":14.0,"turns":3.0},{"damage":4.0,"enemies":"The Guardian","floor":16.0,"turns":14.0},{"damage":18.0,"enemies":"Shell Parasite","floor":18.0,"turns":6.0},{"damage":6.0,"enemies":"Spheric Guardian","floor":19.0,"turns":6.0},{"damage":22.0,"enemies":"Centurion and Healer","floor":21.0,"turns":7.0},{"damage":15.0,"enemies":"Gremlin Leader","floor":24.0,"turns":7.0},{"damage":5.0,"enemies":"3 Cultists","floor":28.0,"turns":4.0},{"damage":1.0,"enemies":"Chosen and Byrds","floor":29.0,"turns":5.0},{"damage":16.0,"enemies":"Snecko","floor":31.0,"turns":5.0},{"damage":10.0,"enemies":"Champ","floor":33.0,"turns":8.0},{"damage":0.0,"enemies":"Orb Walker","floor":35.0,"turns":4.0},{"damage":7.0,"enemies":"3 Shapes","floor":36.0,"turns":4.0},{"damage":14.0,"enemies":"Jaw Worm Horde","floor":37.0,"turns":5.0},{"damage":11.0,"enemies":"4 Shapes","floor":41.0,"turns":5.0},{"damage":0.0,"enemies":"Nemesis","floor":42.0,"turns":5.0},{"damage":14.0,"enemies":"Reptomancer","floor":44.0,"turns":5.0},{"damage":32.0,"enemies":"2 Orb Walkers","floor":45.0,"turns":6.0},{"damage":5.0,"enemies":"Giant Head","floor":46.0,"turns":8.0},{"damage":24.0,"enemies":"3 Darklings","floor":48.0,"turns":4.0},{"damage":18,"enemies":"Time Eater","floor":50,"turns":10},{"damage":68,"enemies":"Shield and Spear","floor":54,"turns":6},{"damage":145,"enemies":"The Heart","floor":55,"turns":15}],"seed_played":"2063136549562630497","potions_obtained":[{"floor":1.0,"key":"Weak Potion"},{"floor":12.0,"key":"Dexterity Potion"},{"floor":14.0,"key":"PowerPotion"},{"floor":21.0,"key":"BlessingOfTheForge"},{"floor":24.0,"key":"EntropicBrew"},{"floor":28.0,"key":"Swift Potion"},{"floor":36.0,"key":"FairyPotion"},{"floor":37.0,"key":"Strength Potion"},{"floor":45.0,"key":"PowerPotion"},{"floor":53,"key":"FairyPotion"},{"floor":54,"key":"Swift Potion"}],"is_trial":false,"path_per_floor":["M","M","M","?","M","R","R","E","T","R","?","M","$","M","R","B",null,"M","M","$","M","?","R","E","R","T","T","M","M","?","M","R","B",null,"M","M","M","$","$","R","M","E","T","E","?","E","?","M","R","B",null,"R","$","E","B"],"character_chosen":"DEFECT","items_purchased":["Runic Capacitor","Streamline","Eternal Feather","Loop","Energy Potion","Cauldron"],"campfire_rested":2,"item_purchase_floors":[13,13,38,39,53,53],"current_hp_per_floor":[75,75,75,63,47,47,47,28,28,28,13,7,7,1,23,19,75,57,51,51,29,29,51,36,36,36,43,38,37,37,21,21,11,82,82,75,61,61,61,76,65,75,75,61,29,24,24,27,42,24,92,92,92,24,0,0],"gold":35,"neow_bonus":"THREE_ENEMY_KILL","is_daily":false,"chose_seed":false,"campfire_upgraded":7,"win_rate":0.0,"timestamp":1612619441,"path_taken":["M","M","M","?","M","R","R","E","E","T","R","?","M","$","M","R","BOSS","M","M","$","M","?","R","E","R","T","?","M","M","?","M","R","BOSS","M","M","M","?","$","R","M","E","T","E","?","E","?","M","R","BOSS","R","$","E","BOSS"],"items_purchased_type":["Relic","Card","Relic","Card","Potion","Relic"],"build_version":"2020-12-22","purchased_purges":3,"victory":false,"max_hp_per_floor":[75,75,75,75,75,75,75,75,75,75,75,75,75,75,75,75,75,75,75,75,75,75,75,75,75,75,82,82,82,82,82,82,82,82,82,82,82,82,82,82,82,92,92,92,92,92,92,92,92,92,92,92,92,92,92,92],"card_choices":[{"not_picked":["Skim","Melter"],"picked":"Glacier","floor":1.0},{"not_picked":["Blizzard","Recycle"],"picked":"Sweeping Beam","floor":2.0},{"not_picked":["Reprogram","Hologram","Genetic Algorithm"],"picked":"SKIP","floor":3.0},{"not_picked":["Reprogram","Hologram"],"picked":"Genetic Algorithm","floor":3.0},{"not_picked":["Steam","Storm"],"picked":"Cold Snap","floor":5.0},{"not_picked":["Rip and Tear","Heatsinks","Lockon"],"picked":"SKIP","floor":8.0},{"not_picked":["Go for the Eyes","Barrage"],"picked":"Undo","floor":12.0},{"not_picked":["White Noise","Hologram"],"picked":"Core Surge","floor":14.0},{"not_picked":["Multi-Cast","Amplify"],"picked":"Electrodynamics","floor":16.0},{"not_picked":["Coolheaded","Rebound"],"picked":"Sunder+1","floor":18.0},{"not_picked":["Turbo+1","Self Repair+1"],"picked":"Redo+1","floor":19.0},{"not_picked":["Hologram","Sweeping Beam+1"],"picked":"Chaos+1","floor":21.0},{"not_picked":["Redo","Loop"],"picked":"Defragment","floor":24.0},{"not_picked":["Sunder+1","Reinforced Body"],"picked":"Barrage+1","floor":28.0},{"not_picked":["Aggregate","Sunder"],"picked":"Conserve Battery","floor":29.0},{"not_picked":["Tempest","Sweeping Beam"],"picked":"Coolheaded","floor":31.0},{"not_picked":["Fission","Core Surge"],"picked":"Echo Form","floor":33.0},{"not_picked":["Coolheaded+1","BootSequence","Scrape"],"picked":"SKIP","floor":35.0},{"not_picked":["Skim","Sunder","Rebound+1"],"picked":"SKIP","floor":36.0},{"not_picked":["Fusion","Go for the Eyes"],"picked":"Redo+1","floor":37.0},{"not_picked":["Aggregate","Redo"],"picked":"Turbo","floor":41.0},{"not_picked":["Fusion+1","Go for the Eyes","Amplify"],"picked":"SKIP","floor":42.0},{"not_picked":["Self Repair","Rebound+1","Ball Lightning"],"picked":"SKIP","floor":44.0},{"not_picked":["Leap+1","Steam"],"picked":"Conserve Battery+1","floor":46.0},{"not_picked":["Glacier+1","Consume+1","Melter"],"picked":"SKIP","floor":48.0},{"not_picked":["Skim","Steam+1"],"picked":"Seek","floor":54}],"player_experience":657974,"relics_obtained":[{"floor":8.0,"key":"Kunai"},{"floor":9.0,"key":"Mercury Hourglass"},{"floor":24.0,"key":"Sundial"},{"floor":26.0,"key":"Whetstone"},{"floor":27.0,"key":"Strawberry"},{"floor":42.0,"key":"Pear"},{"floor":44.0,"key":"Akabeko"},{"floor":45.0,"key":"Lizard Tail"},{"floor":46.0,"key":"Smiling Mask"},{"floor":54,"key":"Pen Nib"}],"event_choices":[{"damage_healed":0.0,"max_hp_gain":0.0,"max_hp_loss":0.0,"gold_gain":0.0,"event_name":"Scrap Ooze","player_choice":"Success","floor":4.0,"gold_loss":0.0,"damage_taken":12.0,"relics_obtained":["WingedGreaves"]},{"damage_healed":0.0,"max_hp_gain":0.0,"max_hp_loss":0.0,"gold_gain":0.0,"event_name":"Shining Light","player_choice":"Entered Light","floor":11.0,"gold_loss":0.0,"damage_taken":15.0,"cards_upgraded":["Strike_B","Dualcast"]},{"cards_removed":["Strike_B"],"damage_healed":0.0,"max_hp_gain":0.0,"max_hp_loss":0.0,"gold_gain":0.0,"event_name":"Back to Basics","player_choice":"Elegance","floor":22.0,"gold_loss":0.0,"damage_taken":0.0},{"damage_healed":0.0,"max_hp_gain":0.0,"max_hp_loss":0.0,"gold_gain":100.0,"event_name":"Golden Shrine","player_choice":"Pray","floor":30.0,"gold_loss":0.0,"damage_taken":0.0},{"damage_healed":0.0,"max_hp_gain":0.0,"max_hp_loss":0.0,"gold_gain":0.0,"event_name":"Mysterious Sphere","player_choice":"Fight","floor":45.0,"gold_loss":0.0,"damage_taken":0.0},{"cards_removed":["Strike_B"],"damage_healed":0.0,"max_hp_gain":0.0,"max_hp_loss":0.0,"gold_gain":0.0,"event_name":"Falling","player_choice":"Removed Attack","floor":47.0,"gold_loss":0.0,"damage_taken":0.0}],"is_beta":false,"boss_relics":[{"not_picked":["Philosopher\u0027s Stone","SacredBark"],"picked":"SlaversCollar"},{"not_picked":["Runic Dome","Black Star"],"picked":"Runic Pyramid"}],"items_purged_floors":[20,38,53],"is_endless":false,"potions_floor_spawned":[1,12,14,21,24,28,31,36,37,41,45,54],"killed_by":"The Heart","ascension_level":4}}