{"host":"19r1ww88x2tc73i0","time":1612598660,"event":{"mods":["BaseMod","BetterRewards","Colored Map","Minty Spire (QoL Compilation)","Relic Stats","StSLib","SuperFastMode","slay the spire mod where everything is the same but ironclad has a cowboy hat"],"gold_per_floor":[112,187,37,47,47,79,79,93,145,163,195,195,210,235,235,307,307,324,9,26,46,60,60,60,60,87,87,12,12,62,62,62,62,62],"floor_reached":33,"language":"ENG","playtime":1091,"items_purged":["Strike_G"],"score":616,"play_id":"ce149bf9-b678-4f2f-8143-b86838b3d28c","local_time":"25640206150420","is_ascension_mode":true,"campfire_choices":[{"data":"Deadly Poison","floor":12.0,"key":"SMITH"},{"data":"Neutralize","floor":15.0,"key":"SMITH"},{"data":"Blade Dance","floor":23.0,"key":"SMITH"},{"data":"After Image","floor":25,"key":"SMITH"},{"data":"Accuracy","floor":27,"key":"SMITH"},{"data":"Noxious Fumes","floor":32,"key":"SMITH"}],"circlet_count":0,"master_deck":["AscendersBane","Strike_G+1","Defend_G","Defend_G","Defend_G","Defend_G","Defend_G","Survivor","Neutralize+1","Crippling Poison+1","Deadly Poison+1","PiercingWail","Underhanded Strike+1","Sucker Punch","Bane","Quick Slash","Poisoned Stab","Die Die Die","Blade Dance+1","After Image+1","Escape Plan","Accuracy+1","Acrobatics+1","Expertise+1","Backflip","Noxious Fumes+1"],"relics":["Ring of the Snake","NeowsBlessing","Whetstone","Anchor","Ninja Scroll","Potion Belt","Empty Cage","White Beast Statue","Ancient Tea Set"],"acts_visited":["Exordium","TheCity"],"potions_floor_usage":[24,33],"damage_taken":[{"damage":0.0,"enemies":"Small Slimes","floor":1.0,"turns":1.0},{"damage":0.0,"enemies":"Cultist","floor":4.0,"turns":1.0},{"damage":2.0,"enemies":"3 Sentries","floor":6.0,"turns":3.0},{"damage":1.0,"enemies":"Jaw Worm","floor":8.0,"turns":3.0},{"damage":0.0,"enemies":"2 Fungi Beasts","floor":10.0,"turns":3.0},{"damage":0.0,"enemies":"Gremlin Nob","floor":11.0,"turns":2.0},{"damage":0.0,"enemies":"Looter","floor":13.0,"turns":2.0},{"damage":4.0,"enemies":"3 Sentries","floor":14.0,"turns":7.0},{"damage":31.0,"enemies":"Hexaghost","floor":16.0,"turns":9.0},{"damage":8.0,"enemies":"Chosen","floor":18.0,"turns":5.0},{"damage":22.0,"enemies":"Spheric Guardian","floor":20.0,"turns":4.0},{"damage":6.0,"enemies":"Centurion and Healer","floor":21.0,"turns":8.0},{"damage":7.0,"enemies":"Snecko","floor":22.0,"turns":4.0},{"damage":0,"enemies":"Book of Stabbing","floor":24,"turns":1},{"damage":7,"enemies":"Automaton","floor":33,"turns":6}],"seed_played":"963579808470469713","potions_obtained":[{"floor":1.0,"key":"Fire Potion"},{"floor":4.0,"key":"CunningPotion"},{"floor":11.0,"key":"GamblersBrew"},{"floor":16.0,"key":"Regen Potion"},{"floor":20.0,"key":"DistilledChaos"},{"floor":21.0,"key":"Energy Potion"},{"floor":22.0,"key":"SmokeBomb"}],"is_trial":false,"path_per_floor":["M","?","$","M","?","E","$","M","T","M","E","R","M","E","R","B",null,"M","$","M","M","M","R","E","R","T","R","?","?","?","?","R","B"],"character_chosen":"THE_SILENT","items_purchased":["Deadly Poison","PiercingWail","White Beast Statue","Accuracy"],"campfire_rested":0,"item_purchase_floors":[3,3,19,19],"current_hp_per_floor":[59,48,48,48,48,46,46,45,45,45,45,45,45,41,41,10,52,59,59,37,31,24,24,24,24,24,24,24,24,24,24,24,17,17],"gold":62,"neow_bonus":"THREE_ENEMY_KILL","is_daily":false,"chose_seed":false,"campfire_upgraded":6,"win_rate":0.0,"timestamp":1612598660,"path_taken":["M","?","$","M","?","E","$","?","T","M","E","R","M","E","R","BOSS","M","$","M","M","M","R","E","R","T","R","?","?","?","?","R","BOSS"],"items_purchased_type":["Card","Card","Relic","Card"],"build_version":"2020-12-22","purchased_purges":1,"victory":false,"max_hp_per_floor":[66,66,66,66,66,66,66,66,66,66,66,66,66,66,66,66,66,66,66,66,66,66,66,66,66,66,66,66,66,66,66,66,66,66],"relic_stats":{"counters":[15,59],"Whetstone":["Strike_G","Underhanded Strike"],"obtain_stats":[{"Potion Belt":14,"Anchor":9,"NeowsBlessing":0,"Ninja Scroll":11,"Whetstone":6,"Empty Cage":17,"Ancient Tea Set":26,"White Beast Statue":19,"Ring of the Snake":0},{"Potion Belt":8,"Anchor":4,"NeowsBlessing":0,"Ninja Scroll":6,"Whetstone":3,"Empty Cage":9,"Ancient Tea Set":14,"White Beast Statue":10,"Ring of the Snake":0},{"Potion Belt":22,"Anchor":8,"NeowsBlessing":0,"Ninja Scroll":13,"Whetstone":5,"Empty Cage":31,"Ancient Tea Set":53,"White Beast Statue":36,"Ring of the Snake":0}],"Ring of the Snake":[30]},"card_choices":[{"not_picked":["Flechettes","Slice"],"picked":"Crippling Poison","floor":1.0},{"not_picked":["Distraction","Masterful Stab"],"picked":"Underhanded Strike","floor":4.0},{"not_picked":["Calculated Gamble","Outmaneuver"],"picked":"Sucker Punch","floor":6.0},{"not_picked":["Dagger Spray","Quick Slash"],"picked":"Bane","floor":8.0},{"not_picked":["Underhanded Strike","Cloak And Dagger"],"picked":"Quick Slash","floor":10.0},{"not_picked":["Flying Knee","Dagger Throw"],"picked":"Poisoned Stab","floor":11.0},{"not_picked":["Dagger Spray","Backflip"],"picked":"Die Die Die","floor":13.0},{"not_picked":["Escape Plan","Dagger Spray"],"picked":"Blade Dance","floor":14.0},{"not_picked":["Bullet Time","Night Terror"],"picked":"After Image","floor":16.0},{"not_picked":["Reflex","Poisoned Stab"],"picked":"Escape Plan","floor":18.0},{"not_picked":["Distraction","Prepared"],"picked":"Acrobatics+1","floor":20.0},{"not_picked":["Phantasmal Killer","Cloak And Dagger"],"picked":"Expertise+1","floor":21.0},{"not_picked":["Slice","Blur"],"picked":"Backflip","floor":22.0}],"player_experience":1011538,"relics_obtained":[{"floor":6.0,"key":"Whetstone"},{"floor":9.0,"key":"Anchor"},{"floor":11.0,"key":"Ninja Scroll"},{"floor":14.0,"key":"Potion Belt"},{"floor":26,"key":"Ancient Tea Set"}],"event_choices":[{"damage_healed":0.0,"max_hp_gain":0.0,"max_hp_loss":0.0,"gold_gain":75.0,"event_name":"World of Goop","player_choice":"Gather Gold","floor":2.0,"gold_loss":0.0,"damage_taken":11.0},{"damage_healed":0.0,"max_hp_gain":0.0,"max_hp_loss":0.0,"gold_gain":0.0,"event_name":"Upgrade Shrine","player_choice":"Upgraded","floor":5.0,"gold_loss":0.0,"damage_taken":0.0,"cards_upgraded":["Crippling Poison"]},{"cards_removed":["Strike_G"],"damage_healed":0,"gold_gain":0,"player_choice":"Gave Gold","damage_taken":0,"max_hp_gain":0,"max_hp_loss":0,"event_name":"Beggar","floor":28,"gold_loss":75},{"damage_healed":0,"gold_gain":0,"player_choice":"Ignored","damage_taken":0,"max_hp_gain":0,"max_hp_loss":0,"event_name":"Vampires","floor":29,"gold_loss":0},{"damage_healed":0,"gold_gain":50,"player_choice":"Stole From Cult","damage_taken":0,"max_hp_gain":0,"max_hp_loss":0,"event_name":"Nest","floor":30,"gold_loss":0},{"damage_healed":0,"gold_gain":0,"player_choice":"Read","damage_taken":0,"max_hp_gain":0,"max_hp_loss":0,"event_name":"The Library","floor":31,"gold_loss":0,"cards_obtained":["Noxious Fumes"]}],"is_beta":false,"boss_relics":[{"not_picked":["Ring of the Serpent","WristBlade"],"picked":"Empty Cage"}],"items_purged_floors":[3],"is_endless":false,"potions_floor_spawned":[1,4,11,16,20,21,22,24],"killed_by":"Automaton","ascension_level":20}}