{"host":"gin1e6e6f2y0ngxx","time":1612612906,"event":{"mods":["AchievementEnabler","Act Like it!","BaseMod","Downfall","Hallownest","Infinite Spire","Minty Spire (QoL Compilation)","StSLib","The Bug Knight","The Cursed","The Hierophant"],"gold_per_floor":[99,113,388,406,426,436,436,465,481,481,491,504,514,533,550,649,649,649,667,687,699,714,727,727,740,40,40,40,56,69,103,114,114,114,114],"floor_reached":33,"language":"ENG","playtime":4386,"items_purged":[],"score":308,"play_id":"0198207f-7861-42a5-a639-ec5e3b04dc03","local_time":"20210206020146","is_ascension_mode":false,"campfire_choices":[{"data":"champ:Taunt","floor":1,"key":"SMITH"},{"floor":10,"key":"REST"},{"data":"champ:SetATrap","floor":18,"key":"SMITH"},{"floor":27,"key":"REST"}],"circlet_count":0,"master_deck":["champ:Strike","champ:Strike","champ:Strike","champ:Strike","champ:Defend","champ:Defend","champ:Defend","champ:Defend","champ:Execute","champ:Taunt+1","champ:FancyFootwork","Regret","champ:ShieldWall","champ:Backstep","champ:CrownThrow","champ:GutPunch","champ:FlashCut","champ:Backstep","champ:EnGarde","champ:Circumvent","champ:Encircle","champ:SetATrap+1","champ:ShieldThrow","champ:AdrenalArmor+1","champ:TornadoPunch","champ:ArenaPreparation","champ:StanceDance","champ:CalledShot","champ:TornadoPunch","champ:PreciseThrust","expansioncontent:DashGenerateEvil","champ:IronFortress","champ:StanceDance","champ:PerfectedStrike","champ:FancyFootwork","champ:GutPunch","champ:DeathBlow","champ:SkillfulDodge+1","champ:BringItOn+1","champ:Parry+1","champ:ArenaPreparation+1"],"relics":["champ:ChampionCrown","Shuriken","Oddly Smooth Stone","Sozu","Matryoshka","Bottled Flame","champ:DefensiveTrainingManual"],"acts_visited":["Exordium","TheCity"],"potions_floor_usage":[12,16,33],"damage_taken":[{"damage":10,"enemies":"Small Slimes","floor":2,"turns":3},{"damage":18,"enemies":"Cultist","floor":4,"turns":4},{"damage":7,"enemies":"2 Louse","floor":5,"turns":2},{"damage":21,"enemies":"Exordium Wildlife","floor":6,"turns":6},{"damage":45,"enemies":"Gremlin Nob","floor":8,"turns":5},{"damage":18,"enemies":"Blue Slaver","floor":9,"turns":3},{"damage":17,"enemies":"Large Slime","floor":11,"turns":5},{"damage":6,"enemies":"2 Fungi Beasts","floor":12,"turns":5},{"damage":15,"enemies":"Exordium Thugs","floor":13,"turns":5},{"damage":2,"enemies":"Red Slaver","floor":14,"turns":5},{"damage":12,"enemies":"Large Slime","floor":15,"turns":6},{"damage":42,"enemies":"IC_STATUS_ARCHETYPE","floor":16,"turns":9},{"damage":1,"enemies":"Spheric Guardian","floor":19,"turns":3},{"damage":1,"enemies":"Shell Parasite","floor":20,"turns":4},{"damage":30,"enemies":"3 Cultists","floor":21,"turns":6},{"damage":32,"enemies":"Shelled Parasite and Fungi","floor":22,"turns":5},{"damage":14,"enemies":"Snake Plant","floor":23,"turns":4},{"damage":39,"enemies":"Sentry and Sphere","floor":25,"turns":6},{"damage":22,"enemies":"downfall:FleeingMerchant","floor":26,"turns":4},{"damage":17,"enemies":"Snecko","floor":29,"turns":4},{"damage":5,"enemies":"3 Cultists","floor":30,"turns":4},{"damage":20,"enemies":"Book of Stabbing","floor":31,"turns":5},{"damage":33,"enemies":"Snake Plant","floor":32,"turns":5},{"damage":34,"enemies":"SI_MIRROR_ARCHETYPE","floor":33,"turns":7}],"seed_played":"1792543122093105267","potions_obtained":[{"floor":4,"key":"PowerPotion"},{"floor":5,"key":"Swift Potion"},{"floor":9,"key":"DuplicationPotion"},{"floor":11,"key":"Fruit Juice"},{"floor":15,"key":"champ:TechniquePotion"},{"floor":16,"key":"LiquidBronze"}],"is_trial":false,"path_per_floor":["R","M","?","M","M","M","T","E","M","R","M","M","M","M","M","B",null,"R","M","M","M","M","M","T","M","$","R","?","M","M","E","M","B"],"character_chosen":"THE_CHAMP","items_purchased":["expansioncontent:DashGenerateEvil","champ:IronFortress","champ:StanceDance","champ:PerfectedStrike","champ:FancyFootwork","champ:GutPunch","Bottled Flame"],"campfire_rested":2,"item_purchase_floors":[26,26,26,26,26,26,26],"current_hp_per_floor":[99,99,99,96,89,78,78,43,35,64,62,61,56,54,42,10,104,104,103,102,82,80,66,66,37,35,66,66,64,64,49,26,0,0,0],"gold":114,"neow_bonus":"TEN_PERCENT_HP_BONUS","is_daily":false,"chose_seed":false,"campfire_upgraded":2,"win_rate":0.0,"timestamp":1612612906,"path_taken":["R","M","?","M","M","M","T","E","M","R","M","M","M","M","M","BOSS","R","M","M","M","?","M","T","M","$","R","?","M","M","E","M","BOSS"],"items_purchased_type":["Card","Card","Card","Card","Card","Card","Relic"],"build_version":"2020-12-22","purchased_purges":0,"victory":false,"max_hp_per_floor":[99,99,99,99,99,99,99,99,99,99,99,104,104,104,104,104,104,104,104,104,104,104,104,104,104,104,104,104,104,104,104,104,104,104,104],"card_choices":[{"not_picked":["champ:EnGarde","champ:SkillfulDodge"],"picked":"champ:FancyFootwork","floor":2},{"not_picked":["champ:PerfectedStrike","champ:AdrenalArmor"],"picked":"champ:ShieldWall","floor":4},{"not_picked":["champ:CrookedStrike","champ:BringItOn"],"picked":"champ:Backstep","floor":5},{"not_picked":["champ:PreciseThrust","champ:BringItOn"],"picked":"champ:CrownThrow","floor":6},{"not_picked":["champ:DefensiveShout","champ:FanOfKnives"],"picked":"champ:GutPunch","floor":8},{"not_picked":["champ:EnGarde","champ:EnragedBash"],"picked":"champ:FlashCut","floor":9},{"not_picked":["champ:FlashCut","champ:GutPunch"],"picked":"champ:Backstep","floor":11},{"not_picked":["champ:DefensiveShout","champ:GutPunch"],"picked":"champ:EnGarde","floor":12},{"not_picked":["champ:CheapShot","champ:Endure"],"picked":"champ:Circumvent","floor":13},{"not_picked":["champ:ShieldWall","champ:FlashCut"],"picked":"champ:Encircle","floor":14},{"not_picked":["champ:IronFortress","champ:GutPunch"],"picked":"champ:SetATrap","floor":15},{"not_picked":["champ:SteelEdge","champ:TripleStrike"],"picked":"champ:ShieldThrow","floor":16},{"not_picked":["champ:EnGarde","champ:PreciseThrust"],"picked":"champ:AdrenalArmor+1","floor":19},{"not_picked":["champ:BladeFlurry+1","champ:Shatter"],"picked":"champ:TornadoPunch","floor":20},{"not_picked":["champ:BladeFlurry+1","champ:FocusedBerserking+1"],"picked":"champ:ArenaPreparation","floor":21},{"not_picked":["champ:AdrenalArmor+1","champ:FanOfKnives"],"picked":"champ:StanceDance","floor":22},{"not_picked":["champ:TornadoPunch","champ:PerfectedStrike"],"picked":"champ:CalledShot","floor":23},{"not_picked":["champ:GutPunch","champ:Backstep+1"],"picked":"champ:TornadoPunch","floor":25},{"not_picked":["champ:CheapShot","champ:BerserkersShout"],"picked":"champ:PreciseThrust","floor":26},{"not_picked":["champ:CrookedStrike","champ:RapidStrikes"],"picked":"champ:SkillfulDodge+1","floor":29},{"not_picked":["champ:Circumvent","champ:GladiatorStyle"],"picked":"champ:BringItOn+1","floor":30},{"not_picked":["champ:Haymaker+1","champ:StanceDance"],"picked":"champ:Parry+1","floor":31},{"not_picked":["champ:FanOfKnives","champ:BladeFlurry+1"],"picked":"champ:ArenaPreparation+1","floor":32}],"player_experience":149467,"relics_obtained":[{"floor":7,"key":"Shuriken"},{"floor":8,"key":"Oddly Smooth Stone"},{"floor":24,"key":"Matryoshka"},{"floor":31,"key":"champ:DefensiveTrainingManual"}],"event_choices":[{"damage_healed":0,"gold_gain":0,"player_choice":"Read","damage_taken":0,"max_hp_gain":0,"max_hp_loss":0,"event_name":"The Library","floor":28,"gold_loss":0,"cards_obtained":["champ:DeathBlow"]}],"is_beta":false,"boss_relics":[{"not_picked":["Runic Dome","Coffee Dripper"],"picked":"Sozu"}],"items_purged_floors":[],"is_endless":false,"potions_floor_spawned":[4,5,9,11,15,16,20,23,29,30],"killed_by":"SI_MIRROR_ARCHETYPE","ascension_level":0}}