{"host":"mo324zvkdr1xwprd","time":1612575094,"event":{"mods":["BaseMod","Better Note","BetterRewards","Hermit","Highlight Path","Hubris","Minty Spire (QoL Compilation)","Quick Restart","Rare Cards Sparkle","Shop Mod","StSLib","The Cursed","The Hierophant"],"gold_per_floor":[110,124,141,141,158,192,4,38,113,130,143,174,174,193,193,296,296,316,316,32,43,56,87,14,14,14,27,52,79,79,18,18,119,119,133,148,49,68,83,108,108,138,164,164,184,184,14,25,25,25,25,25,12,47,47,47],"floor_reached":55,"language":"ENG","playtime":6520,"items_purged":[],"score":1571,"play_id":"fb790521-e346-41ec-a89e-f1acf4be57ff","local_time":"20210206013134","is_ascension_mode":true,"campfire_choices":[{"floor":15.0,"key":"REST"},{"floor":25.0,"key":"REST"},{"floor":32.0,"key":"REST"},{"floor":46.0,"key":"RECALL"},{"floor":49.0,"key":"REST"},{"data":"1","floor":52,"key":"LIFT"}],"circlet_count":0,"master_deck":["AscendersBane","TheCursedMod:Strike_TheCursed+1","TheCursedMod:Strike_TheCursed","TheCursedMod:Strike_TheCursed","TheCursedMod:Defend_TheCursed","TheCursedMod:Defend_TheCursed","TheCursedMod:Defend_TheCursed","TheCursedMod:CursedWand","TheCursedMod:CleanUpWorkshop","TheCursedMod:CursedBlade","TheCursedMod:Hemoplague","TheCursedMod:CircleOfBlood","Mind Blast","TheCursedMod:CursedShiv","TheCursedMod:Hemoplague+1","TheCursedMod:CursedStaff","TheCursedMod:BlessingInDisguise","TheCursedMod:SpitefulStrike","TheCursedMod:RapidMovement","TheCursedMod:SpitefulPray+1","TheCursedMod:AshesToAshes","TheCursedMod:Stretching","TheCursedMod:HellsGateOpen","TheCursedMod:CircleOfCorruption","TheCursedMod:CursedStaff","TheCursedMod:CursedAmulet","TheCursedMod:CircleOfCorruption","TheCursedMod:OutForBlood","TheCursedMod:ForbiddenAlchemy","TheCursedMod:TacticalStrike","Barricade","TheCursedMod:Stigma+1","TheCursedMod:Mangle","TheCursedMod:Stretching","TheCursedMod:CursedMace","Swift Strike","TheCursedMod:SpitefulStrike","TheCursedMod:CursedAmulet","TheCursedMod:WearCloak+1","Berserk","TheCursedMod:VoidForm","TheCursedMod:SurpriseAttack","TheCursedMod:StingEye","TheCursedMod:ManaCirculation","TheCursedMod:Stigma+1","TheCursedMod:CursedBlade","TheCursedMod:NeowsMight","TheCursedMod:HellfireBreathing","TheCursedMod:SpitefulPray","TheCursedMod:CursedStaff+1","TheCursedMod:SpitefulPlan+1","Dramatic Entrance","Mind Blast","Discovery","TheCursedMod:SurpriseAttack","TheCursedMod:SpitefulPlan+1","TheCursedMod:RapidMovement","TheCursedMod:CursedBlade","hubris:DuctTapeCard","TheCursedMod:CircleOfFlame","TheCursedMod:RavingStaff"],"relics":["TheCursedMod:BlackMagic101","Happy Flower","FossilizedHelix","Lee\u0027s Waffle","Lizard Tail","MawBank","Membership Card","hubris:BottledRain","hubris:MysteriousPyramids","hubris:DisguiseKit","TheCursedMod:FourLeafCloverCharm","Oddly Smooth Stone","White Beast Statue","Lantern","Kunai","CaptainsWheel","Red Mask","hubris:HollowSoul","hubris:DuctTape","Art of War","Girya","Calipers","TheCursedMod:Tack"],"acts_visited":["Exordium","TheCity","TheBeyond","TheEnding"],"potions_floor_usage":[50,55,55],"damage_taken":[{"damage":0.0,"enemies":"Jaw Worm","floor":1.0,"turns":3.0},{"damage":0.0,"enemies":"Small Slimes","floor":2.0,"turns":3.0},{"damage":0.0,"enemies":"Cultist","floor":3.0,"turns":3.0},{"damage":0.0,"enemies":"3 Louse","floor":5.0,"turns":2.0},{"damage":8.0,"enemies":"3 Sentries","floor":6.0,"turns":6.0},{"damage":0.0,"enemies":"Gremlin Nob","floor":8.0,"turns":3.0},{"damage":0.0,"enemies":"Blue Slaver","floor":10.0,"turns":2.0},{"damage":0.0,"enemies":"Large Slime","floor":11.0,"turns":3.0},{"damage":0.0,"enemies":"3 Sentries","floor":12.0,"turns":5.0},{"damage":11.0,"enemies":"Lots of Slimes","floor":14.0,"turns":3.0},{"damage":18.0,"enemies":"The Guardian","floor":16.0,"turns":7.0},{"damage":6.0,"enemies":"Spheric Guardian","floor":18.0,"turns":4.0},{"damage":0.0,"enemies":"Shell Parasite","floor":21.0,"turns":1.0},{"damage":28.0,"enemies":"Cultist and Chosen","floor":22.0,"turns":5.0},{"damage":24.0,"enemies":"Book of Stabbing","floor":23.0,"turns":4.0},{"damage":8.0,"enemies":"Snake Plant","floor":27.0,"turns":3.0},{"damage":40.0,"enemies":"Gremlin Leader","floor":28.0,"turns":4.0},{"damage":0.0,"enemies":"Masked Bandits","floor":29.0,"turns":4.0},{"damage":16.0,"enemies":"Automaton","floor":33.0,"turns":7.0},{"damage":0.0,"enemies":"3 Darklings","floor":35.0,"turns":8.0},{"damage":0.0,"enemies":"3 Shapes","floor":36.0,"turns":4.0},{"damage":0.0,"enemies":"Spire Growth","floor":38.0,"turns":3.0},{"damage":15.0,"enemies":"Writhing Mass","floor":39.0,"turns":6.0},{"damage":15.0,"enemies":"Giant Head","floor":40.0,"turns":7.0},{"damage":26.0,"enemies":"Nemesis","floor":42.0,"turns":5.0},{"damage":0.0,"enemies":"Transient","floor":45.0,"turns":5.0},{"damage":8.0,"enemies":"4 Shapes","floor":48.0,"turns":2.0},{"damage":15,"enemies":"hubris:GrandSnecko","floor":50,"turns":11},{"damage":0,"enemies":"Shield and Spear","floor":54,"turns":5},{"damage":18,"enemies":"The Heart","floor":55,"turns":2}],"seed_played":"-3912096839498018332","potions_obtained":[{"floor":2.0,"key":"Swift Potion"},{"floor":3.0,"key":"FearPotion"},{"floor":6.0,"key":"ColorlessPotion"},{"floor":8.0,"key":"Dexterity Potion"},{"floor":11.0,"key":"FearPotion"},{"floor":22.0,"key":"ColorlessPotion"},{"floor":27.0,"key":"LiquidBronze"},{"floor":28.0,"key":"SteroidPotion"},{"floor":29.0,"key":"SmokeBomb"},{"floor":33.0,"key":"TheCursedMod:DregsPotion"},{"floor":36.0,"key":"AttackPotion"},{"floor":38.0,"key":"AttackPotion"},{"floor":39.0,"key":"Energy Potion"},{"floor":40.0,"key":"SkillPotion"},{"floor":42.0,"key":"DuplicationPotion"},{"floor":45.0,"key":"EssenceOfSteel"},{"floor":48.0,"key":"BlessingOfTheForge"},{"floor":54,"key":"BlessingOfTheForge"}],"is_trial":false,"path_per_floor":["M","M","M","?","M","E","$","E","T","M","M","E","?","M","R","B",null,"M","?","$","M","M","E","$","R","T","M","E","?","?","$","R","B",null,"M","M","$","M","M","E","?","E","T","?","M","R","$","M","R","B",null,"R","$","E","B"],"character_chosen":"THE_CURSED","items_purchased":["TheCursedMod:Hemoplague","TheCursedMod:CircleOfBlood","Mind Blast","TheCursedMod:CursedShiv","Lee\u0027s Waffle","TheCursedMod:Hemoplague","TheCursedMod:CursedStaff","TheCursedMod:BlessingInDisguise","TheCursedMod:SpitefulStrike","Membership Card","TheCursedMod:CircleOfCorruption","TheCursedMod:CursedStaff","TheCursedMod:SurpriseAttack","TheCursedMod:VoidForm","TheCursedMod:Stretching","TheCursedMod:CursedMace","Strength Potion","Oddly Smooth Stone","Swift Strike","Lantern","LiquidBronze","Strength Potion","TheCursedMod:NeowsMight","TheCursedMod:SurpriseAttack","TheCursedMod:HellfireBreathing","Calipers","TheCursedMod:RapidMovement","TheCursedMod:CircleOfFlame"],"campfire_rested":4,"item_purchase_floors":[0,0,0,0,0,0,0,0,0,7,7,7,20,20,20,20,20,20,20,24,31,31,37,37,37,47,47,53],"current_hp_per_floor":[82,82,82,82,82,74,74,78,78,82,82,82,66,55,79,65,78,76,76,76,76,54,38,38,62,62,56,22,28,28,28,52,38,71,73,77,77,79,66,71,61,41,41,41,47,47,47,39,63,52,76,76,76,76,0,0],"gold":47,"neow_bonus":"","is_daily":false,"chose_seed":false,"campfire_upgraded":0,"win_rate":0.0,"timestamp":1612575094,"path_taken":["M","M","M","?","M","E","$","E","T","M","M","E","?","M","R","BOSS","M","?","$","M","M","E","?","R","T","M","E","?","?","$","R","BOSS","M","M","$","M","M","E","?","E","T","?","?","R","$","M","R","BOSS","R","$","E","BOSS"],"items_purchased_type":["Card","Card","Card","Card","Relic","Card","Card","Card","Card","Relic","Card","Card","Card","Card","Card","Card","Potion","Relic","Card","Relic","Potion","Potion","Card","Card","Card","Relic","Card","Card"],"build_version":"2020-12-22","purchased_purges":0,"victory":false,"max_hp_per_floor":[82,82,82,82,82,82,82,82,82,82,82,82,82,82,82,82,82,82,82,82,82,82,82,82,82,82,82,82,82,82,82,82,82,82,82,82,82,82,82,82,82,82,82,82,82,82,82,82,82,84,84,84,84,84,84,84],"card_choices":[{"not_picked":["TheCursedMod:BlessingInDisguise","TheCursedMod:Torture"],"picked":"TheCursedMod:RapidMovement","floor":1.0},{"not_picked":["TheCursedMod:Hemoplague","TheCursedMod:CursedAmulet"],"picked":"TheCursedMod:SpitefulPray","floor":2.0},{"not_picked":["TheCursedMod:SoulCrush","TheCursedMod:TacticalStrike"],"picked":"TheCursedMod:AshesToAshes","floor":3.0},{"not_picked":["TheCursedMod:CircleOfFlame","TheCursedMod:RapidMovement"],"picked":"TheCursedMod:Stretching","floor":5.0},{"not_picked":["TheCursedMod:ManaBullet","TheCursedMod:CircleOfFocus"],"picked":"TheCursedMod:HellsGateOpen","floor":6.0},{"not_picked":["TheCursedMod:Stigma","TheCursedMod:HellsGateOpen"],"picked":"TheCursedMod:CursedAmulet","floor":8.0},{"not_picked":["TheCursedMod:Obscuration","TheCursedMod:EmpowerCircles"],"picked":"TheCursedMod:CircleOfCorruption","floor":10.0},{"not_picked":["TheCursedMod:Stigma","TheCursedMod:CursedShiv"],"picked":"TheCursedMod:OutForBlood","floor":11.0},{"not_picked":["TheCursedMod:ReleasedKnowledge","TheCursedMod:SpitefulPlan"],"picked":"TheCursedMod:ForbiddenAlchemy","floor":12.0},{"not_picked":["TheCursedMod:Wield","TheCursedMod:HellsGateOpen","Burning Pact"],"picked":"TheCursedMod:TacticalStrike","floor":14.0},{"not_picked":["TheCursedMod:ManaCirculation","TheCursedMod:CircleOfAbyss","TheCursedMod:ShockAndAwe"],"picked":"Barricade","floor":16.0},{"not_picked":["TheCursedMod:CursedStaff+1","TheCursedMod:CircleOfFocus","Flame Barrier"],"picked":"TheCursedMod:Stigma+1","floor":18.0},{"not_picked":["TheCursedMod:Torture","TheCursedMod:Evocation","Metallicize"],"picked":"TheCursedMod:SpitefulStrike","floor":21.0},{"not_picked":["TheCursedMod:CircleOfCorruption","TheCursedMod:CircleOfFlame","Dark Embrace"],"picked":"TheCursedMod:CursedAmulet","floor":22.0},{"not_picked":["TheCursedMod:FleshFromBone+1","TheCursedMod:SpitefulStrike","True Grit"],"picked":"TheCursedMod:WearCloak+1","floor":23.0},{"not_picked":["TheCursedMod:CursedMace","TheCursedMod:RavingStaff","TheCursedMod:DoubleShield"],"picked":"Berserk","floor":27.0},{"not_picked":["TheCursedMod:CursedAmulet+1","TheCursedMod:SoulCrush","Sword Boomerang"],"picked":"TheCursedMod:VoidForm","floor":28.0},{"not_picked":["TheCursedMod:Mangle","TheCursedMod:SoulCrush+1","Burning Pact"],"picked":"TheCursedMod:SurpriseAttack","floor":29.0},{"not_picked":["TheCursedMod:Neurasthenia","TheCursedMod:CursedRelics","hubris:StunningStrike"],"picked":"TheCursedMod:ManaCirculation","floor":33.0},{"not_picked":["TheCursedMod:Obscuration","TheCursedMod:HellsGateOpen","Havoc"],"picked":"TheCursedMod:Stigma+1","floor":35.0},{"not_picked":["TheCursedMod:Stigma+1","TheCursedMod:SmokeScreen","Seeing Red"],"picked":"TheCursedMod:CursedBlade","floor":36.0},{"not_picked":["TheCursedMod:AshesToAshes","TheCursedMod:ReleasedKnowledge","Reckless Charge"],"picked":"TheCursedMod:SpitefulPray","floor":38.0},{"not_picked":["TheCursedMod:SaltUponWound","TheCursedMod:PrepareRite+1","Second Wind"],"picked":"TheCursedMod:CursedStaff+1","floor":39.0},{"not_picked":["TheCursedMod:DemonSword","TheCursedMod:SpitefulPray","Rampage"],"picked":"TheCursedMod:SpitefulPlan+1","floor":40.0},{"not_picked":["Impatience","Secret Technique"],"picked":"Dramatic Entrance","floor":41.0},{"not_picked":["Enlightenment","hubris:Ssssneak"],"picked":"Mind Blast","floor":41.0},{"not_picked":["Swift Strike","Deep Breath"],"picked":"Discovery","floor":41.0},{"not_picked":["TheCursedMod:BlessingInDisguise","TheCursedMod:CircleOfCorruption+1","Combust"],"picked":"TheCursedMod:SurpriseAttack","floor":42.0},{"not_picked":["TheCursedMod:Stigma+1","TheCursedMod:SoulCrush","Havoc"],"picked":"TheCursedMod:SpitefulPlan+1","floor":45.0},{"not_picked":["TheCursedMod:Hemoplague","TheCursedMod:BlessingInDisguise+1","Armaments"],"picked":"TheCursedMod:CursedBlade","floor":48.0},{"not_picked":["TheCursedMod:PrepareRite+1","TheCursedMod:CursedAmulet","hubris:ReadiedAction"],"picked":"TheCursedMod:RavingStaff","floor":54}],"player_experience":467625,"relics_obtained":[{"floor":6.0,"key":"MawBank"},{"floor":8.0,"key":"hubris:BottledRain"},{"floor":9.0,"key":"hubris:MysteriousPyramids"},{"floor":12.0,"key":"hubris:DisguiseKit"},{"floor":23.0,"key":"White Beast Statue"},{"floor":26.0,"key":"Kunai"},{"floor":28.0,"key":"CaptainsWheel"},{"floor":29.0,"key":"Red Mask"},{"floor":40.0,"key":"hubris:DuctTape"},{"floor":42.0,"key":"Art of War"},{"floor":54,"key":"TheCursedMod:Tack"}],"event_choices":[{"damage_healed":0.0,"max_hp_gain":0.0,"max_hp_loss":0.0,"gold_gain":0.0,"event_name":"Living Wall","player_choice":"Grow","floor":4.0,"gold_loss":0.0,"damage_taken":0.0,"cards_upgraded":["TheCursedMod:SpitefulPray"]},{"damage_healed":0.0,"max_hp_gain":0.0,"max_hp_loss":0.0,"gold_gain":0.0,"event_name":"Shining Light","player_choice":"Entered Light","floor":13.0,"gold_loss":0.0,"damage_taken":16.0,"cards_upgraded":["TheCursedMod:Hemoplague","TheCursedMod:Strike_TheCursed"]},{"damage_healed":0.0,"max_hp_gain":0.0,"max_hp_loss":0.0,"gold_gain":0.0,"cards_transformed":["TheCursedMod:Strike_TheCursed"],"event_name":"Transmorgrifier","player_choice":"Transformed","floor":19.0,"gold_loss":0.0,"damage_taken":0.0,"cards_obtained":["TheCursedMod:Mangle"]},{"damage_healed":0.0,"max_hp_gain":0.0,"max_hp_loss":0.0,"gold_gain":0.0,"event_name":"Masked Bandits","player_choice":"Fought Bandits","floor":29.0,"gold_loss":0.0,"damage_taken":0.0},{"damage_healed":0.0,"max_hp_gain":0.0,"max_hp_loss":0.0,"gold_gain":0.0,"event_name":"SensoryStone","player_choice":"Memory 3","floor":41.0,"gold_loss":0.0,"damage_taken":10.0},{"cards_removed":["TheCursedMod:SurpriseAttack"],"damage_healed":0.0,"max_hp_gain":0.0,"max_hp_loss":0.0,"gold_gain":0.0,"event_name":"WeMeetAgain","player_choice":"Gave Card","floor":44.0,"gold_loss":0.0,"damage_taken":0.0,"relics_obtained":["Girya"]}],"is_beta":false,"boss_relics":[{"not_picked":["SacredBark","Astrolabe"],"picked":"TheCursedMod:FourLeafCloverCharm"},{"not_picked":["hubris:TerracottaHorce","Velvet Choker"],"picked":"hubris:HollowSoul"}],"items_purged_floors":[],"is_endless":false,"potions_floor_spawned":[2,3,6,8,11,22,27,28,29,33,35,36,38,39,40,42,45,48,54],"killed_by":"The Heart","ascension_level":10}}