{"host":"o3b7ow6d1xe49css","time":1612593075,"event":{"mods":["Act Like it!","Aspiration","BaseMod","Bestiary","Better Altar","Better Match","Better Note","Better Sensory Stone","Better Skull","Better Third Choice","Colored Powertips","Conspire","Energized Spire","Force Act Four","GifTheSpireLib","Halation","Hermit","Hubris","Infinite Spire","Lobotomy","Minty Spire (QoL Compilation)","Quick Restart","Rare Cards Sparkle","Relic Filter Mod","Reliquary","Replay The Spire","Spicy Shops","Spikes Relics","Spire Arcade","StSLib","Stuff the Spire","The Blue Laboratory","Wandering Minibosses"],"gold_per_floor":[113,128,128,8,83,83,83],"floor_reached":6,"language":"ENG","playtime":161,"items_purged":[],"score":43,"play_id":"57b0372a-aaaa-4a41-819f-6a26c5f5b363","local_time":"20210205213115","daily_mods":["Heirloom","Flight"],"is_ascension_mode":true,"campfire_choices":[],"circlet_count":0,"master_deck":["Strike_B","Strike_B","Strike_B","Strike_B","Defend_B","Defend_B","Defend_B","Defend_B","Zap","Dualcast","Hologram","Leap","UniverseFragment","Injury","Reinforced Body+1","StuffTheSpire:Plugnplay+1"],"relics":["Cracked Core","Ring of Chaos","Peace Pipe","CogitoBucket","Toxic Egg 2"],"acts_visited":["Exordium"],"potions_floor_usage":[6,6],"damage_taken":[{"damage":0,"enemies":"2 Louse","floor":1,"turns":2},{"damage":2,"enemies":"Jaw Worm","floor":2,"turns":6},{"damage":10,"enemies":"Gremlin Nob","floor":6,"turns":5}],"seed_played":"-6026042226984189600","potions_obtained":[{"floor":1,"key":"blueLaboratory:CoolantVial"},{"floor":2,"key":"Languid Potion"}],"is_trial":true,"path_per_floor":["M","M","?","$","?","E"],"character_chosen":"DEFECT","items_purchased":["Reinforced Body+1","StuffTheSpire:Plugnplay+1"],"campfire_rested":0,"item_purchase_floors":[4,4],"current_hp_per_floor":[75,73,73,73,62,52,52],"gold":83,"neow_bonus":"","is_daily":false,"chose_seed":false,"campfire_upgraded":0,"win_rate":0.0,"timestamp":1612593075,"path_taken":["M","M","?","?","?","E"],"items_purchased_type":["Card","Card"],"build_version":"2020-12-22","purchased_purges":0,"victory":false,"max_hp_per_floor":[75,75,75,75,75,75,75],"card_choices":[{"not_picked":["Sweeping Beam","ReplaySolidLightProjector"],"picked":"Hologram","floor":1},{"not_picked":["Heatsinks","Go for the Eyes"],"picked":"Leap","floor":2},{"not_picked":["Wellcheers","PunishingBird","OSAHOGD"],"picked":"Singing Bowl","floor":2},{"not_picked":["OldLady","VoidDream"],"picked":"UniverseFragment","floor":2}],"player_experience":1306846,"relics_obtained":[],"event_choices":[{"damage_healed":0,"gold_gain":75,"player_choice":"Gold","damage_taken":11,"max_hp_gain":0,"max_hp_loss":0,"event_name":"betterThird:BetterGoop","floor":5,"gold_loss":0}],"is_beta":false,"boss_relics":[],"items_purged_floors":[],"is_endless":false,"potions_floor_spawned":[1,2],"killed_by":"Gremlin Nob","ascension_level":5}}