{"host":"kh6fvhxn285ncg0o","time":1612578557,"event":{"mods":["Act Like it!","BaseMod","Colored Map","Friendly Minions","Keyboard Shortcuts","Minty Spire (QoL Compilation)","Quick Restart","Relic Stats","StSLib","SuperFastMode","UnlockEverythingMod"],"gold_per_floor":[119,136,136,154,164,164,191,204,204,204,245,21,21,21],"floor_reached":13,"language":"KOR","playtime":221,"items_purged":["Strike_R"],"score":190,"play_id":"c7830416-738f-4431-b2af-8a4f056f21c4","local_time":"20210206112917","is_ascension_mode":true,"campfire_choices":[{"floor":6.0,"key":"RECALL"}],"circlet_count":0,"master_deck":["AscendersBane","Strike_R","Strike_R","Strike_R","Defend_R","Defend_R","Defend_R","Defend_R","Bash","Clothesline","Evolve","Second Wind","Pommel Strike","Spot Weakness","Feed"],"relics":["Fusion Hammer","Meat on the Bone","Paper Frog","Golden Idol","Gremlin Horn"],"acts_visited":[],"potions_floor_usage":[],"damage_taken":[{"damage":0.0,"enemies":"2 Louse","floor":1.0,"turns":3.0},{"damage":0.0,"enemies":"Cultist","floor":2.0,"turns":3.0},{"damage":3.0,"enemies":"Small Slimes","floor":4.0,"turns":3.0},{"damage":2.0,"enemies":"3 Louse","floor":5.0,"turns":4.0},{"damage":34.0,"enemies":"Gremlin Nob","floor":7.0,"turns":4.0},{"damage":0.0,"enemies":"Large Slime","floor":8.0,"turns":4.0},{"damage":25.0,"enemies":"Lagavulin","floor":11.0,"turns":6.0},{"damage":26,"enemies":"Gremlin Nob","floor":13,"turns":3}],"seed_played":"291213448641859510","potions_obtained":[{"floor":4.0,"key":"SkillPotion"},{"floor":7.0,"key":"BloodPotion"},{"floor":8.0,"key":"Weak Potion"}],"is_trial":false,"path_per_floor":["M","M","?","M","M","R","E","M","T","?","E","$","E"],"character_chosen":"IRONCLAD","items_purchased":["Feed"],"campfire_rested":0,"item_purchase_floors":[12],"current_hp_per_floor":[68,68,68,65,63,63,29,41,41,15,17,17,0,0],"gold":21,"neow_bonus":"BOSS_RELIC","is_daily":false,"chose_seed":false,"campfire_upgraded":0,"win_rate":0.0,"timestamp":1612578557,"path_taken":["M","M","?","?","?","R","E","M","T","?","E","$","E"],"items_purchased_type":["Card"],"build_version":"2020-12-22","purchased_purges":1,"victory":false,"max_hp_per_floor":[75,75,75,75,75,75,75,75,75,75,75,75,75,75],"relic_stats":{"Gremlin Horn":[0,0],"counters":[8,30],"Golden Idol":8,"obtain_stats":[{"Gremlin Horn":11,"Golden Idol":10,"Fusion Hammer":0,"Burning Blood":0,"Meat on the Bone":7,"Paper Frog":9},{"Gremlin Horn":7,"Golden Idol":6,"Fusion Hammer":0,"Burning Blood":0,"Meat on the Bone":5,"Paper Frog":6},{"Gremlin Horn":27,"Golden Idol":21,"Fusion Hammer":0,"Burning Blood":0,"Meat on the Bone":17,"Paper Frog":21}],"Meat on the Bone":24},"card_choices":[{"not_picked":["True Grit","Heavy Blade"],"picked":"Clothesline","floor":1.0},{"not_picked":["Reckless Charge","Ghostly Armor"],"picked":"Evolve","floor":2.0},{"not_picked":["Clothesline","Infernal Blade"],"picked":"Second Wind","floor":4.0},{"not_picked":["Havoc","Armaments"],"picked":"Pommel Strike","floor":5.0},{"not_picked":["Sword Boomerang","Thunderclap"],"picked":"Spot Weakness","floor":7.0}],"player_experience":1327913,"relics_obtained":[{"floor":7.0,"key":"Meat on the Bone"},{"floor":9.0,"key":"Paper Frog"},{"floor":11.0,"key":"Gremlin Horn"}],"event_choices":[{"cards_removed":["Strike_R"],"damage_healed":0.0,"max_hp_gain":0.0,"max_hp_loss":0.0,"gold_gain":0.0,"event_name":"Bonfire Elementals","player_choice":"Offered Basic","floor":3.0,"gold_loss":0.0,"damage_taken":0.0},{"damage_healed":0.0,"max_hp_gain":0.0,"max_hp_loss":0.0,"gold_gain":0.0,"event_name":"Golden Idol","player_choice":"Take Damage","floor":10.0,"gold_loss":0.0,"damage_taken":26.0,"relics_obtained":["Golden Idol"]}],"is_beta":false,"boss_relics":[],"items_purged_floors":[12],"is_endless":false,"potions_floor_spawned":[4,7,8],"killed_by":"Gremlin Nob","ascension_level":20}}