{"host":"zgdag062zrknap1a","time":1612603099,"event":{"mods":["AchievementEnabler","Act Like it!","Aspiration","Bard","BaseMod","BetterRewards","Colored Map","Colored Powertips","Conspire","Downfall","Gensokyo","Hallownest","Hermit","Highlight Path","Hubris","Infinite Spire","Jorbs\u0027s Wanderer Trilogy","Marisa????????","Minty Spire (QoL Compilation)","Quick Restart","Rare Cards Sparkle","Replay The Spire","Shop Mod","StSLib","The Bug Knight","The Cursed","The Hierophant","The Necromancer","The Runesmith","The Servant 0.9.4"],"gold_per_floor":[109,19,19,19,36,70,70,85,109,109,128,128,128,146,146,241,241,258,258,258,275,286,286,303,303,303,303,78,78,78],"floor_reached":29,"language":"ENG","playtime":1623,"items_purged":["Dualcast","Zap","Strike_B","Strike_B"],"score":223,"play_id":"2028f982-7757-4c78-8b69-1725d4b00c9e","local_time":"20210206011819","is_ascension_mode":false,"campfire_choices":[{"floor":10,"key":"RECALL"},{"data":"Gash","floor":13,"key":"SMITH"},{"data":"ReplayTheSpireMod:Dual Polarity","floor":15,"key":"SMITH"},{"data":"Self Repair","floor":23,"key":"SMITH"}],"circlet_count":0,"master_deck":["Defend_B","Defend_B","Defend_B","Defend_B","Machine Learning","Gash+1","Gash","ReplayTheSpireMod:Dual Polarity+1","Leap","Self Repair+1","All For One","ReplayGash","Gash","FTL"],"relics":["MerchantsRug","Geode","hubris:Stopwatch","Replay:Bottled Steam"],"acts_visited":["Exordium","TheCity"],"potions_floor_usage":[11,24,29,29,29],"damage_taken":[{"damage":2,"enemies":"2 Louse","floor":1,"turns":4},{"damage":11,"enemies":"Jaw Worm","floor":5,"turns":4},{"damage":6,"enemies":"Lagavulin","floor":6,"turns":7},{"damage":0,"enemies":"Cultist","floor":8,"turns":5},{"damage":7,"enemies":"Gremlin Gang","floor":11,"turns":4},{"damage":14,"enemies":"2 Fungi Beasts","floor":14,"turns":4},{"damage":49,"enemies":"Fading Forest","floor":16,"turns":11},{"damage":27,"enemies":"2 Thieves","floor":18,"turns":5},{"damage":15,"enemies":"Spheric Guardian","floor":21,"turns":4},{"damage":13,"enemies":"3 Cultists","floor":22,"turns":4},{"damage":34,"enemies":"Cultist and Chosen","floor":24,"turns":8},{"damage":9,"enemies":"Slavers","floor":29,"turns":2}],"seed_played":"2171505512681327312","potions_obtained":[{"floor":5,"key":"Explosive Potion"},{"floor":6,"key":"Dexterity Potion"},{"floor":22,"key":"Venom Potion"},{"floor":24,"key":"Toxic Potion"}],"is_trial":false,"path_per_floor":["M","$","?","?","M","E","T","M","T","R","M","?","R","M","R","B",null,"M","AVR","?","M","M","R","M","?","T","?","$","E"],"character_chosen":"DEFECT","items_purchased":["Machine Learning","Gash","DollysMirror","ReplayTheSpireMod:Dual Polarity","MerchantsRug","Gash","FTL","SteroidPotion"],"campfire_rested":0,"item_purchase_floors":[0,0,0,0,0,28,28,28],"current_hp_per_floor":[38,38,63,63,52,46,46,46,46,46,39,39,39,32,32,20,75,55,55,55,47,41,41,17,17,17,17,17,8,8],"gold":78,"neow_bonus":"","is_daily":false,"chose_seed":false,"campfire_upgraded":3,"win_rate":0.0,"timestamp":1612603099,"path_taken":["M","$","?","?","M","E","?","M","T","R","M","?","R","M","R","BOSS","M","AVR","?","?","M","R","M","?","T","?","?","E"],"items_purchased_type":["Card","Card","Relic","Card","Relic","Card","Card","Potion"],"build_version":"2020-12-22","purchased_purges":4,"victory":false,"max_hp_per_floor":[75,75,75,75,75,75,75,75,75,75,75,75,75,75,75,75,75,75,75,75,75,75,75,75,75,75,75,75,75,75],"card_choices":[{"not_picked":["ReplayTheSpireMod:Dual Polarity","Redo","Cold Snap"],"picked":"SKIP","floor":1},{"not_picked":["Aggregate","Storm","Rebound"],"picked":"SKIP","floor":5},{"not_picked":["Hologram","Reprogram"],"picked":"Leap","floor":6},{"not_picked":["Go for the Eyes","ReplayTheSpireMod:Reroute Power","Panic Button"],"picked":"SKIP","floor":8},{"not_picked":["ReplayTheSpireMod:Repulse","Steam"],"picked":"Self Repair","floor":11},{"not_picked":["Conserve Battery","ReplayTheSpireMod:GoodbyeWorld","Go for the Eyes"],"picked":"SKIP","floor":14},{"not_picked":["Core Surge","Seek"],"picked":"All For One","floor":16},{"not_picked":["Beam Cell","Redo","Compile Driver+1"],"picked":"SKIP","floor":18},{"not_picked":["Steam","ReplaySort"],"picked":"ReplayGash","floor":21},{"not_picked":["Ball Lightning","Genetic Algorithm","Chill+1"],"picked":"SKIP","floor":22},{"not_picked":["ReplayTheSpireMod:Reroute Power","Ball Lightning+1","Sweeping Beam"],"picked":"SKIP","floor":24}],"player_experience":420996,"relics_obtained":[{"floor":6,"key":"Geode"},{"floor":9,"key":"Art of War"},{"floor":26,"key":"Replay:Bottled Steam"}],"event_choices":[{"damage_healed":25,"gold_gain":0,"player_choice":"Banana","damage_taken":0,"max_hp_gain":0,"max_hp_loss":0,"event_name":"Big Fish","floor":3,"gold_loss":0},{"cards_removed":["Strike_B"],"damage_healed":0,"gold_gain":0,"player_choice":"Forget","damage_taken":0,"max_hp_gain":0,"max_hp_loss":0,"event_name":"Living Wall","floor":4,"gold_loss":0},{"damage_healed":0,"gold_gain":0,"player_choice":"0 cards matched","damage_taken":0,"max_hp_gain":0,"max_hp_loss":0,"event_name":"Match and Keep!","floor":12,"gold_loss":0,"cards_obtained":[]},{"cards_removed":["Strike_B"],"damage_healed":0,"gold_gain":0,"player_choice":"Purged","damage_taken":0,"max_hp_gain":0,"max_hp_loss":0,"event_name":"Purifier","floor":20,"gold_loss":0}],"is_beta":false,"boss_relics":[{"not_picked":["ChewingGum","Replay:Ancient Bell"],"picked":"hubris:Stopwatch"}],"items_purged_floors":[0,2,19,28],"is_endless":false,"potions_floor_spawned":[5,6,22,24],"killed_by":"Slavers","ascension_level":0}}