{"host":"wi1dz5t8299iil0b","time":1612583925,"event":{"mods":["2.2 Compatiblity","Act Like it!","Aspiration","Astrologer","BaseMod","Beaked The Cultist","Better Debug","Better Match","Better Note","Better Sensory Stone","Better Synergies","Better Third Choice","BetterRewards","Bossed Relics","Colored Map","Colored Powertips","Communication Mod","Conjunction","Conspire","Downfall","Evolution","Fiend Mod","Fox Events","Friendly Minions","GifTheSpireLib","GungeonMod","Halation","Hallownest","Highlight Path","Hubris","Infinite Spire","Jedi Mod","Lobotomy","Mad Scientist","Minty Spire (QoL Compilation)","Pale of the Ancients","Permanent Neow","RNG Fix","Reliquary","Replay The Spire","Shade Mod","Shop Mod","Spikes Relics","Spire Arcade","StS++","StSLib","Stuff the Spire","The Blackbeard","The Blue Laboratory","The Bug Knight","The Construct","The Cursed","The Death Knight","The Dragonkin","The Druid","The Necromancer","The Problem Sleuth","The Sage","TheHeartMod","TheSurvivalist","Trackpad","Wandering Minibosses","????"],"gold_per_floor":[109,123,123,123,132,132,152,16,39,39,65,87,110,139,139,246,246,272,272,272,283,283,283,283,313,340,340,340,360,213,233,233,341,341,369,225,266,287,317,347,347,347,415,465,493,512,512,539,539,539,539],"floor_reached":50,"language":"ENG","playtime":4563,"items_purged":[],"score":661,"play_id":"bcde2a0c-e6b6-4c84-b9ad-82f3d6917222","local_time":"20210205225845","is_ascension_mode":false,"campfire_choices":[{"data":"theDragonkin:HolyBarrier","floor":6,"key":"SMITH"},{"data":"theDragonkin:DivinePrayer","floor":15,"key":"SMITH"},{"floor":23,"key":"REST"},{"data":"theDragonkin:TwinBreath","floor":27,"key":"SMITH"},{"data":"theDragonkin:Smaugs_Smog","floor":32,"key":"SMITH"},{"floor":42,"key":"REST"},{"floor":47,"key":"REST"},{"floor":49,"key":"REST"}],"circlet_count":0,"master_deck":["theDragonkin:Strike","theDragonkin:Strike","theDragonkin:Strike","theDragonkin:Strike+1","theDragonkin:Defend","theDragonkin:Defend+1","theDragonkin:Defend","theDragonkin:Defend","theDragonkin:HolySmite","theDragonkin:BlazingBreath","theDragonkin:DeepBreath","theDragonkin:HolyBarrier+1","theDragonkin:DivinePrayer","theDragonkin:Smaugs_Smog+1","theDragonkin:CrusaderForm+1","theDragonkin:DivineJolt","theDragonkin:Ravage","theDragonkin:DivinePrayer+1","theDragonkin:MirrorBreath","theDragonkin:TwinBreath+1","theDragonkin:MiasmicBreath+1","theDragonkin:AncestralSeance","theDragonkin:Detox","theDragonkin:Ravage+1","theDragonkin:LightArmor+1","theDragonkin:DivinePrayer+1","Parasite","theDragonkin:StormFront+1","theDragonkin:CorrosiveBelch+1"],"relics":["theDragonkin:GarnetScale","EVO:Axolotl","aspiration:HatOfInfinitePower","CeramicFish","theDragonkin:SunblessedCharm","StSpp:BrokenTotem","Spirit Poop","construct:WeddingRing","trackpad:PocketGalaxy","Kunai","reliquary:Aerogel","StuffTheSpire:GrapeVine","Replay:Bronze Core","trackpad:CultistFigurine","Gremlin Food","hubris:MedicalManual","SpikesRelics:ToyHorsey","infinitespire:FocusingShard","Pondfish Scales"],"acts_visited":["Exordium","TheCity","TheBeyond"],"potions_floor_usage":[33,33,39,46,50,50],"damage_taken":[{"damage":0,"enemies":"Small Slimes","floor":1,"turns":3},{"damage":6,"enemies":"conspire:RoseBush","floor":2,"turns":5},{"damage":0,"enemies":"Cultist","floor":7,"turns":5},{"damage":0,"enemies":"Gremlin Gang","floor":11,"turns":7},{"damage":3,"enemies":"Red Slaver","floor":12,"turns":6},{"damage":8,"enemies":"Lots of Slimes","floor":13,"turns":4},{"damage":0,"enemies":"Exordium Thugs","floor":14,"turns":6},{"damage":0,"enemies":"Hexaghost","floor":16,"turns":9},{"damage":0,"enemies":"3 Byrds","floor":18,"turns":8},{"damage":23,"enemies":"2 Thieves","floor":21,"turns":6},{"damage":0,"enemies":"conspire:SneckoGhost","floor":25,"turns":6},{"damage":13,"enemies":"Centurion and Healer","floor":29,"turns":8},{"damage":1,"enemies":"Chosen and Byrds","floor":31,"turns":5},{"damage":21,"enemies":"hubris:MusketHawk","floor":33,"turns":8},{"damage":1,"enemies":"3 Shapes","floor":35,"turns":4},{"damage":32,"enemies":"conspire:MimicChest","floor":37,"turns":7},{"damage":6,"enemies":"3 Darklings","floor":38,"turns":4},{"damage":4,"enemies":"Writhing Mass","floor":39,"turns":7},{"damage":0,"enemies":"R_Hoarder","floor":40,"turns":6},{"damage":11,"enemies":"Spire Growth","floor":45,"turns":6},{"damage":12,"enemies":"3 Darklings","floor":46,"turns":3},{"damage":16,"enemies":"Giant Head","floor":48,"turns":10},{"damage":77,"enemies":"TheAcolyte","floor":50,"turns":6}],"seed_played":"5926611441842411268","potions_obtained":[{"floor":2,"key":"blueLaboratory:BottledHope"},{"floor":11,"key":"blueLaboratory:NullPotion"},{"floor":13,"key":"DuplicationPotion"},{"floor":21,"key":"PowerPotion"},{"floor":33,"key":"blueLaboratory:EnragingPotion"},{"floor":38,"key":"jedi:tentaclejuice"},{"floor":45,"key":"Conjunction:LightningMarble"},{"floor":48,"key":"Block Potion"}],"is_trial":false,"path_per_floor":["M","M","$","?","?","R","M","$","T","?","M","M","M","M","R","B",null,"M","?","?","M","$","R","?","E","T","R","AVR","M","$","M","R","B",null,"M","$","?","M","M","E","?","R","T","?","M","M","R","E","R","B"],"character_chosen":"THE_DRAGONKIN","items_purchased":["theDragonkin:Smaugs_Smog","trackpad:PocketGalaxy","StuffTheSpire:GrapeVine","trackpad:CultistFigurine"],"campfire_rested":4,"item_purchase_floors":[8,22,30,36],"current_hp_per_floor":[77,71,71,71,71,71,71,71,71,71,71,68,60,60,60,60,77,77,77,77,54,44,67,67,67,67,67,67,54,54,53,53,32,77,76,76,44,38,34,34,34,57,57,57,46,34,57,41,64,0,0],"gold":539,"neow_bonus":"ONE_RARE_RELIC","is_daily":false,"chose_seed":false,"campfire_upgraded":4,"win_rate":0.0,"timestamp":1612583925,"path_taken":["M","M","$","?","?","R","?","?","T","?","M","M","?","M","R","BOSS","M","?","?","?","?","R","?","E","T","R","AVR","?","$","M","R","BOSS","M","$","?","?","M","E","?","R","T","?","M","?","R","E","R","BOSS"],"items_purchased_type":["Card","Relic","Relic","Relic"],"build_version":"2020-12-22","purchased_purges":0,"victory":false,"max_hp_per_floor":[77,77,77,77,77,77,77,77,77,77,77,77,77,77,77,77,77,77,77,77,77,77,77,77,77,77,77,77,77,77,77,77,77,77,77,77,77,77,77,77,77,77,77,77,77,77,77,77,77,77,77],"card_choices":[{"not_picked":["theDragonkin:Sizzle","theDragonkin:HeatShield"],"picked":"theDragonkin:DeepBreath","floor":1},{"not_picked":["theDragonkin:ControlledBreath","theDragonkin:EnduringAgony"],"picked":"theDragonkin:HolyBarrier","floor":2},{"not_picked":["theDragonkin:HolyFlask","theDragonkin:AshBreath"],"picked":"theDragonkin:DivinePrayer","floor":7},{"not_picked":["theDragonkin:PlagueSwipe","theDragonkin:DivineBreath"],"picked":"theDragonkin:CrusaderForm","floor":11},{"not_picked":["theDragonkin:EmberSwipe","theDragonkin:AcidRain"],"picked":"theDragonkin:DivineJolt","floor":12},{"not_picked":["theDragonkin:FlameBreath","theDragonkin:AncestralSeance"],"picked":"theDragonkin:Ravage","floor":13},{"not_picked":["theDragonkin:GoldenFlames","theDragonkin:HeatShield"],"picked":"theDragonkin:DivinePrayer","floor":14},{"not_picked":["theDragonkin:CinderStorm","theDragonkin:AshenArmor"],"picked":"theDragonkin:MirrorBreath","floor":16},{"not_picked":["theDragonkin:EmberSwipe","theDragonkin:BurningRage"],"picked":"theDragonkin:TwinBreath","floor":18},{"not_picked":["theDragonkin:BurningRage","theDragonkin:SlowBurn","theDragonkin:Ashfall+1"],"picked":"SKIP","floor":21},{"not_picked":["theDragonkin:SandBreath","theDragonkin:ChainsOfTruth","theDragonkin:FlameClaw+1"],"picked":"SKIP","floor":25},{"not_picked":["theDragonkin:Sizzle","theDragonkin:EmberSwipe+1"],"picked":"theDragonkin:MiasmicBreath+1","floor":29},{"not_picked":["theDragonkin:MiasmicBreath","theDragonkin:CrusaderForm"],"picked":"theDragonkin:AncestralSeance","floor":31},{"not_picked":["theDragonkin:Condemnation","theDragonkin:ShieldBash"],"picked":"theDragonkin:Detox","floor":33},{"not_picked":["theDragonkin:Sizzle+1","theDragonkin:DivineFire"],"picked":"theDragonkin:Ravage+1","floor":35},{"not_picked":["theDragonkin:HallowedGround","theDragonkin:GoldenFlames+1"],"picked":"theDragonkin:LightArmor+1","floor":37},{"not_picked":["theDragonkin:MagmaScales+1","theDragonkin:FlameWard"],"picked":"theDragonkin:DivinePrayer+1","floor":38},{"not_picked":["theDragonkin:AshBreath","theDragonkin:DeepBreath"],"picked":"theDragonkin:StormFront+1","floor":39},{"not_picked":["theDragonkin:ShieldGlare+1","theDragonkin:CinderStorm","theDragonkin:DivineBreath"],"picked":"SKIP","floor":40},{"not_picked":["theDragonkin:FlameWard+1","theDragonkin:SlowBurn+1"],"picked":"theDragonkin:CorrosiveBelch+1","floor":45},{"not_picked":["theDragonkin:BurningRage","theDragonkin:DivineFire+1","theDragonkin:FlameClaw+1"],"picked":"SKIP","floor":46},{"not_picked":["theDragonkin:CinderStorm","theDragonkin:MiasmicBreath+1","theDragonkin:FlameWard+1"],"picked":"SKIP","floor":48}],"player_experience":179701,"relics_obtained":[{"floor":4,"key":"CeramicFish"},{"floor":9,"key":"StSpp:BrokenTotem"},{"floor":25,"key":"Kunai"},{"floor":26,"key":"reliquary:Aerogel"},{"floor":37,"key":"Gremlin Food"},{"floor":40,"key":"hubris:MedicalManual"},{"floor":43,"key":"SpikesRelics:ToyHorsey"},{"floor":44,"key":"infinitespire:FocusingShard"},{"floor":48,"key":"Pondfish Scales"}],"event_choices":[{"cards_removed":["Doubt"],"damage_healed":0,"gold_gain":0,"player_choice":"Offered Curse","damage_taken":0,"relics_obtained":["Spirit Poop"],"max_hp_gain":0,"max_hp_loss":0,"event_name":"Bonfire Elementals","floor":10,"gold_loss":0},{"damage_healed":0,"gold_gain":0,"player_choice":"Ignored","damage_taken":0,"max_hp_gain":0,"max_hp_loss":0,"event_name":"betterNote:BetterNote","floor":19,"gold_loss":0,"cards_obtained":["infinitespire:UltimateForm"]},{"damage_healed":0,"gold_gain":0,"player_choice":"Bought 0 Potions","damage_taken":0,"max_hp_gain":0,"max_hp_loss":0,"event_name":"The Woman in Blue","floor":20,"gold_loss":0},{"damage_healed":0,"gold_gain":0,"player_choice":"Ignored","damage_taken":0,"max_hp_gain":0,"max_hp_loss":0,"event_name":"Vampires","floor":24,"gold_loss":0}],"is_beta":false,"boss_relics":[{"not_picked":["Runic Pyramid","Tiny House"],"picked":"construct:WeddingRing"},{"not_picked":["trackpad:StolenKidneys","aspiration:PoetsPen_weak"],"picked":"Replay:Bronze Core"}],"items_purged_floors":[],"is_endless":false,"potions_floor_spawned":[2,11,13,16,21,29,33,38,45,48],"killed_by":"TheAcolyte","ascension_level":0}}