{"host":"5v9rfzf5qju8k9wy","time":1612589723,"event":{"mods":["Act Like it!","BaseMod","Gensokyo","Jorbs\u0027s Wanderer Trilogy","Marisa£®ÏF”Í°°ƒß¿Ì…≥£©","Minty Spire (QoL Compilation)","StSLib","Youmu£®ªÍ∆«—˝√Œ£©"],"gold_per_floor":[117,117,67,83,83,108,108,128,181,181,198,198,237,256,256,382,382,416,416,477,477,477,477],"floor_reached":22,"language":"ZHS","playtime":1511,"items_purged":[],"score":217,"play_id":"719f15f9-289b-40b3-a124-ff5554ba6377","local_time":"20210206133523","is_ascension_mode":false,"campfire_choices":[{"data":"stsjorbsmod:Index","floor":7,"key":"SMITH"},{"data":"stsjorbsmod:FranticSearch","floor":10,"key":"SMITH"},{"data":"stsjorbsmod:EyeOfTheStorm","floor":15,"key":"SMITH"}],"circlet_count":0,"master_deck":["stsjorbsmod:ForbiddenGrimoire+1","stsjorbsmod:Strike_Wanderer","stsjorbsmod:Strike_Wanderer","stsjorbsmod:Defend_Wanderer","stsjorbsmod:Defend_Wanderer","stsjorbsmod:Defend_Wanderer+1","stsjorbsmod:Defend_Wanderer","stsjorbsmod:FreshAdventure","stsjorbsmod:EyeOfTheStorm+1","stsjorbsmod:FranticSearch+1","stsjorbsmod:Index+1","stsjorbsmod:ScorchingRay","stsjorbsmod:Prepare","stsjorbsmod:FracturedMind","stsjorbsmod:AnimateObjects","stsjorbsmod:LocateObject","stsjorbsmod:ArcaneForm","CurseOfTheBell","stsjorbsmod:Firebolt+1","Necronomicurse"],"relics":["stsjorbsmod:GrimoireRelic","NeowsBlessing","Happy Flower","Pen Nib","Centennial Puzzle","Golden Idol","Tiny Chest","Calling Bell","Vajra","Singing Bowl","Bird Faced Urn","Red Mask","Necronomicon"],"acts_visited":["Exordium","TheCity"],"potions_floor_usage":[13,20],"damage_taken":[{"damage":0,"enemies":"Small Slimes","floor":1,"turns":1},{"damage":0,"enemies":"2 Louse","floor":4,"turns":1},{"damage":0,"enemies":"3 Sentries","floor":6,"turns":1},{"damage":0,"enemies":"Cultist","floor":8,"turns":3},{"damage":2,"enemies":"Blue Slaver","floor":11,"turns":3},{"damage":7,"enemies":"Gremlin Nob","floor":13,"turns":4},{"damage":0,"enemies":"Large Slime","floor":14,"turns":4},{"damage":14,"enemies":"The Guardian","floor":16,"turns":12},{"damage":1,"enemies":"3 Byrds","floor":18,"turns":4},{"damage":0,"enemies":"Masked Bandits","floor":20,"turns":5},{"damage":0,"enemies":"Chosen","floor":22,"turns":1}],"seed_played":"215860658994554709","potions_obtained":[{"floor":1,"key":"BlessingOfTheForge"},{"floor":6,"key":"Explosive Potion"},{"floor":13,"key":"SkillPotion"},{"floor":16,"key":"Strength Potion"},{"floor":18,"key":"GamblersBrew"}],"is_trial":false,"path_per_floor":["M","?","?","M","?","E","R","M","T","R","M","?","E","M","R","B",null,"M","?","?","?","M"],"character_chosen":"WANDERER","items_purchased":[],"campfire_rested":0,"item_purchase_floors":[],"current_hp_per_floor":[68,68,68,68,68,68,68,68,68,68,70,53,47,49,49,35,70,72,72,72,56,56,56],"gold":477,"neow_bonus":"THREE_ENEMY_KILL","is_daily":false,"chose_seed":false,"campfire_upgraded":3,"win_rate":0.0,"timestamp":1612589723,"path_taken":["M","?","?","M","?","E","R","M","T","R","?","?","E","M","R","BOSS","M","?","?","?","M"],"items_purchased_type":[],"build_version":"2020-12-22","purchased_purges":0,"victory":false,"max_hp_per_floor":[68,68,68,68,68,68,68,68,68,68,70,70,70,70,70,70,70,72,72,72,72,72,72],"card_choices":[{"not_picked":["stsjorbsmod:FaerieFire","stsjorbsmod:WanderingMind"],"picked":"stsjorbsmod:FranticSearch","floor":1},{"not_picked":["stsjorbsmod:TrueStrike","stsjorbsmod:RayOfFrost"],"picked":"stsjorbsmod:Index","floor":4},{"not_picked":["stsjorbsmod:Index","stsjorbsmod:ParryingBlow"],"picked":"stsjorbsmod:ScorchingRay","floor":6},{"not_picked":["stsjorbsmod:BurningFlask","stsjorbsmod:WeightOfMemory"],"picked":"stsjorbsmod:Prepare","floor":8},{"not_picked":["stsjorbsmod:ScorchingRay","stsjorbsmod:RayOfFrost"],"picked":"stsjorbsmod:FracturedMind","floor":11},{"not_picked":["stsjorbsmod:BurningFlask","stsjorbsmod:UnseenServant"],"picked":"stsjorbsmod:AnimateObjects","floor":13},{"not_picked":["stsjorbsmod:Aid","stsjorbsmod:ScorchingRay"],"picked":"stsjorbsmod:LocateObject","floor":14},{"not_picked":["stsjorbsmod:PurgeMind","stsjorbsmod:Fear"],"picked":"stsjorbsmod:ArcaneForm","floor":16},{"not_picked":["stsjorbsmod:RayOfFrost","stsjorbsmod:DisguiseSelf","stsjorbsmod:Channel"],"picked":"Singing Bowl","floor":18},{"not_picked":["stsjorbsmod:TollTheDead","stsjorbsmod:DeathThroes"],"picked":"stsjorbsmod:Firebolt+1","floor":20}],"player_experience":113082,"relics_obtained":[{"floor":6,"key":"Pen Nib"},{"floor":9,"key":"Centennial Puzzle"},{"floor":13,"key":"Tiny Chest"},{"floor":17,"key":"Vajra"},{"floor":17,"key":"Singing Bowl"},{"floor":17,"key":"Bird Faced Urn"},{"floor":20,"key":"Red Mask"},{"floor":21,"key":"Necronomicon"}],"event_choices":[{"damage_healed":0,"gold_gain":0,"player_choice":"Ignored","damage_taken":0,"max_hp_gain":0,"max_hp_loss":0,"event_name":"Liars Game","floor":2,"gold_loss":0},{"cards_removed":["stsjorbsmod:Strike_Wanderer"],"damage_healed":0,"gold_gain":0,"player_choice":"Card Removal","damage_taken":0,"max_hp_gain":0,"max_hp_loss":0,"event_name":"The Cleric","floor":3,"gold_loss":50},{"damage_healed":0,"gold_gain":0,"player_choice":"Gave Potion","damage_taken":0,"relics_obtained":["Happy Flower"],"max_hp_gain":0,"max_hp_loss":0,"event_name":"WeMeetAgain","floor":5,"gold_loss":0},{"damage_healed":0,"gold_gain":0,"player_choice":"Take Damage","damage_taken":17,"relics_obtained":["Golden Idol"],"max_hp_gain":0,"max_hp_loss":0,"event_name":"Golden Idol","floor":12,"gold_loss":0},{"cards_removed":["stsjorbsmod:Strike_Wanderer"],"damage_healed":0,"gold_gain":0,"player_choice":"Elegance","damage_taken":0,"max_hp_gain":0,"max_hp_loss":0,"event_name":"Back to Basics","floor":19,"gold_loss":0},{"damage_healed":0,"gold_gain":0,"player_choice":"Fought Bandits","damage_taken":0,"max_hp_gain":0,"max_hp_loss":0,"event_name":"Masked Bandits","floor":20,"gold_loss":0},{"damage_healed":0,"gold_gain":0,"player_choice":"Obtained Book","damage_taken":16,"max_hp_gain":0,"max_hp_loss":0,"event_name":"Cursed Tome","floor":21,"gold_loss":0}],"is_beta":false,"boss_relics":[{"not_picked":["SacredBark","Cursed Key"],"picked":"Calling Bell"}],"items_purged_floors":[],"is_endless":false,"potions_floor_spawned":[1,6,13,16,18],"killed_by":"Chosen","ascension_level":0}}