{"host":"92wx9z21c4p52du4","time":1612641782,"event":{"mods":["100% Spire Juice","Arknights","BaseMod","Downfall","Infinite Spire","Lobotomy","Minty Spire (QoL Compilation)","Reliquary","Robot Space Explorer","StSLib","The Blue Laboratory","The Jungle","TheSurvivalist"],"gold_per_floor":[117,292,310,310,73,112,112,163,163,163,214,251,276,308,308,427,427,461,494,494,494,494,494],"floor_reached":22,"language":"ENG","playtime":1132,"items_purged":["Pain","Doubt"],"score":269,"play_id":"3c88a633-9cf9-4b0d-a057-451a61f7d3ca","local_time":"20210206140302","is_ascension_mode":false,"campfire_choices":[{"data":"Study","floor":7,"key":"SMITH"},{"data":"Eruption","floor":10,"key":"SMITH"},{"data":"Omniscience","floor":15,"key":"SMITH"}],"circlet_count":0,"master_deck":["Strike_P","Strike_P","Strike_P","Strike_P","Defend_P","Defend_P","Defend_P","Defend_P","Eruption+1","Vigilance","Omniscience+1","Pray","Study+1","HandOfGreed","BattleHymn","Consecrate","TalkToTheHand","Collect","DeusExMachina","BowlingBash+1","Crescendo+1"],"relics":["PureWater","WarpedTongs","StoneCalendar","reliquary:Solitaire","Eternal Feather","VioletLotus","theJungle:WildMango","Frozen Egg 2"],"acts_visited":["Exordium","Exordium"],"potions_floor_usage":[8,16,18],"damage_taken":[{"damage":0,"enemies":"Small Slimes","floor":1,"turns":2},{"damage":0,"enemies":"Jaw Worm","floor":3,"turns":3},{"damage":2,"enemies":"Cultist","floor":6,"turns":6},{"damage":12,"enemies":"3 Sentries","floor":8,"turns":9},{"damage":0,"enemies":"Gremlin Nob","floor":11,"turns":2},{"damage":9,"enemies":"Exordium Thugs","floor":12,"turns":4},{"damage":7,"enemies":"Large Slime","floor":14,"turns":6},{"damage":0,"enemies":"Slime Boss","floor":16,"turns":5},{"damage":26,"enemies":"theJungle:MUSHROOMGANG","floor":18,"turns":4},{"damage":25,"enemies":"theJungle:GiantWrat","floor":19,"turns":5},{"damage":55,"enemies":"theJungle:2_Snecko_Cultists","floor":22,"turns":2}],"seed_played":"905414264474497992","potions_obtained":[{"floor":3,"key":"blueLaboratory:BubblePotion"},{"floor":8,"key":"blueLaboratory:RememoryPotion"},{"floor":12,"key":"Fire Potion"},{"floor":16,"key":"Swift Potion"},{"floor":18,"key":"blueLaboratory:AlphaPotion"}],"is_trial":false,"path_per_floor":["M","?","M","?","$","M","R","E","T","R","E","M","T","M","R","B",null,"M","M","?","AVR","M"],"character_chosen":"WATCHER","items_purchased":["HandOfGreed"],"campfire_rested":0,"item_purchase_floors":[5],"current_hp_per_floor":[72,72,72,72,72,70,70,58,58,58,58,49,49,42,51,51,72,46,21,35,35,0,0],"gold":494,"neow_bonus":"ONE_RANDOM_RARE_CARD","is_daily":false,"chose_seed":false,"campfire_upgraded":3,"win_rate":0.0,"timestamp":1612641782,"path_taken":["M","?","M","?","$","M","R","E","T","R","E","?","?","M","R","BOSS","M","M","?","AVR","M"],"items_purchased_type":["Card"],"build_version":"2020-12-22","purchased_purges":2,"victory":false,"max_hp_per_floor":[72,72,72,72,72,72,72,72,72,72,72,72,72,72,72,72,72,72,72,86,86,86,86],"card_choices":[{"not_picked":["BowlingBash","Evaluate"],"picked":"Pray","floor":1},{"not_picked":["Indignation","JustLucky"],"picked":"Study","floor":3},{"not_picked":["Collect","Prostrate"],"picked":"BattleHymn","floor":6},{"not_picked":["FlyingSleeves","CutThroughFate"],"picked":"Consecrate","floor":8},{"not_picked":["MentalFortress","Omniscience"],"picked":"TalkToTheHand","floor":11},{"not_picked":["BowlingBash","PathToVictory"],"picked":"Collect","floor":12},{"not_picked":["BowlingBash","CutThroughFate","PathToVictory"],"picked":"SKIP","floor":14},{"not_picked":["Alpha","Judgement"],"picked":"DeusExMachina","floor":16},{"not_picked":["ThirdEye","SashWhip"],"picked":"BowlingBash+1","floor":18},{"not_picked":["ThirdEye","Halt"],"picked":"Crescendo+1","floor":19}],"player_experience":268900,"relics_obtained":[{"floor":8,"key":"StoneCalendar"},{"floor":9,"key":"reliquary:Solitaire"},{"floor":11,"key":"Eternal Feather"}],"event_choices":[{"damage_healed":0,"gold_gain":175,"player_choice":"AGREE","damage_taken":0,"max_hp_gain":0,"max_hp_loss":0,"event_name":"Liars Game","floor":2,"gold_loss":0,"cards_obtained":["Doubt"]},{"damage_healed":0,"gold_gain":0,"player_choice":"Rummage","damage_taken":0,"relics_obtained":["WarpedTongs"],"max_hp_gain":0,"max_hp_loss":0,"event_name":"Accursed Blacksmith","floor":4,"gold_loss":0,"cards_obtained":["Pain"]}],"is_beta":false,"boss_relics":[{"not_picked":["reliquary:WritOfMandamus","Sozu"],"picked":"VioletLotus"}],"items_purged_floors":[5,21],"is_endless":false,"potions_floor_spawned":[3,8,12,16,18],"killed_by":"theJungle:2_Snecko_Cultists","ascension_level":0}}