{"host":"0rqu4i4oge8wiabo","time":1612575566,"event":{"mods":["2.2 Compatiblity","AchievementEnabler","BaseMod","Colored Powertips","Downfall","Hermit","Minty Spire (QoL Compilation)","Replay The Spire","StSLib","The Bug Knight","The Cursed","The Disciple","The Jungle","The Necromancer","The Servant 0.9.4"],"gold_per_floor":[118,118,143,161,161,161,180,180,205,223,223,261,286,307,307,427,427,440,440,440,15,31,72,93,12,58,71,71,71,87,110,110,233,233,253,273,293,293,306,329,329,372,372,372,405,60,76,103,103,103,103],"floor_reached":50,"language":"ENG","playtime":2894,"items_purged":[],"score":601,"play_id":"b51467f5-af15-4fa3-b9bc-8233167a5db8","local_time":"20210206013926","is_ascension_mode":false,"campfire_choices":[{"data":"HollowMod:CycloneSlash","floor":6,"key":"SMITH"},{"data":"HollowMod:MantisMark","floor":8,"key":"SMITH"},{"floor":15,"key":"REST"},{"data":"Apotheosis","floor":32,"key":"SMITH"},{"floor":41,"key":"REST"},{"floor":44,"key":"REST"},{"data":"ReplayTheSpireMod:Uncanny Aura","floor":49,"key":"SMITH"}],"circlet_count":0,"master_deck":["HollowMod:NailStrikeStart","HollowMod:NailStrikeStart","HollowMod:NailStrikeStart","HollowMod:FocusHealStart+1","HollowMod:PogoStrike","Dramatic Entrance","HollowMod:ChannelNail","HollowMod:DoubleDash","HollowMod:CycloneSlash+1","HollowMod:MantisMark+1","HollowMod:DoubleDash","HollowMod:Weaversong","HollowMod:GreatSlash+1","HollowMod:SoulSplash+1","HollowMod:PureNailStrike+1","HollowMod:HeavyBlow+1","RitualDagger","Apotheosis+1","Bandage Up","HollowMod:HowlingWraiths+1","HollowMod:HuntersJournal+1","HollowMod:PerfectDash","Shame","HollowMod:Weaversong","HollowMod:SoulMaster","HollowMod:CornifersMapStart+1","HollowMod:CloakDash+1","HollowMod:MawleksShell","HollowMod:SharpenedNail+1","downfall:Aged","HollowMod:MawleksShell+1","HollowMod:PerfectDash","HollowMod:FallenFury","ReplayTheSpireMod:Uncanny Aura+1","HollowMod:DashSlash+1","Overencumbered","HollowMod:GrimmsGift"],"relics":["HollowMod:VesselMask","Golden Idol","HollowMod:PaleOreRelic","Nunchaku","Astrolabe","Anchor","Replay:Wax Seal","Strawberry","TungstenRod","Cursed Key","Replay:PocketPolymizer","Gremlin Horn","Pet Ghost","Simple Rune","Lee\u0027s Waffle","HollowMod:KingsBrand"],"acts_visited":["Exordium","TheCity","TheBeyond"],"potions_floor_usage":[13,13,16,24,30,33,35,42,47,50,50],"damage_taken":[{"damage":0,"enemies":"2 Louse","floor":1,"turns":2},{"damage":0,"enemies":"Small Slimes","floor":3,"turns":3},{"damage":0,"enemies":"Jaw Worm","floor":4,"turns":3},{"damage":3,"enemies":"Exordium Thugs","floor":7,"turns":4},{"damage":0,"enemies":"Looter","floor":10,"turns":3},{"damage":7,"enemies":"HollowMod:MossKnight","floor":12,"turns":4},{"damage":0,"enemies":"Large Slime","floor":13,"turns":3},{"damage":16,"enemies":"Exordium Wildlife","floor":14,"turns":2},{"damage":0,"enemies":"Slime Boss","floor":16,"turns":6},{"damage":10,"enemies":"Chosen","floor":18,"turns":2},{"damage":10,"enemies":"Spheric Guardian","floor":22,"turns":3},{"damage":24,"enemies":"HollowMod:Nosk","floor":23,"turns":6},{"damage":6,"enemies":"3 Cultists","floor":24,"turns":3},{"damage":0,"enemies":"Centurion and Healer","floor":27,"turns":2},{"damage":5,"enemies":"Cultist and Chosen","floor":30,"turns":5},{"damage":0,"enemies":"Snecko","floor":31,"turns":4},{"damage":53,"enemies":"HollowMod:NKGrimm","floor":33,"turns":8},{"damage":0,"enemies":"Orb Walker","floor":35,"turns":2},{"damage":9,"enemies":"3 Shapes","floor":36,"turns":3},{"damage":5,"enemies":"3 Darklings","floor":39,"turns":2},{"damage":7,"enemies":"4 Shapes","floor":40,"turns":2},{"damage":39,"enemies":"Nemesis","floor":42,"turns":7},{"damage":36,"enemies":"Giant Head","floor":45,"turns":8},{"damage":7,"enemies":"Maw","floor":47,"turns":6},{"damage":108,"enemies":"Awakened One","floor":50,"turns":10}],"seed_played":"-7563072360006230228","potions_obtained":[{"floor":1,"key":"champ:CounterPotion"},{"floor":4,"key":"AttackPotion"},{"floor":7,"key":"Block Potion"},{"floor":10,"key":"PowerPotion"},{"floor":14,"key":"Fire Potion"},{"floor":23,"key":"Adrenaline Potion"},{"floor":24,"key":"SpeedPotion"},{"floor":27,"key":"Block Potion"},{"floor":30,"key":"Energy Potion"},{"floor":36,"key":"Explosive Potion"},{"floor":39,"key":"Fire Potion"},{"floor":40,"key":"sneckomod:MuddlingPotion"},{"floor":45,"key":"sneckomod:MuddlingPotion"}],"is_trial":false,"path_per_floor":["M","?","M","M","?","R","M","R","T","M","?","E","M","M","R","B",null,"M","?","?","$","M","E","M","$","T","M","?","?","M","M","R","B",null,"M","M","?","?","M","M","R","E","T","R","E","$","M","T","R","B"],"character_chosen":"THE_BUGKNIGHT","items_purchased":["Anchor","Apotheosis","Bandage Up","HollowMod:PerfectDash","Lee\u0027s Waffle","HollowMod:PerfectDash","HollowMod:FallenFury","ReplayTheSpireMod:Uncanny Aura"],"campfire_rested":3,"item_purchase_floors":[21,21,21,25,46,46,46,46],"current_hp_per_floor":[75,57,63,63,56,56,63,63,63,63,48,47,53,43,65,75,75,65,65,59,59,49,37,41,41,48,48,48,48,55,61,61,22,82,82,73,42,42,41,34,58,35,35,59,35,89,88,88,88,0,0],"gold":103,"neow_bonus":"RANDOM_COLORLESS","is_daily":false,"chose_seed":false,"campfire_upgraded":4,"win_rate":0.0,"timestamp":1612575566,"path_taken":["M","?","M","M","?","R","M","R","T","M","?","E","M","M","R","BOSS","M","?","?","$","M","E","?","$","T","M","?","?","M","M","R","BOSS","M","M","?","?","M","M","R","E","T","R","E","$","M","?","R","BOSS"],"items_purchased_type":["Relic","Card","Card","Card","Relic","Card","Card","Card"],"build_version":"2020-12-22","purchased_purges":0,"victory":false,"max_hp_per_floor":[75,75,75,75,75,75,75,75,75,75,75,75,75,75,75,75,75,75,75,75,75,75,75,75,75,82,82,82,82,82,82,82,82,82,82,82,82,82,82,82,82,82,82,82,82,89,89,89,89,89,89],"card_choices":[{"not_picked":["ReplayTheSpireMod:Trickstab","Dark Shackles"],"picked":"Dramatic Entrance","floor":0},{"not_picked":["HollowMod:GrimmsGift","HollowMod:CornifersMapStart"],"picked":"HollowMod:ChannelNail","floor":1},{"not_picked":["HollowMod:DescendingDark","HollowMod:FastStrike"],"picked":"HollowMod:DoubleDash","floor":3},{"not_picked":["HollowMod:PureVessel","HollowMod:BaldurShell"],"picked":"HollowMod:CycloneSlash","floor":4},{"not_picked":["HollowMod:GoodIntentions","HollowMod:CoiledNail"],"picked":"HollowMod:MantisMark","floor":7},{"not_picked":["HollowMod:ShadowDash","HollowMod:WraithStrike","HollowMod:SoulSplash"],"picked":"SKIP","floor":10},{"not_picked":["HollowMod:MothsMistake","HollowMod:DashSlash","HollowMod:GrimmsGift"],"picked":"SKIP","floor":12},{"not_picked":["HollowMod:GoodIntentions","HollowMod:WraithStrike"],"picked":"HollowMod:DoubleDash","floor":13},{"not_picked":["HollowMod:NewJinnsSoul","HollowMod:ShadowDash","HollowMod:CornifersMapStart"],"picked":"SKIP","floor":14},{"not_picked":["HollowMod:MidwifesHunger","HollowMod:ZotesMagnificence"],"picked":"HollowMod:Weaversong","floor":16},{"not_picked":["HollowMod:TaintedHusks+1","HollowMod:NewJinnsSoul+1"],"picked":"HollowMod:HeavyBlow+1","floor":18},{"not_picked":["HollowMod:HowlingWraiths","HollowMod:SiblingsShadow","HollowMod:BlackTendrils+1"],"picked":"SKIP","floor":22},{"not_picked":["HollowMod:RecoilStrike","HollowMod:WraithStrike"],"picked":"HollowMod:HowlingWraiths+1","floor":23},{"not_picked":["HollowMod:SiblingsSouls+1","HollowMod:BrokenVessel+1"],"picked":"HollowMod:HuntersJournal+1","floor":24},{"not_picked":["HollowMod:SoulShaman","HollowMod:SoulVessel+1","HollowMod:CornifersMapStart"],"picked":"SKIP","floor":27},{"not_picked":["HollowMod:HowlingWraiths","HollowMod:ShapeofUnn","HollowMod:TaintedHusks+1"],"picked":"SKIP","floor":30},{"not_picked":["HollowMod:ShapeofUnn+1","HollowMod:GoodIntentions"],"picked":"HollowMod:Weaversong","floor":31},{"not_picked":["HollowMod:theNailsmith","HollowMod:AwokenDreamNail"],"picked":"HollowMod:SoulMaster","floor":33},{"not_picked":["HollowMod:DoubleDash+1","HollowMod:SharpenedNail+1"],"picked":"HollowMod:CornifersMapStart+1","floor":35},{"not_picked":["HollowMod:DashSlash+1","HollowMod:SoulSplash"],"picked":"HollowMod:CloakDash+1","floor":36},{"not_picked":["HollowMod:BrokenVessel+1","HollowMod:HeavyBlow"],"picked":"HollowMod:CornifersMapStart","floor":37},{"not_picked":["HollowMod:ShapeofUnn+1","HollowMod:InfectionAssault","HollowMod:HeavyBlow"],"picked":"SKIP","floor":39},{"not_picked":["HollowMod:SoulStrike","HollowMod:NewLittleFool+1","HollowMod:GreatSlash+1"],"picked":"SKIP","floor":40},{"not_picked":["HollowMod:HeavyBlow+1","HollowMod:GreatSlash+1"],"picked":"HollowMod:SharpenedNail+1","floor":42},{"not_picked":["HollowMod:GoodIntentions+1","HollowMod:PureNailStrike"],"picked":"HollowMod:MawleksShell+1","floor":45},{"not_picked":["HollowMod:LifebloodCocoon+1","HollowMod:PureNailStrike+1"],"picked":"HollowMod:DashSlash+1","floor":47}],"player_experience":447681,"relics_obtained":[{"floor":9,"key":"HollowMod:PaleOreRelic"},{"floor":12,"key":"Nunchaku"},{"floor":23,"key":"Replay:Wax Seal"},{"floor":26,"key":"Strawberry"},{"floor":37,"key":"Replay:PocketPolymizer"},{"floor":42,"key":"Gremlin Horn"},{"floor":43,"key":"Pet Ghost"},{"floor":45,"key":"Simple Rune"},{"floor":48,"key":"HollowMod:KingsBrand"}],"event_choices":[{"damage_healed":0,"gold_gain":0,"player_choice":"Take Damage","damage_taken":18,"relics_obtained":["Golden Idol"],"max_hp_gain":0,"max_hp_loss":0,"event_name":"Golden Idol","floor":2,"gold_loss":0},{"cards_removed":["HollowMod:QuickDashStart"],"damage_healed":0,"gold_gain":0,"player_choice":"Card Removal","damage_taken":7,"max_hp_gain":0,"max_hp_loss":0,"event_name":"Golden Wing","floor":5,"gold_loss":0},{"damage_healed":0,"gold_gain":0,"player_choice":"Entered Light","damage_taken":15,"max_hp_gain":0,"max_hp_loss":0,"event_name":"Shining Light","floor":11,"gold_loss":0,"cards_upgraded":["HollowMod:NailStrikeStart","HollowMod:FocusHealStart"]},{"damage_healed":0,"gold_gain":0,"player_choice":"Ignored","damage_taken":0,"max_hp_gain":0,"max_hp_loss":0,"event_name":"Ghosts","floor":19,"gold_loss":0},{"damage_healed":0,"gold_gain":0,"player_choice":"Joined the Cult","damage_taken":6,"max_hp_gain":0,"max_hp_loss":0,"event_name":"Nest","floor":20,"gold_loss":0,"cards_obtained":["RitualDagger"]},{"damage_healed":0,"gold_gain":0,"player_choice":"Ignored","damage_taken":0,"max_hp_gain":0,"max_hp_loss":0,"event_name":"Vampires","floor":28,"gold_loss":0},{"damage_healed":0,"gold_gain":0,"player_choice":"Stole Relic","damage_taken":0,"relics_obtained":["TungstenRod"],"max_hp_gain":0,"max_hp_loss":0,"event_name":"Addict","floor":29,"gold_loss":0,"cards_obtained":["Shame"]},{"damage_healed":0,"gold_gain":0,"player_choice":"Ignored","damage_taken":0,"max_hp_gain":0,"max_hp_loss":0,"event_name":"Mysterious Sphere","floor":38,"gold_loss":0}],"is_beta":false,"boss_relics":[{"not_picked":["Philosopher\u0027s Stone","HollowMod:VoidIdolRelic"],"picked":"Astrolabe"},{"not_picked":["Runic Dome","Runic Pyramid"],"picked":"Cursed Key"}],"items_purged_floors":[],"is_endless":false,"potions_floor_spawned":[1,4,7,10,12,14,23,24,27,30,36,39,40,45],"killed_by":"Awakened One","ascension_level":0}}