{"host":"n1v11un6j7y72mz7","time":1612631417,"event":{"mods":["BaseMod","Downfall","KomeijiMod","Minty Spire (QoL Compilation)","READ ME - Guardian Mod","Reliquary","StSLib","Waifu the Spire"],"gold_per_floor":[99,99,99,99,99,99,99,115,15,165,165,6,6,16,27,132,132,132,150,168,168,168,168,192,92,110,129,14,31,51,51,51,51,51],"floor_reached":32,"language":"ZHS","playtime":1404,"items_purged":["downfall:Icky","Guardian:Strike_Guardian"],"score":253,"play_id":"bbe8fc8e-ef2e-4620-9cf1-40cf7d133593","local_time":"20210207011017","is_ascension_mode":false,"campfire_choices":[{"floor":1,"key":"RECALL"},{"data":"Guardian:Orbwalk","floor":9,"key":"SMITH"},{"data":"Guardian:BaubleBeam","floor":18,"key":"SMITH"},{"data":"RitualDagger","floor":23,"key":"SMITH"},{"data":"Guardian:PrimingBeam","floor":25,"key":"SMITH"}],"circlet_count":0,"master_deck":["Guardian:Strike_Guardian","Guardian:Defend_Guardian","Guardian:Defend_Guardian","Guardian:Defend_Guardian","Guardian:Defend_Guardian","Guardian:CurlUp","Guardian:TwinSlam","Guardian:RollAttack","Guardian:WalkerClaw","Guardian:Orbwalk+1","Guardian:PrimingBeam+1","bronze:Strike","Guardian:RevengeProtocol","Guardian:BaubleBeam+1","RitualDagger+1","Guardian:Gem_Red","Guardian:Gem_Red","Guardian:PrismaticBarrier","Guardian:Gem_Purple"],"relics":["Guardian:ModeShifter","downfall:HeartsMalice","reliquary:HotPoker","downfall:HeartBlessingRed","Question Card","Coffee Dripper","downfall:HeartBlessingBlue"],"acts_visited":["Exordium","TheCity"],"potions_floor_usage":[16,16],"damage_taken":[{"damage":0,"enemies":"Small Slimes","floor":2,"turns":1},{"damage":0,"enemies":"Jaw Worm","floor":3,"turns":1},{"damage":0,"enemies":"2 Louse","floor":6,"turns":1},{"damage":15,"enemies":"2 Fungi Beasts","floor":8,"turns":4},{"damage":0,"enemies":"downfall:FleeingMerchant","floor":12,"turns":4},{"damage":11,"enemies":"Red Slaver","floor":14,"turns":3},{"damage":7,"enemies":"Blue Slaver","floor":15,"turns":4},{"damage":8,"enemies":"SI_SHIV_ARCHETYPE","floor":16,"turns":6},{"damage":11,"enemies":"Shell Parasite","floor":19,"turns":5},{"damage":0,"enemies":"3 Byrds","floor":20,"turns":5},{"damage":16,"enemies":"Snake Plant","floor":26,"turns":4},{"damage":23,"enemies":"Sentry and Sphere","floor":27,"turns":6},{"damage":0,"enemies":"downfall:FleeingMerchant","floor":28,"turns":4},{"damage":8,"enemies":"Centurion and Healer","floor":29,"turns":4},{"damage":15,"enemies":"3 Cultists","floor":30,"turns":6},{"damage":2,"enemies":"Cultist and Chosen","floor":32,"turns":5}],"seed_played":"8270968179233057520","potions_obtained":[{"floor":8,"key":"LiquidMemories"},{"floor":14,"key":"ColorlessPotion"},{"floor":19,"key":"CalmPotion"},{"floor":29,"key":"CalmPotion"}],"is_trial":false,"path_per_floor":["R","M","M","?","?","M","T","M","R","?","T","$","?","M","M","B",null,"R","M","M","?","?","R","T","R","M","M","$","M","M","?","M"],"character_chosen":"GUARDIAN","items_purchased":["Guardian:PrimingBeam","Guardian:Gem_Green"],"campfire_rested":0,"item_purchase_floors":[12,12],"current_hp_per_floor":[80,80,80,85,85,85,85,70,70,70,70,70,70,59,52,44,85,85,74,74,68,68,68,68,78,62,39,39,31,16,16,14,14,14],"gold":51,"neow_bonus":"THREE_ENEMY_KILL","is_daily":false,"chose_seed":false,"campfire_upgraded":4,"win_rate":0.0,"timestamp":1612631417,"path_taken":["R","M","M","?","?","M","T","M","R","?","?","$","?","M","M","BOSS","R","M","M","?","?","R","T","R","M","M","$","?","?","?","M"],"items_purchased_type":["Card","Card"],"build_version":"2020-12-22","purchased_purges":2,"victory":false,"max_hp_per_floor":[80,80,80,85,85,85,85,85,85,85,85,85,85,85,85,85,85,85,85,85,85,85,85,85,95,95,95,95,95,95,95,95,95,95],"card_choices":[{"not_picked":["Guardian:VentSteam","Guardian:Gem_Lightblue"],"picked":"Guardian:Gem_Green","floor":2},{"not_picked":["Guardian:MultiBeam","Guardian:PolyBeam"],"picked":"Guardian:RollAttack","floor":3},{"not_picked":["Guardian:Reroute","Guardian:EvasiveProtocol"],"picked":"Guardian:WalkerClaw","floor":6},{"not_picked":["Guardian:Planning","Guardian:Gem_Cyan"],"picked":"Guardian:Orbwalk","floor":8},{"not_picked":["Guardian:Orbwalk","Guardian:CrystalBeam","Guardian:ChargeCore"],"picked":"Guardian:Gem_Purple","floor":12},{"not_picked":["Guardian:ChargeCore","Guardian:Recover","Guardian:Gem_Crimson"],"picked":"Guardian:RevengeProtocol","floor":14},{"not_picked":["Guardian:VentSteam","Guardian:TimeCapacitor","Guardian:Gem_Purple"],"picked":"Guardian:Gem_Lightblue","floor":15},{"not_picked":["Guardian:TimeSifter","Guardian:StasisField","Guardian:AncientConstruct"],"picked":"Guardian:BaubleBeam","floor":16},{"not_picked":["Guardian:Planning","Guardian:ChargeCore","Guardian:VentSteam"],"picked":"Guardian:Gem_Cyan","floor":19},{"not_picked":["Guardian:Clone+1","Guardian:Recover","Guardian:ChargeUp"],"picked":"Guardian:Gem_Cyan","floor":20},{"not_picked":["Guardian:VentSteam","Guardian:Clone","Guardian:RollAttack+1"],"picked":"Guardian:Gem_Red","floor":26},{"not_picked":["Guardian:VentSteam","Guardian:TemporalStrike","Guardian:CompilePackage"],"picked":"Guardian:Gem_Red","floor":27},{"not_picked":["Guardian:TemporalShield","Guardian:Incinerate","Guardian:Reroute"],"picked":"Guardian:PrismaticBarrier","floor":28},{"not_picked":["Guardian:ChargeCore","Guardian:Planning","Guardian:PrismaticBarrier","Guardian:TemporalStrike+1"],"picked":"SKIP","floor":29},{"not_picked":["Guardian:PolyBeam","Guardian:TemporalStrike","Guardian:WalkerClaw"],"picked":"Guardian:Gem_Purple","floor":30}],"player_experience":177994,"relics_obtained":[{"floor":7,"key":"reliquary:HotPoker"},{"floor":11,"key":"Question Card"}],"event_choices":[{"damage_healed":0,"gold_gain":0,"player_choice":"Donut","damage_taken":0,"max_hp_gain":5,"max_hp_loss":0,"event_name":"Big Fish","floor":4,"gold_loss":0},{"cards_removed":["Guardian:Strike_Guardian"],"damage_healed":0,"gold_gain":0,"player_choice":"Took Card","damage_taken":0,"max_hp_gain":0,"max_hp_loss":0,"event_name":"NoteForYourself","floor":13,"gold_loss":0,"cards_obtained":["bronze:Strike"]},{"cards_removed":["Guardian:Strike_Guardian"],"damage_healed":0,"gold_gain":0,"player_choice":"Card Removal","damage_taken":0,"max_hp_gain":0,"max_hp_loss":0,"event_name":"Wheel of Change","floor":22,"gold_loss":0}],"is_beta":false,"boss_relics":[{"not_picked":["SacredBark","reliquary:RedCape"],"picked":"Coffee Dripper"}],"items_purged_floors":[12,28],"is_endless":false,"potions_floor_spawned":[8,14,19,29],"killed_by":"Cultist and Chosen","ascension_level":0}}