{"host":"dtvgc7uk609653br","time":1612650500,"event":{"mods":["BaseMod","Downfall","Minty Spire (QoL Compilation)","StSLib"],"gold_per_floor":[99,111,111,111,131,143,189,200,217,235,235,245,345,365,375,470,470,470,483,483,500,514,27,27,52,65,88,108,125,125,125,135,231,231,231,231,242,146,146,146,146,161,161,273,273,288,300,148,165,165],"floor_reached":51,"language":"ENG","playtime":2357,"items_purged":["Slimebound:Strike_Slimebound"],"score":769,"play_id":"0eaaa21d-80b4-4b10-868d-72542b4c556e","local_time":"20210206172820","is_ascension_mode":false,"campfire_choices":[{"data":"Slimebound:Tackle","floor":1,"key":"SMITH"},{"data":"Slimebound:TongueLash","floor":18,"key":"SMITH"},{"floor":30,"key":"REST"},{"data":"Slimebound:LivingWall","floor":35,"key":"SMITH"},{"data":"Slimebound:MegaLick","floor":40,"key":"SMITH"},{"data":"Slimebound:Schlurp","floor":43,"key":"SMITH"},{"data":"Slimebound:Gluttony","floor":45,"key":"SMITH"}],"circlet_count":0,"master_deck":["Slimebound:Strike_Slimebound","Slimebound:Tackle+1","Slimebound:Defend_Slimebound","Slimebound:Defend_Slimebound","Slimebound:Defend_Slimebound","Slimebound:Defend_Slimebound","Slimebound:CorrosiveSpit+1","Slimebound:HauntingLick","Slimebound:MegaLick+1","Slimebound:LivingWall+1","Slimebound:LivingWall","Slimebound:Schlurp+1","Slimebound:GoopSpray","Slimebound:TongueLash+1","Slimebound:DouseInSlime","Slimebound:LeechingTouch","Slimebound:Equalize","Slimebound:ItLooksTasty","Slimebound:LeechEnergy","Slimebound:DouseInSlime+1","Slimebound:SpikyOuterGoop+1","Slimebound:MegaLick+1","Slimebound:Schlurp+1","Slimebound:TongueLash+1","Slimebound:Gluttony+1","Slimebound:HauntingLick+1","Slimebound:ItLooksTasty"],"relics":["Slimebound:AbsorbEndCombatUpgraded","Pen Nib","Lizard Tail","Busted Crown","downfall:KnowingSkull","Medical Kit","Pear","Toxic Egg 2","Nunchaku","Strawberry","Bottled Lightning","DollysMirror","Lee\u0027s Waffle"],"acts_visited":["Exordium","TheCity","TheBeyond"],"potions_floor_usage":[21,25,25,33,33,33,36,50],"damage_taken":[{"damage":0,"enemies":"Cultist","floor":2,"turns":3},{"damage":0,"enemies":"2 Louse","floor":5,"turns":3},{"damage":3,"enemies":"Jaw Worm","floor":6,"turns":3},{"damage":3,"enemies":"Red Slaver","floor":8,"turns":3},{"damage":4,"enemies":"Large Slime","floor":9,"turns":5},{"damage":1,"enemies":"Lots of Slimes","floor":10,"turns":4},{"damage":6,"enemies":"2 Fungi Beasts","floor":12,"turns":4},{"damage":0,"enemies":"Gremlin Gang","floor":14,"turns":5},{"damage":0,"enemies":"Lots of Slimes","floor":15,"turns":6},{"damage":29,"enemies":"WA_ARCHETYPE_RETAIN","floor":16,"turns":8},{"damage":0,"enemies":"Chosen","floor":19,"turns":4},{"damage":22,"enemies":"Chosen and Byrds","floor":21,"turns":6},{"damage":9,"enemies":"Snake Plant","floor":22,"turns":3},{"damage":3,"enemies":"downfall:FleeingMerchant","floor":23,"turns":4},{"damage":38,"enemies":"Gremlin Leader","floor":25,"turns":6},{"damage":1,"enemies":"Shelled Parasite and Fungi","floor":26,"turns":4},{"damage":33,"enemies":"Sentry and Sphere","floor":28,"turns":7},{"damage":11,"enemies":"Centurion and Healer","floor":29,"turns":5},{"damage":13,"enemies":"Snake Plant","floor":32,"turns":4},{"damage":57,"enemies":"DF_ARCHETYPE_CLAW","floor":33,"turns":9},{"damage":12,"enemies":"3 Darklings","floor":36,"turns":10},{"damage":23,"enemies":"Orb Walker","floor":37,"turns":4},{"damage":2,"enemies":"downfall:FleeingMerchant","floor":38,"turns":4},{"damage":21,"enemies":"3 Darklings","floor":42,"turns":6},{"damage":21,"enemies":"downfall:FleeingMerchant","floor":44,"turns":4},{"damage":7,"enemies":"4 Shapes","floor":46,"turns":4},{"damage":25,"enemies":"Transient","floor":47,"turns":5},{"damage":12,"enemies":"Sphere and 2 Shapes","floor":49,"turns":4},{"damage":16,"enemies":"SI_POISON_ARCHETYPE","floor":50,"turns":8}],"seed_played":"-8031664597836445281","potions_obtained":[{"floor":2,"key":"ColorlessPotion"},{"floor":5,"key":"Energy Potion"},{"floor":10,"key":"Explosive Potion"},{"floor":21,"key":"FearPotion"},{"floor":25,"key":"Explosive Potion"},{"floor":28,"key":"Regen Potion"},{"floor":29,"key":"hexamod:SoulburnPotion"},{"floor":31,"key":"CultistPotion"},{"floor":33,"key":"SmokeBomb"},{"floor":42,"key":"EssenceOfSteel"},{"floor":46,"key":"FearPotion"},{"floor":47,"key":"GamblersBrew"},{"floor":49,"key":"SkillPotion"}],"is_trial":false,"path_per_floor":["R","M","?","?","M","M","T","M","M","M","T","M","?","M","M","B",null,"R","M","?","M","M","$","T","E","M","T","M","M","R","?","M","B",null,"R","M","M","$","?","R","T","M","R","$","R","M","M","?","M","B",null],"character_chosen":"SLIMEBOUND","items_purchased":["Slimebound:ItLooksTasty","Medical Kit","Pear","Slimebound:MegaLick+1","DollysMirror","Slimebound:Gluttony","Lee\u0027s Waffle"],"campfire_rested":1,"item_purchase_floors":[23,23,23,38,44,44,48],"current_hp_per_floor":[65,65,65,65,65,65,65,64,65,65,65,64,64,65,65,40,65,65,65,59,45,40,63,63,37,44,51,30,35,59,59,54,20,82,82,71,64,79,79,79,79,68,68,56,56,72,70,89,83,79],"gold":165,"neow_bonus":"UPGRADE_CARD","is_daily":false,"chose_seed":false,"campfire_upgraded":6,"win_rate":0.0,"timestamp":1612650500,"path_taken":["R","M","?","?","M","M","T","M","M","M","?","?","?","?","M","BOSS","R","M","?","?","M","?","T","E","M","?","M","M","R","?","M","BOSS","R","M","M","$","?","R","T","M","R","?","R","M","?","?","M","BOSS"],"items_purchased_type":["Card","Relic","Relic","Card","Relic","Card","Relic"],"build_version":"2020-12-22","purchased_purges":1,"victory":true,"max_hp_per_floor":[65,65,65,65,65,65,65,65,65,65,65,65,65,65,65,65,65,65,65,65,65,65,75,75,75,75,82,82,82,82,82,82,82,82,82,82,82,82,82,82,82,82,82,82,82,82,82,89,89,89],"card_choices":[{"not_picked":["Slimebound:Nibble","Slimebound:DisruptingSlam"],"picked":"Slimebound:HauntingLick","floor":2},{"not_picked":["Slimebound:ItLooksTasty","Slimebound:LeechEnergy"],"picked":"Slimebound:MegaLick","floor":5},{"not_picked":["Slimebound:SplitAcid","Slimebound:FormOfPuddle"],"picked":"Slimebound:LivingWall","floor":6},{"not_picked":["Slimebound:FinishingTackle","Slimebound:SplitSpecialist"],"picked":"Slimebound:LivingWall","floor":8},{"not_picked":["Slimebound:Dissolve","Slimebound:GoopTackle","Slimebound:LivingWall"],"picked":"SKIP","floor":9},{"not_picked":["Slimebound:FlameTackle","Slimebound:LeadByExample","Slimebound:Prepare"],"picked":"SKIP","floor":10},{"not_picked":["Slimebound:SlimeBrawl","Slimebound:MegaLick"],"picked":"Slimebound:Schlurp","floor":12},{"not_picked":["Slimebound:SlimeBarrage","Slimebound:SpikyOuterGoop"],"picked":"Slimebound:GoopSpray","floor":14},{"not_picked":["Slimebound:LeechEnergy","Slimebound:SplitLeeching"],"picked":"Slimebound:TongueLash","floor":15},{"not_picked":["Slimebound:Teamwork","Slimebound:Overexert"],"picked":"Slimebound:DouseInSlime","floor":16},{"not_picked":[],"picked":"Slimebound:LeechingTouch","floor":19},{"not_picked":["Slimebound:FinishingTackle+1"],"picked":"SKIP","floor":21},{"not_picked":[],"picked":"Slimebound:Equalize","floor":22},{"not_picked":["Slimebound:ForwardTackle"],"picked":"SKIP","floor":23},{"not_picked":[],"picked":"Slimebound:LeechEnergy","floor":25},{"not_picked":["Slimebound:ServeAndProtect+1"],"picked":"SKIP","floor":26},{"not_picked":["Slimebound:RollThrough"],"picked":"SKIP","floor":28},{"not_picked":["Slimebound:GrowthPunch+1"],"picked":"SKIP","floor":29},{"not_picked":["Slimebound:DivideAndConquer"],"picked":"SKIP","floor":32},{"not_picked":[],"picked":"Slimebound:DouseInSlime+1","floor":33},{"not_picked":[],"picked":"Slimebound:SpikyOuterGoop+1","floor":37},{"not_picked":["Slimebound:BestDefense"],"picked":"SKIP","floor":38},{"not_picked":["Slimebound:SplitBruiser+1"],"picked":"SKIP","floor":42},{"not_picked":[],"picked":"Slimebound:Schlurp+1","floor":44},{"not_picked":[],"picked":"Slimebound:HauntingLick+1","floor":46},{"not_picked":["Slimebound:ProtectTheBoss"],"picked":"SKIP","floor":47},{"not_picked":[],"picked":"Slimebound:ItLooksTasty","floor":49}],"player_experience":564902,"relics_obtained":[{"floor":7,"key":"Pen Nib"},{"floor":11,"key":"Lizard Tail"},{"floor":24,"key":"Toxic Egg 2"},{"floor":25,"key":"Nunchaku"},{"floor":27,"key":"Strawberry"},{"floor":41,"key":"Bottled Lightning"}],"event_choices":[{"cards_removed":["Slimebound:Strike_Slimebound"],"damage_healed":0,"gold_gain":0,"player_choice":"Card Removal","damage_taken":0,"max_hp_gain":0,"max_hp_loss":0,"event_name":"The Cleric","floor":4,"gold_loss":0}],"is_beta":false,"boss_relics":[{"not_picked":["Velvet Choker","Pandora\u0027s Box"],"picked":"Busted Crown"},{"not_picked":["SacredBark","bronze:MakeshiftBattery"],"picked":"Slimebound:AbsorbEndCombatUpgraded"}],"items_purged_floors":[23],"is_endless":false,"potions_floor_spawned":[2,5,10,14,16,21,25,28,29,32,33,42,46,47,49],"ascension_level":0}}