{"host":"rolltorest","time":1612648518,"event":{"mods":["BaseMod","Minty Spire (QoL Compilation)","Relic Stats","Slay the Relics Exporter","StSLib"],"gold_per_floor":[115,40,55,55,55,87,87,103,103,119,175,205,260,273,273,273,273],"floor_reached":16,"language":"ENG","playtime":420,"items_purged":["Strike_G"],"score":270,"play_id":"1b7ebb49-f45a-4ea0-b64f-92325d30391c","local_time":"20210206135518","is_ascension_mode":true,"campfire_choices":[{"data":"Dagger Spray","floor":15,"key":"SMITH"}],"circlet_count":0,"master_deck":["AscendersBane","Strike_G+1","Strike_G+1","Strike_G+1","Strike_G+1","Defend_G","Defend_G","Defend_G","Defend_G","Defend_G","Survivor","Neutralize","Blade Dance","Poisoned Stab","Dagger Spray+1","Accuracy","Calculated Gamble","Dagger Spray"],"relics":["Ring of the Snake","NeowsBlessing","Pear","NlothsMask","Ancient Tea Set","Bottled Flame","Whetstone"],"acts_visited":["Exordium"],"potions_floor_usage":[16,16],"damage_taken":[{"damage":0,"enemies":"Cultist","floor":1,"turns":1},{"damage":0,"enemies":"2 Louse","floor":3,"turns":1},{"damage":0,"enemies":"Gremlin Nob","floor":6,"turns":1},{"damage":2,"enemies":"Small Slimes","floor":8,"turns":3},{"damage":1,"enemies":"Looter","floor":10,"turns":3},{"damage":14,"enemies":"3 Sentries","floor":11,"turns":6},{"damage":25,"enemies":"3 Sentries","floor":12,"turns":7},{"damage":1,"enemies":"Red Slaver","floor":14,"turns":3},{"damage":8,"enemies":"Slime Boss","floor":16,"turns":5}],"seed_played":"-4573983253607788430","potions_obtained":[{"floor":1,"key":"BlessingOfTheForge"},{"floor":3,"key":"PowerPotion"},{"floor":8,"key":"Poison Potion"}],"is_trial":false,"path_per_floor":["M","$","M","?","?","E","?","M","T","M","?","E","T","M","R","B"],"character_chosen":"THE_SILENT","items_purchased":[],"campfire_rested":0,"item_purchase_floors":[],"current_hp_per_floor":[59,59,59,39,44,54,54,52,52,51,37,12,12,11,11,3,3],"gold":273,"neow_bonus":"THREE_ENEMY_KILL","is_daily":false,"chose_seed":false,"campfire_upgraded":1,"win_rate":0.0,"timestamp":1612648518,"path_taken":["M","$","?","?","?","E","?","?","T","M","?","E","?","M","R","BOSS"],"items_purchased_type":[],"build_version":"2020-12-18","purchased_purges":1,"victory":false,"max_hp_per_floor":[66,66,66,66,71,81,81,81,81,81,81,81,81,81,81,81,81],"relic_stats":{"counters":[9,30],"Whetstone":["Strike_G","Strike_G"],"obtain_stats":[{"Bottled Flame":12,"Pear":6,"NeowsBlessing":0,"Whetstone":13,"Ancient Tea Set":11,"Ring of the Snake":0,"NlothsMask":7},{"Bottled Flame":7,"Pear":3,"NeowsBlessing":0,"Whetstone":7,"Ancient Tea Set":6,"Ring of the Snake":0,"NlothsMask":3},{"Bottled Flame":22,"Pear":3,"NeowsBlessing":0,"Whetstone":22,"Ancient Tea Set":15,"Ring of the Snake":0,"NlothsMask":3}],"Ring of the Snake":[18]},"card_choices":[{"not_picked":["Terror","Footwork"],"picked":"Blade Dance","floor":1},{"not_picked":["Calculated Gamble","Endless Agony"],"picked":"Poisoned Stab","floor":3},{"not_picked":["Burst","Dash"],"picked":"Dagger Spray","floor":6},{"not_picked":["Backflip","Dodge and Roll","Underhanded Strike"],"picked":"SKIP","floor":8},{"not_picked":["Underhanded Strike","Leg Sweep"],"picked":"Accuracy","floor":10},{"not_picked":["Slice","Infinite Blades"],"picked":"Calculated Gamble","floor":11},{"not_picked":["Underhanded Strike","Deflect"],"picked":"Dagger Spray","floor":12},{"not_picked":["Acrobatics","Catalyst","Dodge and Roll"],"picked":"SKIP","floor":14}],"player_experience":1893137,"relics_obtained":[{"floor":6,"key":"Pear"},{"floor":11,"key":"Ancient Tea Set"},{"floor":12,"key":"Bottled Flame"},{"floor":13,"key":"Whetstone"}],"event_choices":[{"damage_healed":0,"gold_gain":0,"player_choice":"Entered Light","damage_taken":20,"max_hp_gain":0,"max_hp_loss":0,"event_name":"Shining Light","floor":4,"gold_loss":0,"cards_upgraded":["Strike_G","Strike_G"]},{"damage_healed":0,"gold_gain":0,"player_choice":"Donut","damage_taken":0,"max_hp_gain":5,"max_hp_loss":0,"event_name":"Big Fish","floor":5,"gold_loss":0},{"damage_healed":0,"gold_gain":0,"player_choice":"Trade","damage_taken":0,"relics_obtained":["NlothsMask"],"max_hp_gain":0,"max_hp_loss":0,"event_name":"FaceTrader","floor":7,"gold_loss":0},{"damage_healed":0,"gold_gain":30,"player_choice":"Searched \u00272\u0027 times","damage_taken":0,"max_hp_gain":0,"max_hp_loss":0,"event_name":"Dead Adventurer","floor":11,"gold_loss":0}],"is_beta":true,"boss_relics":[],"items_purged_floors":[2],"is_endless":false,"potions_floor_spawned":[1,3,8,14],"killed_by":"Slime Boss","ascension_level":20}}