{"host":"Black","time":1612617773,"event":{"mods":["Act Like it!","Always Whale","AlwaysNeverKeys","Aspiration","BaseMod","Beta Mode","BetterRewards","Colored Map","Colored Powertips","Custom Start","DeckTracker","Downfall","FetchMod","Highlight Path","Hubris","Minty Spire (QoL Compilation)","MoreRelics","Quick Restart","Random Character Button","Shop Mod","StSLib","SuperFastMode","Unceasing Turn Reminder","everything is the same but u backflip on backflip"],"gold_per_floor":[0,13,28,58,58,87,87,48,48,64,83,96,96,115,126,222,222,222,222,232,251,263,263,263,277,277,277,302,334,66,95,106,206,206,206,216,216,216,5,39,66,66,82,82,82,95,95,113,128,128],"floor_reached":51,"language":"ENG","playtime":3556,"items_purged":[],"score":769,"play_id":"c7a95ecb-6e72-4110-a1ba-9591df0a0db2","local_time":"20210206142253","is_ascension_mode":false,"campfire_choices":[{"data":"Guardian:CurlUp","floor":1,"key":"SMITH"},{"data":"Guardian:DonusPower","floor":9,"key":"SMITH"},{"floor":13,"key":"REST"},{"data":"Guardian:TemporalShield","floor":18,"key":"SMITH"},{"floor":23,"key":"REST"},{"data":"Chill","floor":27,"key":"SMITH"},{"data":"expansioncontent:StudyTheSpire","floor":47,"key":"SMITH"}],"circlet_count":0,"master_deck":["Guardian:Strike_Guardian","Guardian:Strike_Guardian","Guardian:Strike_Guardian","Guardian:Strike_Guardian","Guardian:Defend_Guardian","Guardian:Defend_Guardian","Guardian:Defend_Guardian","Guardian:CurlUp+1","Guardian:TwinSlam","Guardian:ExploitGems","Guardian:Planning","Guardian:DonusPower+1","Guardian:TemporalStrike","Guardian:ShieldCharger","Guardian:RollAttack","Guardian:TemporalShield+1","Guardian:ConstructionForm","RitualDagger+1","Chill+1","Guardian:ShieldCharger+1","Beam Cell","Guardian:BodySlam","Guardian:RefractedBeam+1","Guardian:Planning","Machine Learning+1","Cold Snap+1","expansioncontent:AwakenDeath","expansioncontent:StudyTheSpire+1","Guardian:Planning+1","Guardian:Gem_Synthetic","Steam Power","Aggregate+1","Rebound"],"relics":["Guardian:ModeShifter","Potion Belt","aspiration:Lifesprig","aspiration:DefectSkillbook","Bottled Lightning","Strawberry","Vajra","Guardian:PickAxe","Pantograph","aspiration:HummingbirdHeart","aspiration:PoetsPen_weak","Nunchaku","Oddly Smooth Stone","Regal Pillow"],"acts_visited":["Exordium","TheCity","TheBeyond"],"potions_floor_usage":[14,16,16,29,33,33,33,50,50,50,50],"damage_taken":[{"damage":6,"enemies":"Cultist","floor":2,"turns":4},{"damage":2,"enemies":"2 Louse","floor":3,"turns":4},{"damage":34,"enemies":"Lagavulin","floor":6,"turns":15},{"damage":10,"enemies":"downfall:FleeingMerchant","floor":8,"turns":4},{"damage":5,"enemies":"Small Slimes","floor":10,"turns":5},{"damage":9,"enemies":"2 Fungi Beasts","floor":11,"turns":4},{"damage":9,"enemies":"Blue Slaver","floor":12,"turns":4},{"damage":0,"enemies":"Large Slime","floor":14,"turns":3},{"damage":3,"enemies":"Red Slaver","floor":15,"turns":3},{"damage":12,"enemies":"SI_SHIV_ARCHETYPE","floor":16,"turns":11},{"damage":20,"enemies":"Shell Parasite","floor":20,"turns":5},{"damage":26,"enemies":"3 Cultists","floor":21,"turns":6},{"damage":19,"enemies":"Snake Plant","floor":22,"turns":4},{"damage":7,"enemies":"Shelled Parasite and Fungi","floor":25,"turns":7},{"damage":1,"enemies":"Slavers","floor":29,"turns":6},{"damage":0,"enemies":"downfall:FleeingMerchant","floor":30,"turns":4},{"damage":28,"enemies":"Gremlin Leader","floor":31,"turns":6},{"damage":0,"enemies":"Snecko","floor":32,"turns":6},{"damage":0,"enemies":"DF_ARCHETYPE_CLAW","floor":33,"turns":7},{"damage":0,"enemies":"3 Darklings","floor":36,"turns":7},{"damage":0,"enemies":"downfall:FleeingMerchant","floor":39,"turns":4},{"damage":0,"enemies":"Nemesis","floor":40,"turns":5},{"damage":0,"enemies":"3 Shapes","floor":43,"turns":4},{"damage":7,"enemies":"Spire Growth","floor":46,"turns":4},{"damage":0,"enemies":"3 Darklings","floor":48,"turns":4},{"damage":0,"enemies":"Maw","floor":49,"turns":5},{"damage":74,"enemies":"IC_BLOCK_ARCHETYPE","floor":50,"turns":10}],"seed_played":"81592946658974832","potions_obtained":[{"floor":10,"key":"Guardian:AcceleratePotion"},{"floor":11,"key":"Block Potion"},{"floor":12,"key":"bronze:BurnAndBuffPotion"},{"floor":14,"key":"BlessingOfTheForge"},{"floor":19,"key":"CultistPotion"},{"floor":20,"key":"SpeedPotion"},{"floor":25,"key":"Dexterity Potion"},{"floor":32,"key":"SpeedPotion"},{"floor":36,"key":"bronze:BurnAndBuffPotion"},{"floor":43,"key":"Guardian:BlockOnCardUsePotion"},{"floor":49,"key":"sneckomod:MuddlingPotion"}],"is_trial":false,"path_per_floor":["R","M","M","?","?","E","T","$","R","M","M","M","R","M","M","B",null,"R","?","M","M","M","R","T","M","?","R","T","E","$","E","M","B",null,"R","M","?","?","$","E","T","R","M","T","?","M","R","M","M","B",null],"character_chosen":"GUARDIAN","items_purchased":["Guardian:ShieldCharger","Pantograph","expansioncontent:StudyTheSpire"],"campfire_rested":2,"item_purchase_floors":[8,30,39],"current_hp_per_floor":[80,74,72,72,72,38,38,28,28,23,14,5,29,29,26,14,80,80,80,60,34,15,39,39,32,39,39,39,38,38,10,10,35,87,87,87,87,87,87,87,87,87,87,87,87,80,80,80,80,13],"gold":128,"neow_bonus":"THREE_RARE_CARDS","is_daily":false,"chose_seed":false,"campfire_upgraded":5,"win_rate":0.0,"timestamp":1612617773,"path_taken":["R","M","M","?","?","E","T","$","R","M","M","M","R","M","M","BOSS","R","?","M","M","M","R","T","M","?","R","?","E","$","E","M","BOSS","R","M","?","?","$","E","T","R","M","?","?","?","R","M","M","BOSS"],"items_purchased_type":["Card","Relic","Card"],"build_version":"2020-12-22","purchased_purges":0,"victory":true,"max_hp_per_floor":[80,80,80,80,80,80,80,80,80,80,80,80,80,80,80,80,80,80,80,80,80,80,80,80,80,87,87,87,87,87,87,87,87,87,87,87,87,87,87,87,87,87,87,87,87,87,87,87,87,87],"card_choices":[{"not_picked":["Guardian:BaubleBeam","Guardian:RevengeProtocol"],"picked":"Guardian:ExploitGems","floor":0},{"not_picked":["Guardian:PiercingHide","Guardian:RollAttack"],"picked":"Guardian:Planning","floor":2},{"not_picked":["Guardian:Gem_Lightblue","Guardian:PrimingBeam"],"picked":"Guardian:Gem_Green","floor":3},{"not_picked":["Guardian:ShieldCharger","Guardian:FloatingOrbs"],"picked":"Guardian:DonusPower","floor":6},{"not_picked":["Guardian:Recover","Guardian:TimeSifter"],"picked":"Guardian:TemporalStrike","floor":8},{"not_picked":["Guardian:Incinerate","Guardian:WalkerClaw"],"picked":"Guardian:Gem_Red","floor":10},{"not_picked":["Guardian:TimeCapacitor","Guardian:WalkerClaw","Guardian:RollAttack"],"picked":"SKIP","floor":11},{"not_picked":["Guardian:TimeCapacitor","Guardian:WalkerClaw"],"picked":"Guardian:RollAttack","floor":11},{"not_picked":["Guardian:BodySlam","Guardian:ArmoredProtocol"],"picked":"Guardian:Gem_Orange","floor":12},{"not_picked":["Guardian:WalkerClaw","Guardian:BronzeArmor"],"picked":"Guardian:TemporalShield","floor":14},{"not_picked":["Guardian:RollAttack","Guardian:Gem_Green"],"picked":"Guardian:Gem_Red","floor":15},{"not_picked":["Guardian:Gem_Synthetic","Guardian:StasisField"],"picked":"Guardian:ConstructionForm","floor":16},{"not_picked":["Streamline","Guardian:ChargeCore","Guardian:PrimingBeam","Capacitor"],"picked":"SKIP","floor":20},{"not_picked":["Guardian:TemporalShield","Guardian:TimeBomb","Guardian:Incinerate+1"],"picked":"Chill","floor":21},{"not_picked":["Guardian:ConstructionForm","Turbo","Guardian:RefractedBeam"],"picked":"Guardian:ShieldCharger+1","floor":22},{"not_picked":["Guardian:PrismaticBeam","Guardian:Harden","Guardian:PolyBeam"],"picked":"Beam Cell","floor":25},{"not_picked":["Guardian:BronzeArmor","hubris:Ukulele+1","Guardian:AncientConstruct"],"picked":"Guardian:BodySlam","floor":29},{"not_picked":["Guardian:Suspension","Hologram","Leap+1"],"picked":"Guardian:RefractedBeam+1","floor":30},{"not_picked":["Go for the Eyes","Guardian:Gem_Red","Ball Lightning"],"picked":"Guardian:Gem_Green","floor":31},{"not_picked":["Sweeping Beam+1","Capacitor+1","Guardian:Reroute"],"picked":"Guardian:Planning","floor":32},{"not_picked":["Electrodynamics","Multi-Cast","Rainbow"],"picked":"Machine Learning","floor":33},{"not_picked":["Guardian:PrimingBeam","Rebound","Barrage"],"picked":"Cold Snap+1","floor":36},{"not_picked":["expansioncontent:InvincibleStrength","expansioncontent:Hexaburn"],"picked":"expansioncontent:AwakenDeath","floor":37},{"not_picked":["Guardian:PrimingBeam+1","Go for the Eyes","Guardian:Gem_Cyan"],"picked":"Guardian:Gem_White","floor":39},{"not_picked":["Guardian:Gem_Crimson","Buffer","Static Discharge"],"picked":"Guardian:Planning+1","floor":40},{"not_picked":["Barrage","Ball Lightning+1","Stack"],"picked":"Guardian:Gem_Orange","floor":43},{"not_picked":["Guardian:WalkerClaw+1","Guardian:ChargeCore","Beam Cell"],"picked":"Steam Power","floor":46},{"not_picked":["Conserve Battery+1","Guardian:WalkerClaw","Reprogram+1"],"picked":"Aggregate+1","floor":48},{"not_picked":["Guardian:Gem_Red","Guardian:Reroute","Force Field"],"picked":"Rebound","floor":49}],"player_experience":487287,"relics_obtained":[{"floor":6,"key":"Potion Belt"},{"floor":7,"key":"aspiration:Lifesprig"},{"floor":24,"key":"Bottled Lightning"},{"floor":28,"key":"Vajra"},{"floor":29,"key":"Guardian:PickAxe"},{"floor":31,"key":"aspiration:HummingbirdHeart"},{"floor":40,"key":"Nunchaku"},{"floor":41,"key":"Oddly Smooth Stone"},{"floor":44,"key":"Regal Pillow"}],"event_choices":[{"cards_removed":["Guardian:Defend_Guardian"],"damage_healed":0,"gold_gain":0,"player_choice":"Offered Basic","damage_taken":0,"max_hp_gain":0,"max_hp_loss":0,"event_name":"Bonfire Elementals","floor":45,"gold_loss":0}],"is_beta":true,"boss_relics":[{"not_picked":["hubris:GrandSneckoEye","aspiration:SecretTechniqueScroll"],"picked":"aspiration:DefectSkillbook"},{"not_picked":["aspiration:RitualDagger","hubris:Stopwatch"],"picked":"aspiration:PoetsPen_weak"}],"items_purged_floors":[],"is_endless":false,"potions_floor_spawned":[10,11,12,14,20,25,32,36,43,49],"ascension_level":0}}