{"host":"Tonhão","time":1612637544,"event":{"mods":["Aspiration","BaseMod","Better Third Choice","Conspire","Downfall","Friendly Minions","Halation","Hermit","Highlight Path","Hubris","Infinite Spire","Jedi Mod","Minty Spire (QoL Compilation)","Relic Sorter","Reliquary","Replay The Spire","Spicy Shops","StSLib","The Animator","The Construct","The Cursed","The Jester","The Senshi","The Servant 0.9.4"],"gold_per_floor":[117,137,137,152,172,172,29,62,89,115,115,115,115,127,127,225,225,236,255,13,25,25,25,50,50,50,50,50,4,17,42,42,137,137,151,167,67,67,67,101,101,29,52,52,86,86,111,111,111,206,206,217,217,236,236,242,242,253,253,253,260,260,216,216],"floor_reached":63,"language":"ENG","playtime":5003,"items_purged":["hubris:Wrath"],"score":1057,"play_id":"6dad3c18-2e8f-4994-ad4d-0e9e538125c9","local_time":"20210206155224","is_ascension_mode":true,"campfire_choices":[{"floor":6,"key":"REST"},{"floor":11,"key":"REST"},{"floor":13,"key":"REST"},{"floor":15,"key":"REST"},{"data":"Crow Ritual","floor":23,"key":"SMITH"},{"floor":25,"key":"REST"},{"data":"sneckomod:UnknownColorless","floor":32,"key":"SMITH"},{"floor":41,"key":"REST"},{"floor":49,"key":"REST"},{"floor":57,"key":"DIG"},{"floor":62,"key":"DIG"}],"circlet_count":0,"master_deck":["Metamorphosis","Chrysalis","Chaos","Strike_J","Strike_J","Strike_J","Defend_J","Defend_J","Defend_J","Defend_J","Mayhem","sneckomod:UnknownClassTHE_UNNAMED","hermit:Brawl+1","jedi:LeechingStrike","Crow Ritual+1","Deep Breath","Discovery+1","theSenshi:LateForSchool","sneckomod:UnknownColorless+1","animator:Kira","sneckomod:UnknownClassDEFAULT_GRAY_COLOR+1","sneckomod:UnknownStrength+1","sneckomod:SlitherStrike","Clumsy","animator:Curse_GriefSeed","sneckomod:Restock","Pot Of Greed","Pot Of Greed","Pot Of Greed","Panache"],"relics":["Carousel","halation:PinkSoulGem","FaceOfCleric","Guardian:BottledAnomaly","Dream Catcher","hubris:OldNail","reliquary:PorcupineQuills","Sozu","ReplayTheSpireMod:ShopPack","aspiration:HummingbirdHeart","Pear","hubris:DisguiseKit","halation:SwordOfLegend","Empty Cage","expansioncontent:StudyCardRelic","bronze:DecasWashers","halation:PapillonHeart","hubris:Potato","Shovel","Slimebound:StickyStick","infinitespire:Beetle Shell","halation:PromiseList","Replay:Ancient Bell","hexamod:BolsterEngine","infinitespire:EmpoweringShard","hubris:64BitClover","Grinning Jar","reliquary:PorcupineQuills","hubris:BottledRain","halation:Trompette","theSenshi:FeatherClipsRelic"],"acts_visited":["Exordium","TheCity","TheBeyond","Exordium"],"potions_floor_usage":[8,18],"damage_taken":[{"damage":5,"enemies":"conspire:RoseBush","floor":1,"turns":4},{"damage":20,"enemies":"infinitespire:Voidling","floor":2,"turns":4},{"damage":0,"enemies":"Small Slimes","floor":4,"turns":3},{"damage":12,"enemies":"conspire:2 RoseBushes","floor":5,"turns":5},{"damage":17,"enemies":"Lagavulin","floor":8,"turns":8},{"damage":43,"enemies":"Gremlin Nob","floor":10,"turns":6},{"damage":16,"enemies":"Large Slime","floor":14,"turns":5},{"damage":0,"enemies":"Fading Forest","floor":16,"turns":11},{"damage":22,"enemies":"conspire:FuzzyDice","floor":18,"turns":4},{"damage":10,"enemies":"Chosen","floor":19,"turns":6},{"damage":1,"enemies":"conspire:HollyBat","floor":21,"turns":6},{"damage":20,"enemies":"Slavers","floor":24,"turns":3},{"damage":11,"enemies":"Snecko","floor":30,"turns":5},{"damage":84,"enemies":"hubris:MusketHawk","floor":33,"turns":8},{"damage":6,"enemies":"Orb Walker","floor":35,"turns":5},{"damage":14,"enemies":"3 Darklings","floor":36,"turns":5},{"damage":61,"enemies":"Nightmare","floor":40,"turns":6},{"damage":0,"enemies":"conspire:MimicChest","floor":45,"turns":2},{"damage":62,"enemies":"Giant Head","floor":47,"turns":7},{"damage":58,"enemies":"hubris:GrandSnecko","floor":50,"turns":7},{"damage":0,"enemies":"Cultist","floor":52,"turns":1},{"damage":0,"enemies":"Small Slimes","floor":54,"turns":1},{"damage":0,"enemies":"Jaw Worm","floor":56,"turns":1},{"damage":0,"enemies":"Gremlin Nob","floor":58,"turns":3},{"damage":7,"enemies":"3 Sentries","floor":61,"turns":3},{"damage":121,"enemies":"Nightmare","floor":63,"turns":4}],"seed_played":"-1549414839171702982","potions_obtained":[{"floor":4,"key":"Doom Potion"},{"floor":5,"key":"jedi:wingpotion"},{"floor":16,"key":"Adrenaline Potion"}],"is_trial":false,"path_per_floor":["M","M","?","M","M","R","$","E","T","E","R","?","R","M","R","B",null,"M","M","$","M","?","R","E","R","T","?","?","$","M","?","R","B",null,"M","M","NS","AVR","?","NM","R","$","T","$","?","?","E","?","R","B",null,"M","?","M","?","M","R","E","?","T","E","R","NM"],"character_chosen":"JEVIL_CLASS","items_purchased":["Guardian:BottledAnomaly","ReplayTheSpireMod:ShopPack","aspiration:HummingbirdHeart","theSenshi:LateForSchool","Shovel"],"campfire_rested":7,"item_purchase_floors":[7,20,20,29,42],"current_hp_per_floor":[70,57,57,58,47,70,70,54,54,12,35,35,58,43,67,83,83,67,64,64,64,64,64,55,84,84,94,94,94,90,90,89,13,99,94,87,87,87,87,36,77,77,77,77,78,78,37,37,69,32,100,101,101,102,112,113,113,114,107,107,101,107,0,0],"gold":216,"neow_bonus":"RANDOM_COLORLESS_2","is_daily":false,"chose_seed":false,"campfire_upgraded":2,"win_rate":0.0,"timestamp":1612637544,"path_taken":["M","M","?","?","M","R","$","E","T","E","R","?","R","M","R","BOSS","M","M","$","M","?","R","E","R","T","?","?","$","?","?","R","BOSS","M","M","NS","AVR","?","NM","R","$","T","$","?","?","E","?","R","BOSS","M","?","?","?","?","R","E","?","T","E","R","NM"],"items_purchased_type":["Relic","Relic","Relic","Card","Relic"],"build_version":"2020-11-17","purchased_purges":1,"victory":false,"max_hp_per_floor":[75,75,75,76,77,77,77,78,78,79,79,79,79,80,80,83,83,84,85,85,86,86,86,97,97,97,97,97,97,98,98,98,99,99,100,101,101,101,96,97,97,97,97,97,98,98,99,99,99,100,100,101,101,102,112,113,113,114,114,114,115,115,115,115],"card_choices":[{"not_picked":["Panache","jedi:cleanse"],"picked":"Mayhem","floor":0},{"not_picked":["hermit:Desperado","Hologram","Go for the Eyes"],"picked":"SKIP","floor":1},{"not_picked":["hermit:Dive","animator:Chung"],"picked":"sneckomod:UnknownClassTHE_UNNAMED","floor":2},{"not_picked":["Guardian:Gem_Lightblue","Slimebound:SamplingLick"],"picked":"ReplayTheSpireMod:Scrap Shanks","floor":4},{"not_picked":["TheCursedMod:SpitefulStrike","animator:Kuribayashi"],"picked":"hermit:Brawl","floor":5},{"not_picked":["bronze:BuggyMess","hexamod:SpectralSpark","Panic Button"],"picked":"SKIP","floor":8},{"not_picked":["ClearTheMind","Heatsinks","Havoc"],"picked":"SKIP","floor":10},{"not_picked":["theSenshi:MoonPower","construct:Versatility","hexamod:StepThrough"],"picked":"SKIP","floor":14},{"not_picked":["Multi-Cast","hexamod:ApocalypseNow"],"picked":"jedi:LeechingStrike","floor":16},{"not_picked":["champ:FocusedBerserking+1","Compile Driver+1","Beam Cell+1"],"picked":"SKIP","floor":18},{"not_picked":["hexamod:AdvancingGuard","PathToVictory"],"picked":"Riddle With Holes+1","floor":19},{"not_picked":["Magnetism","HandOfGreed"],"picked":"Crow Ritual","floor":20},{"not_picked":["Purity","ReplayTheSpireMod:Private Reserves"],"picked":"Deep Breath","floor":20},{"not_picked":["Bandage Up","ReplayTheSpireMod:Private Reserves"],"picked":"Discovery","floor":20},{"not_picked":["theSenshi:TuxedoSmokingBomber","animator:HiiragiShinya","Cold Snap"],"picked":"SKIP","floor":21},{"not_picked":["theSenshi:MoonCrystalPowerMakeUp","Slimebound:Schlurp","theSenshi:MoonCosmicPowerMakeUp"],"picked":"SKIP","floor":24},{"not_picked":["theSenshi:SailorJupiterAssists","champ:StanceDance"],"picked":"sneckomod:MasterEye+1","floor":25},{"not_picked":["Clash","animator:LeleiLaLalena","sneckomod:DiceCrush","sneckomod:DiceBlock"],"picked":"SKIP","floor":30},{"not_picked":["TheCursedMod:CursedArmor","Worship","Guardian:ArmoredProtocol"],"picked":"sneckomod:UnknownColorless","floor":31},{"not_picked":["hexamod:TimeOfNeed","champ:EnchantShield","sneckomod:Transmogrify"],"picked":"animator:Kira","floor":33},{"not_picked":["bronze:FineTuning+1","bronze:WildBeam","sneckomod:DefensiveFlair"],"picked":"sneckomod:UnknownClassDEFAULT_GRAY_COLOR+1","floor":35},{"not_picked":["TheCursedMod:SmokeScreen","sneckomod:DefensiveFlair","sneckomod:UnknownClassCONSTRUCTMOD"],"picked":"sneckomod:UnknownStrength+1","floor":36},{"not_picked":["animator:Envy","TheCursedMod:CursedRelics","Guardian:WalkerClaw+1"],"picked":"sneckomod:SlitherStrike","floor":40},{"not_picked":["construct:VentSteam+1","animator:SuzuneAmano+1","TheCursedMod:Torture","sneckomod:UnknownVulnerable"],"picked":"SKIP","floor":47},{"not_picked":["hexamod:ForkedFlame","Slimebound:WasteNot","champ:Improvising"],"picked":"sneckomod:Cheat","floor":50},{"not_picked":["downfall:Aged","hubris:Lust","conspire:NecroticWound"],"picked":"Spreading Infection","floor":51},{"not_picked":["TheCursedMod:Dregs","hubris:Wrath","animator:Curse_Nutcracker"],"picked":"Clumsy","floor":51},{"not_picked":["hubris:Wrath","hubris:Envy","ReplayTheSpireMod:Meltdown Sequence"],"picked":"animator:Curse_GriefSeed","floor":51},{"not_picked":["champ:BladeFlurry","Guardian:Reroute","animator:ElricEdward","sneckomod:UnknownClassBLUE"],"picked":"SKIP","floor":52},{"not_picked":["GearUp","Body Slam","hexamod:SuperheatedStrike"],"picked":"sneckomod:Restock","floor":54},{"not_picked":["BowlingBash","TheCursedMod:CircleOfCorruption","ReplayTheSpireMod:Muscle Training","sneckomod:MixItUp"],"picked":"SKIP","floor":56},{"not_picked":["bronze:Deprecate","Guardian:Gem_Red","sneckomod:UnknownClassTHE_BRONZE_AUTOMATON"],"picked":"Panache","floor":58},{"not_picked":["Snipe","Rewind","Reckless Charge","sneckomod:Unknown1Cost"],"picked":"SKIP","floor":61}],"player_experience":140948,"relics_obtained":[{"floor":8,"key":"Dream Catcher"},{"floor":9,"key":"hubris:OldNail"},{"floor":10,"key":"reliquary:PorcupineQuills"},{"floor":24,"key":"Pear"},{"floor":26,"key":"hubris:DisguiseKit"},{"floor":31,"key":"halation:SwordOfLegend"},{"floor":40,"key":"hubris:Potato"},{"floor":43,"key":"Slimebound:StickyStick"},{"floor":45,"key":"infinitespire:Beetle Shell"},{"floor":47,"key":"halation:PromiseList"},{"floor":57,"key":"Grinning Jar"},{"floor":58,"key":"reliquary:SculptingSteel"},{"floor":60,"key":"hubris:BottledRain"},{"floor":61,"key":"halation:Trompette"},{"floor":62,"key":"theSenshi:FeatherClipsRelic"}],"event_choices":[{"damage_healed":0,"gold_gain":0,"player_choice":"Trade","damage_taken":0,"relics_obtained":["FaceOfCleric"],"max_hp_gain":0,"max_hp_loss":0,"event_name":"FaceTrader","floor":3,"gold_loss":0},{"damage_healed":0,"gold_gain":0,"player_choice":"Upgraded","damage_taken":0,"max_hp_gain":0,"max_hp_loss":0,"event_name":"Upgrade Shrine","floor":28,"gold_loss":0,"cards_upgraded":["Discovery"]},{"cards_removed":["Strike_J"],"damage_healed":0,"gold_gain":0,"player_choice":"Removed Attack","damage_taken":0,"max_hp_gain":0,"max_hp_loss":0,"event_name":"Falling","floor":46,"gold_loss":0},{"damage_healed":0,"gold_gain":0,"player_choice":"Got Potions","damage_taken":0,"max_hp_gain":0,"max_hp_loss":0,"event_name":"Lab","floor":53,"gold_loss":0},{"cards_removed":["sneckomod:Cheat"],"damage_healed":0,"gold_gain":0,"player_choice":"Offered Rare","damage_taken":0,"max_hp_gain":10,"max_hp_loss":0,"event_name":"Bonfire Elementals","floor":55,"gold_loss":0},{"cards_removed":["Spreading Infection"],"damage_healed":0,"gold_gain":0,"player_choice":"Card Removal","damage_taken":7,"max_hp_gain":0,"max_hp_loss":0,"event_name":"Golden Wing","floor":59,"gold_loss":0}],"is_beta":true,"boss_relics":[{"not_picked":["jedi:battlestandard","conspire:SlowCooker"],"picked":"Sozu"},{"not_picked":["Cursed Key","aspiration:FutureDiary"],"picked":"Empty Cage"},{"not_picked":["Snecko Eye","halation:Yufonium"],"picked":"Replay:Ancient Bell"},{"not_picked":["bronze:BronzeIdol","aspiration:HiddenCompartment"],"picked":"hexamod:BolsterEngine"},{"not_picked":["reliquary:QuartzCube","hubris:TinFlute"],"picked":"infinitespire:EmpoweringShard"},{"not_picked":["Old Coin","jedi:purplefairy"],"picked":"hubris:64BitClover"}],"items_purged_floors":[20],"is_endless":true,"potions_floor_spawned":[4,5,16,19,30,35,36,40,52,56,61],"killed_by":"Nightmare","ascension_level":1}}