{"host":"xes75gx807s8gyhc","time":1612571431,"event":{"mods":["AchievementEnabler","BaseMod","Colored Powertips","Curses Come First","Minty Spire (QoL Compilation)","Rare Cards Sparkle","Relic Stats","StSLib","Unceasing Turn Reminder","everything is the same but u backflip on backflip"],"gold_per_floor":[112,123,20,35,54,80,80,92,92,124,74,74,102,67,67,171,171,184,94,94,104,104,134,134,159,183,98,111,111,129,161,161,260,260,271,77,77,97,97,129,129,144,144,144,161,111,125,156,156,156],"floor_reached":51,"language":"ENG","playtime":3544,"items_purged":["Strike_G","Strike_G","Flying Knee+1","Noxious Fumes"],"score":939,"play_id":"d0ad1ff9-e149-48d9-a130-1e23a85f6035","local_time":"20210205163031","is_ascension_mode":true,"campfire_choices":[{"data":"Skewer","floor":7,"key":"SMITH"},{"floor":12,"key":"REST"},{"data":"Blade Dance","floor":15,"key":"SMITH"},{"data":"Wraith Form v2","floor":24,"key":"SMITH"},{"data":"Blade Dance","floor":29,"key":"SMITH"},{"data":"Caltrops","floor":32,"key":"SMITH"},{"data":"Wraith Form v2","floor":41,"key":"SMITH"},{"data":"Caltrops","floor":44,"key":"SMITH"},{"data":"Well Laid Plans","floor":49,"key":"SMITH"}],"circlet_count":0,"master_deck":["Defend_G","Defend_G","Defend_G","Defend_G","Defend_G","Neutralize","Skewer+1","Caltrops+1","Blade Dance+1","Well Laid Plans+1","Blade Dance+1","Terror","Dagger Spray+1","Wraith Form v2+1","Outmaneuver+1","Finisher+1","Prepared+1","Bite+1","Bite+1","Bite+1","Bite+1","Bite+1","Footwork+1","Envenom","Wraith Form v2+1","Endless Agony+1","Secret Technique","Caltrops+1","Choke+1","Acrobatics+1","Blade Dance+1"],"relics":["Ring of the Snake","Potion Belt","Bottled Flame","Molten Egg 2","Smiling Mask","Mercury Hourglass","Philosopher\u0027s Stone","MealTicket","Vajra","Anchor","Eternal Feather","Ancient Tea Set","WristBlade","Oddly Smooth Stone","Happy Flower","Bottled Tornado","Boot"],"acts_visited":["Exordium","TheCity","TheBeyond"],"potions_floor_usage":[6,10,10,33,40,50,50,50,50,50],"damage_taken":[{"damage":0.0,"enemies":"Cultist","floor":1.0,"turns":5.0},{"damage":0.0,"enemies":"2 Louse","floor":2.0,"turns":2.0},{"damage":0.0,"enemies":"Small Slimes","floor":4.0,"turns":3.0},{"damage":0.0,"enemies":"2 Fungi Beasts","floor":5.0,"turns":5.0},{"damage":28,"enemies":"Lagavulin","floor":6,"turns":9},{"damage":4,"enemies":"Blue Slaver","floor":8,"turns":2},{"damage":0,"enemies":"Gremlin Nob","floor":10,"turns":3},{"damage":14,"enemies":"3 Sentries","floor":13,"turns":5},{"damage":40,"enemies":"The Guardian","floor":16,"turns":9},{"damage":2,"enemies":"2 Thieves","floor":18,"turns":3},{"damage":5,"enemies":"Chosen","floor":21,"turns":2},{"damage":0,"enemies":"Gremlin Leader","floor":23,"turns":5},{"damage":3,"enemies":"Slavers","floor":25,"turns":4},{"damage":27,"enemies":"Shelled Parasite and Fungi","floor":28,"turns":4},{"damage":22,"enemies":"Snecko","floor":30,"turns":4},{"damage":0,"enemies":"Gremlin Leader","floor":31,"turns":3},{"damage":32,"enemies":"Collector","floor":33,"turns":7},{"damage":3,"enemies":"3 Darklings","floor":35,"turns":4},{"damage":4,"enemies":"3 Shapes","floor":38,"turns":4},{"damage":3,"enemies":"Giant Head","floor":40,"turns":6},{"damage":4,"enemies":"Transient","floor":42,"turns":5},{"damage":18,"enemies":"Maw","floor":45,"turns":7},{"damage":0,"enemies":"Sphere and 2 Shapes","floor":47,"turns":5},{"damage":3,"enemies":"Nemesis","floor":48,"turns":3},{"damage":36,"enemies":"Donu and Deca","floor":50,"turns":6}],"seed_played":"-8878404281004517300","potions_obtained":[{"floor":1.0,"key":"CultistPotion"},{"floor":2.0,"key":"SkillPotion"},{"floor":5.0,"key":"Energy Potion"},{"floor":23,"key":"Strength Potion"},{"floor":30,"key":"Fire Potion"},{"floor":31,"key":"AttackPotion"},{"floor":33,"key":"Fire Potion"},{"floor":35,"key":"Fire Potion"},{"floor":42,"key":"ColorlessPotion"},{"floor":47,"key":"AttackPotion"}],"is_trial":false,"path_per_floor":["M","M","$","M","M","E","R","M","T","E","$","R","E","?","R","B",null,"M","$","?","M","?","E","R","E","T","?","M","R","M","E","R","B",null,"M","$","?","M","?","E","R","M","T","R","M","$","M","E","R","B",null],"character_chosen":"THE_SILENT","items_purchased":["Blade Dance","PowerPotion","Finisher+1","Oddly Smooth Stone"],"campfire_rested":1,"item_purchase_floors":[3,3,19,36],"current_hp_per_floor":[70,70,70,70,70,42,42,38,38,38,38,59,45,62,62,22,70,68,68,68,63,49,49,49,49,49,49,27,42,27,33,48,35,49,49,49,49,48,48,48,49,46,46,49,40,49,49,46,49,25],"gold":156,"neow_bonus":"RANDOM_COMMON_RELIC","is_daily":false,"chose_seed":false,"campfire_upgraded":8,"win_rate":0.0,"timestamp":1612571431,"path_taken":["M","M","$","?","M","E","R","?","T","E","$","R","E","?","R","BOSS","M","$","?","M","?","E","R","E","T","?","M","R","M","E","R","BOSS","M","$","?","M","?","E","R","M","T","R","M","$","M","E","R","BOSS"],"items_purchased_type":["Card","Potion","Card","Relic"],"build_version":"2020-12-22","purchased_purges":4,"victory":true,"max_hp_per_floor":[70,70,70,70,70,70,70,70,70,70,70,70,70,70,70,70,70,70,70,70,70,49,49,49,49,49,49,49,49,49,49,49,49,49,49,49,49,49,49,49,49,49,49,49,49,49,49,49,49,49],"relic_stats":{"Happy Flower":[8],"counters":[25,115],"MealTicket":9,"Eternal Feather":37,"Smiling Mask":250,"Boot":[0],"obtain_stats":[{"Potion Belt":0,"Happy Flower":40,"Vajra":25,"Oddly Smooth Stone":36,"Eternal Feather":27,"Bottled Tornado":43,"Smiling Mask":10,"Ancient Tea Set":31,"Boot":48,"Mercury Hourglass":13,"Bottled Flame":6,"Anchor":26,"WristBlade":34,"Molten Egg 2":9,"Philosopher\u0027s Stone":17,"MealTicket":23,"Ring of the Snake":0},{"Potion Belt":0,"Happy Flower":20,"Vajra":13,"Oddly Smooth Stone":18,"Eternal Feather":13,"Bottled Tornado":21,"Smiling Mask":7,"Ancient Tea Set":16,"Boot":24,"Mercury Hourglass":8,"Bottled Flame":5,"Anchor":13,"WristBlade":17,"Molten Egg 2":6,"Philosopher\u0027s Stone":9,"MealTicket":12,"Ring of the Snake":0},{"Potion Belt":0,"Happy Flower":89,"Vajra":57,"Oddly Smooth Stone":79,"Eternal Feather":57,"Bottled Tornado":94,"Smiling Mask":29,"Ancient Tea Set":68,"Boot":109,"Mercury Hourglass":34,"Bottled Flame":24,"Anchor":57,"WristBlade":75,"Molten Egg 2":26,"Philosopher\u0027s Stone":43,"MealTicket":53,"Ring of the Snake":0}],"Ring of the Snake":[51],"Mercury Hourglass":[331]},"card_choices":[{"not_picked":["Calculated Gamble","Dagger Spray"],"picked":"Skewer","floor":1.0},{"not_picked":["Bane","Eviscerate"],"picked":"Caltrops","floor":2.0},{"not_picked":["Backflip","Deflect"],"picked":"Well Laid Plans","floor":4.0},{"not_picked":["Quick Slash","Deflect"],"picked":"Blade Dance","floor":5.0},{"not_picked":["Expertise","Underhanded Strike"],"picked":"Terror","floor":6},{"not_picked":["Bouncing Flask","Deflect"],"picked":"Noxious Fumes","floor":8},{"not_picked":["Heel Hook+1","Backflip"],"picked":"Dagger Spray+1","floor":10},{"not_picked":["Noxious Fumes","A Thousand Cuts"],"picked":"Flying Knee+1","floor":13},{"not_picked":["Venomology","Tools of the Trade"],"picked":"Wraith Form v2","floor":16},{"not_picked":["Flying Knee+1","PiercingWail"],"picked":"Outmaneuver+1","floor":18},{"not_picked":["Outmaneuver+1","Dagger Spray+1"],"picked":"Prepared+1","floor":21},{"not_picked":["PiercingWail","Backstab+1"],"picked":"Footwork+1","floor":23},{"not_picked":["Deflect","Noxious Fumes"],"picked":"Envenom","floor":25},{"not_picked":["Blade Dance","Sucker Punch+1","Dagger Throw+1"],"picked":"SKIP","floor":28},{"not_picked":["Blade Dance","Masterful Stab+1","Dagger Spray+1"],"picked":"SKIP","floor":30},{"not_picked":["Underhanded Strike+1","Doppelganger","Blur"],"picked":"SKIP","floor":31},{"not_picked":["Doppelganger","Die Die Die+1"],"picked":"Wraith Form v2","floor":33},{"not_picked":["PiercingWail","Masterful Stab+1","Backflip"],"picked":"SKIP","floor":35},{"not_picked":["Underhanded Strike+1","Well Laid Plans"],"picked":"Endless Agony+1","floor":38},{"not_picked":["Trip","Swift Strike+1"],"picked":"Secret Technique","floor":39},{"not_picked":["Noxious Fumes","Outmaneuver+1"],"picked":"Caltrops","floor":40},{"not_picked":["Flying Knee+1","Backstab+1"],"picked":"Choke+1","floor":42},{"not_picked":["Eviscerate+1","Bane+1"],"picked":"Acrobatics+1","floor":45},{"not_picked":["Underhanded Strike+1","PiercingWail","Masterful Stab+1"],"picked":"SKIP","floor":47},{"not_picked":["Deadly Poison","Outmaneuver+1"],"picked":"Blade Dance+1","floor":48}],"player_experience":36011,"relics_obtained":[{"floor":6,"key":"Bottled Flame"},{"floor":9,"key":"Molten Egg 2"},{"floor":10,"key":"Smiling Mask"},{"floor":13,"key":"Mercury Hourglass"},{"floor":23,"key":"MealTicket"},{"floor":25,"key":"Vajra"},{"floor":26,"key":"Anchor"},{"floor":31,"key":"Ancient Tea Set"},{"floor":40,"key":"Happy Flower"},{"floor":43,"key":"Bottled Tornado"},{"floor":48,"key":"Boot"}],"event_choices":[{"damage_healed":17,"gold_gain":0,"player_choice":"Healed","damage_taken":0,"max_hp_gain":0,"max_hp_loss":0,"event_name":"The Cleric","floor":14,"gold_loss":35},{"damage_healed":0,"gold_gain":0,"player_choice":"Ignored","damage_taken":0,"max_hp_gain":0,"max_hp_loss":0,"event_name":"The Mausoleum","floor":20,"gold_loss":0},{"damage_healed":0,"gold_gain":0,"player_choice":"Became a vampire","damage_taken":0,"max_hp_gain":0,"max_hp_loss":21,"event_name":"Vampires","floor":22,"gold_loss":0,"cards_obtained":["Bite","Bite","Bite","Bite","Bite"]},{"damage_healed":0,"gold_gain":0,"player_choice":"Obtained Relic","damage_taken":0,"relics_obtained":["Eternal Feather"],"max_hp_gain":0,"max_hp_loss":0,"event_name":"Addict","floor":27,"gold_loss":85},{"cards_removed":["Survivor"],"damage_healed":0,"gold_gain":0,"player_choice":"Removed Skill","damage_taken":0,"max_hp_gain":0,"max_hp_loss":0,"event_name":"Falling","floor":37,"gold_loss":0},{"damage_healed":0,"gold_gain":0,"player_choice":"Memory 1","damage_taken":0,"max_hp_gain":0,"max_hp_loss":0,"event_name":"SensoryStone","floor":39,"gold_loss":0}],"is_beta":false,"boss_relics":[{"not_picked":["Runic Dome","Snecko Eye"],"picked":"Philosopher\u0027s Stone"},{"not_picked":["Tiny House","SlaversCollar"],"picked":"WristBlade"}],"items_purged_floors":[11,19,36,46],"is_endless":false,"potions_floor_spawned":[1,2,5,23,30,31,33,35,38,42,47],"ascension_level":2}}