{"host":"yg1n0qads92lo9wl","time":1612595226,"event":{"mods":["BaseMod","Downfall","Luminous","Minty Spire (QoL Compilation)","StSLib","Warlord Emblem"],"gold_per_floor":[99,119,119,119,131,163,245,265,293,319,74,94,94,33,44,143,143,143,156,169,269,279,279,306,339,353,42,62,80,80,93,103,203,203,103,115,115,134,152,184,223,261,138,157,3,22,42,115,130,130],"floor_reached":51,"language":"ZHS","playtime":3543,"items_purged":["Guardian:Strike_Guardian","Guardian:Defend_Guardian"],"score":890,"play_id":"0c8cd0fc-bf42-4c0d-b134-af153255c663","local_time":"20210206150706","is_ascension_mode":false,"campfire_choices":[{"data":"Guardian:CurlUp","floor":1.0,"key":"SMITH"},{"floor":13.0,"key":"REST"},{"data":"Guardian:PolyBeam","floor":18.0,"key":"SMITH"},{"data":"Guardian:PolyBeam","floor":30.0,"key":"SMITH"},{"floor":35.0,"key":"RECALL"}],"circlet_count":0,"master_deck":["Guardian:Strike_Guardian","Guardian:Defend_Guardian+1","Guardian:Defend_Guardian","Guardian:Defend_Guardian","Guardian:CurlUp+1","Guardian:TwinSlam","Guardian:PolyBeam+1","Guardian:Recover+1","Guardian:MultiBeam","Guardian:PiercingHide","Guardian:PolyBeam+1","Guardian:ExploitGems","Guardian:VentSteam+1","Guardian:Incinerate+1","Guardian:Gem_Yellow","Guardian:Orbwalk","Guardian:Gem_White","Guardian:Gem_Cyan","Guardian:Preprogram","Guardian:TemporalShield+1"],"relics":["Black Star","Sundial","Dead Branch","Bag of Marbles","Darkstone Periapt","Blue Candle","War Paint","Vajra","Orichalcum","Busted Crown","Turnip","Gremlin Horn","Omamori","Mango","Potion Belt","Happy Flower","Tiny Chest","Velvet Choker","downfall:HeartBlessingGreen","Anchor","MawBank","Juzu Bracelet","MealTicket","HornCleat","Membership Card","Mercury Hourglass"],"acts_visited":["Exordium","TheCity","TheBeyond"],"potions_floor_usage":[50,50],"damage_taken":[{"damage":5.0,"enemies":"Small Slimes","floor":2.0,"turns":4.0},{"damage":1.0,"enemies":"Jaw Worm","floor":5.0,"turns":3.0},{"damage":20.0,"enemies":"3 Sentries","floor":6.0,"turns":9.0},{"damage":0.0,"enemies":"Cultist","floor":8.0,"turns":3.0},{"damage":45.0,"enemies":"Gremlin Nob","floor":9.0,"turns":7.0},{"damage":0.0,"enemies":"downfall:FleeingMerchant","floor":11.0,"turns":4.0},{"damage":1.0,"enemies":"2 Fungi Beasts","floor":12.0,"turns":4.0},{"damage":2.0,"enemies":"downfall:FleeingMerchant","floor":14.0,"turns":4.0},{"damage":2.0,"enemies":"Large Slime","floor":15.0,"turns":3.0},{"damage":9.0,"enemies":"DF_ARCHETYPE_STREAMLINE","floor":16.0,"turns":5.0},{"damage":0.0,"enemies":"Chosen","floor":19.0,"turns":3.0},{"damage":0.0,"enemies":"3 Byrds","floor":20.0,"turns":3.0},{"damage":4.0,"enemies":"Colosseum Nobs","floor":21.0,"turns":4.0},{"damage":8.0,"enemies":"Snake Plant","floor":22.0,"turns":3.0},{"damage":0.0,"enemies":"Book of Stabbing","floor":25.0,"turns":4.0},{"damage":0.0,"enemies":"Shelled Parasite and Fungi","floor":26.0,"turns":3.0},{"damage":7.0,"enemies":"downfall:FleeingMerchant","floor":27.0,"turns":4.0},{"damage":10.0,"enemies":"Snecko","floor":28.0,"turns":6.0},{"damage":1.0,"enemies":"Snake Plant","floor":29.0,"turns":5.0},{"damage":6.0,"enemies":"Centurion and Healer","floor":31.0,"turns":4.0},{"damage":0.0,"enemies":"3 Cultists","floor":32.0,"turns":3.0},{"damage":0.0,"enemies":"WA_ARCHETYPE_CALM","floor":33.0,"turns":3.0},{"damage":15.0,"enemies":"3 Shapes","floor":36.0,"turns":3.0},{"damage":6.0,"enemies":"3 Darklings","floor":38.0,"turns":3.0},{"damage":14.0,"enemies":"Maw","floor":39.0,"turns":7.0},{"damage":18.0,"enemies":"Reptomancer","floor":40.0,"turns":4.0},{"damage":1.0,"enemies":"downfall:FleeingMerchant","floor":43.0,"turns":3.0},{"damage":29.0,"enemies":"Sphere and 2 Shapes","floor":44.0,"turns":4.0},{"damage":0.0,"enemies":"4 Shapes","floor":46.0,"turns":2.0},{"damage":3,"enemies":"Jaw Worm Horde","floor":47,"turns":3},{"damage":18,"enemies":"Transient","floor":49,"turns":5},{"damage":0,"enemies":"SI_POISON_ARCHETYPE","floor":50,"turns":9}],"seed_played":"-2446866138179366923","potions_obtained":[{"floor":5.0,"key":"EntropicBrew"},{"floor":6.0,"key":"Ancient Potion"},{"floor":9.0,"key":"CultistPotion"},{"floor":15.0,"key":"AttackPotion"},{"floor":16.0,"key":"Dexterity Potion"},{"floor":19.0,"key":"Fire Potion"},{"floor":21.0,"key":"SneckoOil"},{"floor":23.0,"key":"CultistPotion"},{"floor":26.0,"key":"Guardian:BlockOnCardUsePotion"},{"floor":28.0,"key":"LiquidBronze"},{"floor":29.0,"key":"Strength Potion"},{"floor":32.0,"key":"FairyPotion"},{"floor":39.0,"key":"EntropicBrew"},{"floor":44.0,"key":"Ancient Potion"}],"is_trial":false,"path_per_floor":["R","M","?","T","M","E","T","M","E","T","$","M","R","$","M","B",null,"R","M","M","?","M","?","T","E","M","$","M","M","R","M","M","B",null,"R","M","?","M","M","E","T","T","?","M","$","M","M","T","M","B",null],"character_chosen":"GUARDIAN","items_purchased":["Orichalcum","Guardian:Gem_Red","Happy Flower","Tiny Chest","HornCleat","Strength Potion","Guardian:Preprogram","Membership Card"],"campfire_rested":1,"item_purchase_floors":[11,14,27,27,43,43,43,45],"current_hp_per_floor":[80,75,75,75,74,54,54,54,9,9,9,8,32,30,28,19,80,80,80,80,76,68,68,68,82,82,75,65,64,64,58,58,58,94,94,79,79,73,59,41,41,41,40,11,26,26,23,23,5,5],"gold":130,"neow_bonus":"BOSS_RELIC","is_daily":false,"chose_seed":false,"campfire_upgraded":3,"win_rate":0.0,"timestamp":1612595226,"path_taken":["R","M","?","?","M","E","T","M","E","?","?","?","R","$","M","BOSS","R","M","M","?","M","?","T","E","M","$","M","M","R","M","M","BOSS","R","M","?","M","M","E","T","?","?","M","$","M","M","?","M","BOSS"],"items_purchased_type":["Relic","Card","Relic","Relic","Relic","Potion","Card","Relic"],"build_version":"2020-12-22","purchased_purges":2,"victory":true,"max_hp_per_floor":[80,80,80,80,80,80,80,80,80,80,80,80,80,80,80,80,80,80,80,80,80,80,80,80,94,94,94,94,94,94,94,94,94,94,94,94,94,94,94,94,94,94,94,94,94,94,94,94,94,94],"card_choices":[{"not_picked":["Guardian:Suspension","Guardian:Planning"],"picked":"Guardian:PolyBeam","floor":2.0},{"not_picked":["Guardian:Planning","Guardian:Gem_Yellow"],"picked":"Guardian:Recover","floor":5.0},{"not_picked":["Guardian:WalkerClaw","Guardian:PrimingBeam"],"picked":"Guardian:Gem_Purple","floor":6.0},{"not_picked":["Guardian:Reroute","Guardian:Emergency"],"picked":"Guardian:MultiBeam","floor":8.0},{"not_picked":["Guardian:PrimingBeam","Guardian:SphericShield"],"picked":"Guardian:PiercingHide","floor":9.0},{"not_picked":["Guardian:TemporalShield","Guardian:FloatingOrbs","Guardian:CrystalBeam"],"picked":"SKIP","floor":11.0},{"not_picked":["Guardian:ShieldCharger","Guardian:Clone"],"picked":"Guardian:PolyBeam","floor":12.0},{"not_picked":["Guardian:VentSteam","Guardian:EvasiveProtocol"],"picked":"Guardian:Gem_Fragmented","floor":14.0},{"not_picked":["Guardian:CrystalBeam","Guardian:Recover","Guardian:ShieldCharger"],"picked":"SKIP","floor":15.0},{"not_picked":["Guardian:StasisField","Guardian:GatlingBeam"],"picked":"Guardian:ExploitGems","floor":16.0},{"not_picked":[],"picked":"Guardian:VentSteam+1","floor":19.0},{"not_picked":[],"picked":"Guardian:Gem_Cyan","floor":20.0},{"not_picked":[],"picked":"Guardian:Gem_White","floor":21.0},{"not_picked":["Guardian:WalkerClaw"],"picked":"SKIP","floor":22.0},{"not_picked":["Guardian:Recover"],"picked":"SKIP","floor":25.0},{"not_picked":["Guardian:TimeCapacitor"],"picked":"SKIP","floor":26.0},{"not_picked":["Guardian:TemporalShield"],"picked":"SKIP","floor":27.0},{"not_picked":[],"picked":"Guardian:Gem_White","floor":28.0},{"not_picked":[],"picked":"Guardian:Incinerate+1","floor":29.0},{"not_picked":[],"picked":"Guardian:Gem_Lightblue","floor":31.0},{"not_picked":["Guardian:TimeSifter"],"picked":"SKIP","floor":32.0},{"not_picked":[],"picked":"Guardian:Gem_Yellow","floor":36.0},{"not_picked":[],"picked":"Guardian:Orbwalk","floor":38.0},{"not_picked":["Guardian:BronzeOrb"],"picked":"SKIP","floor":39.0},{"not_picked":[],"picked":"Guardian:Gem_White","floor":40.0},{"not_picked":[],"picked":"Guardian:Gem_Cyan","floor":43.0},{"not_picked":["Guardian:DonusPower"],"picked":"SKIP","floor":44.0},{"not_picked":[],"picked":"Guardian:TemporalShield+1","floor":46.0},{"not_picked":["Guardian:BodySlam"],"picked":"SKIP","floor":47},{"not_picked":["Guardian:Gem_Lightblue"],"picked":"SKIP","floor":49}],"player_experience":361990,"relics_obtained":[{"floor":4.0,"key":"Sundial"},{"floor":6.0,"key":"Dead Branch"},{"floor":6.0,"key":"Bag of Marbles"},{"floor":7.0,"key":"Darkstone Periapt"},{"floor":9.0,"key":"Blue Candle"},{"floor":9.0,"key":"War Paint"},{"floor":10.0,"key":"Vajra"},{"floor":21.0,"key":"Turnip"},{"floor":21.0,"key":"Gremlin Horn"},{"floor":24.0,"key":"Omamori"},{"floor":25.0,"key":"Mango"},{"floor":25.0,"key":"Potion Belt"},{"floor":40.0,"key":"Anchor"},{"floor":40.0,"key":"MawBank"},{"floor":41.0,"key":"Juzu Bracelet"},{"floor":42.0,"key":"MealTicket"},{"floor":48,"key":"Mercury Hourglass"}],"event_choices":[{"cards_removed":["Guardian:Strike_Guardian"],"damage_healed":0.0,"max_hp_gain":0.0,"max_hp_loss":0.0,"gold_gain":0.0,"event_name":"Falling","player_choice":"Removed Attack","floor":37.0,"gold_loss":0.0,"damage_taken":0.0}],"is_beta":false,"boss_relics":[{"not_picked":["Pandora\u0027s Box","Calling Bell"],"picked":"Busted Crown"},{"not_picked":["Fusion Hammer","Snecko Eye"],"picked":"Velvet Choker"}],"items_purged_floors":[11,43],"is_endless":false,"potions_floor_spawned":[5,6,9,15,16,19,21,26,28,29,32,39,44,46],"ascension_level":0}}