{"host":"nju1fqcs4pk1qpy6","time":1612570582,"event":{"mods":["BaseMod","Better Altar","Better Match","Better Note","Better Sensory Stone","Better Skull","Better Third Choice","Downfall","Highlight Path","Minty Spire (QoL Compilation)","Morshu Shopkeeper - ENHANCED","Reorder Act Four","SacredBarkPlus","Spire Arcade","StSLib","Synergy Search","Unceasing Turn Reminder","Waifu the Spire","egg"],"gold_per_floor":[99,115,135,33,33,45,45,55,55,87,87,87,99,133,144,241,291,91,110,126,126,142,142,219,304,304,168,16,16,32,62,73,177,177,77,90,103,8,23,23,23,23,40,40,83,103,103,122,138,138,138,167,167,1,1,1,1,1],"floor_reached":56,"language":"ENG","playtime":9418,"items_purged":["downfall:Malfunctioning","Guardian:Defend_Guardian"],"score":831,"play_id":"206676a4-a9f4-4591-bb1f-214c6f782ae2","local_time":"20210205191622","is_ascension_mode":false,"campfire_choices":[{"data":"Guardian:TwinSlam","floor":1.0,"key":"SMITH"},{"data":"Guardian:SentryBeam","floor":9.0,"key":"SMITH"},{"data":"Guardian:Recover","floor":11.0,"key":"SMITH"},{"data":"Guardian:ConstructionForm","floor":18.0,"key":"SMITH"},{"data":"Guardian:Planning","floor":23.0,"key":"SMITH"},{"floor":26.0,"key":"RECALL"},{"data":"expansioncontent:QuickStudy","floor":29.0,"key":"SMITH"},{"data":"Guardian:StasisField","floor":35.0,"key":"SMITH"},{"data":"Guardian:BaubleBeam","floor":40.0,"key":"SMITH"},{"data":"Guardian:FloatingOrbs","floor":42.0,"key":"SMITH"},{"data":"Guardian:BodySlam","floor":47.0,"key":"SMITH"},{"floor":53,"key":"REST"}],"circlet_count":0,"master_deck":["Guardian:Strike_Guardian+1","Guardian:Strike_Guardian","Guardian:Strike_Guardian","Guardian:Strike_Guardian","Guardian:Defend_Guardian","Guardian:Defend_Guardian","Guardian:Defend_Guardian","Guardian:CurlUp+1","Guardian:TwinSlam+1","Guardian:Recover+1","Guardian:TemporalShield","Guardian:TemporalShield+1","expansioncontent:PrepareCrush","Swift Strike","Guardian:Incinerate+1","Guardian:SentryBeam+1","Guardian:Planning+1","Guardian:ConstructionForm+1","Guardian:PolyBeam","Guardian:StasisField+1","Guardian:FloatingOrbs+1","Guardian:BronzeOrb","expansioncontent:QuickStudy+1","Guardian:ArmoredProtocol+1","Guardian:BaubleBeam+1","Guardian:EvasiveProtocol+1","Guardian:TemporalStrike+1","Guardian:TimeSifter","Guardian:PolyBeam+1","Guardian:BodySlam+1","Guardian:TimeCapacitor","Guardian:FloatingOrbs","Guardian:TimeSifter"],"relics":["Guardian:ModeShifter","The Courier","InkBottle","Tiny House","downfall:HeartBlessingGreen","downfall:HeartBlessingBlue","Bottled Tornado","Omamori","Calling Bell","Ancient Tea Set","Pantograph","Prayer Wheel","downfall:HeartBlessingRed","Strawberry","Vajra","Bottled Lightning","Bronze Scales","DollysMirror"],"acts_visited":["Exordium","TheCity","TheBeyond","TheEnding"],"potions_floor_usage":[52,52,55,55,56],"damage_taken":[{"damage":0.0,"enemies":"Cultist","floor":2.0,"turns":5.0},{"damage":0.0,"enemies":"Small Slimes","floor":3.0,"turns":4.0},{"damage":0.0,"enemies":"downfall:FleeingMerchant","floor":4.0,"turns":4.0},{"damage":1.0,"enemies":"Jaw Worm","floor":6.0,"turns":4.0},{"damage":0.0,"enemies":"2 Fungi Beasts","floor":8.0,"turns":2.0},{"damage":8.0,"enemies":"Lagavulin","floor":10.0,"turns":6.0},{"damage":7.0,"enemies":"Blue Slaver","floor":13.0,"turns":4.0},{"damage":0.0,"enemies":"3 Sentries","floor":14.0,"turns":6.0},{"damage":0.0,"enemies":"Exordium Wildlife","floor":15.0,"turns":3.0},{"damage":0.0,"enemies":"DF_ARCHETYPE_STREAMLINE","floor":16.0,"turns":6.0},{"damage":0.0,"enemies":"Chosen","floor":19.0,"turns":6.0},{"damage":0.0,"enemies":"Shell Parasite","floor":20.0,"turns":7.0},{"damage":0.0,"enemies":"Snecko","floor":22.0,"turns":7.0},{"damage":7.0,"enemies":"downfall:FleeingMerchant","floor":27.0,"turns":4.0},{"damage":0.0,"enemies":"downfall:FleeingMerchant","floor":28.0,"turns":4.0},{"damage":0.0,"enemies":"Centurion and Healer","floor":30.0,"turns":6.0},{"damage":11.0,"enemies":"Slavers","floor":31.0,"turns":4.0},{"damage":0.0,"enemies":"Shelled Parasite and Fungi","floor":32.0,"turns":6.0},{"damage":41.0,"enemies":"IC_MUSHROOM_ARCHETYPE","floor":33.0,"turns":15.0},{"damage":0.0,"enemies":"3 Darklings","floor":36.0,"turns":7.0},{"damage":0.0,"enemies":"Orb Walker","floor":37.0,"turns":4.0},{"damage":0.0,"enemies":"downfall:FleeingMerchant","floor":38.0,"turns":4.0},{"damage":36.0,"enemies":"Writhing Mass","floor":39.0,"turns":8.0},{"damage":0.0,"enemies":"Sphere and 2 Shapes","floor":43.0,"turns":6.0},{"damage":0.0,"enemies":"downfall:FleeingMerchant","floor":45.0,"turns":2.0},{"damage":0.0,"enemies":"Maw","floor":46.0,"turns":6.0},{"damage":0.0,"enemies":"3 Darklings","floor":48.0,"turns":4.0},{"damage":0,"enemies":"Transient","floor":49,"turns":5},{"damage":19,"enemies":"WA_ARCHETYPE_DIVINITY","floor":50,"turns":22},{"damage":73,"enemies":"downfall:CharBossMerchant","floor":52,"turns":9},{"damage":32,"enemies":"downfall:NeowBoss","floor":55,"turns":17},{"damage":102,"enemies":"downfall:NeowBossFinal","floor":56,"turns":11}],"seed_played":"-4554166618655756191","potions_obtained":[{"floor":3.0,"key":"DistilledChaos"},{"floor":10.0,"key":"Energy Potion"},{"floor":13.0,"key":"PowerPotion"},{"floor":14.0,"key":"Regen Potion"},{"floor":15.0,"key":"EntropicBrew"},{"floor":17.0,"key":"Weak Potion"},{"floor":32.0,"key":"champ:CounterPotion"},{"floor":33.0,"key":"Guardian:StasisDiscoveryPotion"},{"floor":43.0,"key":"PowerPotion"},{"floor":52,"key":"ColorlessPotion"}],"is_trial":false,"path_per_floor":["R","M","M","$","?","M","T","M","R","E","R","?","M","E","M","B",null,"R","M","M","?","M","R","T","?","R","$","$","R","M","E","M","B",null,"R","M","M","$","M","R","T","R","M","?","$","M","R","M","M","B",null,"E","R","$","B","B"],"character_chosen":"GUARDIAN","items_purchased":["expansioncontent:PrepareCrush","Guardian:Gem_White","expansioncontent:QuickStudy","Vajra","Bottled Lightning","DollysMirror","SteroidPotion"],"campfire_rested":1,"item_purchase_floors":[4,27,28,45,45,54,54],"current_hp_per_floor":[88,88,88,88,88,87,87,87,87,79,79,79,72,72,72,72,93,103,103,103,103,103,103,103,87,87,94,94,94,94,83,83,42,103,103,103,103,103,67,67,74,74,74,110,110,110,110,110,110,91,110,37,70,70,63,0,0,0],"gold":1,"neow_bonus":"TEN_PERCENT_HP_BONUS","is_daily":false,"chose_seed":false,"campfire_upgraded":10,"win_rate":0.0,"timestamp":1612570582,"path_taken":["R","M","M","?","?","M","T","M","R","E","R","?","M","E","M","BOSS","R","M","M","?","M","R","T","?","R","?","$","R","M","E","M","BOSS","R","M","M","$","?","R","T","R","M","?","$","M","R","M","M","BOSS","E","R","$","BOSS","BOSS"],"items_purchased_type":["Card","Card","Card","Relic","Relic","Relic","Potion"],"build_version":"2020-12-22","purchased_purges":2,"victory":false,"max_hp_per_floor":[88,88,88,88,88,88,88,88,88,88,88,88,88,88,88,88,93,103,103,103,103,103,103,103,103,103,103,103,103,103,103,103,103,103,103,103,103,103,103,103,110,110,110,110,110,110,110,110,110,110,110,110,110,110,110,110,110,110],"card_choices":[{"not_picked":["Guardian:PiercingHide","Guardian:RollAttack"],"picked":"Guardian:Recover","floor":2.0},{"not_picked":["Guardian:ShieldCharger","Guardian:Reroute"],"picked":"Guardian:TemporalShield","floor":3.0},{"not_picked":["Guardian:GuardianWhirl","Guardian:DonusPower"],"picked":"Guardian:TemporalShield","floor":4.0},{"not_picked":["The Bomb","Forethought"],"picked":"Swift Strike","floor":5.0},{"not_picked":["Guardian:PiercingHide","Guardian:VentSteam"],"picked":"Guardian:Incinerate","floor":6.0},{"not_picked":["Guardian:Gem_Yellow","Guardian:DonusPower"],"picked":"Guardian:SentryBeam","floor":8.0},{"not_picked":["Guardian:ChargeCore","Guardian:TemporalShield"],"picked":"Guardian:Planning","floor":10.0},{"not_picked":["Guardian:Planning","Guardian:TimeBomb"],"picked":"Guardian:ConstructionForm","floor":13.0},{"not_picked":["Guardian:Gem_White","Guardian:DonusPower"],"picked":"Guardian:PolyBeam","floor":14.0},{"not_picked":["Guardian:ShieldCharger","Guardian:Reroute","Guardian:SpikerProtocol"],"picked":"SKIP","floor":15.0},{"not_picked":["Guardian:ConstructionForm","Guardian:FastForward"],"picked":"Guardian:StasisField","floor":16.0},{"not_picked":["Guardian:Gem_Cyan","Guardian:WalkerClaw"],"picked":"Guardian:Gem_Yellow","floor":17.0},{"not_picked":["Guardian:TemporalShield+1","Guardian:Incinerate"],"picked":"Guardian:Gem_Yellow","floor":19.0},{"not_picked":["Guardian:Gem_Lightblue","Guardian:PrimingBeam","Guardian:Reroute"],"picked":"SKIP","floor":20.0},{"not_picked":["Guardian:VentSteam","Guardian:Gem_Cyan"],"picked":"Guardian:FloatingOrbs","floor":22.0},{"not_picked":["Guardian:ConstructionForm","Guardian:VentSteam"],"picked":"Guardian:BronzeOrb","floor":27.0},{"not_picked":["Guardian:Repulse+1","Guardian:Gem_Fragmented"],"picked":"Guardian:Gem_Yellow","floor":28.0},{"not_picked":["Guardian:PrismaticBarrier","Guardian:WalkerClaw"],"picked":"Guardian:ArmoredProtocol+1","floor":30.0},{"not_picked":["Guardian:TimeBomb","Guardian:DecasProtection"],"picked":"Guardian:Gem_Blue","floor":31.0},{"not_picked":["Guardian:Gem_Cyan","Guardian:Recover","Guardian:WalkerClaw"],"picked":"SKIP","floor":32.0},{"not_picked":["Guardian:HyperBeam_Guardian","Guardian:StasisField"],"picked":"Guardian:BaubleBeam","floor":33.0},{"not_picked":["Guardian:PiercingHide+1","Guardian:Gem_Green"],"picked":"Guardian:EvasiveProtocol+1","floor":36.0},{"not_picked":["Guardian:ChargeCore","Guardian:TemporalStrike+1","Guardian:Reroute"],"picked":"SKIP","floor":36.0},{"not_picked":["Guardian:ChargeCore","Guardian:Reroute"],"picked":"Guardian:TemporalStrike+1","floor":36.0},{"not_picked":["Guardian:Suspension","Guardian:Gem_Red"],"picked":"Guardian:Gem_Fragmented","floor":37.0},{"not_picked":["Guardian:AncientConstruct","Guardian:Gem_Red","Guardian:Gem_Lightblue"],"picked":"SKIP","floor":37.0},{"not_picked":["Guardian:Gem_Cyan","Guardian:PrimingBeam+1","Guardian:RollAttack+1"],"picked":"SKIP","floor":38.0},{"not_picked":["Guardian:TemporalShield+1","Guardian:CrystalBeam"],"picked":"Guardian:TimeSifter","floor":39.0},{"not_picked":["Guardian:PrimingBeam+1","Guardian:Reroute","Guardian:Incinerate"],"picked":"SKIP","floor":39.0},{"not_picked":["Guardian:TemporalShield","Guardian:Gem_Fragmented"],"picked":"Guardian:PolyBeam+1","floor":43.0},{"not_picked":["Guardian:Gem_Yellow","Guardian:Incinerate","Guardian:Gem_Green"],"picked":"SKIP","floor":43.0},{"not_picked":["Guardian:Incinerate","Guardian:Gem_Green"],"picked":"Guardian:Gem_Yellow","floor":43.0},{"not_picked":["Guardian:Gem_Green","Guardian:Suspension+1"],"picked":"Guardian:BodySlam","floor":45.0},{"not_picked":["Guardian:Recover","Guardian:TemporalStrike+1"],"picked":"Guardian:TimeCapacitor","floor":46.0},{"not_picked":["Guardian:BronzeOrb","Guardian:ShieldCharger"],"picked":"Guardian:Gem_Orange","floor":46.0},{"not_picked":["Guardian:ShieldCharger","Guardian:ChargeCore","Guardian:TemporalStrike+1"],"picked":"SKIP","floor":48},{"not_picked":["Guardian:PrismaticBeam+1","Guardian:Planning+1","Guardian:Incinerate"],"picked":"SKIP","floor":48},{"not_picked":["Guardian:Planning","Guardian:Incinerate+1"],"picked":"Guardian:FloatingOrbs","floor":49},{"not_picked":["Guardian:VentSteam+1","Guardian:WalkerClaw","Guardian:PiercingHide+1"],"picked":"SKIP","floor":49},{"not_picked":["Guardian:ChargeCore+1","Guardian:ExploitGems","Guardian:Preprogram"],"picked":"SKIP","floor":52}],"player_experience":334021,"relics_obtained":[{"floor":10.0,"key":"The Courier"},{"floor":14.0,"key":"InkBottle"},{"floor":24.0,"key":"Bottled Tornado"},{"floor":31.0,"key":"Omamori"},{"floor":34.0,"key":"Ancient Tea Set"},{"floor":34.0,"key":"Pantograph"},{"floor":34.0,"key":"Prayer Wheel"},{"floor":41.0,"key":"Strawberry"},{"floor":52,"key":"Bronze Scales"}],"event_choices":[{"damage_healed":0.0,"max_hp_gain":0.0,"max_hp_loss":0.0,"gold_gain":1.0,"event_name":"betterStone:BetterStone","player_choice":"1","floor":5.0,"gold_loss":0.0,"damage_taken":0.0},{"cards_removed":["expansioncontent:PrepareCrush"],"damage_healed":0.0,"max_hp_gain":0.0,"max_hp_loss":0.0,"gold_gain":0.0,"event_name":"betterNote:BetterNote","player_choice":"Give","floor":21.0,"gold_loss":0.0,"damage_taken":0.0,"cards_obtained":["Slimebound:Strike_Slimebound"]},{"cards_removed":["Guardian:Gem_Yellow"],"damage_healed":36.0,"max_hp_gain":0.0,"max_hp_loss":0.0,"gold_gain":0.0,"event_name":"Bonfire Elementals","player_choice":"Offered Uncommon","floor":44.0,"gold_loss":0.0,"damage_taken":0.0}],"is_beta":false,"boss_relics":[{"not_picked":["Runic Pyramid","Snecko Eye"],"picked":"Tiny House"},{"not_picked":["Guardian:StasisSlotReductionRelic","Black Star"],"picked":"Calling Bell"}],"items_purged_floors":[27,38],"is_endless":false,"potions_floor_spawned":[3,10,13,14,15,19,32,33,43,46,49,52],"killed_by":"downfall:NeowBossFinal","ascension_level":0}}