{"host":"f9ntswufr8mq3t4y","time":1612641317,"event":{"mods":["AchievementEnabler","BaseMod","Best Route Mod","Block Reminder","Colored Map","Colored Powertips","Curses Come First","DeckTracker","Displayed Cursed Tome","Highlight Path","Minty Spire (QoL Compilation)","Permanent Neow","Quick Restart","Slay-I","StSLib"],"gold_per_floor":[118,138,138,68,143,143,157,157,157,87,117,117,117,148,148,249,249,261,5,16,16,66,66,66,66,66,66,93,109,143,159,159,260,260,272,282,282,296,312,312,342,342,342,367,367,382,432,432,432,432],"floor_reached":51,"language":"ENG","playtime":3153,"items_purged":[],"score":1061,"play_id":"a3d93d5e-4f22-479f-8756-6f16e90b9fa6","local_time":"20210206225517","is_ascension_mode":true,"campfire_choices":[{"floor":6.0,"key":"REST"},{"data":"Neutralize","floor":8.0,"key":"SMITH"},{"floor":12.0,"key":"REST"},{"floor":15.0,"key":"REST"},{"floor":23.0,"key":"REST"},{"data":"Storm of Steel","floor":25.0,"key":"SMITH"},{"floor":27.0,"key":"REST"},{"floor":32,"key":"REST"},{"data":"Dash","floor":40,"key":"SMITH"},{"floor":42,"key":"REST"},{"data":"Adrenaline","floor":45,"key":"SMITH"},{"floor":49,"key":"REST"}],"circlet_count":0,"master_deck":["Strike_G","Strike_G","Defend_G","Defend_G","Defend_G","Defend_G","Survivor","Neutralize+1","Dagger Spray","Slice","Backflip","Terror","Infinite Blades","Catalyst","Storm of Steel+1","Dagger Spray+1","Necronomicurse","Backflip","Backflip","Footwork+1","Adrenaline+1","Blade Dance+1","Endless Agony+1","Parasite","Dash+1","Backflip"],"relics":["Ring of the Serpent","Ginger","Ancient Tea Set","Bag of Preparation","Runic Pyramid","Shuriken","Necronomicon","Potion Belt","Incense Burner","Meat on the Bone","Tiny Chest","Bottled Flame","FossilizedHelix","Akabeko","Torii"],"acts_visited":["Exordium","TheCity","TheBeyond"],"potions_floor_usage":[44,50,50],"damage_taken":[{"damage":1.0,"enemies":"Jaw Worm","floor":1.0,"turns":4.0},{"damage":0.0,"enemies":"Cultist","floor":2.0,"turns":4.0},{"damage":1.0,"enemies":"Small Slimes","floor":7.0,"turns":3.0},{"damage":17.0,"enemies":"Lagavulin","floor":11.0,"turns":4.0},{"damage":32.0,"enemies":"3 Sentries","floor":14.0,"turns":14.0},{"damage":34.0,"enemies":"Hexaghost","floor":16.0,"turns":13.0},{"damage":19.0,"enemies":"Spheric Guardian","floor":18.0,"turns":4.0},{"damage":0.0,"enemies":"3 Byrds","floor":20.0,"turns":3.0},{"damage":26.0,"enemies":"Book of Stabbing","floor":28.0,"turns":5.0},{"damage":2.0,"enemies":"Shelled Parasite and Fungi","floor":29.0,"turns":3.0},{"damage":29.0,"enemies":"Slavers","floor":30.0,"turns":3.0},{"damage":0.0,"enemies":"Cultist and Chosen","floor":31.0,"turns":3.0},{"damage":0,"enemies":"Champ","floor":33,"turns":7},{"damage":3,"enemies":"3 Shapes","floor":35,"turns":5},{"damage":7,"enemies":"3 Darklings","floor":36,"turns":5},{"damage":10,"enemies":"Spire Growth","floor":38,"turns":5},{"damage":20,"enemies":"Writhing Mass","floor":39,"turns":6},{"damage":5,"enemies":"Nemesis","floor":41,"turns":5},{"damage":1,"enemies":"Reptomancer","floor":44,"turns":4},{"damage":0,"enemies":"Sphere and 2 Shapes","floor":46,"turns":3},{"damage":8,"enemies":"Mind Bloom Boss Battle","floor":47,"turns":4},{"damage":25,"enemies":"Donu and Deca","floor":50,"turns":8}],"seed_played":"1894845498668644314","potions_obtained":[{"floor":1.0,"key":"ColorlessPotion"},{"floor":28.0,"key":"Block Potion"},{"floor":29.0,"key":"BlessingOfTheForge"},{"floor":30.0,"key":"Weak Potion"},{"floor":33,"key":"SteroidPotion"},{"floor":36,"key":"Poison Potion"},{"floor":38,"key":"GamblersBrew"},{"floor":47,"key":"PowerPotion"}],"is_trial":false,"path_per_floor":["M","M","?","$","?","R","M","R","T","$","E","R","?","E","R","B",null,"M","$","M","?","T","R","?","R","T","R","E","M","E","M","R","B",null,"M","M","?","M","M","R","E","R","T","E","R","M","?","?","R","B",null],"character_chosen":"THE_SILENT","items_purchased":["Terror","Infinite Blades","Shuriken"],"campfire_rested":8,"item_purchase_floors":[4,10,19],"current_hp_per_floor":[44,44,37,37,30,51,50,50,50,50,33,54,54,22,43,9,55,36,36,36,20,20,41,41,41,41,62,36,46,29,41,62,62,68,65,58,58,48,40,40,47,68,68,67,67,67,59,59,66,41],"gold":432,"neow_bonus":"TRANSFORM_TWO_CARDS","is_daily":false,"chose_seed":false,"campfire_upgraded":4,"win_rate":0.0,"timestamp":1612641317,"path_taken":["M","M","?","$","?","R","?","R","T","?","E","R","?","E","R","BOSS","M","$","M","?","?","R","?","R","T","R","E","M","E","M","R","BOSS","M","M","?","M","M","R","E","R","T","E","R","M","?","?","R","BOSS"],"items_purchased_type":["Card","Card","Relic"],"build_version":"2020-12-22","purchased_purges":0,"victory":true,"max_hp_per_floor":[70,70,70,70,70,70,70,70,70,70,70,70,70,70,70,70,70,70,70,70,70,70,70,70,70,70,70,70,70,70,70,70,70,70,70,70,70,70,70,70,70,70,70,70,70,70,70,66,66,66],"card_choices":[{"not_picked":["Riddle With Holes","Prepared"],"picked":"Backflip","floor":1.0},{"not_picked":["Slice","Blade Dance","Backflip"],"picked":"SKIP","floor":2.0},{"not_picked":["Outmaneuver","Flying Knee","Eviscerate"],"picked":"SKIP","floor":7.0},{"not_picked":["Dodge and Roll","Quick Slash","Corpse Explosion"],"picked":"SKIP","floor":11.0},{"not_picked":["Poisoned Stab","Wraith Form v2","Dagger Throw"],"picked":"SKIP","floor":14.0},{"not_picked":["Night Terror","Glass Knife"],"picked":"Storm of Steel","floor":16.0},{"not_picked":["Deadly Poison","Dagger Throw","PiercingWail"],"picked":"SKIP","floor":18.0},{"not_picked":["Eviscerate","Flying Knee"],"picked":"Dagger Spray+1","floor":20.0},{"not_picked":["Caltrops","Sucker Punch","Finisher"],"picked":"SKIP","floor":28.0},{"not_picked":["Outmaneuver+1","Masterful Stab"],"picked":"Backflip","floor":29.0},{"not_picked":["Deadly Poison+1","Underhanded Strike"],"picked":"Backflip","floor":30.0},{"not_picked":["Deadly Poison","Acrobatics"],"picked":"Footwork+1","floor":31},{"not_picked":["Doppelganger","A Thousand Cuts"],"picked":"Adrenaline","floor":33},{"not_picked":["Deflect","Dodge and Roll","Bane"],"picked":"SKIP","floor":35},{"not_picked":["Poisoned Stab","Outmaneuver+1"],"picked":"Blade Dance+1","floor":36},{"not_picked":["Noxious Fumes+1","Expertise"],"picked":"Endless Agony+1","floor":38},{"not_picked":["Tactician","Well Laid Plans+1"],"picked":"Dash","floor":39},{"not_picked":["Backflip","Acrobatics","Flying Knee+1"],"picked":"SKIP","floor":41},{"not_picked":["Acrobatics","Flying Knee+1"],"picked":"Backflip","floor":41},{"not_picked":["PiercingWail+1","Concentrate+1","Quick Slash"],"picked":"SKIP","floor":44},{"not_picked":["Dagger Spray+1","Dagger Throw+1","Eviscerate+1"],"picked":"SKIP","floor":46}],"player_experience":406582,"relics_obtained":[{"floor":9.0,"key":"Ginger"},{"floor":11.0,"key":"Ancient Tea Set"},{"floor":14.0,"key":"Bag of Preparation"},{"floor":22.0,"key":"Potion Belt"},{"floor":26.0,"key":"Incense Burner"},{"floor":28.0,"key":"Meat on the Bone"},{"floor":30.0,"key":"Tiny Chest"},{"floor":41,"key":"Bottled Flame"},{"floor":43,"key":"FossilizedHelix"},{"floor":44,"key":"Akabeko"},{"floor":47,"key":"Torii"}],"event_choices":[{"cards_removed":["Strike_G"],"damage_healed":0.0,"max_hp_gain":0.0,"max_hp_loss":0.0,"gold_gain":0.0,"event_name":"Golden Wing","player_choice":"Card Removal","floor":3.0,"gold_loss":0.0,"damage_taken":7.0},{"damage_healed":0.0,"max_hp_gain":0.0,"max_hp_loss":0.0,"gold_gain":75.0,"event_name":"FaceTrader","player_choice":"Touch","floor":5.0,"gold_loss":0.0,"damage_taken":7.0},{"damage_healed":0.0,"max_hp_gain":0.0,"max_hp_loss":0.0,"gold_gain":0.0,"cards_transformed":["Strike_G"],"event_name":"Living Wall","player_choice":"Change","floor":13.0,"gold_loss":0.0,"damage_taken":0.0,"cards_obtained":["Catalyst"]},{"damage_healed":0.0,"max_hp_gain":0.0,"max_hp_loss":0.0,"gold_gain":0.0,"event_name":"Cursed Tome","player_choice":"Obtained Book","floor":21.0,"gold_loss":0.0,"damage_taken":16.0},{"damage_healed":0,"gold_gain":0,"player_choice":"Ignored","damage_taken":0,"max_hp_gain":0,"max_hp_loss":0,"event_name":"Tomb of Lord Red Mask","floor":37,"gold_loss":0},{"damage_healed":0,"gold_gain":0,"player_choice":"Fight","damage_taken":0,"max_hp_gain":0,"max_hp_loss":0,"event_name":"MindBloom","floor":47,"gold_loss":0},{"damage_healed":0,"gold_gain":0,"player_choice":"Max HP","damage_taken":0,"max_hp_gain":0,"max_hp_loss":4,"event_name":"Winding Halls","floor":48,"gold_loss":0}],"is_beta":false,"boss_relics":[{"not_picked":["Busted Crown","Fusion Hammer"],"picked":"Runic Pyramid"},{"not_picked":["Sozu","HoveringKite"],"picked":"Ring of the Serpent"}],"items_purged_floors":[],"is_endless":false,"potions_floor_spawned":[1,28,29,30,33,36,38,47],"ascension_level":7}}