{"host":"uuef13iiy6j2c50k","time":1612655056,"event":{"mods":["BaseMod","Minty Spire (QoL Compilation)","Quick Restart","Relic Stats","Slay-I","StSLib","SuperFastMode"],"gold_per_floor":[111,111,126,136,136,136,166,166,193,209,68,86,116,130,130,233,233,249,249,249,10,30,30,56,56,56,56,69,69,69,89,89,188,188,202,219,219,16,16,48,48,63,90,100,100,100,134,146,146,146,146],"floor_reached":50,"language":"ENG","playtime":1702,"items_purged":["Strike_R","Strike_R"],"score":750,"play_id":"006e31d2-75c9-44ed-b1eb-8e1eb6402abf","local_time":"20210206134416","is_ascension_mode":true,"campfire_choices":[{"data":"Rampage","floor":6,"key":"SMITH"},{"data":"Fire Breathing","floor":8,"key":"SMITH"},{"floor":15,"key":"REST"},{"data":"Limit Break","floor":23,"key":"SMITH"},{"data":"Limit Break","floor":29,"key":"SMITH"},{"data":"Inflame","floor":32,"key":"SMITH"},{"data":"Apotheosis","floor":41,"key":"SMITH"},{"floor":45,"key":"RECALL"},{"data":"Disarm","floor":49,"key":"SMITH"}],"circlet_count":0,"master_deck":["Strike_R","Defend_R","Defend_R","Defend_R+1","Defend_R","Bash","Limit Break+1","Headbutt","Perfected Strike","Rampage+1","Cleave","Fire Breathing+1","Inflame","Disarm","Flame Barrier","Shrug It Off","Feed","Inflame+1","Limit Break+1","Power Through+1","Pummel+1","Feed","Battle Trance","Apotheosis+1","Secret Technique","Disarm+1","Panacea","Heavy Blade+1","Evolve+1"],"relics":["Burning Blood","Bronze Scales","Happy Flower","Centennial Puzzle","Coffee Dripper","Unceasing Top","Smiling Mask","FossilizedHelix","SlaversCollar","War Paint","Anchor","MealTicket","Ornamental Fan"],"acts_visited":["Exordium","TheCity","TheBeyond"],"potions_floor_usage":[13,24,31,33,36,44,47,50,50],"damage_taken":[{"damage":10,"enemies":"Small Slimes","floor":1,"turns":4},{"damage":11,"enemies":"Jaw Worm","floor":3,"turns":4},{"damage":1,"enemies":"Cultist","floor":4,"turns":3},{"damage":30,"enemies":"3 Sentries","floor":7,"turns":7},{"damage":9,"enemies":"Red Slaver","floor":10,"turns":2},{"damage":13,"enemies":"Looter","floor":12,"turns":3},{"damage":14,"enemies":"Gremlin Nob","floor":13,"turns":3},{"damage":1,"enemies":"3 Louse","floor":14,"turns":2},{"damage":8,"enemies":"Hexaghost","floor":16,"turns":8},{"damage":20,"enemies":"2 Thieves","floor":18,"turns":3},{"damage":2,"enemies":"Chosen","floor":22,"turns":4},{"damage":35,"enemies":"Gremlin Leader","floor":24,"turns":6},{"damage":17,"enemies":"3 Cultists","floor":28,"turns":6},{"damage":15,"enemies":"Centurion and Healer","floor":31,"turns":6},{"damage":22,"enemies":"Champ","floor":33,"turns":8},{"damage":12,"enemies":"Orb Walker","floor":35,"turns":5},{"damage":13,"enemies":"3 Shapes","floor":36,"turns":7},{"damage":0,"enemies":"Giant Head","floor":40,"turns":6},{"damage":0,"enemies":"Maw","floor":42,"turns":6},{"damage":24,"enemies":"Spire Growth","floor":44,"turns":6},{"damage":42,"enemies":"Nemesis","floor":47,"turns":5},{"damage":8,"enemies":"Transient","floor":48,"turns":5},{"damage":56,"enemies":"Awakened One","floor":50,"turns":7}],"seed_played":"5186271277414306582","potions_obtained":[{"floor":7,"key":"Explosive Potion"},{"floor":12,"key":"FearPotion"},{"floor":16,"key":"BloodPotion"},{"floor":18,"key":"BloodPotion"},{"floor":28,"key":"PowerPotion"},{"floor":33,"key":"BloodPotion"},{"floor":35,"key":"Swift Potion"},{"floor":40,"key":"Block Potion"},{"floor":44,"key":"BloodPotion"}],"is_trial":false,"path_per_floor":["M","?","M","M","?","R","E","R","T","M","$","M","E","M","R","B",null,"M","?","?","$","M","R","E","?","T","?","M","R","T","M","R","B",null,"M","M","?","$","?","E","R","M","T","M","R","?","E","M","R","B"],"character_chosen":"IRONCLAD","items_purchased":["Inflame","Disarm","Limit Break","War Paint"],"campfire_rested":1,"item_purchase_floors":[11,11,21,38],"current_hp_per_floor":[68,68,63,68,61,61,37,37,37,34,34,27,19,24,45,43,65,54,54,54,54,61,61,32,32,32,32,24,24,24,34,34,37,75,69,68,58,58,58,64,64,70,70,52,52,52,38,36,36,0,0],"gold":146,"neow_bonus":"THREE_RARE_CARDS","is_daily":false,"chose_seed":false,"campfire_upgraded":7,"win_rate":0.0,"timestamp":1612655056,"path_taken":["M","?","M","M","?","R","E","R","T","M","?","?","E","M","R","BOSS","M","?","?","$","M","R","E","?","T","?","?","R","?","M","R","BOSS","M","M","?","$","?","E","R","M","T","M","R","?","E","M","R","BOSS"],"items_purchased_type":["Card","Card","Card","Relic"],"build_version":"2020-12-22","purchased_purges":2,"victory":false,"max_hp_per_floor":[72,72,72,72,72,72,72,72,72,72,72,72,72,72,72,72,72,75,75,75,75,78,78,78,78,78,78,81,81,81,84,84,87,87,87,93,93,93,93,93,93,93,93,93,93,93,97,97,97,97,97],"relic_stats":{"Centennial Puzzle":[42],"Happy Flower":[32],"counters":[23,116],"Ornamental Fan":[8],"Bronze Scales":[237],"MealTicket":0,"War Paint":["Power Through","Defend_R"],"Smiling Mask":50,"obtain_stats":[{"Happy Flower":9,"War Paint":38,"Smiling Mask":25,"Burning Blood":0,"SlaversCollar":34,"Centennial Puzzle":13,"Anchor":40,"Ornamental Fan":47,"Bronze Scales":7,"MealTicket":43,"Coffee Dripper":17,"Unceasing Top":24,"FossilizedHelix":26},{"Happy Flower":4,"War Paint":17,"Smiling Mask":12,"Burning Blood":0,"SlaversCollar":15,"Centennial Puzzle":7,"Anchor":18,"Ornamental Fan":21,"Bronze Scales":4,"MealTicket":19,"Coffee Dripper":9,"Unceasing Top":12,"FossilizedHelix":12},{"Happy Flower":18,"War Paint":81,"Smiling Mask":49,"Burning Blood":0,"SlaversCollar":69,"Centennial Puzzle":26,"Anchor":87,"Ornamental Fan":104,"Bronze Scales":18,"MealTicket":93,"Coffee Dripper":36,"Unceasing Top":49,"FossilizedHelix":49}],"Burning Blood":132,"Unceasing Top":[5]},"card_choices":[{"not_picked":["Bludgeon","Juggernaut"],"picked":"Limit Break","floor":0},{"not_picked":["Flex","True Grit"],"picked":"Headbutt","floor":1},{"not_picked":["Dropkick","Feel No Pain"],"picked":"Rampage","floor":3},{"not_picked":["Perfected Strike","Dark Embrace"],"picked":"Cleave","floor":4},{"not_picked":["Berserk","Rupture"],"picked":"Fire Breathing","floor":7},{"not_picked":["Heavy Blade","Pommel Strike","Dropkick"],"picked":"SKIP","floor":10},{"not_picked":["Uppercut","Searing Blow"],"picked":"Flame Barrier","floor":12},{"not_picked":["Second Wind","Perfected Strike"],"picked":"Shrug It Off","floor":13},{"not_picked":["Anger","Searing Blow","Clothesline"],"picked":"SKIP","floor":14},{"not_picked":["Offering","Double Tap"],"picked":"Feed","floor":16},{"not_picked":["Fire Breathing+1","Sever Soul","Pommel Strike"],"picked":"SKIP","floor":18},{"not_picked":["Pommel Strike","Anger","Feel No Pain"],"picked":"SKIP","floor":22},{"not_picked":["Body Slam","Inflame+1"],"picked":"Power Through","floor":24},{"not_picked":["Ghostly Armor","Heavy Blade"],"picked":"Pummel+1","floor":28},{"not_picked":["Hemokinesis","Cleave","Warcry"],"picked":"SKIP","floor":31},{"not_picked":["Corruption","Juggernaut"],"picked":"Feed","floor":33},{"not_picked":["Flex","Hemokinesis+1","Anger"],"picked":"SKIP","floor":35},{"not_picked":["Havoc+1","Body Slam+1"],"picked":"Battle Trance","floor":36},{"not_picked":["Secret Weapon","Purity"],"picked":"Apotheosis","floor":37},{"not_picked":["Impatience","Flash of Steel"],"picked":"Secret Technique","floor":37},{"not_picked":["Clash","Anger","Thunderclap"],"picked":"SKIP","floor":40},{"not_picked":["Ghostly Armor","Blood for Blood+1"],"picked":"Disarm","floor":42},{"not_picked":["Twin Strike","Anger","Carnage"],"picked":"SKIP","floor":44},{"not_picked":["Cleave+1","Clash"],"picked":"Heavy Blade+1","floor":47},{"not_picked":["Heavy Blade","Perfected Strike+1"],"picked":"Evolve+1","floor":48}],"player_experience":51845,"relics_obtained":[{"floor":7,"key":"Bronze Scales"},{"floor":9,"key":"Happy Flower"},{"floor":13,"key":"Centennial Puzzle"},{"floor":24,"key":"Unceasing Top"},{"floor":26,"key":"FossilizedHelix"},{"floor":40,"key":"Anchor"},{"floor":43,"key":"MealTicket"},{"floor":47,"key":"Ornamental Fan"}],"event_choices":[{"damage_healed":0,"gold_gain":0,"cards_transformed":["Strike_R"],"player_choice":"Change","damage_taken":0,"max_hp_gain":0,"max_hp_loss":0,"event_name":"Living Wall","floor":2,"gold_loss":0,"cards_obtained":["Perfected Strike"]},{"cards_removed":["Strike_R"],"damage_healed":0,"gold_gain":0,"player_choice":"Card Removal","damage_taken":7,"max_hp_gain":0,"max_hp_loss":0,"event_name":"Golden Wing","floor":5,"gold_loss":0},{"damage_healed":0,"gold_gain":0,"player_choice":"Read","damage_taken":0,"max_hp_gain":0,"max_hp_loss":0,"event_name":"The Library","floor":19,"gold_loss":0,"cards_obtained":["Inflame"]},{"damage_healed":0,"gold_gain":0,"player_choice":"Ignored","damage_taken":0,"max_hp_gain":0,"max_hp_loss":0,"event_name":"Ghosts","floor":20,"gold_loss":0},{"damage_healed":0,"gold_gain":0,"player_choice":"Opened","damage_taken":0,"relics_obtained":["Smiling Mask"],"max_hp_gain":0,"max_hp_loss":0,"event_name":"The Mausoleum","floor":25,"gold_loss":0,"cards_obtained":["Writhe"]},{"cards_removed":["Writhe"],"damage_healed":0,"gold_gain":0,"player_choice":"Purged","damage_taken":0,"max_hp_gain":0,"max_hp_loss":0,"event_name":"Purifier","floor":27,"gold_loss":0},{"damage_healed":0,"gold_gain":0,"player_choice":"Memory 3","damage_taken":10,"max_hp_gain":0,"max_hp_loss":0,"event_name":"SensoryStone","floor":37,"gold_loss":0},{"damage_healed":0,"gold_gain":0,"player_choice":"Ignored","damage_taken":0,"max_hp_gain":0,"max_hp_loss":0,"event_name":"Mysterious Sphere","floor":39,"gold_loss":0},{"damage_healed":0,"gold_gain":0,"player_choice":"1 cards matched","damage_taken":0,"max_hp_gain":0,"max_hp_loss":0,"event_name":"Match and Keep!","floor":46,"gold_loss":0,"cards_obtained":["Panacea"]}],"is_beta":false,"boss_relics":[{"not_picked":["Philosopher\u0027s Stone","Runic Pyramid"],"picked":"Coffee Dripper"},{"not_picked":["Tiny House","Runic Cube"],"picked":"SlaversCollar"}],"items_purged_floors":[21,38],"is_endless":false,"potions_floor_spawned":[7,12,16,18,28,33,35,40,44],"killed_by":"Awakened One","ascension_level":5}}