{"host":"zjc1tzo4ovig5lll","time":1612595213,"event":{"mods":["AchievementEnabler","Aspiration","BaseMod","Beaked The Cultist","Better Altar","Better Match","Better Note","Better Sensory Stone","Colored Map","Colored Powertips","Conspire","Energized Spire","Friendly Minions","GifTheSpireLib","Halation","Hermit","Hubris","Minty Spire (QoL Compilation)","Rare Cards Sparkle","Reliquary","Replay The Spire","StSLib","The Blue Laboratory","The Bug Knight","The Construct","The Jungle","everything is the same but u backflip on backflip"],"gold_per_floor":[219,230,5,19,19,54,122,122,169,94,106,126,142,158,158,254,254,272,237,255,78,78,78,98,98,98,112,124,197,197,217,217,320,320,339,264,314,95,95,95,129,146,191,191,43,76,91,122,122,122,122,122,87,119,119,119],"floor_reached":55,"language":"ENG","playtime":4009,"items_purged":["Strike_G"],"score":923,"play_id":"a17a953f-8550-421f-898b-a1a5294de97f","local_time":"20210206090653","is_ascension_mode":true,"campfire_choices":[{"floor":8.0,"key":"REST"},{"floor":15.0,"key":"REST"},{"floor":23.0,"key":"RECALL"},{"data":"Noxious Fumes","floor":25.0,"key":"SMITH"},{"data":"Footwork","floor":30.0,"key":"SMITH"},{"data":"Fluid Movement","floor":32.0,"key":"SMITH"},{"data":"Fluid Movement","floor":40.0,"key":"SMITH"},{"data":"Catalyst","floor":49.0,"key":"SMITH"},{"data":"Dodge and Roll","floor":52.0,"key":"SMITH"}],"circlet_count":0,"master_deck":["Strike_G","Strike_G","Strike_G","Defend_G","Defend_G","Defend_G","Defend_G","Defend_G","Survivor","Neutralize+1","Fluid Movement+1","Fluid Movement+1","Deflect","Footwork+1","Deflect","After Image+1","Die Die Die+1","Phantasmal Killer+1","Dodge and Roll+1","After Image+1","Heel Hook+1","Fluid Movement+1","Terror+1","Footwork+1","Die Die Die+1","Die Die Die+1","Noxious Fumes+1","Deflect","Sucker Punch+1","AbeCurse","A Thousand Cuts+1","Prepared+1","Fluid Movement+1","Backflip+1","Heel Hook+1","Fluid Movement+1","Dodge and Roll+1","Catalyst+1"],"relics":["Ring of the Snake","Replay:Rubber Ducky","halation:PinkSoulGem","Golden Egg","conspire:SpecialSausage","reliquary:Boomerang","hubris:CrystalStatue","Ring of Chaos","FossilizedHelix","Orrery","Replay:Ringing Soul","reliquary:RadioactivePellet","Oddly Smooth Stone","ReplayTheSpireMod:Lightbulb","reliquary:ExpiredCoupon","aspiration:HiddenCompartment"],"acts_visited":["Exordium","TheCity","TheBeyond","TheEnding"],"potions_floor_usage":[55],"damage_taken":[{"damage":6.0,"enemies":"Cultist","floor":1.0,"turns":5.0},{"damage":0.0,"enemies":"conspire:RoseBush","floor":2.0,"turns":6.0},{"damage":2.0,"enemies":"Jaw Worm","floor":4.0,"turns":7.0},{"damage":24.0,"enemies":"Replay:BlueRogue","floor":6.0,"turns":19.0},{"damage":5.0,"enemies":"Large Slime","floor":11.0,"turns":12.0},{"damage":0.0,"enemies":"Red Slaver","floor":12.0,"turns":4.0},{"damage":0.0,"enemies":"Gremlin Gang","floor":13.0,"turns":7.0},{"damage":0.0,"enemies":"Looter","floor":14.0,"turns":4.0},{"damage":33.0,"enemies":"Hexaghost","floor":16.0,"turns":18.0},{"damage":3.0,"enemies":"3 Byrds","floor":18.0,"turns":12.0},{"damage":0.0,"enemies":"Shelled Parasite and Fungi","floor":20.0,"turns":14.0},{"damage":0.0,"enemies":"Snecko","floor":24.0,"turns":9.0},{"damage":0.0,"enemies":"Cultist and Chosen","floor":27.0,"turns":7.0},{"damage":0.0,"enemies":"conspire:HollyBat","floor":28.0,"turns":9.0},{"damage":0.0,"enemies":"3 Cultists","floor":31.0,"turns":5.0},{"damage":25.0,"enemies":"Pondfish","floor":33.0,"turns":16.0},{"damage":0.0,"enemies":"Orb Walker","floor":35.0,"turns":5.0},{"damage":4.0,"enemies":"2 Orb Walkers","floor":37.0,"turns":8.0},{"damage":0.0,"enemies":"HollowMod:StalkingDevout","floor":41.0,"turns":10.0},{"damage":0.0,"enemies":"3 Darklings","floor":42.0,"turns":5.0},{"damage":0.0,"enemies":"Nemesis","floor":46.0,"turns":7.0},{"damage":0.0,"enemies":"Jaw Worm Horde","floor":47.0,"turns":5.0},{"damage":0.0,"enemies":"HollowMod:StalkingDevout","floor":48.0,"turns":10.0},{"damage":0.0,"enemies":"Time Eater","floor":50.0,"turns":16.0},{"damage":23.0,"enemies":"Shield and Spear","floor":54.0,"turns":4.0},{"damage":56,"enemies":"The Heart","floor":55,"turns":12}],"seed_played":"-6044702801767720805","potions_obtained":[{"floor":7.0,"key":"BlessingOfTheForge"},{"floor":7.0,"key":"Ancient Potion"},{"floor":7.0,"key":"blueLaboratory:PyrophylliteBrew"},{"floor":11.0,"key":"blueLaboratory:FruitPunch"},{"floor":16.0,"key":"Venom Potion"},{"floor":18.0,"key":"blueLaboratory:Virophage"},{"floor":28.0,"key":"blueLaboratory:EnragingPotion"},{"floor":35.0,"key":"blueLaboratory:ImpenetrablePotion"}],"is_trial":false,"path_per_floor":["M","M","$","M","?","E","?","R","T","?","M","M","M","M","R","B",null,"M","$","M","$","?","R","M","R","T","M","M","T","R","M","R","B",null,"M","$","?","$","?","R","E","M","T","?","$","E","M","E","R","B",null,"R","$","E","B"],"character_chosen":"THE_SILENT","items_purchased":["Replay:Rubber Ducky","Fluid Movement","Fluid Movement","Footwork","Die Die Die","Orrery","Fluid Movement","Oddly Smooth Stone","Elixir"],"campfire_rested":2,"item_purchase_floors":[3,3,19,21,21,38,38,45,53],"current_hp_per_floor":[64,64,64,62,62,38,10,31,31,31,26,26,26,26,47,16,72,69,69,69,69,69,69,69,69,69,69,69,69,69,69,69,44,72,72,72,68,68,68,68,68,71,71,71,71,74,74,74,74,74,78,78,78,55,0,0],"gold":119,"neow_bonus":"HUNDRED_GOLD","is_daily":false,"chose_seed":false,"campfire_upgraded":6,"win_rate":0.0,"timestamp":1612595213,"path_taken":["M","?","$","M","?","E","?","R","T","?","M","M","M","?","R","BOSS","M","$","?","$","?","R","M","R","T","M","M","?","R","M","R","BOSS","M","$","?","$","?","R","E","?","T","?","$","E","M","E","R","BOSS","R","$","E","BOSS"],"items_purchased_type":["Relic","Card","Card","Card","Card","Relic","Card","Relic","Potion"],"build_version":"2020-12-22","purchased_purges":1,"victory":false,"max_hp_per_floor":[70,70,70,70,70,70,70,70,70,70,70,70,70,70,70,72,72,72,72,72,72,72,72,72,72,72,72,72,72,72,72,72,72,72,72,72,72,72,72,72,72,75,75,75,75,78,78,78,78,78,78,78,78,78,78,78],"card_choices":[{"not_picked":["Flying Knee","Blade Dance","Well Laid Plans"],"picked":"SKIP","floor":1.0},{"not_picked":["Well Laid Plans","hubris:Counter"],"picked":"Fluid Movement","floor":2.0},{"not_picked":["Draining Mist","ReplayTheSpireMod:Shiv Toss"],"picked":"Deflect","floor":4.0},{"not_picked":["Crippling Poison","conspire:DoublingDagger"],"picked":"Footwork","floor":6.0},{"not_picked":["Reflex","Flechettes"],"picked":"Deflect","floor":7.0},{"not_picked":["Envenom+1","Bullet Time+1"],"picked":"After Image+1","floor":10.0},{"not_picked":["Bullet Time+1","Storm of Steel+1"],"picked":"Die Die Die+1","floor":10.0},{"not_picked":["Unload+1","Atom Bomb+1"],"picked":"Phantasmal Killer+1","floor":10.0},{"not_picked":["Sucker Punch","Finisher","Slice"],"picked":"SKIP","floor":11.0},{"not_picked":["Blur","Cloak And Dagger"],"picked":"Dodge and Roll","floor":12.0},{"not_picked":["Bane","Hidden Blade","Dodge and Roll"],"picked":"SKIP","floor":13.0},{"not_picked":["Outmaneuver","Underhanded Strike","hubris:Sniper"],"picked":"SKIP","floor":14.0},{"not_picked":["Wraith Form v2","Storm of Steel"],"picked":"After Image","floor":16.0},{"not_picked":["Leg Sweep","conspire:DoublingDagger"],"picked":"Heel Hook+1","floor":18.0},{"not_picked":["Crippling Poison","Catalyst"],"picked":"Terror+1","floor":20.0},{"not_picked":["Deflect","Backflip"],"picked":"Noxious Fumes","floor":24.0},{"not_picked":["Deadly Poison","ReplayTheSpireMod:Exploit Weakness"],"picked":"Deflect","floor":27.0},{"not_picked":["Flying Knee","Dagger Throw","Outmaneuver"],"picked":"SKIP","floor":28.0},{"not_picked":["hubris:TrickCloak","Poisoned Stab"],"picked":"Sucker Punch+1","floor":31.0},{"not_picked":["Venomology","Night Terror"],"picked":"A Thousand Cuts","floor":33.0},{"not_picked":["Slice+1","Blade Dance"],"picked":"Prepared+1","floor":35.0},{"not_picked":["Dagger Spray","Tactician+1"],"picked":"Fluid Movement","floor":38.0},{"not_picked":["conspire:DoublingDagger","Die Die Die"],"picked":"Backflip","floor":38.0},{"not_picked":["Atom Bomb","Bane+1"],"picked":"Heel Hook","floor":38.0},{"not_picked":["Cloak And Dagger+1","ReplayTheSpireMod:Tripwire+1","Prepared"],"picked":"SKIP","floor":41.0},{"not_picked":["Flying Knee","Acrobatics"],"picked":"Dodge and Roll+1","floor":42.0},{"not_picked":["Blur","conspire:PoisonWeapons"],"picked":"Catalyst","floor":46.0},{"not_picked":["Quick Slash","Poisoned Stab+1","Prepared"],"picked":"SKIP","floor":47.0},{"not_picked":["Poison Darts","hubris:Counter","Distraction+1"],"picked":"SKIP","floor":48.0},{"not_picked":["Dodge and Roll","Slice","Deadly Poison"],"picked":"SKIP","floor":54.0}],"player_experience":690979,"relics_obtained":[{"floor":6.0,"key":"Golden Egg"},{"floor":26.0,"key":"reliquary:Boomerang"},{"floor":29.0,"key":"hubris:CrystalStatue"},{"floor":37.0,"key":"FossilizedHelix"},{"floor":41.0,"key":"Replay:Ringing Soul"},{"floor":43.0,"key":"reliquary:RadioactivePellet"},{"floor":46.0,"key":"ReplayTheSpireMod:Lightbulb"},{"floor":48.0,"key":"reliquary:ExpiredCoupon"},{"floor":54.0,"key":"aspiration:HiddenCompartment"}],"event_choices":[{"damage_healed":0.0,"max_hp_gain":0.0,"max_hp_loss":0.0,"gold_gain":0.0,"event_name":"betterMatch:BetterMatch","player_choice":"3","floor":10.0,"gold_loss":0.0,"damage_taken":0.0,"cards_obtained":["betterMatch:RareCard"]},{"damage_healed":0.0,"max_hp_gain":0.0,"max_hp_loss":0.0,"gold_gain":0.0,"event_name":"Upgrade Shrine","player_choice":"Upgraded","floor":22.0,"gold_loss":0.0,"damage_taken":0.0,"cards_upgraded":["Neutralize"]},{"damage_healed":0.0,"max_hp_gain":0.0,"max_hp_loss":0.0,"gold_gain":0.0,"event_name":"Mysterious Sphere","player_choice":"Fight","floor":37.0,"gold_loss":0.0,"damage_taken":0.0},{"damage_healed":0.0,"max_hp_gain":0.0,"max_hp_loss":0.0,"gold_gain":0.0,"event_name":"Lab","player_choice":"Got Potions","floor":39.0,"gold_loss":0.0,"damage_taken":0.0},{"cards_removed":["Strike_G"],"damage_healed":0.0,"max_hp_gain":0.0,"max_hp_loss":0.0,"gold_gain":0.0,"event_name":"Purifier","player_choice":"Purged","floor":44.0,"gold_loss":0.0,"damage_taken":0.0}],"is_beta":false,"boss_relics":[{"not_picked":["Ring of the Serpent","Ectoplasm"],"picked":"conspire:SpecialSausage"},{"not_picked":["energizedSpire:NeverEndingSparkler","halation:MonkeysPaw"],"picked":"Ring of Chaos"}],"items_purged_floors":[36],"is_endless":false,"potions_floor_spawned":[6,11,13,16,18,27,28,33,35,42,46,47],"killed_by":"The Heart","ascension_level":4}}