{"host":"w8xisjf5mgmfjvmt","time":1612589331,"event":{"mods":["BaseMod","BetterRewards","Challenge The Spire","Conspire","Energized Spire","Filter the Spire","Minty Spire (QoL Compilation)","Quarter Circle Forward PUNCH!","Quick Restart","Relic Filter Mod","Relic Stats","Reliquary","Replay The Spire","Shop Mod","Spicy Shops","StSLib","Thieving Mod","¡¾ÒÅÎï¿¨ÅÆ¡¿REMEMod","óô»ðÖ¸ÄÏ"],"gold_per_floor":[111,125,25,25,40,69,1,1,27,44,77,90,119,136,136,214,214,225,225,241,17,28,28,53,53,135,161,81,112,112,112,127,145,145,224,224,239,239,250,87,87,118,18,50,50,83,98,130,130,149,149,149,149,149,149,24,51,51],"floor_reached":59,"language":"ZHS","playtime":2074,"items_purged":["Unload","Poisoned Stab","Blade Dance"],"score":2845,"play_id":"c087c24c-aa32-4eec-84be-04ccc35787c1","local_time":"20210206132851","is_ascension_mode":true,"campfire_choices":[{"data":"Calculated Gamble","floor":8.0,"key":"SMITH"},{"data":"REME_GreenPollution","floor":15.0,"key":"SMITH"},{"data":"Catalyst","floor":23.0,"key":"SMITH"},{"data":"Ghostly","floor":25.0,"key":"SMITH"},{"floor":34.0,"key":"DIG"},{"data":"Acrobatics","floor":49.0,"key":"SMITH"},{"floor":51.0,"key":"RECALL"},{"data":"Reflex","floor":55.0,"key":"SMITH"}],"circlet_count":0,"master_deck":["AscendersBane","Survivor","Neutralize","REME_SpectralBlade+1","REME_ShadowStrike","Leg Sweep","Calculated Gamble+1","Reflex+1","Backstab","REME_GreenPollution+1","Catalyst+1","Replay:Poison Smokescreen","Ghostly+1","Calculated Gamble+1","Acrobatics","Blur","Acrobatics+1","Eviscerate","Night Terror+1","Reflex+1","Footwork+1","Ghostly+1","Tactician+1","PiercingWail+1"],"relics":["REME_ComplimentaryCards","Pandora\u0027s Box","Omamori","qcfpunch:Red_Headband","Replay:Bottled Steam","Divine Protection","SacredBark","FaceOfCleric","Guide Book","reliquary:RadioactivePellet","Garlic","ReplayTheSpireMod:Shallot","MealTicket","ReplayTheSpireMod:Lightbulb","Regal Pillow","energizedSpire:OgreHead","DollysMirror","conspire:TopHat","REME_PoisonedDagger","Gremlin Horn","Counterbalance","Replay:Rubber Ducky"],"acts_visited":["Exordium","TheCity","TheBeyond","TheEnding"],"potions_floor_usage":[57,58],"damage_taken":[{"damage":0.0,"enemies":"Small Slimes","floor":1.0,"turns":2.0},{"damage":0.0,"enemies":"Jaw Worm","floor":2.0,"turns":2.0},{"damage":0.0,"enemies":"Cultist","floor":5.0,"turns":2.0},{"damage":14.0,"enemies":"3 Sentries","floor":6.0,"turns":3.0},{"damage":5.0,"enemies":"Blue Slaver","floor":10.0,"turns":2.0},{"damage":4.0,"enemies":"Lagavulin","floor":11.0,"turns":4.0},{"damage":0.0,"enemies":"Large Slime","floor":12.0,"turns":3.0},{"damage":0.0,"enemies":"Gremlin Nob","floor":13.0,"turns":3.0},{"damage":0.0,"enemies":"3 Louse","floor":14.0,"turns":2.0},{"damage":0.0,"enemies":"Hexaghost","floor":16.0,"turns":5.0},{"damage":0.0,"enemies":"Spheric Guardian","floor":18.0,"turns":2.0},{"damage":0.0,"enemies":"Shell Parasite","floor":20.0,"turns":2.0},{"damage":0.0,"enemies":"Centurion and Healer","floor":22.0,"turns":3.0},{"damage":0.0,"enemies":"Slavers","floor":24.0,"turns":2.0},{"damage":0.0,"enemies":"Gremlin Leader","floor":27.0,"turns":3.0},{"damage":0.0,"enemies":"Book of Stabbing","floor":29.0,"turns":3.0},{"damage":0.0,"enemies":"Snecko","floor":32.0,"turns":3.0},{"damage":1.0,"enemies":"Shelled Parasite and Fungi","floor":33.0,"turns":3.0},{"damage":23.0,"enemies":"Collector","floor":35.0,"turns":3.0},{"damage":0.0,"enemies":"3 Shapes","floor":37.0,"turns":3.0},{"damage":0.0,"enemies":"3 Darklings","floor":39.0,"turns":3.0},{"damage":2.0,"enemies":"R_Hoarder","floor":42.0,"turns":7.0},{"damage":0.0,"enemies":"Reptomancer","floor":44.0,"turns":4.0},{"damage":0.0,"enemies":"R_Hoarder","floor":46.0,"turns":3.0},{"damage":0.0,"enemies":"4 Shapes","floor":47.0,"turns":2.0},{"damage":1.0,"enemies":"Reptomancer","floor":48.0,"turns":3.0},{"damage":3.0,"enemies":"Spire Growth","floor":50.0,"turns":3.0},{"damage":9.0,"enemies":"Awakened One","floor":52.0,"turns":5.0},{"damage":2.0,"enemies":"Replay:Hell Engine","floor":53.0,"turns":4.0},{"damage":11,"enemies":"Shield and Spear","floor":57,"turns":3},{"damage":17,"enemies":"The Heart","floor":58,"turns":6}],"seed_played":"-1980469483406679369","potions_obtained":[{"floor":2.0,"key":"Swift Potion"},{"floor":10.0,"key":"AttackPotion"},{"floor":14.0,"key":"Explosive Potion"},{"floor":16.0,"key":"LiquidBronze"},{"floor":18.0,"key":"Reflective Coating"},{"floor":29.0,"key":"Elixir"},{"floor":33.0,"key":"Regen Potion"}],"is_trial":false,"path_per_floor":["M","M","?","?","M","E","$","R","T","M","E","M","E","M","R","B",null,"M","?","M","$","M","R","E","R","T","E","?","E","PTL","PTL","M","M","R","B",null,"M","?","M","$","?","E","$","E","T","E","M","E","R","M","R","B","B",null,"R","$","E","B",null],"character_chosen":"THE_SILENT","items_purchased":["Acrobatics","Guide Book","reliquary:RadioactivePellet","DollysMirror"],"campfire_rested":0,"item_purchase_floors":[7,21,21,40],"current_hp_per_floor":[59,59,59,59,59,45,45,45,45,40,36,36,36,36,36,36,59,59,59,60,60,61,61,62,62,62,63,63,64,64,64,65,65,65,43,66,67,67,68,76,76,75,77,78,78,79,80,80,80,78,78,70,69,80,80,84,85,69],"gold":51,"neow_bonus":"BOSS_RELIC","is_daily":false,"chose_seed":false,"campfire_upgraded":6,"win_rate":0.0,"timestamp":1612589331,"path_taken":["M","M","?","?","M","E","?","R","T","M","E","M","E","M","R","BOSS","M","?","?","$","M","R","E","R","T","E","?","E","PTL","PTL","M","M","R","BOSS","M","?","M","$","?","E","?","E","T","E","M","E","R","M","R","BOSS","BOSS","R","$","E","BOSS"],"items_purchased_type":["Card","Relic","Relic","Relic"],"build_version":"2020-12-22","purchased_purges":3,"victory":true,"max_hp_per_floor":[66,66,66,66,66,66,66,66,66,66,66,66,66,66,66,66,66,66,66,67,67,68,68,69,69,69,70,70,71,71,71,72,73,73,74,74,75,75,76,76,76,77,77,78,78,79,80,81,81,82,82,83,84,84,84,84,85,86],"relic_stats":{"Regal Pillow":0,"FaceOfCleric":20,"Gremlin Horn":[7,7],"counters":[31,98],"Pandora\u0027s Box":["REME_SpectralBlade","REME_ShadowStrike","Blade Dance","Leg Sweep","Calculated Gamble","Unload","Reflex","Backstab","Poisoned Stab","REME_GreenPollution"],"MealTicket":14,"obtain_stats":[{"Divine Protection":13,"Regal Pillow":34,"Gremlin Horn":46,"SacredBark":17,"Guide Book":21,"Counterbalance":48,"Omamori":6,"energizedSpire:OgreHead":36,"REME_PoisonedDagger":44,"conspire:TopHat":42,"Replay:Rubber Ducky":57,"FaceOfCleric":19,"ReplayTheSpireMod:Shallot":26,"DollysMirror":40,"Pandora\u0027s Box":0,"MealTicket":27,"qcfpunch:Red_Headband":9,"Garlic":24,"reliquary:RadioactivePellet":21,"ReplayTheSpireMod:Lightbulb":29,"Ring of the Snake":0,"REME_ComplimentaryCards":0,"Replay:Bottled Steam":11},{"Divine Protection":8,"Regal Pillow":18,"Gremlin Horn":24,"SacredBark":10,"Guide Book":12,"Counterbalance":26,"Omamori":4,"energizedSpire:OgreHead":19,"REME_PoisonedDagger":23,"conspire:TopHat":22,"Replay:Rubber Ducky":30,"FaceOfCleric":11,"ReplayTheSpireMod:Shallot":14,"DollysMirror":21,"Pandora\u0027s Box":0,"MealTicket":15,"qcfpunch:Red_Headband":4,"Garlic":14,"reliquary:RadioactivePellet":12,"ReplayTheSpireMod:Lightbulb":16,"Ring of the Snake":0,"REME_ComplimentaryCards":0,"Replay:Bottled Steam":6},{"Divine Protection":21,"Regal Pillow":49,"Gremlin Horn":72,"SacredBark":28,"Guide Book":32,"Counterbalance":77,"Omamori":9,"energizedSpire:OgreHead":52,"REME_PoisonedDagger":69,"conspire:TopHat":65,"Replay:Rubber Ducky":92,"FaceOfCleric":30,"ReplayTheSpireMod:Shallot":37,"DollysMirror":58,"Pandora\u0027s Box":0,"MealTicket":40,"qcfpunch:Red_Headband":9,"Garlic":37,"reliquary:RadioactivePellet":32,"ReplayTheSpireMod:Lightbulb":43,"Ring of the Snake":0,"REME_ComplimentaryCards":0,"Replay:Bottled Steam":15}]},"card_choices":[{"not_picked":["Blade Dance","Backflip"],"picked":"Catalyst","floor":1.0},{"not_picked":["PiercingWail","Dodge and Roll"],"picked":"Replay:Poison Smokescreen","floor":2.0},{"not_picked":["Toxin Wave","Footwork"],"picked":"Acrobatics","floor":5.0},{"not_picked":["REME_GrazeFinale","Heel Hook"],"picked":"Blur","floor":6.0},{"not_picked":["Quick Slash","Dagger Spray","Skewer"],"picked":"SKIP","floor":10.0},{"not_picked":["ReplayTheSpireMod:Shiv Toss","Terror","Quick Slash"],"picked":"SKIP","floor":11.0},{"not_picked":["Prepared","Quick Slash","Masterful Stab"],"picked":"SKIP","floor":12.0},{"not_picked":["Bane","Predator","Eviscerate"],"picked":"SKIP","floor":13.0},{"not_picked":["Bane","Predator"],"picked":"Eviscerate","floor":13.0},{"not_picked":["Sucker Punch","Distraction","Prepared"],"picked":"SKIP","floor":14.0},{"not_picked":["A Thousand Cuts","Malaise"],"picked":"Night Terror","floor":16.0},{"not_picked":["Dash","Sucker Punch","ReplayTheSpireMod:The Works+1"],"picked":"SKIP","floor":18.0},{"not_picked":["Acrobatics","Dagger Spray"],"picked":"Reflex+1","floor":20.0},{"not_picked":["Terror+1","Blade Dance","Hidden Blade"],"picked":"SKIP","floor":22.0},{"not_picked":["Expertise","Slice"],"picked":"Footwork+1","floor":24.0},{"not_picked":["ReplayTheSpireMod:Exploit Weakness","Poison Darts","Toxin Wave"],"picked":"SKIP","floor":27.0},{"not_picked":["Sucker Punch+1","Choke","Outmaneuver"],"picked":"SKIP","floor":29.0},{"not_picked":["Footwork","conspire:DoublingDagger","Deadly Poison"],"picked":"SKIP","floor":32.0},{"not_picked":["Replay:Poison Smokescreen","Outmaneuver","Hidden Blade"],"picked":"SKIP","floor":33.0},{"not_picked":["Bane","ReplayTheSpireMod:Shiv Toss+1","Sucker Punch"],"picked":"SKIP","floor":37.0},{"not_picked":["Dagger Spray","REME_GreenPollution","Footwork+1"],"picked":"SKIP","floor":39.0},{"not_picked":["REME_GreenPollution","Poisoned Stab","Dodge and Roll"],"picked":"SKIP","floor":42.0},{"not_picked":["Dodge and Roll+1","Leg Sweep","Riddle With Holes"],"picked":"SKIP","floor":44.0},{"not_picked":["Accuracy","Noxious Fumes","Toxin Wave+1"],"picked":"SKIP","floor":46.0},{"not_picked":["Accuracy","Noxious Fumes","Toxin Wave+1"],"picked":"SKIP","floor":46.0},{"not_picked":["Blade Dance+1","Poisoned Stab+1","Sucker Punch"],"picked":"SKIP","floor":47.0},{"not_picked":["Concentrate","Reflex","Outmaneuver"],"picked":"SKIP","floor":48.0},{"not_picked":["Concentrate","Reflex","Outmaneuver"],"picked":"SKIP","floor":48.0},{"not_picked":["Caltrops","Bane"],"picked":"Tactician+1","floor":50.0},{"not_picked":["Skewer","Flying Knee"],"picked":"PiercingWail+1","floor":57}],"player_experience":1285662,"relics_obtained":[{"floor":6.0,"key":"Omamori"},{"floor":9.0,"key":"qcfpunch:Red_Headband"},{"floor":11.0,"key":"Replay:Bottled Steam"},{"floor":13.0,"key":"Divine Protection"},{"floor":24.0,"key":"Garlic"},{"floor":26.0,"key":"ReplayTheSpireMod:Shallot"},{"floor":27.0,"key":"MealTicket"},{"floor":29.0,"key":"ReplayTheSpireMod:Lightbulb"},{"floor":34.0,"key":"Regal Pillow"},{"floor":42.0,"key":"conspire:TopHat"},{"floor":44.0,"key":"REME_PoisonedDagger"},{"floor":46.0,"key":"Gremlin Horn"},{"floor":48.0,"key":"Counterbalance"},{"floor":57,"key":"Replay:Rubber Ducky"}],"event_choices":[{"damage_healed":0.0,"max_hp_gain":0.0,"max_hp_loss":0.0,"gold_gain":0.0,"event_name":"conspire:LoneGhost","player_choice":"Argue","floor":3.0,"gold_loss":0.0,"damage_taken":0.0},{"damage_healed":0.0,"max_hp_gain":0.0,"max_hp_loss":0.0,"gold_gain":0.0,"event_name":"FaceTrader","player_choice":"Trade","floor":19.0,"gold_loss":0.0,"damage_taken":0.0,"relics_obtained":["FaceOfCleric"]},{"damage_healed":0.0,"max_hp_gain":0.0,"max_hp_loss":0.0,"gold_gain":0.0,"event_name":"Tomb of Lord Red Mask","player_choice":"Ignored","floor":38.0,"gold_loss":0.0,"damage_taken":0.0}],"is_beta":false,"boss_relics":[{"not_picked":["Snecko Heart","ReplayTheSpireMod:DimensionalGlitch"],"picked":"SacredBark"},{"not_picked":["Empty Cage","Fusion Hammer"],"picked":"energizedSpire:OgreHead"}],"items_purged_floors":[21,43,56],"is_endless":false,"potions_floor_spawned":[2,10,14,16,18,29,32,33,42,46,50],"ascension_level":20}}