{"host":"08t08ld674si40tv","time":1612624056,"event":{"mods":["AchievementEnabler","BaseMod","Colored Map","Minty Spire (QoL Compilation)","StSLib","SuperFastMode"],"gold_per_floor":[114,114,114,114,13,13,57,22,96,161,194,94,94,109,109,202,202,215,215,130,130,130,130,130,180,180,180,199,199,199,199,199,298,298,321,352,685,739,739,739,739,739,739,739,169,169,199,449,449,449,449,449,449,22,47,47,47],"floor_reached":56,"language":"KOR","playtime":721,"items_purged":["Strike_R","Strike_R","Defend_R","Defend_R"],"score":2030,"play_id":"0b1e8fa5-2644-431a-95bc-04e8ea2d63b9","local_time":"20210207000736","is_ascension_mode":true,"campfire_choices":[{"data":"Searing Blow+3","floor":6.0,"key":"SMITH"},{"data":"Searing Blow+4","floor":15.0,"key":"SMITH"},{"data":"Searing Blow+5","floor":23.0,"key":"SMITH"},{"data":"Searing Blow+6","floor":24.0,"key":"SMITH"},{"data":"Searing Blow+7","floor":27.0,"key":"SMITH"},{"data":"Searing Blow+8","floor":29.0,"key":"SMITH"},{"data":"Searing Blow+9","floor":32.0,"key":"SMITH"},{"data":"Searing Blow+10","floor":40,"key":"SMITH"},{"data":"Searing Blow+11","floor":41,"key":"SMITH"},{"data":"Searing Blow+12","floor":42,"key":"SMITH"},{"data":"Searing Blow+13","floor":46,"key":"SMITH"},{"floor":49,"key":"RECALL"},{"data":"Searing Blow+14","floor":53,"key":"SMITH"}],"circlet_count":0,"master_deck":["AscendersBane","Bash","Searing Blow+15","Pommel Strike","Shrug It Off","Double Tap","Ghostly Armor","Seeing Red","Armaments+1"],"relics":["Burning Blood","Juzu Bracelet","Bottled Flame","Ornamental Fan","Regal Pillow","Busted Crown","Ginger","SacredBark","Pocketwatch","Magic Flower","InkBottle","WingedGreaves","Question Card","Toy Ornithopter","TungstenRod","Old Coin","Bag of Marbles","Bag of Preparation"],"acts_visited":["Exordium","TheCity","TheBeyond","TheEnding"],"potions_floor_usage":[51,55,56],"damage_taken":[{"damage":6.0,"enemies":"Cultist","floor":1.0,"turns":3.0},{"damage":35.0,"enemies":"Lagavulin","floor":7.0,"turns":6.0},{"damage":0.0,"enemies":"Gremlin Nob","floor":11.0,"turns":2.0},{"damage":7.0,"enemies":"2 Louse","floor":14.0,"turns":3.0},{"damage":33.0,"enemies":"The Guardian","floor":16.0,"turns":7.0},{"damage":22.0,"enemies":"3 Byrds","floor":18.0,"turns":5.0},{"damage":6.0,"enemies":"Shell Parasite","floor":28.0,"turns":2.0},{"damage":12,"enemies":"Automaton","floor":33,"turns":3},{"damage":16,"enemies":"3 Shapes","floor":35,"turns":5},{"damage":0,"enemies":"Mind Bloom Boss Battle","floor":36,"turns":2},{"damage":7,"enemies":"2 Orb Walkers","floor":38,"turns":3},{"damage":0,"enemies":"Reptomancer","floor":47,"turns":1},{"damage":0,"enemies":"Time Eater","floor":50,"turns":2},{"damage":3,"enemies":"Donu and Deca","floor":51,"turns":4},{"damage":0,"enemies":"Shield and Spear","floor":55,"turns":3},{"damage":73,"enemies":"The Heart","floor":56,"turns":5}],"seed_played":"5495261629327830243","potions_obtained":[{"floor":14.0,"key":"Ancient Potion"},{"floor":38,"key":"SkillPotion"}],"is_trial":false,"path_per_floor":["M","?","?","?","$","R","E","?","T","?","E","$","?","M","R","B",null,"M","?","?","?","?","R","R","?","T","R","M","R","?","$","R","B",null,"M","?","?","?","?","R","R","R","T","?","$","R","E","?","R","B","B",null,"R","$","E","B"],"character_chosen":"IRONCLAD","items_purchased":["Shrug It Off","Question Card","Toy Ornithopter","Bag of Marbles","HeartOfIron"],"campfire_rested":0,"item_purchase_floors":[5,45,45,54,54],"current_hp_per_floor":[68,68,68,68,68,68,39,56,56,56,62,62,67,66,66,39,65,49,49,49,49,49,49,49,42,42,42,42,42,42,42,42,36,64,54,60,60,59,59,59,59,59,59,59,59,59,68,68,68,73,73,73,73,73,73,0,0],"gold":47,"neow_bonus":"TRANSFORM_CARD","is_daily":false,"chose_seed":false,"campfire_upgraded":12,"win_rate":0.0,"timestamp":1612624056,"path_taken":["M","?","?","?","$","R","E","?","T","?","E","$","?","M","R","BOSS","M","?","?","?","?","R","R","?","T","R","M","R","?","$","R","BOSS","M","?","?","?","?","R","R","R","T","?","$","R","E","?","R","BOSS","BOSS","R","$","E","BOSS"],"items_purchased_type":["Card","Relic","Relic","Relic","Potion"],"build_version":"2020-12-22","purchased_purges":4,"victory":false,"max_hp_per_floor":[75,68,68,68,68,68,68,68,68,68,68,68,73,73,73,73,73,73,73,73,73,73,73,73,73,73,73,73,73,73,73,73,73,73,73,73,73,73,73,73,73,73,73,73,73,73,73,73,73,73,73,73,73,73,73,73,73],"card_choices":[{"not_picked":["Headbutt","Body Slam","Pommel Strike"],"picked":"SKIP","floor":1.0},{"not_picked":["Cleave","Power Through"],"picked":"Double Tap","floor":7.0},{"not_picked":["Wild Strike","Fire Breathing","Shrug It Off"],"picked":"SKIP","floor":11.0},{"not_picked":["Sword Boomerang","Pommel Strike","Anger"],"picked":"SKIP","floor":14.0},{"not_picked":["Shrug It Off"],"picked":"SKIP","floor":18.0},{"not_picked":[],"picked":"Seeing Red","floor":28.0},{"not_picked":["Feel No Pain"],"picked":"SKIP","floor":35},{"not_picked":[],"picked":"Armaments","floor":36},{"not_picked":["Entrench","Blood for Blood"],"picked":"SKIP","floor":47},{"not_picked":["Sword Boomerang+1","Twin Strike+1"],"picked":"SKIP","floor":55}],"player_experience":297914,"relics_obtained":[{"floor":7.0,"key":"Bottled Flame"},{"floor":9.0,"key":"Ornamental Fan"},{"floor":11.0,"key":"Regal Pillow"},{"floor":36,"key":"Pocketwatch"},{"floor":38,"key":"Magic Flower"},{"floor":43,"key":"InkBottle"},{"floor":47,"key":"TungstenRod"},{"floor":55,"key":"Bag of Preparation"}],"event_choices":[{"damage_healed":0.0,"max_hp_gain":0.0,"max_hp_loss":7.0,"gold_gain":0.0,"event_name":"Golden Idol","player_choice":"Lose Max HP","floor":2.0,"gold_loss":0.0,"damage_taken":0.0,"relics_obtained":["Golden Idol"]},{"damage_healed":0.0,"max_hp_gain":0.0,"max_hp_loss":0.0,"gold_gain":0.0,"event_name":"Living Wall","player_choice":"Grow","floor":3.0,"gold_loss":0.0,"damage_taken":0.0,"cards_upgraded":["Searing Blow"]},{"damage_healed":0.0,"max_hp_gain":0.0,"max_hp_loss":0.0,"gold_gain":0.0,"event_name":"Upgrade Shrine","player_choice":"Upgraded","floor":4.0,"gold_loss":0.0,"damage_taken":0.0,"cards_upgraded":["Searing Blow"]},{"damage_healed":17.0,"max_hp_gain":0.0,"max_hp_loss":0.0,"gold_gain":0.0,"event_name":"The Cleric","player_choice":"Healed","floor":8.0,"gold_loss":35.0,"damage_taken":0.0},{"damage_healed":0.0,"max_hp_gain":0.0,"max_hp_loss":0.0,"gold_gain":65.0,"event_name":"Golden Wing","player_choice":"Gained Gold","floor":10.0,"gold_loss":0.0,"damage_taken":0.0},{"damage_healed":0.0,"max_hp_gain":5.0,"max_hp_loss":0.0,"gold_gain":0.0,"event_name":"Big Fish","player_choice":"Donut","floor":13.0,"gold_loss":0.0,"damage_taken":0.0},{"damage_healed":0.0,"max_hp_gain":0.0,"max_hp_loss":0.0,"gold_gain":0.0,"cards_transformed":["Strike_R","Strike_R"],"event_name":"Drug Dealer","player_choice":"Became Test Subject","floor":19.0,"gold_loss":0.0,"damage_taken":0.0,"cards_obtained":["Ghostly Armor","Dropkick"]},{"damage_healed":0.0,"max_hp_gain":0.0,"max_hp_loss":0.0,"gold_gain":0.0,"event_name":"Addict","player_choice":"Obtained Relic","floor":20.0,"gold_loss":85.0,"damage_taken":0.0,"relics_obtained":["Ginger"]},{"cards_removed":["Defend_R"],"damage_healed":0.0,"max_hp_gain":0.0,"max_hp_loss":0.0,"gold_gain":0.0,"event_name":"Purifier","player_choice":"Purged","floor":21.0,"gold_loss":0.0,"damage_taken":0.0},{"cards_removed":["Defend_R"],"damage_healed":0.0,"max_hp_gain":0.0,"max_hp_loss":0.0,"gold_gain":0.0,"event_name":"Back to Basics","player_choice":"Elegance","floor":22.0,"gold_loss":0.0,"damage_taken":0.0},{"damage_healed":0.0,"max_hp_gain":0.0,"max_hp_loss":0.0,"gold_gain":50.0,"event_name":"FaceTrader","player_choice":"Touch","floor":25.0,"gold_loss":0.0,"damage_taken":7.0},{"damage_healed":0.0,"max_hp_gain":0.0,"max_hp_loss":0.0,"gold_gain":0.0,"event_name":"Ghosts","player_choice":"Ignored","floor":30.0,"gold_loss":0.0,"damage_taken":0.0},{"damage_healed":0,"gold_gain":0,"player_choice":"Fight","damage_taken":0,"max_hp_gain":0,"max_hp_loss":0,"event_name":"MindBloom","floor":36,"gold_loss":0},{"damage_healed":0,"gold_gain":333,"player_choice":"Gave Idol","damage_taken":0,"max_hp_gain":0,"max_hp_loss":0,"event_name":"The Moai Head","floor":37,"relics_lost":["Golden Idol"],"gold_loss":0},{"damage_healed":0,"gold_gain":0,"player_choice":"Fight","damage_taken":0,"max_hp_gain":0,"max_hp_loss":0,"event_name":"Mysterious Sphere","floor":38,"gold_loss":0},{"damage_healed":0,"gold_gain":0,"player_choice":"Upgraded","damage_taken":0,"max_hp_gain":0,"max_hp_loss":0,"event_name":"Upgrade Shrine","floor":39,"gold_loss":0,"cards_upgraded":["Armaments"]},{"cards_removed":["Dropkick"],"damage_healed":0,"gold_gain":0,"player_choice":"Removed Attack","damage_taken":0,"max_hp_gain":0,"max_hp_loss":0,"event_name":"Falling","floor":44,"gold_loss":0},{"damage_healed":0,"gold_gain":0,"player_choice":"Paid Gold","damage_taken":0,"relics_obtained":["Old Coin"],"max_hp_gain":0,"max_hp_loss":0,"event_name":"WeMeetAgain","floor":48,"gold_loss":50}],"is_beta":false,"boss_relics":[{"not_picked":["Runic Cube","Ectoplasm"],"picked":"Busted Crown"},{"not_picked":["Tiny House","Black Blood"],"picked":"SacredBark"}],"items_purged_floors":[5,12,45,54],"is_endless":false,"potions_floor_spawned":[14,38,47],"killed_by":"The Heart","ascension_level":20}}