{"host":"0nndazl0keusavit","time":1612569720,"event":{"mods":["AchievementEnabler","BaseMod","Colored Map","Curses Come First","Highlight Path","Minty Spire (QoL Compilation)","Relic Stats","StSLib"],"gold_per_floor":[110,126,126,27,41,72,72,89,89,122,137,164,86,86,86,160,160,179,179,199,13,23,49,49,77,102,114,126,163,175,203,215,302,314,342,369,381,393,393],"floor_reached":38,"language":"ENG","playtime":2205,"items_purged":["Pain"],"score":904,"play_id":"5c606063-9f3b-4e91-9af2-a45ad10f902e","local_time":"20210205190200","is_ascension_mode":true,"campfire_choices":[{"data":"EmptyFist","floor":7.0,"key":"SMITH"},{"data":"Meditate","floor":15.0,"key":"SMITH"},{"floor":24.0,"key":"REST"},{"data":"Wallop","floor":28.0,"key":"SMITH"},{"data":"Ragnarok","floor":30.0,"key":"SMITH"},{"data":"MentalFortress","floor":32.0,"key":"SMITH"}],"circlet_count":0,"master_deck":["AscendersBane","Strike_P","Strike_P","Strike_P","Strike_P","Defend_P","Defend_P","Defend_P","Defend_P","Eruption","Vigilance","Ragnarok+1","EmptyFist+1","MentalFortress+1","SashWhip","FlurryOfBlows","FearNoEvil","Meditate+1","Tantrum","Vault","FlurryOfBlows","ClearTheMind+1","Secret Technique","Wallop+1"],"relics":["PureWater","WarpedTongs","StrikeDummy","Shovel","Du-Vu Doll","Yang","TungstenRod","VioletLotus","Ornamental Fan","Smiling Mask","MawBank","Ginger","Fusion Hammer"],"acts_visited":["Exordium","TheCity","TheBeyond"],"potions_floor_usage":[],"damage_taken":[{"damage":0.0,"enemies":"Jaw Worm","floor":1.0,"turns":2.0},{"damage":0.0,"enemies":"Cultist","floor":2.0,"turns":2.0},{"damage":3.0,"enemies":"2 Louse","floor":5.0,"turns":2.0},{"damage":8.0,"enemies":"Gremlin Nob","floor":6.0,"turns":3.0},{"damage":7.0,"enemies":"Exordium Wildlife","floor":8.0,"turns":2.0},{"damage":10.0,"enemies":"3 Sentries","floor":10.0,"turns":4.0},{"damage":9.0,"enemies":"Gremlin Gang","floor":11.0,"turns":3.0},{"damage":4.0,"enemies":"Gremlin Nob","floor":12.0,"turns":3.0},{"damage":6.0,"enemies":"The Guardian","floor":16.0,"turns":6.0},{"damage":0.0,"enemies":"3 Byrds","floor":18.0,"turns":2.0},{"damage":1.0,"enemies":"2 Thieves","floor":20.0,"turns":4.0},{"damage":20.0,"enemies":"Cultist and Chosen","floor":22.0,"turns":5.0},{"damage":10.0,"enemies":"Slavers","floor":23.0,"turns":4.0},{"damage":2.0,"enemies":"Gremlin Leader","floor":25.0,"turns":4.0},{"damage":6.0,"enemies":"Slavers","floor":29.0,"turns":2.0},{"damage":0.0,"enemies":"Centurion and Healer","floor":31.0,"turns":4.0},{"damage":2.0,"enemies":"Champ","floor":33.0,"turns":6.0},{"damage":10.0,"enemies":"3 Darklings","floor":35.0,"turns":4.0},{"damage":5,"enemies":"Orb Walker","floor":36,"turns":4}],"seed_played":"8147326968368592160","potions_obtained":[{"floor":6.0,"key":"EssenceOfSteel"},{"floor":11.0,"key":"Swift Potion"},{"floor":20.0,"key":"PowerPotion"},{"floor":22.0,"key":"Swift Potion"},{"floor":23.0,"key":"Ambrosia"},{"floor":27.0,"key":"Strength Potion"},{"floor":27.0,"key":"Ambrosia"}],"is_trial":false,"path_per_floor":["M","M","?","$","M","E","R","M","T","E","M","E","$","T","R","B",null,"M","?","M","$","M","E","R","E","T","?","R","E","R","M","R","B",null,"M","M","?","M"],"character_chosen":"WATCHER","items_purchased":["SashWhip","Tantrum","Secret Technique"],"campfire_rested":1,"item_purchase_floors":[4,13,21],"current_hp_per_floor":[61,61,61,61,58,50,50,43,43,33,24,20,20,20,20,14,55,55,55,54,54,34,24,44,42,42,42,42,36,36,36,36,34,60,50,45,45,0,0],"gold":393,"neow_bonus":"ONE_RANDOM_RARE_CARD","is_daily":false,"chose_seed":false,"campfire_upgraded":5,"win_rate":0.0,"timestamp":1612569720,"path_taken":["M","M","?","$","M","E","R","M","T","E","?","E","?","?","R","BOSS","M","?","M","$","M","E","R","E","T","?","R","E","R","M","R","BOSS","M","?","?","M"],"items_purchased_type":["Card","Card","Card"],"build_version":"2020-12-22","purchased_purges":1,"victory":false,"max_hp_per_floor":[68,68,68,68,68,68,68,68,68,68,68,68,68,68,68,68,68,68,68,68,68,68,68,68,68,68,68,68,68,68,68,68,68,68,68,68,65,65,65],"relic_stats":{"Shovel":0,"counters":[20,71],"Ornamental Fan":[104],"Yang":[174],"VioletLotus":[21],"Ginger":[2],"Smiling Mask":0,"MawBank":144,"obtain_stats":[{"Yang":12,"Ginger":29,"Smiling Mask":25,"MawBank":26,"WarpedTongs":3,"Du-Vu Doll":10,"Shovel":9,"Ornamental Fan":23,"VioletLotus":17,"Fusion Hammer":34,"PureWater":0,"StrikeDummy":6,"TungstenRod":14},{"Yang":8,"Ginger":15,"Smiling Mask":14,"MawBank":14,"WarpedTongs":2,"Du-Vu Doll":6,"Shovel":5,"Ornamental Fan":13,"VioletLotus":9,"Fusion Hammer":17,"PureWater":0,"StrikeDummy":4,"TungstenRod":8},{"Yang":21,"Ginger":48,"Smiling Mask":46,"MawBank":46,"WarpedTongs":4,"Du-Vu Doll":15,"Shovel":11,"Ornamental Fan":42,"VioletLotus":27,"Fusion Hammer":58,"PureWater":0,"StrikeDummy":9,"TungstenRod":21}],"TungstenRod":18,"WarpedTongs":[67]},"card_choices":[{"not_picked":["Crescendo","Sanctity"],"picked":"EmptyFist","floor":1.0},{"not_picked":["EmptyFist","LikeWater"],"picked":"MentalFortress","floor":2.0},{"not_picked":["Collect","Crescendo","EmptyFist"],"picked":"SKIP","floor":5.0},{"not_picked":["SandsOfTime","ThirdEye"],"picked":"FlurryOfBlows","floor":6.0},{"not_picked":["Nirvana","Fasting2"],"picked":"FearNoEvil","floor":8.0},{"not_picked":["Crescendo","PathToVictory","Perseverance"],"picked":"SKIP","floor":10.0},{"not_picked":["FollowUp","ForeignInfluence","JustLucky"],"picked":"SKIP","floor":11.0},{"not_picked":["FollowUp","JustLucky"],"picked":"Meditate","floor":12.0},{"not_picked":["Blasphemy","ConjureBlade"],"picked":"Vault","floor":16.0},{"not_picked":["WindmillStrike","CrushJoints","Perseverance"],"picked":"SKIP","floor":18.0},{"not_picked":["Halt","Sanctity+1"],"picked":"ClearTheMind+1","floor":20.0},{"not_picked":["ThirdEye","FlyingSleeves","Crescendo"],"picked":"SKIP","floor":22.0},{"not_picked":["Evaluate","Vengeance+1"],"picked":"Wallop","floor":23.0},{"not_picked":["LikeWater+1","JustLucky","WaveOfTheHand"],"picked":"SKIP","floor":25.0},{"not_picked":["SashWhip","Swivel","FollowUp"],"picked":"SKIP","floor":29.0},{"not_picked":["BattleHymn","Consecrate+1","SignatureMove"],"picked":"SKIP","floor":31.0},{"not_picked":["SandsOfTime","CrushJoints","JustLucky"],"picked":"SKIP","floor":35},{"not_picked":["Protect","SashWhip+1","ForeignInfluence"],"picked":"SKIP","floor":36}],"player_experience":904254,"relics_obtained":[{"floor":6.0,"key":"StrikeDummy"},{"floor":9.0,"key":"Shovel"},{"floor":10.0,"key":"Du-Vu Doll"},{"floor":12.0,"key":"Yang"},{"floor":14.0,"key":"TungstenRod"},{"floor":23.0,"key":"Ornamental Fan"},{"floor":25.0,"key":"Smiling Mask"},{"floor":26.0,"key":"MawBank"},{"floor":29.0,"key":"Ginger"}],"event_choices":[{"damage_healed":0.0,"max_hp_gain":0.0,"max_hp_loss":0.0,"gold_gain":0.0,"event_name":"Accursed Blacksmith","player_choice":"Rummage","floor":3.0,"gold_loss":0.0,"damage_taken":0.0,"relics_obtained":["WarpedTongs"],"cards_obtained":["Pain"]},{"damage_healed":0.0,"max_hp_gain":0.0,"max_hp_loss":0.0,"gold_gain":0.0,"event_name":"The Library","player_choice":"Read","floor":19.0,"gold_loss":0.0,"damage_taken":0.0,"cards_obtained":["FlurryOfBlows"]},{"damage_healed":0.0,"max_hp_gain":0.0,"max_hp_loss":0.0,"gold_gain":0.0,"event_name":"Lab","player_choice":"Got Potions","floor":27.0,"gold_loss":0.0,"damage_taken":0.0},{"damage_healed":0,"gold_gain":0,"player_choice":"Max HP","damage_taken":0,"max_hp_gain":0,"max_hp_loss":3,"event_name":"Winding Halls","floor":37,"gold_loss":0}],"is_beta":false,"boss_relics":[{"not_picked":["Runic Dome","Black Star"],"picked":"VioletLotus"},{"not_picked":["Cursed Key","Calling Bell"],"picked":"Fusion Hammer"}],"items_purged_floors":[4],"is_endless":false,"potions_floor_spawned":[6,11,12,20,22,23,36],"killed_by":"4 Shapes","ascension_level":20}}