{"host":"jksa5rawk3m4gilz","time":1612622216,"event":{"mods":["BaseMod","Colored Map","Highlight Path","Minty Spire (QoL Compilation)","Quick Restart"],"gold_per_floor":[13,23,123,134,153,187,187,187,187],"floor_reached":8,"language":"ENG","playtime":289,"items_purged":[],"score":99,"play_id":"5fc00de4-4a29-4d44-9414-6d06ae51c75e","local_time":"20210206153656","is_ascension_mode":true,"campfire_choices":[{"floor":7,"key":"REST"}],"circlet_count":0,"master_deck":["AscendersBane","Strike_R","Strike_R","Strike_R","Strike_R","Strike_R","Defend_R","Defend_R","Defend_R","Defend_R","Bash","Apotheosis","Body Slam","Offering","Rupture"],"relics":["Burning Blood","Mercury Hourglass"],"acts_visited":["Exordium"],"potions_floor_usage":[],"damage_taken":[{"damage":4,"enemies":"Jaw Worm","floor":1,"turns":3},{"damage":2,"enemies":"Cultist","floor":2,"turns":4},{"damage":5,"enemies":"Small Slimes","floor":4,"turns":4},{"damage":22,"enemies":"2 Fungi Beasts","floor":5,"turns":5},{"damage":49,"enemies":"3 Sentries","floor":6,"turns":10},{"damage":46,"enemies":"Gremlin Nob","floor":8,"turns":3}],"seed_played":"4993114415096482463","potions_obtained":[{"floor":5,"key":"DuplicationPotion"}],"is_trial":false,"path_per_floor":["M","M","?","M","M","E","R","E"],"character_chosen":"IRONCLAD","items_purchased":[],"campfire_rested":1,"item_purchase_floors":[],"current_hp_per_floor":[70,74,74,75,59,16,38,0,0],"gold":187,"neow_bonus":"RANDOM_COLORLESS_2","is_daily":false,"chose_seed":false,"campfire_upgraded":0,"win_rate":0.0,"timestamp":1612622216,"path_taken":["M","M","?","M","?","E","R","E"],"items_purchased_type":[],"build_version":"2020-12-22","purchased_purges":0,"victory":false,"max_hp_per_floor":[75,75,75,75,75,75,75,75,75],"card_choices":[{"not_picked":["Violence","Secret Technique"],"picked":"Apotheosis","floor":0},{"not_picked":["Shrug It Off","Clash","Sword Boomerang"],"picked":"SKIP","floor":1},{"not_picked":["Warcry","Entrench"],"picked":"Body Slam","floor":2},{"not_picked":["Sword Boomerang","Headbutt"],"picked":"Offering","floor":4},{"not_picked":["Disarm","Warcry","Sword Boomerang"],"picked":"SKIP","floor":5},{"not_picked":["True Grit","Perfected Strike"],"picked":"Rupture","floor":6}],"player_experience":1814910,"relics_obtained":[{"floor":6,"key":"Mercury Hourglass"}],"event_choices":[{"damage_healed":0,"gold_gain":100,"player_choice":"Pray","damage_taken":0,"max_hp_gain":0,"max_hp_loss":0,"event_name":"Golden Shrine","floor":3,"gold_loss":0}],"is_beta":false,"boss_relics":[],"items_purged_floors":[],"is_endless":false,"potions_floor_spawned":[5],"killed_by":"Gremlin Nob","ascension_level":14}}