{"host":"27tk4xseidcli2mr","time":1612628753,"event":{"mods":["2.2 Compatiblity","AchievementEnabler","Aspiration","BaseMod","Better Third Choice","Conspire","Custom Start","Downfall","GungeonMod","Hubris","Infinite Spire","Jorbs\u0027s Wanderer Trilogy","Minty Spire (QoL Compilation)","Replay The Spire","StSLib","SuperFastMode","[IsaacMod]????"],"gold_per_floor":[115,133,133,133,18,49,68,88,88,88,88,88,139,173,173,173,173],"floor_reached":16,"language":"ENG","playtime":353,"items_purged":[],"score":266,"play_id":"3437f611-614a-4ed9-a90b-b0b073a01312","local_time":"20210206172553","is_ascension_mode":true,"campfire_choices":[{"floor":10.0,"key":"REST"},{"data":"Infinite Blades","floor":12.0,"key":"SMITH"},{"floor":15,"key":"REST"}],"circlet_count":0,"master_deck":["AscendersBane","Strike_G","Strike_G","Strike_G","Strike_G","Strike_G","Defend_G","Defend_G","Defend_G","Defend_G","Defend_G","Survivor","Neutralize","Infinite Blades+1","Backflip","ReplayTheSpireMod:Necrosis","Backflip","Injury","Concentrate"],"relics":["Ring of the Snake","HushsDoor","DoctorsRemote","NeowsBlessing","DemoMod:GnawedKey","Snake Skull","Golden Idol","ReplayTheSpireMod:TigerMarble","Replay:Bottled Snecko"],"acts_visited":["Exordium"],"potions_floor_usage":[14],"damage_taken":[{"damage":0.0,"enemies":"conspire:RoseBush","floor":1.0,"turns":1.0},{"damage":0.0,"enemies":"2 Louse","floor":2.0,"turns":1.0},{"damage":0.0,"enemies":"Lagavulin","floor":6.0,"turns":1.0},{"damage":12.0,"enemies":"Small Slimes","floor":7.0,"turns":5.0},{"damage":27.0,"enemies":"3 Louse","floor":8.0,"turns":6.0},{"damage":40,"enemies":"Gremlin Nob","floor":14,"turns":5},{"damage":17,"enemies":"The Guardian","floor":16,"turns":3}],"seed_played":"-7638670447858896845","potions_obtained":[{"floor":2.0,"key":"Strength Potion"},{"floor":6.0,"key":"Energy Potion"},{"floor":14,"key":"FearPotion"}],"is_trial":false,"path_per_floor":["M","M","$","?","$","E","M","M","T","R","?","R","T","E","R","B"],"character_chosen":"THE_SILENT","items_purchased":["DemoMod:GnawedKey"],"campfire_rested":2,"item_purchase_floors":[5],"current_hp_per_floor":[59,59,59,64,64,64,52,25,25,46,46,46,46,6,27,10,10],"gold":173,"neow_bonus":"THREE_ENEMY_KILL","is_daily":false,"chose_seed":false,"campfire_upgraded":1,"win_rate":0.0,"timestamp":1612628753,"path_taken":["M","M","$","?","$","E","M","M","T","R","?","R","?","E","R","BOSS"],"items_purchased_type":["Relic"],"build_version":"2020-12-22","purchased_purges":0,"victory":false,"max_hp_per_floor":[66,66,66,71,71,71,71,71,71,71,71,71,71,71,71,71,71],"card_choices":[{"not_picked":["Bomb","hubris:TrickCloak"],"picked":"Infinite Blades","floor":1.0},{"not_picked":["ReplayTheSpireMod:Tripwire","Bane"],"picked":"Backflip","floor":2.0},{"not_picked":["Quick Slash","Hidden Blade"],"picked":"ReplayTheSpireMod:Necrosis","floor":6.0},{"not_picked":["Acrobatics","Escape Plan","Flying Knee"],"picked":"SKIP","floor":7.0},{"not_picked":["Heel Hook","Hidden Blade"],"picked":"Backflip","floor":8.0},{"not_picked":["Dagger Spray","Terror"],"picked":"Concentrate","floor":14}],"player_experience":1331162,"relics_obtained":[{"floor":6.0,"key":"Snake Skull"},{"floor":13.0,"key":"ReplayTheSpireMod:TigerMarble"},{"floor":14,"key":"Replay:Bottled Snecko"}],"event_choices":[{"damage_healed":0.0,"max_hp_gain":5.0,"max_hp_loss":0.0,"gold_gain":0.0,"event_name":"Big Fish","player_choice":"Donut","floor":4.0,"gold_loss":0.0,"damage_taken":0.0},{"damage_healed":0.0,"max_hp_gain":0.0,"max_hp_loss":0.0,"gold_gain":0.0,"event_name":"Golden Idol","player_choice":"Take Wound","floor":11.0,"gold_loss":0.0,"damage_taken":0.0,"relics_obtained":["Golden Idol"],"cards_obtained":["Injury"]}],"is_beta":false,"boss_relics":[],"items_purged_floors":[],"is_endless":false,"potions_floor_spawned":[2,6,14],"killed_by":"The Guardian","ascension_level":20}}