{"host":"7uuqqk35leady37t","time":1612604977,"event":{"mods":["ATMod(∞¢Ë™Mod)","BaseMod","Colored Map","Colored Powertips","Marisa£®ÏF”Í°°ƒß¿Ì…≥£©","Marked Mod","Minty Spire (QoL Compilation)","Relic Stats","Remilia£®¿Ÿ√◊¿Ú—«£©","Replay The Spire","Robot Space Explorer","Spicy Shops","StSLib","Td1madao Mod","The Bug Knight","The Servant 0.9.4","UnlockEverythingMod","Waifu the Spire","Wide Potions","Yakumo Yukari mod","Yuri Mod","[IsaacMod]“‘»ˆº‚À˛"],"gold_per_floor":[112,123,123,138,152,181,194,194,194,194,194,194,269,287,287,389,389,408,323,323,13,31,31,31,31],"floor_reached":24,"language":"ZHS","playtime":1645,"items_purged":[],"score":196,"play_id":"1a968657-1cdc-4b36-84f0-6a2e82b232e7","local_time":"20210206174937","is_ascension_mode":false,"campfire_choices":[{"floor":8,"key":"REST"},{"floor":10,"key":"REST"},{"floor":12,"key":"REST"},{"floor":23,"key":"RECALL"}],"circlet_count":0,"master_deck":["Strike_C","Strike_C","Strike_C","Strike_C+1","Defend_C","Defend_C","Defend_C+1","Defend_C","Knight Kick","Chip","BloodyBrimstone","AT_FocusSwordFire","Fixing","Shockwave Tdmadao","Preparedness","Twin Teeth","Energy Supply+1","Rupture","Cooling Song","Im Angry","Preloading","Black Dance","Preparedness","Light Attack"],"relics":["Apod","HushsDoor","AT_ATBox","TheBean","Centennial Puzzle","Torii","Juzu Bracelet","Honey Jar","Art of War","AT_BellDemon","Replay:Ringing Soul"],"acts_visited":["Exordium","TheCity"],"potions_floor_usage":[6,7,16,24],"damage_taken":[{"damage":1.0,"enemies":"Small Slimes","floor":1.0,"turns":2.0},{"damage":3.0,"enemies":"Cultist","floor":2.0,"turns":4.0},{"damage":6.0,"enemies":"2 Louse","floor":4.0,"turns":2.0},{"damage":10.0,"enemies":"Looter","floor":5.0,"turns":4.0},{"damage":47,"enemies":"Lagavulin","floor":6,"turns":6},{"damage":1,"enemies":"Exordium Wildlife","floor":7,"turns":2},{"damage":0,"enemies":"3 Louse","floor":14,"turns":3},{"damage":5,"enemies":"Hexaghost","floor":16,"turns":10},{"damage":8,"enemies":"2 Thieves","floor":18,"turns":3},{"damage":17,"enemies":"Spheric Guardian","floor":22,"turns":4},{"damage":46,"enemies":"Centurion and Healer","floor":24,"turns":2}],"seed_played":"-3373017565754309449","potions_obtained":[{"floor":1.0,"key":"LiquidMemories"},{"floor":5.0,"key":"Reflective Coating"},{"floor":7,"key":"BlessingOfTheForge"},{"floor":18,"key":"Doom Potion"}],"is_trial":false,"path_per_floor":["M","M","?","M","M","E","M","R","T","R","?","R","?","M","R_BF","B",null,"M","?","?","$","M","R","M"],"character_chosen":"TD1MADAO_CLASS","items_purchased":["AT_BellDemon","Black Dance","Preparedness"],"campfire_rested":3,"item_purchase_floors":[21,21,21],"current_hp_per_floor":[69,66,66,60,50,3,2,22,22,42,29,49,38,38,58,53,67,59,59,59,59,45,45,0,0],"gold":31,"neow_bonus":"RANDOM_COMMON_RELIC","is_daily":false,"chose_seed":false,"campfire_upgraded":0,"win_rate":0.0,"timestamp":1612604977,"path_taken":["M","M","?","M","M","E","M","R","T","R","?","R","?","M","R_BF","BOSS","M","?","?","$","M","R","M"],"items_purchased_type":["Relic","Card","Card"],"build_version":"2020-12-22","purchased_purges":0,"victory":false,"max_hp_per_floor":[70,70,70,70,70,70,67,67,67,67,67,67,67,67,67,67,67,67,67,67,67,70,70,70,70],"relic_stats":{"Centennial Puzzle":[30],"Torii":10,"counters":[11,42],"Juzu Bracelet":1,"Art of War":[1],"obtain_stats":[{"KeepersGift":0,"AT_BellDemon":21,"Replay:Ringing Soul":22,"Centennial Puzzle":0,"AT_ATBox":0,"TheBean":0,"Torii":6,"Honey Jar":17,"Juzu Bracelet":9,"Art of War":19,"Apod":0,"HushsDoor":0},{"KeepersGift":0,"AT_BellDemon":9,"Replay:Ringing Soul":10,"Centennial Puzzle":0,"AT_ATBox":0,"TheBean":0,"Torii":5,"Honey Jar":8,"Juzu Bracelet":6,"Art of War":9,"Apod":0,"HushsDoor":0},{"KeepersGift":0,"AT_BellDemon":36,"Replay:Ringing Soul":40,"Centennial Puzzle":0,"AT_ATBox":0,"TheBean":0,"Torii":18,"Honey Jar":33,"Juzu Bracelet":20,"Art of War":36,"Apod":0,"HushsDoor":0}]},"card_choices":[{"not_picked":[],"picked":"BloodyBrimstone","floor":0.0},{"not_picked":["Winding Magic","Black Execution"],"picked":"Paralysis","floor":1.0},{"not_picked":["Coercion","Judgment"],"picked":"Fixing","floor":2.0},{"not_picked":["Paralysis","Resistance"],"picked":"Preparedness","floor":4.0},{"not_picked":["Rupture","Perfect Defend"],"picked":"Twin Teeth","floor":5.0},{"not_picked":["Ruin Defend","Load Balancing"],"picked":"Energy Supply","floor":6},{"not_picked":["Fire Blade","Fire Up"],"picked":"Rupture","floor":7},{"not_picked":["Reinforcement Parts","Resistance"],"picked":"Cooling Song","floor":14},{"not_picked":["Overclocking","Black Warm Hole"],"picked":"Im Angry","floor":16},{"not_picked":["Awareness","Fire Blade+1","Paralysis"],"picked":"Preloading","floor":18},{"not_picked":["Lore","Winding Magic","Fire Up+1"],"picked":"Light Attack","floor":22}],"player_experience":69372,"relics_obtained":[{"floor":6,"key":"Torii"},{"floor":9,"key":"Juzu Bracelet"},{"floor":22,"key":"Replay:Ringing Soul"}],"event_choices":[{"damage_healed":0.0,"max_hp_gain":0.0,"max_hp_loss":0.0,"gold_gain":0.0,"cards_transformed":["Paralysis"],"event_name":"Transmorgrifier","player_choice":"Transformed","floor":3.0,"gold_loss":0.0,"damage_taken":0.0,"cards_obtained":["Shockwave Tdmadao"]},{"damage_healed":0,"gold_gain":0,"player_choice":"Entered Light","damage_taken":13,"max_hp_gain":0,"max_hp_loss":0,"event_name":"Shining Light","floor":11,"gold_loss":0,"cards_upgraded":["Defend_C","Strike_C"]},{"damage_healed":0,"gold_gain":75,"player_choice":"Gather Gold","damage_taken":11,"max_hp_gain":0,"max_hp_loss":0,"event_name":"World of Goop","floor":13,"gold_loss":0},{"damage_healed":0,"gold_gain":0,"player_choice":"Obtained Relic","damage_taken":0,"relics_obtained":["Art of War"],"max_hp_gain":0,"max_hp_loss":0,"event_name":"Addict","floor":19,"gold_loss":85},{"damage_healed":0,"gold_gain":0,"player_choice":"Ignored","damage_taken":0,"max_hp_gain":0,"max_hp_loss":0,"event_name":"Vampires","floor":20,"gold_loss":0}],"is_beta":false,"boss_relics":[{"not_picked":["Empty Cage","Busted Crown"],"picked":"Honey Jar"},{"not_picked":[]}],"items_purged_floors":[],"is_endless":false,"potions_floor_spawned":[1,5,7,18],"killed_by":"Centurion and Healer","ascension_level":0}}