{"host":"yecadp3kwkksam5a","time":1612631075,"event":{"mods":["100% Spire Juice","Arknights","BaseMod","Minty Spire (QoL Compilation)","StSLib","SuperFastMode","The Cursed","WarShipGirlsR/??á´Ò³R mod"],"gold_per_floor":[116,136,136,156,231,250,250,262,262,21,47,59,71,83,95,184,196,196,208,238,250,250],"floor_reached":21,"language":"KOR","playtime":522,"items_purged":[],"score":304,"play_id":"1591bc68-c566-4cab-bad4-a064aad98454","local_time":"20210207020435","is_ascension_mode":true,"campfire_choices":[{"data":"Darkness","floor":7,"key":"SMITH"},{"floor":13,"key":"REST"},{"data":"Zap","floor":15,"key":"SMITH"}],"circlet_count":0,"master_deck":["AscendersBane","Strike_B","Strike_B","Strike_B","Strike_B","Defend_B","Defend_B","Defend_B","Defend_B","Zap+1","Dualcast","Capacitor","Darkness+1","Leap","Compile Driver","Core Surge","Multi-Cast","Core Surge","Echo Form","Redo","Tempest"],"relics":["Cracked Core","Blood Vial","MawBank","FaceOfCleric","Runic Dome","Kunai"],"acts_visited":["Exordium","TheCity"],"potions_floor_usage":[11],"damage_taken":[{"damage":1,"enemies":"Cultist","floor":1,"turns":3},{"damage":14,"enemies":"2 Louse","floor":2,"turns":3},{"damage":4,"enemies":"Small Slimes","floor":4,"turns":4},{"damage":3,"enemies":"2 Fungi Beasts","floor":6,"turns":4},{"damage":13,"enemies":"3 Louse","floor":8,"turns":4},{"damage":16,"enemies":"3 Sentries","floor":11,"turns":9},{"damage":28,"enemies":"Hexaghost","floor":16,"turns":9},{"damage":44,"enemies":"2 Thieves","floor":18,"turns":4},{"damage":17,"enemies":"Chosen","floor":20,"turns":5},{"damage":14,"enemies":"Centurion and Healer","floor":21,"turns":1}],"seed_played":"4261449939294548109","potions_obtained":[{"floor":4,"key":"AttackPotion"},{"floor":8,"key":"FearPotion"},{"floor":20,"key":"Dexterity Potion"}],"is_trial":false,"path_per_floor":["M","M","?","M","?","M","R","M","T","$","E","?","R","?","R","B",null,"M","?","M","M"],"character_chosen":"DEFECT","items_purchased":["Core Surge","Multi-Cast"],"campfire_rested":1,"item_purchase_floors":[10,10],"current_hp_per_floor":[70,56,61,57,46,43,43,30,30,30,16,16,40,40,40,15,67,26,26,12,0,0],"gold":250,"neow_bonus":"TEN_PERCENT_HP_BONUS","is_daily":false,"chose_seed":false,"campfire_upgraded":2,"win_rate":0.0,"timestamp":1612631075,"path_taken":["M","?","?","M","?","M","R","M","T","$","E","?","R","?","R","BOSS","M","?","?","?"],"items_purchased_type":["Card","Card"],"build_version":"2020-12-22","purchased_purges":0,"victory":false,"max_hp_per_floor":[78,78,83,83,83,83,83,83,83,83,83,83,83,83,83,84,84,85,85,86,86,86],"card_choices":[{"not_picked":["Gash","Scrape"],"picked":"Capacitor","floor":1},{"not_picked":["Compile Driver","Capacitor"],"picked":"Darkness","floor":2},{"not_picked":["Go for the Eyes","Beam Cell","Skim"],"picked":"SKIP","floor":4},{"not_picked":["Hello World","Gash"],"picked":"Leap","floor":6},{"not_picked":["Sweeping Beam","Turbo"],"picked":"Compile Driver","floor":8},{"not_picked":["Compile Driver","Lockon"],"picked":"Core Surge","floor":11},{"not_picked":["Hyperbeam","Creative AI"],"picked":"Echo Form","floor":16},{"not_picked":["Scrape","Streamline"],"picked":"Redo","floor":18},{"not_picked":["Go for the Eyes","Conserve Battery"],"picked":"Tempest","floor":20}],"player_experience":613611,"relics_obtained":[{"floor":9,"key":"Blood Vial"},{"floor":11,"key":"MawBank"}],"event_choices":[{"damage_healed":0,"gold_gain":0,"player_choice":"Donut","damage_taken":0,"max_hp_gain":5,"max_hp_loss":0,"event_name":"Big Fish","floor":3,"gold_loss":0},{"damage_healed":0,"gold_gain":75,"player_choice":"Gather Gold","damage_taken":11,"max_hp_gain":0,"max_hp_loss":0,"event_name":"World of Goop","floor":5,"gold_loss":0},{"damage_healed":0,"gold_gain":0,"player_choice":"Ignored","damage_taken":0,"max_hp_gain":0,"max_hp_loss":0,"event_name":"Shining Light","floor":12,"gold_loss":0},{"damage_healed":0,"gold_gain":0,"player_choice":"Trade","damage_taken":0,"relics_obtained":["FaceOfCleric"],"max_hp_gain":0,"max_hp_loss":0,"event_name":"FaceTrader","floor":14,"gold_loss":0},{"damage_healed":0,"gold_gain":0,"player_choice":"Gave Potion","damage_taken":0,"relics_obtained":["Kunai"],"max_hp_gain":0,"max_hp_loss":0,"event_name":"WeMeetAgain","floor":19,"gold_loss":0}],"is_beta":false,"boss_relics":[{"not_picked":["Empty Cage","Velvet Choker"],"picked":"Runic Dome"}],"items_purged_floors":[],"is_endless":false,"potions_floor_spawned":[4,8,20],"killed_by":"Centurion and Healer","ascension_level":14}}