{"host":"2ty4h143nj8vwezc","time":1612641677,"event":{"mods":["BaseMod","Colored Map","Googly Eyes","Highlight Path","Minty Spire (QoL Compilation)","Quick Restart","StSLib"],"gold_per_floor":[114,264,264,279,113,146,104,104,104],"floor_reached":8,"language":"ENG","playtime":169,"items_purged":[],"score":158,"play_id":"f16fe2a6-71c7-4367-bd1c-ad8a70ed836e","local_time":"20210206150117","is_ascension_mode":true,"campfire_choices":[],"circlet_count":0,"master_deck":["AscendersBane","Strike_G","Strike_G","Strike_G","Strike_G","Defend_G","Defend_G","Defend_G","Defend_G","Defend_G","Survivor","Neutralize","Doubt","Concentrate","Cloak And Dagger","Backstab"],"relics":["Ring of the Snake","NeowsBlessing","TwistedFunnel","Ornamental Fan"],"acts_visited":["Exordium"],"potions_floor_usage":[],"damage_taken":[{"damage":0,"enemies":"Small Slimes","floor":1,"turns":1},{"damage":0,"enemies":"Jaw Worm","floor":4,"turns":1},{"damage":0,"enemies":"Gremlin Nob","floor":6,"turns":1},{"damage":10,"enemies":"Lagavulin","floor":8,"turns":3}],"seed_played":"9080023140870993914","potions_obtained":[{"floor":1,"key":"Strength Potion"}],"is_trial":false,"path_per_floor":["M","?","?","M","$","E","$","E"],"character_chosen":"THE_SILENT","items_purchased":["TwistedFunnel","Backstab"],"campfire_rested":0,"item_purchase_floors":[5,7],"current_hp_per_floor":[59,59,59,59,59,59,59,49,49],"gold":104,"neow_bonus":"THREE_ENEMY_KILL","is_daily":false,"chose_seed":false,"campfire_upgraded":0,"win_rate":0.0,"timestamp":1612641677,"path_taken":["M","?","?","?","?","E","$","E"],"items_purchased_type":["Relic","Card"],"build_version":"2020-12-22","purchased_purges":0,"victory":false,"max_hp_per_floor":[66,66,66,66,66,66,66,66,66],"card_choices":[{"not_picked":["Masterful Stab","Finisher","Poisoned Stab"],"picked":"SKIP","floor":1},{"not_picked":["Dagger Throw","Finisher","Bane"],"picked":"SKIP","floor":4},{"not_picked":["Phantasmal Killer","Masterful Stab"],"picked":"Cloak And Dagger","floor":6}],"player_experience":355336,"relics_obtained":[{"floor":6,"key":"Ornamental Fan"}],"event_choices":[{"damage_healed":0,"gold_gain":150,"player_choice":"AGREE","damage_taken":0,"max_hp_gain":0,"max_hp_loss":0,"event_name":"Liars Game","floor":2,"gold_loss":0,"cards_obtained":["Doubt"]},{"damage_healed":0,"gold_gain":0,"cards_transformed":["Strike_G"],"player_choice":"Transformed","damage_taken":0,"max_hp_gain":0,"max_hp_loss":0,"event_name":"Transmorgrifier","floor":3,"gold_loss":0,"cards_obtained":["Concentrate"]}],"is_beta":false,"boss_relics":[],"items_purged_floors":[],"is_endless":false,"potions_floor_spawned":[1],"killed_by":"Lagavulin","ascension_level":20}}