{"host":"i09pxcjttd31eh4q","time":1612621369,"event":{"mods":["AchievementEnabler","BaseMod","Colored Map","Keyboard Shortcuts","Minty Spire (QoL Compilation)","StSLib","SuperFastMode"],"gold_per_floor":[113,38,53,53,68,106,106,106,157,157,176,191,116,116,116,199,199,225,244,67,82,82,114,114,164,164,164,179,54,78,90,90,176,176,191,207,57,70,80,107,132,132,132,156,156,156,156,206,206,206,206,206,206,51,77,77],"floor_reached":57,"language":"KOR","playtime":2027,"items_purged":["Strike_G","Strike_G","Strike_G","Defend_G"],"score":2779,"play_id":"b0dfbe4d-f544-4b60-9dcf-a72802ae9597","local_time":"20210206232249","is_ascension_mode":true,"campfire_choices":[{"data":"Neutralize","floor":8.0,"key":"SMITH"},{"data":"Deadly Poison","floor":10.0,"key":"SMITH"},{"data":"Dagger Throw","floor":15.0,"key":"SMITH"},{"data":"Tactician","floor":24.0,"key":"SMITH"},{"floor":32.0,"key":"REST"},{"floor":45.0,"key":"REST"},{"floor":47.0,"key":"RECALL"},{"data":"Prepared","floor":49.0,"key":"SMITH"},{"data":"Acrobatics","floor":53.0,"key":"SMITH"}],"circlet_count":0,"master_deck":["AscendersBane","Defend_G","Defend_G","Defend_G","Survivor","Neutralize+1","Bouncing Flask+1","Deadly Poison+1","Grand Finale","Dagger Throw+1","Adrenaline","Well Laid Plans+1","Acrobatics+1","Tactician+1","Acrobatics+1","Adrenaline","Prepared+1","Finesse","Footwork"],"relics":["Ring of the Snake","NeowsBlessing","CeramicFish","Centennial Puzzle","SacredBark","Pear","The Specimen","Busted Crown","Happy Flower","Lizard Tail","Boot","Tough Bandages","Pen Nib"],"acts_visited":["Exordium","TheCity","TheBeyond","TheEnding"],"potions_floor_usage":[56],"damage_taken":[{"damage":0.0,"enemies":"Cultist","floor":1.0,"turns":1.0},{"damage":0.0,"enemies":"Small Slimes","floor":3.0,"turns":1.0},{"damage":0.0,"enemies":"2 Louse","floor":5.0,"turns":1.0},{"damage":17.0,"enemies":"Lagavulin","floor":6.0,"turns":6.0},{"damage":0.0,"enemies":"Looter","floor":11.0,"turns":4.0},{"damage":6.0,"enemies":"Large Slime","floor":12.0,"turns":7.0},{"damage":2.0,"enemies":"Hexaghost","floor":16.0,"turns":9.0},{"damage":12.0,"enemies":"2 Thieves","floor":18.0,"turns":5.0},{"damage":13.0,"enemies":"Chosen","floor":19.0,"turns":6.0},{"damage":9.0,"enemies":"Centurion and Healer","floor":21.0,"turns":2.0},{"damage":14.0,"enemies":"Slavers","floor":23.0,"turns":3.0},{"damage":0.0,"enemies":"Sentry and Sphere","floor":28.0,"turns":4.0},{"damage":6.0,"enemies":"Snake Plant","floor":30.0,"turns":4.0},{"damage":0.0,"enemies":"Centurion and Healer","floor":31.0,"turns":3.0},{"damage":20.0,"enemies":"Champ","floor":33.0,"turns":8.0},{"damage":0.0,"enemies":"3 Darklings","floor":35.0,"turns":2.0},{"damage":2.0,"enemies":"3 Shapes","floor":36.0,"turns":2.0},{"damage":0.0,"enemies":"Sphere and 2 Shapes","floor":38.0,"turns":1.0},{"damage":2.0,"enemies":"4 Shapes","floor":39.0,"turns":2.0},{"damage":33.0,"enemies":"Reptomancer","floor":40.0,"turns":5.0},{"damage":0.0,"enemies":"Mind Bloom Boss Battle","floor":41.0,"turns":5.0},{"damage":6.0,"enemies":"Jaw Worm Horde","floor":44.0,"turns":2.0},{"damage":0.0,"enemies":"2 Orb Walkers","floor":48.0,"turns":1.0},{"damage":0.0,"enemies":"Donu and Deca","floor":50.0,"turns":4.0},{"damage":20.0,"enemies":"Time Eater","floor":51.0,"turns":10.0},{"damage":0,"enemies":"Shield and Spear","floor":55,"turns":2},{"damage":49,"enemies":"The Heart","floor":56,"turns":8}],"seed_played":"-5050741839691439177","potions_obtained":[{"floor":1.0,"key":"ColorlessPotion"},{"floor":12.0,"key":"ColorlessPotion"},{"floor":16.0,"key":"LiquidMemories"},{"floor":19.0,"key":"PowerPotion"},{"floor":30.0,"key":"Swift Potion"},{"floor":31.0,"key":"GhostInAJar"}],"is_trial":false,"path_per_floor":["M","$","M","?","M","E","?","R","T","R","M","M","?","T","R","B",null,"M","M","$","M","?","E","R","?","T","?","M","$","M","M","R","B",null,"M","M","$","M","M","E","?","?","T","M","R","?","R","?","R","B","B",null,"R","$","E","B",null],"character_chosen":"THE_SILENT","items_purchased":["Tactician","Finesse","Footwork"],"campfire_rested":2,"item_purchase_floors":[20,54,54],"current_hp_per_floor":[59,59,59,59,59,42,42,42,42,42,42,36,36,36,36,34,58,46,33,33,24,24,20,20,20,20,20,20,20,14,14,36,16,61,61,59,59,59,57,24,24,13,13,7,29,29,29,29,29,29,9,59,59,59,59,10],"gold":77,"neow_bonus":"THREE_ENEMY_KILL","is_daily":false,"chose_seed":false,"campfire_upgraded":6,"win_rate":0.0,"timestamp":1612621369,"path_taken":["M","$","?","?","?","E","?","R","T","R","M","M","?","?","R","BOSS","M","M","$","M","?","E","R","?","T","?","M","$","?","M","R","BOSS","M","M","$","M","M","E","?","?","T","?","R","?","R","?","R","BOSS","BOSS","R","$","E","BOSS"],"items_purchased_type":["Card","Card","Card"],"build_version":"2020-12-22","purchased_purges":4,"victory":true,"max_hp_per_floor":[66,66,66,66,66,66,66,66,66,66,66,66,66,66,66,66,66,66,66,66,66,66,76,76,76,76,76,76,76,76,76,76,76,76,76,76,76,76,76,76,76,76,76,76,76,76,76,76,76,76,76,76,76,76,76,76],"card_choices":[{"not_picked":["Sucker Punch","Dodge and Roll","Outmaneuver"],"picked":"SKIP","floor":1.0},{"not_picked":["PiercingWail","Well Laid Plans"],"picked":"Bouncing Flask","floor":3.0},{"not_picked":["Bane","Accuracy"],"picked":"Deadly Poison","floor":5.0},{"not_picked":["Concentrate","Tactician"],"picked":"Grand Finale","floor":6.0},{"not_picked":["Blade Dance","Deflect"],"picked":"Dagger Throw","floor":11.0},{"not_picked":["Leg Sweep","Backstab","Bane"],"picked":"SKIP","floor":12.0},{"not_picked":["Leg Sweep","Backstab","Bane"],"picked":"SKIP","floor":12.0},{"not_picked":["Phantasmal Killer","After Image"],"picked":"Adrenaline","floor":16.0},{"not_picked":["Slice","Deflect"],"picked":"Well Laid Plans+1","floor":18.0},{"not_picked":["Backflip","Quick Slash"],"picked":"Acrobatics+1","floor":19.0},{"not_picked":["Backstab","Deadly Poison","Cloak And Dagger"],"picked":"SKIP","floor":21.0},{"not_picked":["Deadly Poison+1","Poisoned Stab","Sucker Punch+1"],"picked":"SKIP","floor":23.0},{"not_picked":["After Image","Accuracy","Eviscerate"],"picked":"SKIP","floor":28.0},{"not_picked":["Dagger Throw","Outmaneuver"],"picked":"Acrobatics","floor":30.0},{"not_picked":["Sucker Punch","Bane","Slice"],"picked":"SKIP","floor":31.0},{"not_picked":["Wraith Form v2","Doppelganger"],"picked":"Adrenaline","floor":33.0},{"not_picked":["Deadly Poison"],"picked":"SKIP","floor":35.0},{"not_picked":["Dodge and Roll"],"picked":"SKIP","floor":36.0},{"not_picked":["Slice+1"],"picked":"SKIP","floor":38.0},{"not_picked":["Cloak And Dagger"],"picked":"SKIP","floor":39.0},{"not_picked":["Glass Knife"],"picked":"SKIP","floor":40.0},{"not_picked":[],"picked":"Prepared","floor":44.0},{"not_picked":["Dagger Spray"],"picked":"SKIP","floor":55}],"player_experience":886051,"relics_obtained":[{"floor":6.0,"key":"CeramicFish"},{"floor":9.0,"key":"Centennial Puzzle"},{"floor":23.0,"key":"Pear"},{"floor":26.0,"key":"The Specimen"},{"floor":40.0,"key":"Happy Flower"},{"floor":41.0,"key":"Lizard Tail"},{"floor":43.0,"key":"Boot"},{"floor":48.0,"key":"Tough Bandages"},{"floor":55,"key":"Pen Nib"}],"event_choices":[{"damage_healed":0.0,"max_hp_gain":0.0,"max_hp_loss":0.0,"gold_gain":0.0,"event_name":"Accursed Blacksmith","player_choice":"Forge","floor":4.0,"gold_loss":0.0,"damage_taken":0.0,"cards_upgraded":["Bouncing Flask"]},{"damage_healed":0.0,"max_hp_gain":0.0,"max_hp_loss":0.0,"gold_gain":0.0,"event_name":"Liars Game","player_choice":"Ignored","floor":7.0,"gold_loss":0.0,"damage_taken":0.0},{"cards_removed":["Strike_G"],"damage_healed":0.0,"max_hp_gain":0.0,"max_hp_loss":0.0,"gold_gain":0.0,"event_name":"The Cleric","player_choice":"Card Removal","floor":13.0,"gold_loss":75.0,"damage_taken":0.0},{"damage_healed":0.0,"max_hp_gain":0.0,"max_hp_loss":0.0,"gold_gain":0.0,"event_name":"Cursed Tome","player_choice":"Ignored","floor":22.0,"gold_loss":0.0,"damage_taken":0.0},{"damage_healed":0.0,"max_hp_gain":0.0,"max_hp_loss":0.0,"gold_gain":50.0,"event_name":"Nest","player_choice":"Stole From Cult","floor":25.0,"gold_loss":0.0,"damage_taken":0.0},{"cards_removed":["Strike_G"],"damage_healed":0.0,"max_hp_gain":0.0,"max_hp_loss":0.0,"gold_gain":0.0,"event_name":"Back to Basics","player_choice":"Elegance","floor":27.0,"gold_loss":0.0,"damage_taken":0.0},{"damage_healed":0.0,"max_hp_gain":0.0,"max_hp_loss":0.0,"gold_gain":0.0,"event_name":"MindBloom","player_choice":"Fight","floor":41.0,"gold_loss":0.0,"damage_taken":0.0},{"damage_healed":0.0,"max_hp_gain":0.0,"max_hp_loss":0.0,"gold_gain":0.0,"event_name":"Wheel of Change","player_choice":"Damaged","floor":42.0,"gold_loss":0.0,"damage_taken":11.0},{"cards_removed":["Defend_G"],"damage_healed":0.0,"max_hp_gain":0.0,"max_hp_loss":0.0,"gold_gain":0.0,"event_name":"Falling","player_choice":"Removed Skill","floor":46.0,"gold_loss":0.0,"damage_taken":0.0},{"damage_healed":0.0,"max_hp_gain":0.0,"max_hp_loss":0.0,"gold_gain":0.0,"event_name":"Mysterious Sphere","player_choice":"Fight","floor":48.0,"gold_loss":0.0,"damage_taken":0.0}],"is_beta":false,"boss_relics":[{"not_picked":["Snecko Eye","Ring of the Serpent"],"picked":"SacredBark"},{"not_picked":["Astrolabe","WristBlade"],"picked":"Busted Crown"}],"items_purged_floors":[2,20,29,37],"is_endless":false,"potions_floor_spawned":[1,12,16,19,30,31,33,35,36,44,48],"ascension_level":20}}