{"host":"5icjlaq41ghjcr7h","time":1612615242,"event":{"mods":["AchievementEnabler","BaseMod","Colored Map","Minty Spire (QoL Compilation)","SuperFastMode","everything is the same but u backflip on backflip"],"gold_per_floor":[109,109,184,184,200,200,220,252,252,63,63,63,78,97,97,201,201,211,227,227,20,32,32,32],"floor_reached":23,"language":"KOR","playtime":796,"items_purged":[],"score":248,"play_id":"86a10d35-9618-4d7b-ad62-611c111c0fec","local_time":"20210206214042","is_ascension_mode":true,"campfire_choices":[{"floor":6,"key":"REST"},{"floor":11,"key":"REST"},{"floor":15,"key":"REST"}],"circlet_count":0,"master_deck":["Strike_B","Strike_B","Defend_B","Defend_B","Defend_B+1","Defend_B","Zap","Dualcast+1","All For One","Capacitor","Sweeping Beam","Auto Shields","Leap","Master of Strategy","Streamline","White Noise","Turbo","Electrodynamics","Turbo","Skim","All For One","Gash","Self Repair","Static Discharge"],"relics":["Cracked Core","Ornamental Fan","TungstenRod","War Paint","Runic Pyramid"],"acts_visited":["Exordium","TheCity"],"potions_floor_usage":[5,22,22],"damage_taken":[{"damage":0,"enemies":"2 Louse","floor":1,"turns":2},{"damage":2,"enemies":"Small Slimes","floor":5,"turns":4},{"damage":1,"enemies":"Cultist","floor":7,"turns":4},{"damage":32,"enemies":"Gremlin Nob","floor":8,"turns":5},{"damage":0,"enemies":"2 Fungi Beasts","floor":13,"turns":2},{"damage":5,"enemies":"3 Louse","floor":14,"turns":2},{"damage":32,"enemies":"Hexaghost","floor":16,"turns":10},{"damage":0,"enemies":"3 Byrds","floor":18,"turns":2},{"damage":20,"enemies":"2 Thieves","floor":19,"turns":4},{"damage":16,"enemies":"Centurion and Healer","floor":22,"turns":4},{"damage":26,"enemies":"Slavers","floor":23,"turns":1}],"seed_played":"4915312927604043362","potions_obtained":[{"floor":1,"key":"Weak Potion"},{"floor":7,"key":"SteroidPotion"},{"floor":8,"key":"LiquidMemories"},{"floor":19,"key":"LiquidBronze"}],"is_trial":false,"path_per_floor":["M","?","?","?","M","R","M","E","T","$","R","?","M","M","R","B",null,"M","M","?","$","M","E"],"character_chosen":"DEFECT","items_purchased":["Master of Strategy","All For One","Gash","Self Repair"],"campfire_rested":3,"item_purchase_floors":[10,21,21,21],"current_hp_per_floor":[50,32,21,14,12,34,33,1,1,1,23,23,23,18,40,8,58,58,38,25,25,16,0,0],"gold":32,"neow_bonus":"THREE_RARE_CARDS","is_daily":false,"chose_seed":false,"campfire_upgraded":0,"win_rate":0.0,"timestamp":1612615242,"path_taken":["M","?","?","?","M","R","M","E","T","$","R","?","M","M","R","BOSS","M","?","?","$","M","E"],"items_purchased_type":["Card","Card","Card","Card"],"build_version":"2020-12-22","purchased_purges":0,"victory":false,"max_hp_per_floor":[75,75,75,75,75,75,75,75,75,75,75,75,75,75,75,75,75,75,75,80,80,80,80,80],"card_choices":[{"not_picked":["Meteor Strike","Hyperbeam"],"picked":"All For One","floor":0},{"not_picked":["Static Discharge","Auto Shields"],"picked":"Capacitor","floor":1},{"not_picked":["Ball Lightning","Redo"],"picked":"Sweeping Beam","floor":5},{"not_picked":["Glacier","Barrage"],"picked":"Auto Shields","floor":7},{"not_picked":["Coolheaded","Lockon"],"picked":"Leap","floor":8},{"not_picked":["Self Repair","Creative AI"],"picked":"White Noise","floor":13},{"not_picked":["Tempest","Beam Cell"],"picked":"Turbo","floor":14},{"not_picked":["Echo Form","Seek"],"picked":"Electrodynamics","floor":16},{"not_picked":["Redo","Loop"],"picked":"Turbo","floor":18},{"not_picked":["Steam","White Noise"],"picked":"Skim","floor":19},{"not_picked":["Rebound+1","Sweeping Beam"],"picked":"Static Discharge","floor":22}],"player_experience":164619,"relics_obtained":[{"floor":8,"key":"TungstenRod"},{"floor":9,"key":"War Paint"}],"event_choices":[{"damage_healed":0,"gold_gain":0,"player_choice":"Success","damage_taken":18,"relics_obtained":["Ornamental Fan"],"max_hp_gain":0,"max_hp_loss":0,"event_name":"Scrap Ooze","floor":2,"gold_loss":0},{"damage_healed":0,"gold_gain":75,"player_choice":"Gather Gold","damage_taken":11,"max_hp_gain":0,"max_hp_loss":0,"event_name":"World of Goop","floor":3,"gold_loss":0},{"cards_removed":["Strike_B"],"damage_healed":0,"gold_gain":0,"player_choice":"Card Removal","damage_taken":7,"max_hp_gain":0,"max_hp_loss":0,"event_name":"Golden Wing","floor":4,"gold_loss":0},{"damage_healed":0,"gold_gain":0,"cards_transformed":["Strike_B"],"player_choice":"Transformed","damage_taken":0,"max_hp_gain":0,"max_hp_loss":0,"event_name":"Transmorgrifier","floor":12,"gold_loss":0,"cards_obtained":["Streamline"]},{"damage_healed":0,"gold_gain":0,"player_choice":"Shed Blood","damage_taken":19,"max_hp_gain":5,"max_hp_loss":0,"event_name":"Forgotten Altar","floor":20,"gold_loss":0}],"is_beta":false,"boss_relics":[{"not_picked":["Cursed Key","Ectoplasm"],"picked":"Runic Pyramid"}],"items_purged_floors":[],"is_endless":false,"potions_floor_spawned":[1,7,8,19],"killed_by":"Slavers","ascension_level":6}}