{"host":"ul3z8ex5o8l5j7mh","time":1612636504,"event":{"mods":["AchievementEnabler","BaseMod","Colored Map","Colored Powertips","DeckTracker","Minty Spire (QoL Compilation)","SuperFastMode"],"gold_per_floor":[17,17,30,30,30,30,49,49,49,85,85,106,106,106,106,232,232,253,253,268,292,308,308,324,324,324],"floor_reached":25,"language":"ENG","playtime":1243,"items_purged":[],"score":231,"play_id":"0402f0cf-386d-425a-b7c8-34b9f29068c5","local_time":"20210206193504","is_ascension_mode":true,"campfire_choices":[{"data":"Clash","floor":6.0,"key":"SMITH"},{"data":"Clash","floor":8.0,"key":"SMITH"},{"floor":13.0,"key":"RECALL"},{"data":"Bash","floor":15.0,"key":"SMITH"},{"floor":23,"key":"REST"}],"circlet_count":0,"master_deck":["Strike_R","Strike_R","Strike_R","Strike_R","Defend_R","Defend_R","Defend_R","Defend_R","Bash+1","Clash+1","Iron Wave+1","Clash+1","Clothesline","Twin Strike","Rage","Flame Barrier","Carnage","Reaper"],"relics":["Burning Blood","Torii","Golden Idol","Frozen Egg 2","Peace Pipe","SlaversCollar"],"acts_visited":["Exordium","TheCity"],"potions_floor_usage":[22,24],"damage_taken":[{"damage":14.0,"enemies":"Small Slimes","floor":1.0,"turns":4.0},{"damage":7.0,"enemies":"Jaw Worm","floor":3.0,"turns":2.0},{"damage":0.0,"enemies":"2 Louse","floor":7.0,"turns":2.0},{"damage":1.0,"enemies":"Lagavulin","floor":10.0,"turns":6.0},{"damage":1.0,"enemies":"2 Fungi Beasts","floor":12.0,"turns":2.0},{"damage":13.0,"enemies":"Hexaghost","floor":16.0,"turns":10.0},{"damage":7.0,"enemies":"Spheric Guardian","floor":18.0,"turns":4.0},{"damage":9.0,"enemies":"3 Byrds","floor":20.0,"turns":5.0},{"damage":52,"enemies":"Centurion and Healer","floor":22,"turns":6},{"damage":25,"enemies":"Sentry and Sphere","floor":24,"turns":8},{"damage":66,"enemies":"Chosen and Byrds","floor":25,"turns":10}],"seed_played":"-3683965791051865305","potions_obtained":[{"floor":3.0,"key":"Block Potion"},{"floor":7.0,"key":"Weak Potion"},{"floor":16.0,"key":"Block Potion"},{"floor":20.0,"key":"Strength Potion"},{"floor":22,"key":"EssenceOfSteel"}],"is_trial":false,"path_per_floor":["M","$","M","?","?","R","M","R","T","E","?","M","R","$","R","B",null,"M","?","M","T","M","R","M","M"],"character_chosen":"IRONCLAD","items_purchased":[],"campfire_rested":1,"item_purchase_floors":[],"current_hp_per_floor":[72,72,71,51,51,51,57,57,57,62,55,60,60,60,60,53,80,79,90,87,87,41,68,49,0,0],"gold":324,"neow_bonus":"ONE_RARE_RELIC","is_daily":false,"chose_seed":false,"campfire_upgraded":3,"win_rate":0.0,"timestamp":1612636504,"path_taken":["M","$","M","?","?","R","M","R","T","E","?","M","R","$","R","BOSS","M","?","?","?","M","R","?","M"],"items_purchased_type":[],"build_version":"2020-12-22","purchased_purges":0,"victory":false,"max_hp_per_floor":[80,80,80,80,80,80,80,80,80,80,80,80,80,80,80,80,80,80,90,90,90,90,90,90,90,90],"card_choices":[{"not_picked":["Armaments","Disarm"],"picked":"Clash","floor":1.0},{"not_picked":["Shrug It Off","Clash"],"picked":"Iron Wave","floor":3.0},{"not_picked":["Perfected Strike","Wild Strike"],"picked":"Clash","floor":7.0},{"not_picked":["Second Wind","Sword Boomerang"],"picked":"Clothesline","floor":10.0},{"not_picked":["Rage","Havoc"],"picked":"Twin Strike","floor":12.0},{"not_picked":["Fiend Fire","Limit Break"],"picked":"Offering","floor":16.0},{"not_picked":["Heavy Blade","Headbutt"],"picked":"Rage","floor":18.0},{"not_picked":["Thunderclap","Feel No Pain+1"],"picked":"Flame Barrier","floor":20.0},{"not_picked":["Pommel Strike","Havoc+1"],"picked":"Carnage","floor":22},{"not_picked":["Twin Strike","Cleave+1"],"picked":"Reaper","floor":24}],"player_experience":320544,"relics_obtained":[{"floor":9.0,"key":"Frozen Egg 2"},{"floor":10.0,"key":"Peace Pipe"}],"event_choices":[{"damage_healed":0.0,"max_hp_gain":0.0,"max_hp_loss":0.0,"gold_gain":0.0,"event_name":"Golden Idol","player_choice":"Take Damage","floor":4.0,"gold_loss":0.0,"damage_taken":20.0,"relics_obtained":["Golden Idol"]},{"damage_healed":0.0,"max_hp_gain":0.0,"max_hp_loss":0.0,"gold_gain":0.0,"event_name":"Living Wall","player_choice":"Grow","floor":5.0,"gold_loss":0.0,"damage_taken":0.0,"cards_upgraded":["Iron Wave"]},{"cards_removed":["Strike_R"],"damage_healed":0.0,"max_hp_gain":0.0,"max_hp_loss":0.0,"gold_gain":0.0,"event_name":"Golden Wing","player_choice":"Card Removal","floor":11.0,"gold_loss":0.0,"damage_taken":7.0},{"cards_removed":["Offering"],"damage_healed":1.0,"max_hp_gain":10.0,"max_hp_loss":0.0,"gold_gain":0.0,"event_name":"Bonfire Elementals","player_choice":"Offered Rare","floor":19.0,"gold_loss":0.0,"damage_taken":0.0}],"is_beta":false,"boss_relics":[{"not_picked":["Pandora\u0027s Box","Runic Cube"],"picked":"SlaversCollar"}],"items_purged_floors":[],"is_endless":false,"potions_floor_spawned":[3,7,16,20,22],"killed_by":"Chosen and Byrds","ascension_level":3}}