{"host":"49pjgf1q9ev52n8z","time":1612583624,"event":{"mods":["BaseMod","Bestiary","Colored Map","Keyboard Shortcuts","Minty Spire (QoL Compilation)","Practice Mode","Relic Stats","StSLib"],"gold_per_floor":[115,127,127,151,226,269,269,269,269,269,269,269],"floor_reached":11,"language":"ENG","playtime":604,"items_purged":[],"score":78,"play_id":"e799f516-ee91-439c-b735-4ad091a373f0","local_time":"20210205195344","is_ascension_mode":true,"campfire_choices":[{"floor":7,"key":"REST"},{"floor":10,"key":"REST"}],"circlet_count":0,"master_deck":["Strike_P","Strike_P+1","Strike_P","Defend_P","Defend_P","Defend_P+1","Eruption","Vigilance","InnerPeace","Pray","Crescendo","EmptyFist","Injury","Meditate","DevaForm"],"relics":["PureWater","Golden Idol","Girya","Bird Faced Urn"],"acts_visited":["Exordium"],"potions_floor_usage":[6],"damage_taken":[{"damage":3,"enemies":"Small Slimes","floor":1,"turns":4},{"damage":6,"enemies":"2 Louse","floor":2,"turns":2},{"damage":1,"enemies":"Cultist","floor":4,"turns":3},{"damage":27,"enemies":"Lagavulin","floor":6,"turns":6},{"damage":66,"enemies":"Gremlin Nob","floor":11,"turns":5}],"seed_played":"-5510730703380732626","potions_obtained":[{"floor":4,"key":"Swift Potion"}],"is_trial":false,"path_per_floor":["M","M","?","M","?","E","R","?","T","R","E"],"character_chosen":"WATCHER","items_purchased":[],"campfire_rested":2,"item_purchase_floors":[],"current_hp_per_floor":[62,56,56,55,44,17,36,23,23,42,0,0],"gold":269,"neow_bonus":"TRANSFORM_TWO_CARDS","is_daily":false,"chose_seed":false,"campfire_upgraded":0,"win_rate":0.0,"timestamp":1612583624,"path_taken":["M","M","?","M","?","E","R","?","T","R","E"],"items_purchased_type":[],"build_version":"2020-12-22","purchased_purges":0,"victory":false,"max_hp_per_floor":[65,65,65,65,65,65,65,65,65,65,65,65],"relic_stats":{"counters":[5,20],"Golden Idol":14,"Bird Faced Urn":[2],"obtain_stats":[{"Girya":6,"Golden Idol":3,"Bird Faced Urn":9,"PureWater":0},{"Girya":4,"Golden Idol":2,"Bird Faced Urn":4,"PureWater":0},{"Girya":15,"Golden Idol":6,"Bird Faced Urn":15,"PureWater":0}]},"card_choices":[{"not_picked":["SignatureMove","ThirdEye"],"picked":"Crescendo","floor":1},{"not_picked":["PathToVictory","Swivel"],"picked":"EmptyFist","floor":2},{"not_picked":["Protect","Prostrate"],"picked":"Meditate","floor":4},{"not_picked":["Wallop","CrushJoints"],"picked":"DevaForm","floor":6}],"player_experience":740756,"relics_obtained":[{"floor":6,"key":"Girya"},{"floor":9,"key":"Bird Faced Urn"}],"event_choices":[{"damage_healed":0,"gold_gain":0,"player_choice":"Take Wound","damage_taken":0,"relics_obtained":["Golden Idol"],"max_hp_gain":0,"max_hp_loss":0,"event_name":"Golden Idol","floor":3,"gold_loss":0,"cards_obtained":["Injury"]},{"damage_healed":0,"gold_gain":75,"player_choice":"Gather Gold","damage_taken":11,"max_hp_gain":0,"max_hp_loss":0,"event_name":"World of Goop","floor":5,"gold_loss":0},{"damage_healed":0,"gold_gain":0,"player_choice":"Entered Light","damage_taken":13,"max_hp_gain":0,"max_hp_loss":0,"event_name":"Shining Light","floor":8,"gold_loss":0,"cards_upgraded":["Strike_P","Defend_P"]}],"is_beta":false,"boss_relics":[],"items_purged_floors":[],"is_endless":false,"potions_floor_spawned":[4],"killed_by":"Gremlin Nob","ascension_level":2}}