{"host":"ydh61a5ftgdajrbo","time":1612636387,"event":{"mods":["BaseMod","Colored Map","DeckTracker","Downfall","Koishi","Marisa¡]Ãú«B¡@Å]²z¨F¡^","Minty Spire (QoL Compilation)","Spire Arcade","StSLib","The Administrix","The Animator","The Cursed","The Mystic","The Servant 0.9.4"],"gold_per_floor":[215,290,290,302,302,302,317,332,356,356,372,397,126,181,181,259,259,275,275,275,293,293,326,326,326,326,326,81,91,102,102,102,102,102],"floor_reached":33,"language":"ZHS","playtime":1140,"items_purged":["Defend_G","Defend_G"],"score":460,"play_id":"b3a6915c-b845-4674-87fe-74de0614c075","local_time":"20210207023307","is_ascension_mode":true,"campfire_choices":[{"data":"Dagger Throw","floor":6.0,"key":"SMITH"},{"floor":15,"key":"REST"},{"floor":24,"key":"REST"},{"data":"Tools of the Trade","floor":27,"key":"SMITH"},{"floor":32,"key":"REST"}],"circlet_count":0,"master_deck":["AscendersBane","Defend_G","Defend_G","Survivor","Neutralize","Dagger Throw+1","Backflip","Sucker Punch","Acrobatics","Blur","Quick Slash","Tools of the Trade+1","Infinite Blades+1","Blade Dance","Leg Sweep","Glass Knife","Accuracy","Flying Knee","Slimebound:Tackle+1","Slimebound:Tackle+1","Slimebound:Tackle+1","Dagger Throw+1","Cloak And Dagger"],"relics":["Ring of the Snake","TungstenRod","Omamori","Tiny Chest","hexamod:BolsterEngine","expansioncontent:StudyCardRelic","MutagenicStrength","Matryoshka","Vajra","Boot","Pen Nib","sneckomod:BlankCard"],"acts_visited":["TheCity"],"potions_floor_usage":[12,23,33],"damage_taken":[{"damage":1.0,"enemies":"Small Slimes","floor":1.0,"turns":4.0},{"damage":0.0,"enemies":"Jaw Worm","floor":4.0,"turns":4.0},{"damage":0.0,"enemies":"Cultist","floor":7.0,"turns":3.0},{"damage":0.0,"enemies":"Looter","floor":8.0,"turns":3.0},{"damage":4,"enemies":"Exordium Thugs","floor":11,"turns":8},{"damage":12,"enemies":"Lagavulin","floor":12,"turns":6},{"damage":18,"enemies":"Slime Boss","floor":16,"turns":12},{"damage":10,"enemies":"2 Thieves","floor":18,"turns":3},{"damage":3,"enemies":"Chosen","floor":21,"turns":4},{"damage":27,"enemies":"Book of Stabbing","floor":23,"turns":5},{"damage":13,"enemies":"Snake Plant","floor":29,"turns":3},{"damage":0,"enemies":"Cultist and Chosen","floor":30,"turns":3},{"damage":41,"enemies":"Collector","floor":33,"turns":5}],"seed_played":"1792756782952480481","potions_obtained":[{"floor":1.0,"key":"Strength Potion"},{"floor":7.0,"key":"Energy Potion"},{"floor":29,"key":"Dexterity Potion"}],"is_trial":false,"path_per_floor":["M","?","?","M","?","R","M","M","T","?","M","E","$","T","R","B",null,"M","?","?","M","T","E","R","?","T","R","$","M","M","?","R","B"],"character_chosen":"THE_SILENT","items_purchased":["Infinite Blades","Blade Dance","Leg Sweep","sneckomod:BlankCard"],"campfire_rested":3,"item_purchase_floors":[13,13,13,28],"current_hp_per_floor":[58,47,47,47,41,41,41,41,41,41,37,25,25,25,44,26,56,46,46,46,43,43,16,35,35,35,35,35,22,22,22,41,0,0],"gold":102,"neow_bonus":"HUNDRED_GOLD","is_daily":false,"chose_seed":false,"campfire_upgraded":2,"win_rate":0.0,"timestamp":1612636387,"path_taken":["M","?","?","M","?","R","?","?","T","?","M","E","$","?","R","BOSS","M","?","?","M","?","E","R","?","T","R","$","M","M","?","R","BOSS"],"items_purchased_type":["Card","Card","Card","Relic"],"build_version":"2020-12-22","purchased_purges":2,"victory":false,"max_hp_per_floor":[66,66,66,66,66,66,66,66,66,66,66,66,66,66,66,66,66,66,66,66,66,66,66,66,66,66,66,66,66,66,66,66,66,66],"card_choices":[{"not_picked":["Well Laid Plans","Endless Agony"],"picked":"Dagger Throw","floor":1.0},{"not_picked":["Masterful Stab","Predator"],"picked":"Backflip","floor":4.0},{"not_picked":["Flying Knee","Quick Slash"],"picked":"Sucker Punch","floor":7.0},{"not_picked":["Deadly Poison","Backflip"],"picked":"Acrobatics","floor":8.0},{"not_picked":["Bouncing Flask","Deflect"],"picked":"Quick Slash","floor":11},{"not_picked":["Malaise","Well Laid Plans"],"picked":"Tools of the Trade","floor":12},{"not_picked":["Envenom","Venomology"],"picked":"Glass Knife","floor":16},{"not_picked":["Dodge and Roll","Deflect","Distraction"],"picked":"SKIP","floor":18},{"not_picked":["Backflip","Riddle With Holes"],"picked":"Accuracy","floor":21},{"not_picked":["Dodge and Roll","Outmaneuver"],"picked":"Flying Knee","floor":23},{"not_picked":["Outmaneuver","Bane"],"picked":"Dagger Throw+1","floor":29},{"not_picked":["Outmaneuver","Acrobatics"],"picked":"Cloak And Dagger","floor":30}],"player_experience":360072,"relics_obtained":[{"floor":9.0,"key":"Omamori"},{"floor":12,"key":"Tiny Chest"},{"floor":14,"key":"hexamod:BolsterEngine"},{"floor":22,"key":"Matryoshka"},{"floor":23,"key":"Vajra"},{"floor":26,"key":"Boot"},{"floor":26,"key":"Pen Nib"}],"event_choices":[{"damage_healed":0.0,"max_hp_gain":0.0,"max_hp_loss":0.0,"gold_gain":75.0,"event_name":"World of Goop","player_choice":"Gather Gold","floor":2.0,"gold_loss":0.0,"damage_taken":11.0},{"cards_removed":["Strike_G"],"damage_healed":0.0,"max_hp_gain":0.0,"max_hp_loss":0.0,"gold_gain":0.0,"event_name":"Golden Wing","player_choice":"Card Removal","floor":5.0,"gold_loss":0.0,"damage_taken":7.0},{"damage_healed":0,"gold_gain":0,"player_choice":"1 cards matched","damage_taken":0,"max_hp_gain":0,"max_hp_loss":0,"event_name":"Match and Keep!","floor":10,"gold_loss":0,"cards_obtained":["Blur"]},{"damage_healed":0,"gold_gain":0,"player_choice":"Inject Mutagens","damage_taken":0,"relics_obtained":["MutagenicStrength"],"max_hp_gain":0,"max_hp_loss":0,"event_name":"Drug Dealer","floor":19,"gold_loss":0},{"damage_healed":0,"gold_gain":0,"player_choice":"Upgraded","damage_taken":0,"max_hp_gain":0,"max_hp_loss":0,"event_name":"Upgrade Shrine","floor":20,"gold_loss":0,"cards_upgraded":["Infinite Blades"]},{"cards_removed":["Defend_G"],"damage_healed":0,"gold_gain":0,"player_choice":"Elegance","damage_taken":0,"max_hp_gain":0,"max_hp_loss":0,"event_name":"Back to Basics","floor":31,"gold_loss":0}],"is_beta":false,"boss_relics":[{"not_picked":["Tiny House","Pandora\u0027s Box"],"picked":"expansioncontent:StudyCardRelic"}],"items_purged_floors":[13,28],"is_endless":false,"potions_floor_spawned":[1,7,8,29],"killed_by":"Collector","ascension_level":15}}