{"host":"hszimsrtxxc2k25w","time":1612595900,"event":{"mods":["AchievementEnabler","BaseMod","Colored Map","DeckTracker","Minty Spire (QoL Compilation)","Rare Cards Sparkle","SuperFastMode"],"gold_per_floor":[117,42,2,13,13,13,48,62,62,89,89,89,114,129,129,227,227,247,288,288,288,46,78,78,90,90,115,145,82,108,39,39,39,39],"floor_reached":33,"language":"KOR","playtime":715,"items_purged":["Strike_G"],"score":700,"play_id":"6b3358c0-f7b5-45b4-8de0-de740bf7b763","local_time":"20210206161820","is_ascension_mode":true,"campfire_choices":[{"data":"Noxious Fumes","floor":6.0,"key":"SMITH"},{"floor":15.0,"key":"REST"},{"floor":24.0,"key":"REST"},{"data":"Envenom","floor":32.0,"key":"SMITH"}],"circlet_count":0,"master_deck":["AscendersBane","Strike_G","Defend_G","Defend_G","Defend_G","Defend_G","Defend_G","Survivor","Neutralize","Blade Dance","Noxious Fumes+1","Dagger Throw","Die Die Die","Deadly Poison","Storm of Steel","Finisher","Backstab","Envenom+1","Backstab","Escape Plan","Footwork","Well Laid Plans","Dodge and Roll"],"relics":["Ring of the Snake","NeowsBlessing","Torii","Du-Vu Doll","StrikeDummy","CaptainsWheel","Bloody Idol","WristBlade","Red Mask","Membership Card","Pocketwatch","MawBank","Vajra"],"acts_visited":["Exordium","TheCity"],"potions_floor_usage":[33],"damage_taken":[{"damage":0.0,"enemies":"Cultist","floor":1.0,"turns":1.0},{"damage":0.0,"enemies":"Jaw Worm","floor":4.0,"turns":1.0},{"damage":0.0,"enemies":"Gremlin Nob","floor":7.0,"turns":1.0},{"damage":0.0,"enemies":"2 Louse","floor":8.0,"turns":3.0},{"damage":12.0,"enemies":"3 Sentries","floor":10.0,"turns":6.0},{"damage":13.0,"enemies":"Exordium Wildlife","floor":13.0,"turns":2.0},{"damage":12.0,"enemies":"3 Louse","floor":14.0,"turns":2.0},{"damage":0.0,"enemies":"The Guardian","floor":16.0,"turns":9.0},{"damage":0.0,"enemies":"Chosen","floor":18.0,"turns":2.0},{"damage":12.0,"enemies":"Masked Bandits","floor":19.0,"turns":3.0},{"damage":33.0,"enemies":"Book of Stabbing","floor":23.0,"turns":6.0},{"damage":12.0,"enemies":"2 Thieves","floor":25.0,"turns":3.0},{"damage":0.0,"enemies":"3 Cultists","floor":27.0,"turns":4.0},{"damage":13.0,"enemies":"Snake Plant","floor":28.0,"turns":3.0},{"damage":31.0,"enemies":"Shelled Parasite and Fungi","floor":30.0,"turns":3.0},{"damage":16,"enemies":"Collector","floor":33,"turns":5}],"seed_played":"1131568104657258523","potions_obtained":[{"floor":4.0,"key":"CultistPotion"},{"floor":7.0,"key":"GhostInAJar"},{"floor":18.0,"key":"EssenceOfSteel"},{"floor":23.0,"key":"SneckoOil"}],"is_trial":false,"path_per_floor":["M","?","$","M","?","R","E","M","T","E","T","?","M","M","R","B",null,"M","?","?","?","$","E","R","M","T","M","M","?","M","$","R","B"],"character_chosen":"THE_SILENT","items_purchased":["Noxious Fumes","Membership Card","Footwork","Vajra"],"campfire_rested":2,"item_purchase_floors":[3,22,22,31],"current_hp_per_floor":[59,59,59,59,52,52,52,52,52,40,40,40,27,15,33,33,53,53,41,41,41,41,13,31,29,29,39,36,41,20,25,25,9,9],"gold":39,"neow_bonus":"THREE_ENEMY_KILL","is_daily":false,"chose_seed":false,"campfire_upgraded":2,"win_rate":0.0,"timestamp":1612595900,"path_taken":["M","?","$","M","?","R","E","M","T","E","?","?","M","M","R","BOSS","M","?","?","?","$","E","R","M","T","M","M","?","M","?","R","BOSS"],"items_purchased_type":["Card","Relic","Card","Relic"],"build_version":"2020-12-22","purchased_purges":1,"victory":false,"max_hp_per_floor":[66,66,66,66,66,66,66,66,66,66,66,60,60,60,60,60,60,60,60,60,60,60,60,60,60,60,60,60,60,60,60,60,60,60],"card_choices":[{"not_picked":["Bane","Dagger Spray"],"picked":"Blade Dance","floor":1.0},{"not_picked":["Dodge and Roll","Blade Dance"],"picked":"Dagger Throw","floor":4.0},{"not_picked":["Finisher","Terror"],"picked":"Die Die Die","floor":7.0},{"not_picked":["Distraction","Bouncing Flask"],"picked":"Deadly Poison","floor":8.0},{"not_picked":["Tools of the Trade","Predator"],"picked":"Storm of Steel","floor":10.0},{"not_picked":["Sucker Punch","Cloak And Dagger"],"picked":"Finisher","floor":13.0},{"not_picked":["Dodge and Roll","Quick Slash"],"picked":"Backstab","floor":14.0},{"not_picked":["Storm of Steel","Doppelganger"],"picked":"Envenom","floor":16.0},{"not_picked":["Slice","Flying Knee"],"picked":"Backstab","floor":18.0},{"not_picked":["Blade Dance","Deadly Poison"],"picked":"Escape Plan","floor":19.0},{"not_picked":["Quick Slash","Bouncing Flask","Bane"],"picked":"SKIP","floor":23.0},{"not_picked":["Dagger Throw","Quick Slash+1","PiercingWail"],"picked":"SKIP","floor":25.0},{"not_picked":["Footwork","Underhanded Strike"],"picked":"Well Laid Plans","floor":27.0},{"not_picked":["Dagger Throw","Dagger Spray","Deadly Poison+1"],"picked":"SKIP","floor":28.0},{"not_picked":["Riddle With Holes+1","Deadly Poison"],"picked":"Dodge and Roll","floor":30.0}],"player_experience":670066,"relics_obtained":[{"floor":7.0,"key":"Torii"},{"floor":9.0,"key":"Du-Vu Doll"},{"floor":10.0,"key":"StrikeDummy"},{"floor":11.0,"key":"CaptainsWheel"},{"floor":19.0,"key":"Red Mask"},{"floor":23.0,"key":"Pocketwatch"},{"floor":26.0,"key":"MawBank"}],"event_choices":[{"cards_removed":["Strike_G"],"damage_healed":0.0,"max_hp_gain":0.0,"max_hp_loss":0.0,"gold_gain":0.0,"event_name":"The Cleric","player_choice":"Card Removal","floor":2.0,"gold_loss":75.0,"damage_taken":0.0},{"cards_removed":["Strike_G"],"damage_healed":0.0,"max_hp_gain":0.0,"max_hp_loss":0.0,"gold_gain":0.0,"event_name":"Golden Wing","player_choice":"Card Removal","floor":5.0,"gold_loss":0.0,"damage_taken":7.0},{"damage_healed":0.0,"max_hp_gain":0.0,"max_hp_loss":6.0,"gold_gain":0.0,"event_name":"Golden Idol","player_choice":"Lose Max HP","floor":12.0,"gold_loss":0.0,"damage_taken":0.0,"relics_obtained":["Golden Idol"]},{"damage_healed":0.0,"max_hp_gain":0.0,"max_hp_loss":0.0,"gold_gain":0.0,"event_name":"Masked Bandits","player_choice":"Fought Bandits","floor":19.0,"gold_loss":0.0,"damage_taken":0.0},{"damage_healed":0.0,"max_hp_gain":0.0,"max_hp_loss":0.0,"gold_gain":0.0,"event_name":"Forgotten Altar","player_choice":"Gave Idol","floor":20.0,"relics_lost":["Golden Idol"],"gold_loss":0.0,"damage_taken":0.0,"relics_obtained":["Bloody Idol"]},{"damage_healed":0.0,"max_hp_gain":0.0,"max_hp_loss":0.0,"gold_gain":0.0,"event_name":"Cursed Tome","player_choice":"Ignored","floor":21.0,"gold_loss":0.0,"damage_taken":0.0},{"cards_removed":["Strike_G"],"damage_healed":0.0,"max_hp_gain":0.0,"max_hp_loss":0.0,"gold_gain":0.0,"event_name":"Beggar","player_choice":"Gave Gold","floor":29.0,"gold_loss":75.0,"damage_taken":0.0}],"is_beta":false,"boss_relics":[{"not_picked":["Black Star","Ectoplasm"],"picked":"WristBlade"}],"items_purged_floors":[22],"is_endless":false,"potions_floor_spawned":[4,7,8,10,13,18,23,30],"killed_by":"Collector","ascension_level":20}}