{"host":"w4b7hmige5bnqipq","time":1612646157,"event":{"mods":["2.2 Compatiblity","BaseMod","Colored Map","DeckTracker","Keyboard Shortcuts","Minty Spire (QoL Compilation)","Permanent Neow","Rare Cards Sparkle","SuperFastMode","everything is the same but u backflip on backflip","slay the spire mod where everything is the same but ironclad has a cowboy hat"],"gold_per_floor":[30,83,83,83,134,134,171,171,171,234,293,330,414,432,432,503,503,544,564,80,355,355,355],"floor_reached":22,"language":"KOR","playtime":835,"items_purged":["Strike_G"],"score":396,"play_id":"7fb31a04-d67f-4705-a4d4-02922dae5f8f","local_time":"20210207061557","is_ascension_mode":true,"campfire_choices":[{"data":"HandOfGreed","floor":6,"key":"SMITH"},{"data":"Well Laid Plans","floor":8,"key":"SMITH"},{"floor":15,"key":"REST"}],"circlet_count":0,"master_deck":["AscendersBane","Strike_G","Strike_G","Strike_G","Strike_G","Defend_G","Defend_G","Defend_G","Defend_G","Defend_G","Survivor","Neutralize","HandOfGreed+1","Escape Plan","Sucker Punch","Flechettes","Doppelganger","Deadly Poison","Well Laid Plans+1","Backflip","Crippling Poison","Acrobatics","Caltrops","Glass Knife","Crippling Poison+1","Footwork","Regret"],"relics":["Ring of the Snake","White Beast Statue","Tiny Chest","MealTicket","SlaversCollar","Medical Kit","Ancient Tea Set"],"acts_visited":["Exordium","TheCity"],"potions_floor_usage":[11,13,16,16,19,22],"damage_taken":[{"damage":0.0,"enemies":"Cultist","floor":1.0,"turns":3.0},{"damage":0.0,"enemies":"2 Louse","floor":2.0,"turns":5.0},{"damage":0,"enemies":"Small Slimes","floor":5,"turns":3},{"damage":3,"enemies":"Blue Slaver","floor":7,"turns":4},{"damage":0,"enemies":"2 Fungi Beasts","floor":10,"turns":6},{"damage":30,"enemies":"Gremlin Nob","floor":11,"turns":4},{"damage":2,"enemies":"Large Slime","floor":12,"turns":6},{"damage":19,"enemies":"3 Sentries","floor":13,"turns":11},{"damage":3,"enemies":"Looter","floor":14,"turns":4},{"damage":22,"enemies":"Hexaghost","floor":16,"turns":9},{"damage":7,"enemies":"3 Byrds","floor":18,"turns":3},{"damage":26,"enemies":"Shell Parasite","floor":19,"turns":5},{"damage":40,"enemies":"Centurion and Healer","floor":22,"turns":9}],"seed_played":"6277849932921288166","potions_obtained":[{"floor":7,"key":"Ancient Potion"},{"floor":10,"key":"SkillPotion"},{"floor":11,"key":"LiquidBronze"},{"floor":12,"key":"Strength Potion"},{"floor":13,"key":"BlessingOfTheForge"},{"floor":14,"key":"EntropicBrew"},{"floor":19,"key":"SpeedPotion"}],"is_trial":false,"path_per_floor":["M","M","?","?","M","R","M","R","T","M","E","M","E","M","R","B",null,"M","M","$","?","M"],"character_chosen":"THE_SILENT","items_purchased":["Medical Kit","Footwork","Ancient Tea Set"],"campfire_rested":1,"item_purchase_floors":[20,20,20],"current_hp_per_floor":[59,59,64,64,64,64,61,61,61,61,31,29,10,7,28,6,55,48,22,37,37,0,0],"gold":355,"neow_bonus":"RANDOM_COLORLESS_2","is_daily":false,"chose_seed":false,"campfire_upgraded":2,"win_rate":0.0,"timestamp":1612646157,"path_taken":["M","M","?","?","M","R","?","R","T","M","E","M","E","?","R","BOSS","M","M","$","?","?"],"items_purchased_type":["Relic","Card","Relic"],"build_version":"2020-12-22","purchased_purges":1,"victory":false,"max_hp_per_floor":[66,66,71,71,71,71,71,71,71,71,71,71,71,71,71,71,71,71,71,71,71,71,71],"card_choices":[{"not_picked":["Metamorphosis","Secret Technique"],"picked":"HandOfGreed","floor":0.0},{"not_picked":["Bane","Acrobatics"],"picked":"Escape Plan","floor":1.0},{"not_picked":["Dagger Throw","Quick Slash"],"picked":"Sucker Punch","floor":2.0},{"not_picked":["Finisher","Bane"],"picked":"Deadly Poison","floor":5},{"not_picked":["Blur","Distraction"],"picked":"Well Laid Plans","floor":7},{"not_picked":["Doppelganger","Bane","Blade Dance"],"picked":"SKIP","floor":10},{"not_picked":["Doppelganger","Bane","Blade Dance"],"picked":"SKIP","floor":10},{"not_picked":["Deflect","PiercingWail"],"picked":"Backflip","floor":11},{"not_picked":["Calculated Gamble","Expertise"],"picked":"Crippling Poison","floor":12},{"not_picked":["Deflect","Prepared"],"picked":"Acrobatics","floor":13},{"not_picked":["Masterful Stab","Die Die Die"],"picked":"Caltrops","floor":14},{"not_picked":["Storm of Steel","Burst"],"picked":"Glass Knife","floor":16},{"not_picked":["Leg Sweep","Caltrops"],"picked":"Crippling Poison+1","floor":18},{"not_picked":["Terror+1","Flying Knee","Predator"],"picked":"SKIP","floor":19}],"player_experience":718554,"relics_obtained":[{"floor":9,"key":"White Beast Statue"},{"floor":11,"key":"Tiny Chest"},{"floor":13,"key":"MealTicket"}],"event_choices":[{"damage_healed":0.0,"max_hp_gain":5.0,"max_hp_loss":0.0,"gold_gain":0.0,"event_name":"Big Fish","player_choice":"Donut","floor":3.0,"gold_loss":0.0,"damage_taken":0.0},{"damage_healed":0,"gold_gain":0,"player_choice":"2 cards matched","damage_taken":0,"max_hp_gain":0,"max_hp_loss":0,"event_name":"Match and Keep!","floor":4,"gold_loss":0,"cards_obtained":["Flechettes","Doppelganger"]},{"damage_healed":0,"gold_gain":275,"player_choice":"Desecrate","damage_taken":0,"max_hp_gain":0,"max_hp_loss":0,"event_name":"Golden Shrine","floor":21,"gold_loss":0,"cards_obtained":["Regret"]}],"is_beta":false,"boss_relics":[{"not_picked":["Black Star","Empty Cage"],"picked":"SlaversCollar"}],"items_purged_floors":[20],"is_endless":false,"potions_floor_spawned":[7,10,11,12,13,14,16,18,19],"killed_by":"Centurion and Healer","ascension_level":20}}