{"host":"lmshf3swj20gmdor","time":1612603188,"event":{"mods":["2.2 Compatiblity","BaseMod","Conspire","Downfall","Googly Eyes","Hubris","Minty Spire (QoL Compilation)","Replay The Spire","Spikes Relics","StSLib","Synergy Search","The Servant 0.9.4"],"gold_per_floor":[115,191,191,191,209,249,249,249,249,249,249,270,289,327,327,446,446,471,471,492,39,58,96,112,112,112,112,112],"floor_reached":27,"language":"ENG","playtime":817,"items_purged":[],"score":266,"play_id":"c2e459a0-1b33-4a9c-97bd-990a86e83ac1","local_time":"20210206091948","is_ascension_mode":false,"campfire_choices":[{"data":"LightFlow","floor":8,"key":"SMITH"},{"data":"Misdirection","floor":10,"key":"SMITH"},{"data":"BestPractice","floor":15,"key":"SMITH"},{"floor":25,"key":"REST"}],"circlet_count":0,"master_deck":["Strike_S","Strike_S","Strike_S+1","Defend_S","Defend_S","Defend_S","Defend_S","KidneyShot+1","Exchange","Shuttle","Misdirection+1","Contraction","LightFlow+1","SilverBlades","BestPractice+1","MurderousAura","Luminosity+1","MurderousAura","SilverBlades"],"relics":["Uniform","NeowsBlessing","Pen Nib","Golden Idol","conspire:GiftBox","hubris:BottledRain","Whetstone","Mirror","hubris:RunicObelisk","hubris:64BitClover","Medical Kit","Guardian:PocketSentry","Sundial"],"acts_visited":["Exordium","TheCity"],"potions_floor_usage":[16,23,23,23,24],"damage_taken":[{"damage":0,"enemies":"2 Louse","floor":1,"turns":1},{"damage":0,"enemies":"Jaw Worm","floor":5,"turns":2},{"damage":0,"enemies":"Lagavulin","floor":6,"turns":1},{"damage":4,"enemies":"Small Slimes","floor":12,"turns":3},{"damage":7,"enemies":"2 Fungi Beasts","floor":13,"turns":3},{"damage":15,"enemies":"Gremlin Nob","floor":14,"turns":4},{"damage":13,"enemies":"Hexaghost","floor":16,"turns":10},{"damage":0,"enemies":"Spheric Guardian","floor":18,"turns":3},{"damage":10,"enemies":"Shell Parasite","floor":20,"turns":4},{"damage":12,"enemies":"3 Cultists","floor":22,"turns":5},{"damage":33,"enemies":"Slavers","floor":23,"turns":7},{"damage":9,"enemies":"Snake Plant","floor":24,"turns":4},{"damage":21,"enemies":"Gremlin Leader","floor":27,"turns":2}],"seed_played":"-6214400588949717569","potions_obtained":[{"floor":1,"key":"PowerPotion"},{"floor":2,"key":"Fire Potion"},{"floor":2,"key":"LifebloodPotion"},{"floor":18,"key":"Block Potion"},{"floor":23,"key":"Block Potion"}],"is_trial":false,"path_per_floor":["M","?","?","?","M","E","?","R","T","R","T","M","M","E","R","B",null,"M","?","M","$","M","E","M","R","T","E"],"character_chosen":"THE_SERVANT","items_purchased":["hubris:64BitClover","Medical Kit"],"campfire_rested":1,"item_purchase_floors":[21,21],"current_hp_per_floor":[65,65,58,42,42,42,63,63,63,63,63,59,52,37,37,24,65,65,65,55,55,43,10,1,20,20,0,0],"gold":112,"neow_bonus":"THREE_ENEMY_KILL","is_daily":false,"chose_seed":false,"campfire_upgraded":3,"win_rate":0.0,"timestamp":1612603188,"path_taken":["M","?","?","?","M","E","?","R","T","R","?","M","?","E","R","BOSS","M","?","M","$","?","E","M","R","T","E"],"items_purchased_type":["Relic","Relic"],"build_version":"2020-12-22","purchased_purges":0,"victory":false,"max_hp_per_floor":[65,65,65,65,65,65,65,65,65,65,65,65,65,65,65,65,65,65,65,65,65,65,65,65,65,65,65,65],"card_choices":[{"not_picked":["Reset","BottledTime"],"picked":"Shuttle","floor":1},{"not_picked":["FastForward","FanOfKnives"],"picked":"Misdirection","floor":2},{"not_picked":["Rewind","ShatteredReality"],"picked":"Contraction","floor":5},{"not_picked":["TheWorld","Sunlight"],"picked":"LightFlow","floor":6},{"not_picked":["ShatteredReality","Misdirection","Spin"],"picked":"SKIP","floor":6},{"not_picked":["Rearm","Rewind","Alleviate"],"picked":"SKIP","floor":12},{"not_picked":["Spin","Starlight"],"picked":"SilverBlades","floor":13},{"not_picked":["Sabotage","Rewind"],"picked":"BestPractice","floor":14},{"not_picked":["SoulSculpture","FloweringNight"],"picked":"MurderousAura","floor":16},{"not_picked":["DoubleEdge+1","Foresight+1"],"picked":"Luminosity+1","floor":18},{"not_picked":["Rewind+1","FastForward","SpecialFormula"],"picked":"SKIP","floor":20},{"not_picked":["Unruled","Read","Spin+1"],"picked":"SKIP","floor":22},{"not_picked":["Starlight","Gouge"],"picked":"MurderousAura","floor":23},{"not_picked":["FanOfKnives","TimeWarp"],"picked":"SilverBlades","floor":24}],"player_experience":786227,"relics_obtained":[{"floor":6,"key":"conspire:GiftBox"},{"floor":9,"key":"hubris:BottledRain"},{"floor":11,"key":"Whetstone"},{"floor":14,"key":"Mirror"},{"floor":23,"key":"Guardian:PocketSentry"},{"floor":26,"key":"Sundial"}],"event_choices":[{"damage_healed":0,"gold_gain":0,"player_choice":"Success","damage_taken":7,"relics_obtained":["Pen Nib"],"max_hp_gain":0,"max_hp_loss":0,"event_name":"Scrap Ooze","floor":3,"gold_loss":0},{"damage_healed":0,"gold_gain":0,"player_choice":"Take Damage","damage_taken":16,"relics_obtained":["Golden Idol"],"max_hp_gain":0,"max_hp_loss":0,"event_name":"Golden Idol","floor":4,"gold_loss":0},{"damage_healed":21,"gold_gain":0,"player_choice":"Banana","damage_taken":0,"max_hp_gain":0,"max_hp_loss":0,"event_name":"Big Fish","floor":7,"gold_loss":0},{"cards_removed":["Strike_S"],"damage_healed":0,"gold_gain":0,"player_choice":"Offered Basic","damage_taken":0,"max_hp_gain":0,"max_hp_loss":0,"event_name":"Bonfire Elementals","floor":19,"gold_loss":0}],"is_beta":false,"boss_relics":[{"not_picked":["Tiny House","ChewingGum"],"picked":"hubris:RunicObelisk"}],"items_purged_floors":[],"is_endless":false,"potions_floor_spawned":[1,12,18,23],"killed_by":"Gremlin Leader","ascension_level":0}}