{"host":"7j2n82b2zha9fuyn","time":1612594810,"event":{"mods":["BaseMod","Block Reminder","Minty Spire (QoL Compilation)","StSLib"],"gold_per_floor":[109,127,51,51,26,45,45,79,79,89,122,122,122,155,155,233,233,244,254,270,288,303,303,303,303],"floor_reached":24,"language":"ENG","playtime":1855,"items_purged":[],"score":474,"play_id":"c8a46dc6-dd53-452b-8bf8-2e20d55613f5","local_time":"20210206000010","is_ascension_mode":true,"campfire_choices":[{"data":"Hyperbeam","floor":7.0,"key":"SMITH"},{"data":"Sunder","floor":13.0,"key":"SMITH"},{"data":"Beam Cell","floor":15.0,"key":"SMITH"},{"floor":23.0,"key":"REST"}],"circlet_count":0,"master_deck":["AscendersBane","Strike_B","Strike_B","Strike_B","Strike_B","Defend_B","Defend_B","Defend_B","Defend_B","Zap","Dualcast","Beam Cell+1","Sunder+1","Hyperbeam+1","Turbo","Echo Form","Go for the Eyes","Compile Driver","Seek","Aggregate+1","Chill","All For One","Stack+1"],"relics":["Cracked Core","Ornamental Fan","Sundial","WingedGreaves","Happy Flower","Fusion Hammer"],"acts_visited":["Exordium","TheCity"],"potions_floor_usage":[],"damage_taken":[{"damage":1.0,"enemies":"Cultist","floor":1.0,"turns":3.0},{"damage":7.0,"enemies":"Small Slimes","floor":2.0,"turns":3.0},{"damage":0.0,"enemies":"2 Louse","floor":6.0,"turns":2.0},{"damage":8.0,"enemies":"Gremlin Nob","floor":8.0,"turns":3.0},{"damage":5.0,"enemies":"Gremlin Gang","floor":10.0,"turns":2.0},{"damage":10.0,"enemies":"3 Sentries","floor":11.0,"turns":3.0},{"damage":0.0,"enemies":"Gremlin Nob","floor":14.0,"turns":2.0},{"damage":33.0,"enemies":"The Guardian","floor":16.0,"turns":10.0},{"damage":0.0,"enemies":"2 Thieves","floor":18.0,"turns":2.0},{"damage":10.0,"enemies":"3 Byrds","floor":19.0,"turns":3.0},{"damage":19.0,"enemies":"Snake Plant","floor":20.0,"turns":2.0},{"damage":15.0,"enemies":"Chosen and Byrds","floor":21.0,"turns":4.0},{"damage":14.0,"enemies":"Snecko","floor":22.0,"turns":3.0},{"damage":35,"enemies":"Book of Stabbing","floor":24,"turns":4}],"seed_played":"2315795030540685674","potions_obtained":[{"floor":8.0,"key":"LiquidMemories"},{"floor":10.0,"key":"Swift Potion"},{"floor":18.0,"key":"PotionOfCapacity"},{"floor":22.0,"key":"Explosive Potion"}],"is_trial":false,"path_per_floor":["M","M","$","?","$","M","R","E","T","M","E","?","R","E","R","B",null,"M","M","M","M","M","R","E"],"character_chosen":"DEFECT","items_purchased":["Hyperbeam","Turbo"],"campfire_rested":1,"item_purchase_floors":[3,5],"current_hp_per_floor":[70,63,63,68,68,68,68,60,60,55,45,45,45,45,45,12,65,65,55,36,21,7,31,0,0],"gold":303,"neow_bonus":"TEN_PERCENT_HP_BONUS","is_daily":false,"chose_seed":false,"campfire_upgraded":3,"win_rate":0.0,"timestamp":1612594810,"path_taken":["M","M","?","?","$","M","R","E","T","M","E","?","R","E","R","BOSS","M","M","?","M","M","R","E"],"items_purchased_type":["Card","Card"],"build_version":"2020-12-22","purchased_purges":0,"victory":false,"max_hp_per_floor":[78,78,78,83,83,83,83,83,83,83,83,83,83,83,83,83,83,83,83,83,83,83,83,83,83],"card_choices":[{"not_picked":["Conserve Battery","Tempest"],"picked":"Beam Cell","floor":1.0},{"not_picked":["Glacier","Cold Snap"],"picked":"Sunder","floor":2.0},{"not_picked":["Turbo","Leap"],"picked":"Echo Form","floor":6.0},{"not_picked":["Double Energy","Hello World","Darkness"],"picked":"SKIP","floor":8.0},{"not_picked":["Cold Snap","Rebound"],"picked":"Go for the Eyes","floor":10.0},{"not_picked":["Gash","Sweeping Beam"],"picked":"Compile Driver","floor":11.0},{"not_picked":["Melter","Ball Lightning","Thunder Strike"],"picked":"SKIP","floor":14.0},{"not_picked":["Echo Form","Machine Learning"],"picked":"Seek","floor":16.0},{"not_picked":["White Noise","Stack","Hello World"],"picked":"SKIP","floor":18.0},{"not_picked":["Streamline","Gash"],"picked":"Aggregate+1","floor":19.0},{"not_picked":["Auto Shields","Redo"],"picked":"Chill","floor":20.0},{"not_picked":["Steam","Gash+1"],"picked":"All For One","floor":21.0},{"not_picked":["Rip and Tear","Ball Lightning"],"picked":"Stack+1","floor":22.0}],"player_experience":2004187,"relics_obtained":[{"floor":8.0,"key":"Ornamental Fan"},{"floor":9.0,"key":"Sundial"},{"floor":11.0,"key":"WingedGreaves"},{"floor":14.0,"key":"Happy Flower"}],"event_choices":[{"damage_healed":0.0,"max_hp_gain":5.0,"max_hp_loss":0.0,"gold_gain":0.0,"event_name":"Big Fish","player_choice":"Donut","floor":4.0,"gold_loss":0.0,"damage_taken":0.0},{"damage_healed":0.0,"max_hp_gain":0.0,"max_hp_loss":0.0,"gold_gain":0.0,"event_name":"Lab","player_choice":"Got Potions","floor":12.0,"gold_loss":0.0,"damage_taken":0.0}],"is_beta":false,"boss_relics":[{"not_picked":["Pandora\u0027s Box","FrozenCore"],"picked":"Fusion Hammer"}],"items_purged_floors":[],"is_endless":false,"potions_floor_spawned":[8,10,11,14,16,18,19,22],"killed_by":"Book of Stabbing","ascension_level":19}}