{"host":"rs1c3lkx7vj3kohb","time":1612592165,"event":{"mods":["Act Like it!","BaseMod","BetterRewards","Chen","Colored Map","Colored Powertips","Downfall","Friendly Minions","Gensokyo","Gremlin Mod","Hermit","Hero for Fun","KinomotoSakuraMod(木之本樱)","Koishi","KomeijiMod","Luminous","Marisa（F雨　魔理沙）","Minty Spire (QoL Compilation)","Onozuka Komachi Mod","Prisma Mod","Quick Restart","Reimu（博丽灵梦）","Remilia（蕾米莉亚）","SOS（斯巴达之子）","Shop Mod","StSLib","The Administrix","The Alterego","The Cursed","The Senshi","The Servant 0.9.4","Waifu the Spire","WarShipGirlsR/战舰少女R mod","Yakumo Yukari mod","Yohane!","Youmu（魂魄妖梦）","Yuri Mod","Yuyuko"],"gold_per_floor":[115,134,209,222,239,272,292,323,350,381,448,448,508,31,31,148,148,165,90,146,146,221,249,249,288,315,361,391,418,461,120,120,244,244,261,274,234,274,123,215,229,229,229,256,256,256,131,144,144,164,164,164,15,81,101],"floor_reached":56,"language":"ZHS","playtime":3780,"items_purged":["Defend_RM","Defend_RM","Defend_RM"],"score":1546,"play_id":"2661f714-e871-4268-b1f9-99468e374c8d","local_time":"20210206141605","is_ascension_mode":false,"campfire_choices":[{"data":"BloodAndWine","floor":15,"key":"SMITH"},{"data":"BloodySeventeenLaser","floor":24,"key":"SMITH"},{"floor":32,"key":"RECALL"},{"data":"Trip","floor":42,"key":"SMITH"},{"floor":46,"key":"REST"},{"floor":49,"key":"REST"},{"data":"MastersStateliness","floor":52,"key":"SMITH"}],"circlet_count":0,"master_deck":["Strike_RM+1","Strike_RM","Strike_RM","Strike_RM","RedMoon","ScarletShoot","RedRainbow+1","Trip+1","ScarletDream","ScarletImprint","DiffusionOfMisfortune","FavorOfDestiny","HunterOfTheNight","FavorOfDestiny","DiffusionOfMisfortune","BloodAndWine+1","DiffusionOfMisfortune","BloodAndWine+1","BloodySeventeenLaser+1","DiffusionOfMisfortune","ScarletDream+1","BlasphemousPunishment+1","FavorOfDestiny+1","MastersStateliness","TransientEternity","MastersStateliness+1","MastersStateliness","DiffusionOfMisfortune","MastersStateliness","Madness","Madness","DiffusionOfMisfortune","HunterOfTheNight+1","EternalNight"],"relics":["ScarletHat","Orichalcum","Strawberry","Dead Branch","RedBat","Ginger","Anchor","Juzu Bracelet","ScarletDevilRocket","Odd Mushroom","FairyMaid","RedLine:ReiMu","alterego_mod:SomeoneToFightFor","Oddly Smooth Stone","MawBank","Prayer Wheel","SlaversCollar","Lantern","Blue Candle","Mummified Hand","StrikeDummy","Orrery","Whetstone"],"acts_visited":["Exordium","TheCity","TheBeyond","TheEnding"],"potions_floor_usage":[11,23,28,37],"damage_taken":[{"damage":0,"enemies":"Jaw Worm","floor":1,"turns":2},{"damage":0,"enemies":"2 Louse","floor":2,"turns":2},{"damage":0,"enemies":"Cultist","floor":4,"turns":2},{"damage":0,"enemies":"Looter","floor":5,"turns":5},{"damage":0,"enemies":"Gremlin Nob","floor":6,"turns":3},{"damage":5,"enemies":"Red Slaver","floor":7,"turns":3},{"damage":4,"enemies":"Lagavulin","floor":8,"turns":7},{"damage":0,"enemies":"2 Fungi Beasts","floor":10,"turns":3},{"damage":0,"enemies":"Gremlin Nob","floor":11,"turns":5},{"damage":2,"enemies":"The Mushroom Lair","floor":13,"turns":6},{"damage":22,"enemies":"Hexaghost","floor":16,"turns":4},{"damage":0,"enemies":"3 Byrds","floor":18,"turns":2},{"damage":6,"enemies":"Chosen","floor":20,"turns":4},{"damage":6,"enemies":"Centurion and Healer","floor":22,"turns":5},{"damage":6,"enemies":"Book of Stabbing","floor":23,"turns":4},{"damage":8,"enemies":"Snecko","floor":25,"turns":2},{"damage":20,"enemies":"Slavers","floor":27,"turns":2},{"damage":21,"enemies":"Sentry and Sphere","floor":28,"turns":2},{"damage":10,"enemies":"Centurion and Healer","floor":29,"turns":2},{"damage":0,"enemies":"3 Cultists","floor":30,"turns":3},{"damage":58,"enemies":"Champ","floor":33,"turns":7},{"damage":15,"enemies":"3 Darklings","floor":35,"turns":3},{"damage":22,"enemies":"3 Shapes","floor":36,"turns":2},{"damage":5,"enemies":"Jaw Worm Horde","floor":38,"turns":2},{"damage":24,"enemies":"Nemesis","floor":40,"turns":1},{"damage":0,"enemies":"Spire Growth","floor":41,"turns":2},{"damage":36,"enemies":"Reptomancer","floor":44,"turns":2},{"damage":25,"enemies":"Sphere and 2 Shapes","floor":48,"turns":1},{"damage":50,"enemies":"Awakened One","floor":50,"turns":2},{"damage":1,"enemies":"Shield and Spear","floor":54,"turns":2},{"damage":31,"enemies":"The Heart","floor":55,"turns":3}],"seed_played":"2245147118967276441","potions_obtained":[{"floor":2,"key":"ZuzhouPotion:ReiMu"},{"floor":7,"key":"Fruit Juice"},{"floor":8,"key":"Regen Potion"},{"floor":11,"key":"bronze:BurnAndBuffPotion"},{"floor":16,"key":"AttackPotion"},{"floor":20,"key":"AttackPotion"},{"floor":23,"key":"Guardian:BlockOnCardUsePotion"},{"floor":25,"key":"FairyPotion"},{"floor":28,"key":"Energy Potion"},{"floor":28,"key":"Energy Potion"},{"floor":35,"key":"FearPotion"},{"floor":36,"key":"DestinyDice"},{"floor":37,"key":"Fruit Juice"},{"floor":37,"key":"Explosive Potion"}],"is_trial":false,"path_per_floor":["M","M","?","M","M","E","M","E","T","M","E","?","?","$","R","B",null,"M","?","M","?","M","E","R","M","T","E","M","M","M","$","R","B",null,"M","M","?","M","$","E","M","R","T","E","?","R","$","M","R","B",null,"R","$","E","B",null],"character_chosen":"REMILIA","items_purchased":["Orichalcum","Strawberry","RedRainbow","Trip","FairyMaid","BloodAndWine","MastersStateliness","Prayer Wheel","Lantern","Orrery"],"campfire_rested":2,"item_purchase_floors":[0,0,0,0,14,14,31,31,39,53],"current_hp_per_floor":[48,48,37,44,44,52,49,59,59,59,64,64,66,66,66,55,87,87,87,81,81,80,85,85,84,84,66,67,60,87,87,87,73,87,72,60,65,60,60,36,58,58,58,59,47,74,74,67,92,46,92,92,92,92,74],"gold":101,"neow_bonus":"","is_daily":false,"chose_seed":false,"campfire_upgraded":4,"win_rate":0.0,"timestamp":1612592165,"path_taken":["M","M","?","M","M","E","M","E","T","M","E","?","?","$","R","BOSS","M","?","M","?","M","E","R","M","T","E","M","M","M","$","R","BOSS","M","M","?","M","$","E","M","R","T","E","?","R","$","M","R","BOSS","R","$","E","BOSS"],"items_purchased_type":["Relic","Relic","Card","Card","Relic","Card","Card","Relic","Relic","Relic"],"build_version":"2020-12-22","purchased_purges":3,"victory":true,"max_hp_per_floor":[82,82,82,82,82,82,82,82,82,82,87,87,87,87,87,87,87,87,87,87,87,87,87,87,87,87,87,87,87,87,87,87,87,87,87,87,92,92,92,92,92,92,92,92,92,92,92,92,92,92,92,92,92,92,92],"card_choices":[{"not_picked":["EndlessAdversity","Stigmanizer"],"picked":"ScarletDream","floor":1},{"not_picked":["UnstableMagic","BloodHunter"],"picked":"ScarletImprint","floor":2},{"not_picked":["EmergencyRegeneration","CharismaGuard"],"picked":"DiffusionOfMisfortune","floor":4},{"not_picked":["CharismaGuard","EmergencyRegeneration","UnderTheZenith"],"picked":"SKIP","floor":5},{"not_picked":["CharismaGuard","ForbiddenFruit"],"picked":"FavorOfDestiny","floor":6},{"not_picked":["ScarletImprint","KillingBlow"],"picked":"HunterOfTheNight","floor":7},{"not_picked":["GlobalNightmare","ScarletImprint"],"picked":"FavorOfDestiny","floor":8},{"not_picked":["ScarletImprint","UnderTheZenith"],"picked":"DiffusionOfMisfortune","floor":10},{"not_picked":["RedRainbow","BloodyTrap"],"picked":"BloodAndWine","floor":11},{"not_picked":["ScarletGensokyo","ForecastOfChange"],"picked":"DiffusionOfMisfortune","floor":13},{"not_picked":["EquivalentExchange","BloodRain"],"picked":"BloodySeventeenLaser","floor":16},{"not_picked":["Stigmanizer","BloodAndWine","Ultimatum+1"],"picked":"SKIP","floor":18},{"not_picked":["BlasphemousPunishment","TwelveNightmare","Ultimatum"],"picked":"SKIP","floor":20},{"not_picked":["BloodHunter","EndlessAdversity"],"picked":"DiffusionOfMisfortune","floor":22},{"not_picked":["ReincarnationDial","EquivalentExchange"],"picked":"ScarletDream+1","floor":23},{"not_picked":["Stigmanizer","ScarletDream"],"picked":"BlasphemousPunishment+1","floor":25},{"not_picked":["ScarletImprint+1","ScarletDevilSign","ForbiddenFruit+1"],"picked":"SKIP","floor":27},{"not_picked":["ScarletImprint","RedRainbow","BloodyTrap+1"],"picked":"SKIP","floor":28},{"not_picked":["BloodHunter+1","UnderTheZenith+1"],"picked":"FavorOfDestiny+1","floor":29},{"not_picked":["ScarletSymphony","UnderTheZenith","ScarletGensokyo+1"],"picked":"SKIP","floor":30},{"not_picked":["KillingBlow","BloodyHallows"],"picked":"TransientEternity","floor":33},{"not_picked":["FavorOfDestiny+1","BlasphemousPunishment","ScarletSymphony"],"picked":"SKIP","floor":35},{"not_picked":["UnstableMagic+1","CharismaGuard+1","ScarletImprint"],"picked":"SKIP","floor":35},{"not_picked":["BloodHunter","LeisurelyOfLord"],"picked":"MastersStateliness","floor":36},{"not_picked":["UltimateOffering+1","ScarletCoffin","UnstableMagic+1"],"picked":"SKIP","floor":36},{"not_picked":["AfternoonTea+1","ScarletGensokyo","CharismaGuard+1"],"picked":"SKIP","floor":38},{"not_picked":["ScarletSymphony+1","FavorOfDestiny+1","RedRainbow+1"],"picked":"SKIP","floor":38},{"not_picked":["HunterOfTheNight","UnderTheZenith+1"],"picked":"MastersStateliness","floor":40},{"not_picked":["UnderTheZenith+1","UnstableMagic"],"picked":"DiffusionOfMisfortune","floor":41},{"not_picked":["EndlessAdversity+1","ScarletCoffin","BlasphemousPunishment+1"],"picked":"SKIP","floor":41},{"not_picked":["UnstableMagic","FavorOfDestiny"],"picked":"MastersStateliness","floor":44},{"not_picked":["UnderTheZenith","BloodAndWine"],"picked":"DiffusionOfMisfortune","floor":48},{"not_picked":["RedRainbow","BlasphemousPunishment","Ultimatum+1"],"picked":"SKIP","floor":48},{"not_picked":["BloodySeventeenLaser","DiffusionOfMisfortune+1"],"picked":"HunterOfTheNight+1","floor":53},{"not_picked":["RedRainbow+1","EmergencyRegeneration+1"],"picked":"EternalNight","floor":53},{"not_picked":["RedRainbow+1","TwelveNightmare","UnderTheZenith+1"],"picked":"SKIP","floor":54}],"player_experience":434885,"relics_obtained":[{"floor":6,"key":"Ginger"},{"floor":8,"key":"Anchor"},{"floor":9,"key":"Juzu Bracelet"},{"floor":11,"key":"ScarletDevilRocket"},{"floor":13,"key":"Odd Mushroom"},{"floor":23,"key":"Oddly Smooth Stone"},{"floor":27,"key":"MawBank"},{"floor":40,"key":"Blue Candle"},{"floor":43,"key":"Mummified Hand"},{"floor":44,"key":"StrikeDummy"},{"floor":54,"key":"Whetstone"}],"event_choices":[{"damage_healed":0,"gold_gain":75,"player_choice":"Gather Gold","damage_taken":11,"max_hp_gain":0,"max_hp_loss":0,"event_name":"World of Goop","floor":3,"gold_loss":0},{"damage_healed":0,"gold_gain":0,"player_choice":"Ignored","damage_taken":0,"max_hp_gain":0,"max_hp_loss":0,"event_name":"Liars Game","floor":12,"gold_loss":0},{"damage_healed":0,"gold_gain":0,"player_choice":"Fought Mushrooms","damage_taken":0,"max_hp_gain":0,"max_hp_loss":0,"event_name":"Mushrooms","floor":13,"gold_loss":0},{"cards_removed":["Defend_RM"],"damage_healed":0,"gold_gain":0,"player_choice":"Gave Gold","damage_taken":0,"max_hp_gain":0,"max_hp_loss":0,"event_name":"Beggar","floor":19,"gold_loss":75},{"damage_healed":0,"gold_gain":0,"player_choice":"Choice 2","damage_taken":0,"relics_obtained":["alterego_mod:SomeoneToFightFor"],"max_hp_gain":0,"max_hp_loss":0,"event_name":"爱的神圣花园","floor":21,"gold_loss":0},{"damage_healed":0,"gold_gain":0,"player_choice":"Bought 3 Potions","damage_taken":0,"max_hp_gain":0,"max_hp_loss":0,"event_name":"The Woman in Blue","floor":37,"gold_loss":0},{"damage_healed":0,"gold_gain":0,"player_choice":"Embrace Madness","damage_taken":12,"max_hp_gain":0,"max_hp_loss":0,"event_name":"Winding Halls","floor":45,"gold_loss":0,"cards_obtained":["Madness","Madness"]}],"is_beta":false,"boss_relics":[{"not_picked":["Fusion Hammer","SacredBark"],"picked":"RedLine:ReiMu"},{"not_picked":["Empty Cage","Snecko Eye"],"picked":"SlaversCollar"}],"items_purged_floors":[0,14,47],"is_endless":false,"potions_floor_spawned":[2,8,11,16,20,25,27,28,30,33,36,38,40,44],"ascension_level":0}}