{"host":"8e3sp1tozjyrh64l","time":1612587358,"event":{"mods":["BaseMod","Better Altar","Better Match","Better Note","Better Sensory Stone","Better Silent Start","Better Skull","Better Third Choice","BetterRewards","Curses Come First","Defuse TimeMaze Blight","Infinite Spire","Minty Spire (QoL Compilation)","Permanent Neow","Rare Cards Sparkle","Relic Sorter","Reliquary","Replay The Spire","Shop Mod","Spicy Shops","StSLib","SuperFastMode","Wandering Minibosses"],"gold_per_floor":[14,25,38,38,50,50,80,80,132,150,170,204,204,236,236,337,337,352,368,388,588,607,607,607,626,626,637,653,671,24,57,57,161,161,179,246,246,246,262,291,291,211,238,249,249,259,259,286,286,286,286],"floor_reached":50,"language":"ENG","playtime":1554,"items_purged":["Writhe","Decay"],"score":598,"play_id":"8f519315-9272-4205-b502-5de13e8cac8e","local_time":"20210205215558","is_ascension_mode":true,"campfire_choices":[{"data":"Neutralize","floor":6,"key":"SMITH"},{"data":"Adrenaline","floor":8,"key":"SMITH"},{"data":"Cloak And Dagger","floor":13,"key":"SMITH"},{"data":"Die Die Die","floor":15,"key":"SMITH"},{"data":"ReplayTheSpireMod:From All Sides","floor":23,"key":"SMITH"},{"data":"A Thousand Cuts","floor":32,"key":"SMITH"},{"data":"Specialist","floor":41,"key":"SMITH"},{"data":"Accuracy","floor":45,"key":"SMITH"},{"data":"Accuracy","floor":47,"key":"SMITH"},{"data":"Noxious Fumes","floor":49,"key":"SMITH"}],"circlet_count":0,"master_deck":["Strike_G+1","Strike_G+1","Strike_G","Strike_G","Defend_G+1","Defend_G","Defend_G","Defend_G","Survivor","Neutralize+1","Die Die Die+1","Poisoned Stab","Adrenaline+1","Cloak And Dagger+1","Backstab","ReplayTheSpireMod:From All Sides+1","Noxious Fumes+1","A Thousand Cuts+1","Accuracy+1","Crippling Poison+1","Draining Mist+1","Specialist+1","Accuracy+1","Accuracy+1","Blade Dance+1"],"relics":["Ring of the Snake","Ninja Scroll","Art of War","Dream Catcher","Replay:Bottled Flurry","Philosopher\u0027s Stone","infinitespire:ShieldingShard","Snake Skull","Blue Doll","Bag of Marbles","reliquary:TuningFork","SlaversCollar","Simple Rune","reliquary:RadioactivePellet","infinitespire:PuzzleCube","infinitespire:Lychee Nut"],"acts_visited":["Exordium","TheCity","TheBeyond"],"potions_floor_usage":[7,12,16,16,25,28,31,50,50],"damage_taken":[{"damage":0,"enemies":"Small Slimes","floor":1,"turns":2},{"damage":0,"enemies":"Jaw Worm","floor":2,"turns":3},{"damage":0,"enemies":"Cultist","floor":3,"turns":3},{"damage":0,"enemies":"Large Slime","floor":5,"turns":6},{"damage":23,"enemies":"3 Sentries","floor":7,"turns":9},{"damage":0,"enemies":"Exordium Wildlife","floor":10,"turns":4},{"damage":0,"enemies":"3 Louse","floor":11,"turns":2},{"damage":1,"enemies":"Lagavulin","floor":12,"turns":4},{"damage":1,"enemies":"3 Sentries","floor":14,"turns":7},{"damage":48,"enemies":"Fading Forest","floor":16,"turns":11},{"damage":0,"enemies":"Chosen","floor":18,"turns":3},{"damage":0,"enemies":"Shell Parasite","floor":19,"turns":4},{"damage":0,"enemies":"3 Cultists","floor":20,"turns":5},{"damage":26,"enemies":"Cultist and Chosen","floor":22,"turns":7},{"damage":10,"enemies":"Sentry and Sphere","floor":25,"turns":4},{"damage":10,"enemies":"Shelled Parasite and Fungi","floor":27,"turns":4},{"damage":0,"enemies":"3 Cultists","floor":28,"turns":5},{"damage":5,"enemies":"Cultist and Chosen","floor":29,"turns":6},{"damage":5,"enemies":"Slavers","floor":31,"turns":3},{"damage":39,"enemies":"Automaton","floor":33,"turns":9},{"damage":3,"enemies":"Orb Walker","floor":35,"turns":3},{"damage":0,"enemies":"3 Shapes","floor":39,"turns":2},{"damage":17,"enemies":"Giant Head","floor":40,"turns":7},{"damage":18,"enemies":"Sphere and 2 Shapes","floor":44,"turns":4},{"damage":0,"enemies":"Maw","floor":46,"turns":6},{"damage":6,"enemies":"Reptomancer","floor":48,"turns":3},{"damage":49,"enemies":"Awakened One","floor":50,"turns":6}],"seed_played":"-1779650863864609665","potions_obtained":[{"floor":1,"key":"SkillPotion"},{"floor":2,"key":"SpeedPotion"},{"floor":7,"key":"FearPotion"},{"floor":14,"key":"LiquidMemories"},{"floor":18,"key":"SpeedPotion"},{"floor":19,"key":"GamblersBrew"},{"floor":25,"key":"GamblersBrew"},{"floor":29,"key":"SteroidPotion"},{"floor":33,"key":"Strength Potion"},{"floor":35,"key":"Reflective Coating"},{"floor":48,"key":"Strength Potion"}],"is_trial":false,"path_per_floor":["M","M","M","?","M","R","E","R","T","M","M","E","R","E","R","B",null,"M","M","M","?","M","R","?","M","T","M","M","M","$","E","R","B",null,"M","?","?","?","M","E","R","$","T","M","R","M","R","E","R","B"],"character_chosen":"THE_SILENT","items_purchased":["Snake Skull","Blue Doll","Bag of Marbles","FairyPotion","Accuracy"],"campfire_rested":0,"item_purchase_floors":[30,30,30,30,42],"current_hp_per_floor":[70,70,70,70,70,70,47,47,47,47,47,46,46,45,45,19,70,70,70,70,70,44,44,44,34,34,24,24,19,19,14,14,14,70,67,67,67,67,67,50,50,50,50,32,32,32,32,26,26,0,0],"gold":286,"neow_bonus":"THREE_RARE_CARDS","is_daily":false,"chose_seed":false,"campfire_upgraded":10,"win_rate":0.0,"timestamp":1612587358,"path_taken":["M","M","M","?","M","R","E","R","T","M","M","E","R","E","R","BOSS","M","M","M","?","M","R","?","M","T","M","?","M","$","E","R","BOSS","M","?","?","?","M","E","R","$","T","M","R","?","R","E","R","BOSS"],"items_purchased_type":["Relic","Relic","Relic","Potion","Card"],"build_version":"2020-12-22","purchased_purges":2,"victory":false,"max_hp_per_floor":[70,70,70,70,70,70,70,70,70,70,70,70,70,70,70,70,70,70,70,70,70,70,70,70,70,70,70,70,70,70,70,70,70,70,70,70,70,70,70,70,70,70,70,70,70,70,70,52,52,52,52],"card_choices":[{"not_picked":["Corpse Explosion","Glass Knife"],"picked":"Die Die Die","floor":0},{"not_picked":["Slice","Acrobatics"],"picked":"Poisoned Stab","floor":1},{"not_picked":["ReplayTheSpireMod:Shiv Toss","Expertise","Hidden Blade"],"picked":"SKIP","floor":2},{"not_picked":["Accuracy","ReplayTheSpireMod:The Works"],"picked":"Adrenaline","floor":3},{"not_picked":["Sucker Punch","Expertise","Setup"],"picked":"SKIP","floor":5},{"not_picked":["Footwork","Heel Hook"],"picked":"Cloak And Dagger","floor":7},{"not_picked":["Endless Agony","Deadly Poison","Acrobatics"],"picked":"SKIP","floor":10},{"not_picked":["Skewer","Deflect","Bane"],"picked":"SKIP","floor":11},{"not_picked":["Bane","Choke","Venomology"],"picked":"SKIP","floor":12},{"not_picked":["Outmaneuver","Slice"],"picked":"Backstab","floor":14},{"not_picked":["Unload","Wraith Form v2"],"picked":"ReplayTheSpireMod:From All Sides","floor":16},{"not_picked":["ReplayTheSpireMod:The Works","Expertise","Finisher"],"picked":"SKIP","floor":18},{"not_picked":["Distraction","Bouncing Flask","Escape Plan"],"picked":"SKIP","floor":19},{"not_picked":["Dagger Spray","Deflect+1","Footwork"],"picked":"SKIP","floor":20},{"not_picked":["Sucker Punch","Slice","Outmaneuver+1"],"picked":"SKIP","floor":22},{"not_picked":["Quick Slash+1","Acrobatics"],"picked":"Noxious Fumes","floor":25},{"not_picked":["Backflip","PiercingWail+1","Endless Agony"],"picked":"SKIP","floor":27},{"not_picked":["Blur","Backflip","Hidden Blade"],"picked":"SKIP","floor":28},{"not_picked":["Fluid Movement","Underhanded Strike","Blur"],"picked":"SKIP","floor":29},{"not_picked":["PiercingWail+1","Poisoned Stab"],"picked":"A Thousand Cuts","floor":31},{"not_picked":["ReplayTheSpireMod:Shiv Toss+1","Dagger Spray+1"],"picked":"Accuracy+1","floor":35},{"not_picked":["Dagger Throw","Underhanded Strike+1"],"picked":"Crippling Poison+1","floor":36},{"not_picked":["Hidden Blade","Expertise+1"],"picked":"Draining Mist+1","floor":36},{"not_picked":["ReplayUltimateDefense","Impatience"],"picked":"Specialist","floor":37},{"not_picked":["Dagger Throw","Deflect","Crippling Poison"],"picked":"SKIP","floor":39},{"not_picked":["Choke+1","Flying Knee","Prepared+1"],"picked":"SKIP","floor":40},{"not_picked":["Deadly Poison","Quick Slash"],"picked":"Blade Dance+1","floor":44},{"not_picked":["Flying Knee","Leg Sweep","Malaise"],"picked":"SKIP","floor":46},{"not_picked":["ReplayTheSpireMod:Tripwire+1","Cloak And Dagger","Setup"],"picked":"SKIP","floor":48}],"player_experience":911205,"relics_obtained":[{"floor":7,"key":"Ninja Scroll"},{"floor":9,"key":"Art of War"},{"floor":12,"key":"Dream Catcher"},{"floor":14,"key":"Replay:Bottled Flurry"},{"floor":26,"key":"infinitespire:ShieldingShard"},{"floor":31,"key":"reliquary:TuningFork"},{"floor":36,"key":"Simple Rune"},{"floor":40,"key":"reliquary:RadioactivePellet"},{"floor":43,"key":"infinitespire:PuzzleCube"},{"floor":48,"key":"infinitespire:Lychee Nut"}],"event_choices":[{"damage_healed":0,"gold_gain":250,"player_choice":"Bet on Owner","damage_taken":0,"max_hp_gain":0,"max_hp_loss":0,"event_name":"The Joust","floor":21,"gold_loss":50},{"damage_healed":0,"gold_gain":0,"player_choice":"Cursed","damage_taken":0,"max_hp_gain":0,"max_hp_loss":0,"event_name":"Wheel of Change","floor":24,"gold_loss":0,"cards_obtained":["Decay"]},{"damage_healed":0,"gold_gain":3,"player_choice":"1","damage_taken":0,"max_hp_gain":0,"max_hp_loss":0,"event_name":"betterStone:BetterStone","floor":37,"gold_loss":0},{"damage_healed":0,"gold_gain":0,"player_choice":"Ignored","damage_taken":0,"max_hp_gain":0,"max_hp_loss":0,"event_name":"Tomb of Lord Red Mask","floor":38,"gold_loss":0}],"is_beta":false,"boss_relics":[{"not_picked":["Snecko Scales","Velvet Choker"],"picked":"Philosopher\u0027s Stone"},{"not_picked":["Empty Cage","Ring of Chaos"],"picked":"SlaversCollar"}],"items_purged_floors":[30,30],"is_endless":false,"potions_floor_spawned":[1,2,7,14,18,19,25,29,33,35,48],"killed_by":"Awakened One","ascension_level":1}}