{"host":"dcj2yvrgcvh5dl2s","time":1612604098,"event":{"mods":["BaseMod","Bestiary","Better Note","Block Reminder","Colored Powertips","Curses Come First","DeckTracker","Minty Spire (QoL Compilation)","Quick Restart","Rare Cards Sparkle","Relic Stats","StSLib"],"gold_per_floor":[12,12,12,12,29,29,61,61,84,84,113,38,48,48,48,123,123,139,64,14,0,12,46,46,46,46],"floor_reached":25,"language":"ENG","playtime":627,"items_purged":["Pain"],"score":450,"play_id":"4860f5ea-7072-4df6-a123-8f06f0b04e99","local_time":"20210206193458","is_ascension_mode":true,"campfire_choices":[{"data":"Body Slam","floor":6,"key":"SMITH"},{"data":"Pommel Strike","floor":10,"key":"SMITH"},{"floor":15,"key":"REST"},{"floor":24,"key":"REST"}],"circlet_count":0,"master_deck":["AscendersBane","Strike_R","Strike_R","Strike_R","Defend_R","Defend_R","Defend_R","Defend_R","Bash","Immolate+1","Pummel","Body Slam+1","Pommel Strike+1","Whirlwind","Limit Break","Infernal Blade","Sword Boomerang"],"relics":["Burning Blood","White Beast Statue","Bag of Marbles","WarpedTongs","Art of War","Red Skull","Sozu","Strawberry"],"acts_visited":["Exordium","TheCity"],"potions_floor_usage":[7,23,23],"damage_taken":[{"damage":0,"enemies":"2 Louse","floor":1,"turns":2},{"damage":12,"enemies":"Jaw Worm","floor":5,"turns":2},{"damage":34,"enemies":"Gremlin Nob","floor":7,"turns":4},{"damage":17,"enemies":"3 Sentries","floor":11,"turns":3},{"damage":7,"enemies":"Small Slimes","floor":13,"turns":3},{"damage":38,"enemies":"Slime Boss","floor":16,"turns":8},{"damage":26,"enemies":"Shell Parasite","floor":18,"turns":3},{"damage":6,"enemies":"3 Byrds","floor":22,"turns":4},{"damage":18,"enemies":"Gremlin Leader","floor":23,"turns":3},{"damage":68,"enemies":"Book of Stabbing","floor":25,"turns":4}],"seed_played":"-342921777189682720","potions_obtained":[{"floor":1,"key":"DuplicationPotion"},{"floor":5,"key":"BloodPotion"},{"floor":7,"key":"FearPotion"},{"floor":16,"key":"Dexterity Potion"}],"is_trial":false,"path_per_floor":["M","?","T","?","M","R","E","?","T","R","E","$","M","$","R","B",null,"M","?","$","?","M","E","R","E"],"character_chosen":"IRONCLAD","items_purchased":["Sword Boomerang"],"campfire_rested":2,"item_purchase_floors":[20],"current_hp_per_floor":[74,74,74,74,68,68,55,55,55,55,44,44,43,43,65,33,65,45,45,45,45,45,40,64,0,0],"gold":46,"neow_bonus":"THREE_RARE_CARDS","is_daily":false,"chose_seed":false,"campfire_upgraded":2,"win_rate":0.0,"timestamp":1612604098,"path_taken":["M","?","?","?","?","R","E","?","T","R","E","$","?","?","R","BOSS","M","?","$","?","M","E","R","E"],"items_purchased_type":["Card"],"build_version":"2020-12-22","purchased_purges":1,"victory":false,"max_hp_per_floor":[75,75,75,75,75,75,75,75,75,75,75,75,75,75,75,75,75,75,75,75,75,75,82,82,82,82],"relic_stats":{"Sozu":3,"counters":[10,36],"Art of War":[0],"obtain_stats":[{"Sozu":17,"Strawberry":23,"Bag of Marbles":7,"Art of War":9,"Burning Blood":0,"White Beast Statue":3,"Red Skull":11,"WarpedTongs":8},{"Sozu":6,"Strawberry":9,"Bag of Marbles":3,"Art of War":3,"Burning Blood":0,"White Beast Statue":1,"Red Skull":4,"WarpedTongs":3},{"Sozu":22,"Strawberry":32,"Bag of Marbles":8,"Art of War":8,"Burning Blood":0,"White Beast Statue":2,"Red Skull":11,"WarpedTongs":8}],"Burning Blood":54,"WarpedTongs":[27]},"card_choices":[{"not_picked":["Fiend Fire","Juggernaut"],"picked":"Immolate","floor":0},{"not_picked":["Cleave","Reckless Charge"],"picked":"Pummel","floor":1},{"not_picked":["Clash","Dark Embrace"],"picked":"Body Slam","floor":5},{"not_picked":["Demon Form","Clash"],"picked":"Pommel Strike","floor":7},{"not_picked":["Iron Wave","Carnage"],"picked":"Whirlwind","floor":11},{"not_picked":["Anger","Evolve","Headbutt"],"picked":"SKIP","floor":13},{"not_picked":["Double Tap","Demon Form"],"picked":"Limit Break","floor":16},{"not_picked":["Intimidate","True Grit"],"picked":"Infernal Blade","floor":18},{"not_picked":["Dark Embrace","Clash","Cleave"],"picked":"SKIP","floor":22},{"not_picked":["Entrench","Warcry","Iron Wave"],"picked":"SKIP","floor":23}],"player_experience":2325568,"relics_obtained":[{"floor":3,"key":"White Beast Statue"},{"floor":7,"key":"Bag of Marbles"},{"floor":9,"key":"Art of War"},{"floor":11,"key":"Red Skull"},{"floor":23,"key":"Strawberry"}],"event_choices":[{"damage_healed":0,"gold_gain":0,"player_choice":"Grow","damage_taken":0,"max_hp_gain":0,"max_hp_loss":0,"event_name":"Living Wall","floor":2,"gold_loss":0,"cards_upgraded":["Immolate"]},{"cards_removed":["Strike_R"],"damage_healed":0,"gold_gain":0,"player_choice":"Offered Basic","damage_taken":0,"max_hp_gain":0,"max_hp_loss":0,"event_name":"Bonfire Elementals","floor":4,"gold_loss":0},{"damage_healed":0,"gold_gain":0,"player_choice":"Rummage","damage_taken":0,"relics_obtained":["WarpedTongs"],"max_hp_gain":0,"max_hp_loss":0,"event_name":"Accursed Blacksmith","floor":8,"gold_loss":0,"cards_obtained":["Pain"]},{"cards_removed":["Strike_R"],"damage_healed":0,"gold_gain":0,"player_choice":"Gave Gold","damage_taken":0,"max_hp_gain":0,"max_hp_loss":0,"event_name":"Beggar","floor":19,"gold_loss":75},{"damage_healed":0,"gold_gain":0,"player_choice":"Paid Fearfully","damage_taken":0,"max_hp_gain":0,"max_hp_loss":0,"event_name":"Masked Bandits","floor":21,"gold_loss":14}],"is_beta":false,"boss_relics":[{"not_picked":["Cursed Key","Coffee Dripper"],"picked":"Sozu"}],"items_purged_floors":[12],"is_endless":false,"potions_floor_spawned":[1,5,7,11,13,16,18,22,23],"killed_by":"Book of Stabbing","ascension_level":20}}