{"host":"Qube","time":1612640859,"event":{"mods":["AchievementEnabler","BaseMod","Colored Map","Colored Powertips","Highlight Path","Minty Spire (QoL Compilation)","Permanent Neow","Quick Restart","Random Character Button","StSLib"],"gold_per_floor":[212,362,437,457,12,38,38,57,57,76,76,92,112,133,133,133,133],"floor_reached":16,"language":"ENG","playtime":605,"items_purged":[],"score":204,"play_id":"069588bb-0e30-4192-8280-91d6fc981a4c","local_time":"20210206114739","is_ascension_mode":true,"campfire_choices":[{"floor":7.0,"key":"REST"},{"data":"Noxious Fumes","floor":11.0,"key":"SMITH"},{"floor":15,"key":"REST"}],"circlet_count":0,"master_deck":["AscendersBane","Strike_G","Strike_G","Strike_G","Strike_G","Strike_G","Defend_G","Defend_G","Defend_G","Defend_G","Defend_G","Survivor","Neutralize","Eviscerate","Doubt","Dagger Throw","Glass Knife+1","Noxious Fumes+1","Dagger Throw+1","Sucker Punch+1","Escape Plan","Bouncing Flask"],"relics":["Ring of the Snake","Molten Egg 2","Mercury Hourglass","Omamori","Odd Mushroom"],"acts_visited":["Exordium"],"potions_floor_usage":[14],"damage_taken":[{"damage":1.0,"enemies":"Small Slimes","floor":1.0,"turns":8.0},{"damage":7.0,"enemies":"2 Louse","floor":4.0,"turns":3.0},{"damage":25.0,"enemies":"3 Sentries","floor":6.0,"turns":7.0},{"damage":7.0,"enemies":"Jaw Worm","floor":8.0,"turns":3.0},{"damage":5.0,"enemies":"3 Louse","floor":10.0,"turns":2.0},{"damage":5.0,"enemies":"Blue Slaver","floor":12.0,"turns":3.0},{"damage":7.0,"enemies":"Exordium Thugs","floor":13.0,"turns":3.0},{"damage":0,"enemies":"The Mushroom Lair","floor":14,"turns":2},{"damage":30,"enemies":"The Guardian","floor":16,"turns":8}],"seed_played":"-6373063737048928566","potions_obtained":[{"floor":1.0,"key":"Swift Potion"},{"floor":4.0,"key":"GamblersBrew"},{"floor":8.0,"key":"Strength Potion"},{"floor":13.0,"key":"SteroidPotion"}],"is_trial":false,"path_per_floor":["M","?","?","M","$","E","R","M","T","M","R","M","M","?","R","B"],"character_chosen":"THE_SILENT","items_purchased":["Molten Egg 2","Glass Knife+1"],"campfire_rested":2,"item_purchase_floors":[5,5],"current_hp_per_floor":[58,58,47,40,40,15,34,27,27,22,22,17,10,10,29,0,0],"gold":133,"neow_bonus":"HUNDRED_GOLD","is_daily":false,"chose_seed":false,"campfire_upgraded":1,"win_rate":0.0,"timestamp":1612640859,"path_taken":["M","?","?","M","$","E","R","M","T","M","R","M","M","?","R","BOSS"],"items_purchased_type":["Relic","Card"],"build_version":"2020-12-18","purchased_purges":0,"victory":false,"max_hp_per_floor":[66,66,66,66,66,66,66,66,66,66,66,66,66,66,66,66,66],"card_choices":[{"not_picked":["Flying Knee","Endless Agony"],"picked":"Eviscerate","floor":1.0},{"not_picked":["Endless Agony","Underhanded Strike"],"picked":"Dagger Throw","floor":4.0},{"not_picked":["Terror","Poisoned Stab+1"],"picked":"Noxious Fumes","floor":6.0},{"not_picked":["Deadly Poison","Acrobatics"],"picked":"Dagger Throw+1","floor":8.0},{"not_picked":["All Out Attack+1","Slice+1"],"picked":"Sucker Punch+1","floor":10.0},{"not_picked":["Choke+1","Sucker Punch+1","Predator+1"],"picked":"SKIP","floor":12.0},{"not_picked":["Concentrate","Predator+1"],"picked":"Escape Plan","floor":13.0},{"not_picked":["Dodge and Roll","PiercingWail"],"picked":"Bouncing Flask","floor":14}],"player_experience":1078961,"relics_obtained":[{"floor":6.0,"key":"Mercury Hourglass"},{"floor":9.0,"key":"Omamori"},{"floor":14,"key":"Odd Mushroom"}],"event_choices":[{"damage_healed":0.0,"max_hp_gain":0.0,"max_hp_loss":0.0,"gold_gain":150.0,"event_name":"Liars Game","player_choice":"AGREE","floor":2.0,"gold_loss":0.0,"damage_taken":0.0,"cards_obtained":["Doubt"]},{"damage_healed":0.0,"max_hp_gain":0.0,"max_hp_loss":0.0,"gold_gain":75.0,"event_name":"World of Goop","player_choice":"Gather Gold","floor":3.0,"gold_loss":0.0,"damage_taken":11.0},{"damage_healed":0,"gold_gain":0,"player_choice":"Fought Mushrooms","damage_taken":0,"max_hp_gain":0,"max_hp_loss":0,"event_name":"Mushrooms","floor":14,"gold_loss":0}],"is_beta":true,"boss_relics":[],"items_purged_floors":[],"is_endless":false,"potions_floor_spawned":[1,4,8,13],"killed_by":"The Guardian","ascension_level":20}}