{"host":"92wx9z21c4p52du4","time":1612640063,"event":{"mods":["100% Spire Juice","Arknights","BaseMod","Downfall","Infinite Spire","Lobotomy","Minty Spire (QoL Compilation)","Reliquary","Robot Space Explorer","StSLib","The Blue Laboratory","The Jungle","TheSurvivalist"],"gold_per_floor":[115,115,115,133,151,151,151],"floor_reached":6,"language":"ENG","playtime":266,"items_purged":[],"score":36,"play_id":"2b324424-bc87-483f-84f5-9a6b69e6fa5c","local_time":"20210206133423","is_ascension_mode":false,"campfire_choices":[],"circlet_count":0,"master_deck":["Strike_P","Strike_P","Strike_P","Strike_P","Defend_P+1","Defend_P","Defend_P","Defend_P+1","Eruption","Vigilance","UniverseFragment","FlyingSleeves","MeatLantern","Indignation","PunishingBird","FollowUp"],"relics":["PureWater","CogitoBucket","Boot"],"acts_visited":["Exordium"],"potions_floor_usage":[],"damage_taken":[{"damage":0,"enemies":"Small Slimes","floor":1,"turns":3},{"damage":0,"enemies":"Cultist","floor":4,"turns":3},{"damage":42,"enemies":"infinitespire:Voidling","floor":5,"turns":3},{"damage":105,"enemies":"Lagavulin","floor":6,"turns":3}],"seed_played":"-3888584176181360122","potions_obtained":[{"floor":1,"key":"SkillPotion"},{"floor":4,"key":"SneckoOil"},{"floor":5,"key":"blueLaboratory:ImpenetrablePotion"}],"is_trial":false,"path_per_floor":["M","?","T","M","M","E"],"character_chosen":"WATCHER","items_purchased":[],"campfire_rested":0,"item_purchase_floors":[],"current_hp_per_floor":[72,58,58,58,16,0,0],"gold":151,"neow_bonus":"","is_daily":false,"chose_seed":false,"campfire_upgraded":0,"win_rate":0.0,"timestamp":1612640063,"path_taken":["M","?","?","M","?","E"],"items_purchased_type":[],"build_version":"2020-12-22","purchased_purges":0,"victory":false,"max_hp_per_floor":[72,72,72,72,72,72,72],"card_choices":[{"not_picked":["SpiderBud","VoidDream"],"picked":"UniverseFragment","floor":1},{"not_picked":["PathToVictory","JustLucky"],"picked":"FlyingSleeves","floor":1},{"not_picked":["ShyLook","BlackSwan"],"picked":"MeatLantern","floor":4},{"not_picked":["FlurryOfBlows","SandsOfTime"],"picked":"Indignation","floor":4},{"not_picked":["Freischutz","Bloodbath","ShyLook"],"picked":"Singing Bowl","floor":5},{"not_picked":["QueenBee","Variant"],"picked":"PunishingBird","floor":5},{"not_picked":["SashWhip","Crescendo"],"picked":"FollowUp","floor":5}],"player_experience":268083,"relics_obtained":[{"floor":3,"key":"Boot"}],"event_choices":[{"damage_healed":0,"gold_gain":0,"player_choice":"Entered Light","damage_taken":14,"max_hp_gain":0,"max_hp_loss":0,"event_name":"Shining Light","floor":2,"gold_loss":0,"cards_upgraded":["Defend_P","Defend_P"]}],"is_beta":false,"boss_relics":[],"items_purged_floors":[],"is_endless":false,"potions_floor_spawned":[1,4,5],"killed_by":"Lagavulin","ascension_level":0}}