{"host":"7du22lxzqv5spo2i","time":1612633221,"event":{"mods":["AchievementEnabler","BaseMod","Minty Spire (QoL Compilation)","Quick Restart"],"gold_per_floor":[360,56,156,7,24,58,11,37,37,37,55,70,70,82,82,182,182,199,230,230,247,261,261,360,393,393,412,190,190,190,216,216,321,321,335,335,335],"floor_reached":36,"language":"ENG","playtime":1867,"items_purged":["Choke"],"score":457,"play_id":"8f38750d-34c4-4f3c-a1dd-a4312a38d510","local_time":"20210206114021","is_ascension_mode":true,"campfire_choices":[{"floor":13,"key":"REST"},{"data":"Bouncing Flask","floor":15,"key":"SMITH"},{"data":"Noxious Fumes","floor":23,"key":"SMITH"},{"floor":30,"key":"REST"},{"floor":32,"key":"REST"}],"circlet_count":0,"master_deck":["Survivor","Neutralize","Poisoned Stab","Bouncing Flask+1","Poisoned Stab","Venomology","Poisoned Stab","Unload","Prepared","Underhanded Strike","A Thousand Cuts","Bouncing Flask","Burst","Deadly Poison","Iron Wave","Noxious Fumes+1","Catalyst","Catalyst","Burst"],"relics":["Ring of the Snake","Sling","Anchor","TwistedFunnel","Shuriken","Tough Bandages","Gremlin Horn","Pandora\u0027s Box","Red Mask","Mercury Hourglass","Singing Bowl","Strawberry","Happy Flower","Snecko Eye"],"acts_visited":["Exordium","TheCity","TheBeyond"],"potions_floor_usage":[6,16,16,19,21,22,22,25,25,25,31],"damage_taken":[{"damage":0.0,"enemies":"Cultist","floor":1.0,"turns":3.0},{"damage":0.0,"enemies":"2 Louse","floor":5.0,"turns":2.0},{"damage":21,"enemies":"Lagavulin","floor":6,"turns":5},{"damage":14,"enemies":"Gremlin Nob","floor":8,"turns":3},{"damage":0,"enemies":"Small Slimes","floor":11,"turns":2},{"damage":0,"enemies":"Red Slaver","floor":12,"turns":3},{"damage":2,"enemies":"Blue Slaver","floor":14,"turns":3},{"damage":8,"enemies":"Hexaghost","floor":16,"turns":7},{"damage":0,"enemies":"Spheric Guardian","floor":18,"turns":2},{"damage":10,"enemies":"Masked Bandits","floor":19,"turns":3},{"damage":0,"enemies":"Shell Parasite","floor":21,"turns":3},{"damage":21,"enemies":"3 Cultists","floor":22,"turns":4},{"damage":41,"enemies":"Gremlin Leader","floor":25,"turns":6},{"damage":0,"enemies":"Cultist and Chosen","floor":27,"turns":4},{"damage":15,"enemies":"Slavers","floor":31,"turns":3},{"damage":13,"enemies":"Collector","floor":33,"turns":3},{"damage":4,"enemies":"3 Shapes","floor":35,"turns":2},{"damage":15,"enemies":"3 Darklings","floor":36,"turns":3}],"seed_played":"1018807441128483781","potions_obtained":[{"floor":6,"key":"Fruit Juice"},{"floor":8,"key":"DistilledChaos"},{"floor":12,"key":"PowerPotion"},{"floor":16,"key":"Dexterity Potion"},{"floor":18,"key":"DuplicationPotion"},{"floor":19,"key":"SpeedPotion"},{"floor":21,"key":"PowerPotion"}],"is_trial":false,"path_per_floor":["M","$","?","$","M","E","$","E","T","?","M","M","R","M","R","B",null,"M","?","?","M","M","R","?","E","T","M","$","?","R","E","R","B",null,"M","M"],"character_chosen":"THE_SILENT","items_purchased":["Sling","Anchor","TwistedFunnel","Poisoned Stab","Strawberry"],"campfire_rested":3,"item_purchase_floors":[2,2,4,7,28],"current_hp_per_floor":[49,49,49,49,49,33,33,19,19,12,12,12,34,32,32,24,75,75,65,65,65,44,44,44,3,3,3,10,10,34,19,43,30,82,80,65,65],"gold":335,"neow_bonus":"TWO_FIFTY_GOLD","is_daily":false,"chose_seed":false,"campfire_upgraded":2,"win_rate":0.0,"timestamp":1612633221,"path_taken":["M","$","?","?","?","E","$","E","T","?","M","M","R","M","R","BOSS","M","?","?","?","M","R","?","E","T","M","$","?","R","E","R","BOSS","M","M"],"items_purchased_type":["Relic","Relic","Relic","Card","Relic"],"build_version":"2020-12-22","purchased_purges":1,"victory":false,"max_hp_per_floor":[70,70,70,70,70,75,75,75,75,75,75,75,75,75,75,75,75,75,75,75,75,75,75,75,75,75,75,82,82,82,82,82,82,82,84,84,84],"card_choices":[{"not_picked":["Cloak And Dagger","Outmaneuver"],"picked":"Poisoned Stab","floor":1.0},{"not_picked":["Deflect","Prepared"],"picked":"Bouncing Flask","floor":5.0},{"not_picked":["Sucker Punch","Concentrate","Eviscerate"],"picked":"SKIP","floor":6},{"not_picked":["Dodge and Roll","Skewer","Underhanded Strike"],"picked":"SKIP","floor":8},{"not_picked":["Flechettes","Heel Hook","Calculated Gamble"],"picked":"SKIP","floor":11},{"not_picked":["Dash","Finisher","Predator"],"picked":"SKIP","floor":12},{"not_picked":["Masterful Stab","Calculated Gamble","All Out Attack"],"picked":"SKIP","floor":14},{"not_picked":["Unload","After Image"],"picked":"Venomology","floor":16},{"not_picked":["Outmaneuver","Dagger Throw","Endless Agony"],"picked":"SKIP","floor":18},{"not_picked":["Accuracy","Dodge and Roll+1"],"picked":"Noxious Fumes","floor":21},{"not_picked":["Riddle With Holes","Bouncing Flask","Prepared"],"picked":"SKIP","floor":22},{"not_picked":["Expertise+1","Escape Plan","Deadly Poison"],"picked":"SKIP","floor":25},{"not_picked":["Masterful Stab","Bane"],"picked":"Catalyst","floor":27},{"not_picked":["Slice","Acrobatics"],"picked":"Catalyst","floor":31},{"not_picked":["Bullet Time","Venomology"],"picked":"Burst","floor":33},{"not_picked":["Outmaneuver","Blur","Blade Dance"],"picked":"Singing Bowl","floor":35}],"player_experience":533052,"relics_obtained":[{"floor":6,"key":"Shuriken"},{"floor":8,"key":"Tough Bandages"},{"floor":9,"key":"Gremlin Horn"},{"floor":19,"key":"Red Mask"},{"floor":25,"key":"Mercury Hourglass"},{"floor":26,"key":"Singing Bowl"},{"floor":31,"key":"Happy Flower"}],"event_choices":[{"damage_healed":0.0,"max_hp_gain":0.0,"max_hp_loss":0.0,"gold_gain":100.0,"event_name":"Golden Shrine","player_choice":"Pray","floor":3.0,"gold_loss":0.0,"damage_taken":0.0},{"damage_healed":0,"gold_gain":0,"player_choice":"Fled","damage_taken":7,"max_hp_gain":0,"max_hp_loss":0,"event_name":"Scrap Ooze","floor":10,"gold_loss":0},{"damage_healed":0,"gold_gain":0,"player_choice":"Fought Bandits","damage_taken":0,"max_hp_gain":0,"max_hp_loss":0,"event_name":"Masked Bandits","floor":19,"gold_loss":0},{"cards_removed":["Tools of the Trade"],"damage_healed":0,"gold_gain":0,"player_choice":"Took Card","damage_taken":0,"max_hp_gain":0,"max_hp_loss":0,"event_name":"NoteForYourself","floor":20,"gold_loss":0,"cards_obtained":["Iron Wave"]},{"damage_healed":0,"gold_gain":99,"player_choice":"Stole From Cult","damage_taken":0,"max_hp_gain":0,"max_hp_loss":0,"event_name":"Nest","floor":24,"gold_loss":0},{"damage_healed":0,"gold_gain":0,"player_choice":"Ignored","damage_taken":0,"max_hp_gain":0,"max_hp_loss":0,"event_name":"Ghosts","floor":29,"gold_loss":0}],"is_beta":false,"boss_relics":[{"not_picked":["Sozu","Ectoplasm"],"picked":"Pandora\u0027s Box"},{"not_picked":["Coffee Dripper","SacredBark"],"picked":"Snecko Eye"}],"items_purged_floors":[28],"is_endless":false,"potions_floor_spawned":[6,8,12,16,18,19,21],"killed_by":"3 Darklings","ascension_level":1}}