{"host":"a1eatafr7pisesky","time":1612590881,"event":{"mods":["AchievementEnabler","BaseMod","Colored Map","Keyboard Shortcuts","Minty Spire (QoL Compilation)","Say the Spire","StSLib","SuperFastMode","everything is the same but u backflip on backflip"],"gold_per_floor":[12,12,25,25,41,75,75,107,107,107,207,225,225,257,257,257,257],"floor_reached":16,"language":"KOR","playtime":253,"items_purged":[],"score":207,"play_id":"ca3ec519-2cfb-4117-b89a-b35ddf98b983","local_time":"20210206145441","is_ascension_mode":true,"campfire_choices":[{"data":"1","floor":7.0,"key":"LIFT"},{"data":"2","floor":10.0,"key":"LIFT"},{"data":"3","floor":13.0,"key":"LIFT"},{"data":"Uppercut","floor":15.0,"key":"SMITH"}],"circlet_count":0,"master_deck":["AscendersBane","Strike_R","Strike_R","Strike_R","Strike_R","Strike_R","Defend_R","Defend_R","Defend_R","Defend_R","Bash","Immolate+1","Shrug It Off","Uppercut+1","Feed","Reaper"],"relics":["Burning Blood","Girya","Eternal Feather","Peace Pipe","Kunai"],"acts_visited":["Exordium"],"potions_floor_usage":[16],"damage_taken":[{"damage":6.0,"enemies":"Cultist","floor":1.0,"turns":3.0},{"damage":2.0,"enemies":"2 Louse","floor":3.0,"turns":3.0},{"damage":7.0,"enemies":"Jaw Worm","floor":5.0,"turns":2.0},{"damage":43.0,"enemies":"Gremlin Nob","floor":6.0,"turns":5.0},{"damage":29.0,"enemies":"Lagavulin","floor":8.0,"turns":6.0},{"damage":13.0,"enemies":"Blue Slaver","floor":12.0,"turns":3.0},{"damage":16.0,"enemies":"Gremlin Nob","floor":14.0,"turns":3.0},{"damage":35,"enemies":"Hexaghost","floor":16,"turns":11}],"seed_played":"889321131014984740","potions_obtained":[{"floor":3.0,"key":"Swift Potion"},{"floor":8.0,"key":"BloodPotion"}],"is_trial":false,"path_per_floor":["M","?","M","$","M","E","R","E","T","R","?","M","R","E","R","B"],"character_chosen":"IRONCLAD","items_purchased":[],"campfire_rested":0,"item_purchase_floors":[],"current_hp_per_floor":[68,68,72,72,71,34,34,26,26,32,32,25,34,24,33,5,5],"gold":257,"neow_bonus":"THREE_RARE_CARDS","is_daily":false,"chose_seed":false,"campfire_upgraded":1,"win_rate":0.0,"timestamp":1612590881,"path_taken":["M","?","M","?","?","E","R","E","T","R","?","?","R","E","R","BOSS"],"items_purchased_type":[],"build_version":"2020-12-22","purchased_purges":0,"victory":false,"max_hp_per_floor":[75,75,75,75,75,75,75,75,75,75,75,75,75,75,75,75,75],"card_choices":[{"not_picked":["Exhume","Offering"],"picked":"Immolate","floor":0.0},{"not_picked":["Ghostly Armor","Whirlwind"],"picked":"Shrug It Off","floor":1.0},{"not_picked":["Twin Strike","Rampage","Cleave"],"picked":"SKIP","floor":3.0},{"not_picked":["Iron Wave","Warcry","Reckless Charge"],"picked":"SKIP","floor":5.0},{"not_picked":["Headbutt","Twin Strike"],"picked":"Uppercut","floor":6.0},{"not_picked":["Rampage","Twin Strike","Warcry"],"picked":"SKIP","floor":8.0},{"not_picked":["Sever Soul","Shrug It Off"],"picked":"Feed","floor":12.0},{"not_picked":["Warcry","Feel No Pain"],"picked":"Reaper","floor":14.0}],"player_experience":413032,"relics_obtained":[{"floor":6.0,"key":"Girya"},{"floor":8.0,"key":"Eternal Feather"},{"floor":9.0,"key":"Peace Pipe"},{"floor":14.0,"key":"Kunai"}],"event_choices":[{"damage_healed":0.0,"max_hp_gain":0.0,"max_hp_loss":0.0,"gold_gain":0.0,"event_name":"Accursed Blacksmith","player_choice":"Forge","floor":2.0,"gold_loss":0.0,"damage_taken":0.0,"cards_upgraded":["Immolate"]},{"damage_healed":0.0,"max_hp_gain":0.0,"max_hp_loss":0.0,"gold_gain":100.0,"event_name":"Wheel of Change","player_choice":"Gold","floor":11.0,"gold_loss":0.0,"damage_taken":0.0}],"is_beta":false,"boss_relics":[],"items_purged_floors":[],"is_endless":false,"potions_floor_spawned":[3,8],"killed_by":"Hexaghost","ascension_level":15}}