{"host":"8srk5r1dwtmjotwd","time":1612587928,"event":{"mods":["AchievementEnabler","Act Like it!","BaseMod","Beaked The Cultist","Bestiary","Better Note","Better Third Choice","Colored Map","Colored Powertips","Friendly Minions","GifTheSpireLib","Halation","Hallownest","Hermit","Hubris","Infinite Spire","Mimic Mod","Minty Spire (QoL Compilation)","Morshu Shopkeeper - ENHANCED","Quick Restart","Rare Cards Sparkle","Reliquary","Replay The Spire","Shop Mod","StSLib","SuperFastMode","Synergy Search","The Bug Knight","The Construct","The Cursed","Thieving Mod","Yohane!","everything is the same but u backflip on backflip","slay the spire mod where everything is the same but ironclad has a cowboy hat"],"gold_per_floor":[117,42,54,6,19,19,53,53,76,28,28,28,28,47,47,47,47],"floor_reached":16,"language":"ENG","playtime":634,"items_purged":[],"score":98,"play_id":"9648b4dd-5eff-4902-8dbd-9459458228c3","local_time":"20210206000528","is_ascension_mode":false,"campfire_choices":[{"floor":6,"key":"REST"},{"floor":8,"key":"REST"},{"data":"Massacre","floor":11,"key":"SMITH"},{"floor":15,"key":"REST"}],"circlet_count":0,"master_deck":["Strike_R","Strike_R","Strike_R+1","Strike_R","Strike_R","Defend_R","Defend_R","Defend_R","Bash+1","Massacre+1","Hallownest:skillGreenpathMap","Flame Barrier","Twin Strike","Thunderclap","Hemokinesis"],"relics":["Burning Blood","Lantern","Whetstone","hubris:Towel","Hallownest:DreamNailRelic"],"acts_visited":["Hallownest:Greenpath"],"potions_floor_usage":[5,14],"damage_taken":[{"damage":24,"enemies":"Hallownest:2_Tiktiks_and_1_Crawlid","floor":1,"turns":4},{"damage":10,"enemies":"2_ Uuma","floor":3,"turns":6},{"damage":6,"enemies":"Hallownest:monsterHuskWarrior","floor":5,"turns":2},{"damage":30,"enemies":"Hallownest:eliteVengeflyKing","floor":7,"turns":7},{"damage":13,"enemies":"Hallownest:2_Tiktiks_1_Baldur_1_Crawlid","floor":14,"turns":4},{"damage":80,"enemies":"Hallownest:BossHornet","floor":16,"turns":7}],"seed_played":"-7654717505483550043","potions_obtained":[],"is_trial":false,"path_per_floor":["M","?","M","$","M","R","E","R","T","$","R","?","?","M","R","B"],"character_chosen":"IRONCLAD","items_purchased":["Fire Potion","Adrenaline Potion"],"campfire_rested":3,"item_purchase_floors":[4,10],"current_hp_per_floor":[62,62,58,58,58,80,56,80,80,80,80,80,80,73,80,0,0],"gold":47,"neow_bonus":"REMOVE_CARD","is_daily":false,"chose_seed":false,"campfire_upgraded":1,"win_rate":0.0,"timestamp":1612587928,"path_taken":["M","?","M","$","M","R","E","R","T","$","R","?","?","M","R","BOSS"],"items_purchased_type":["Potion","Potion"],"build_version":"2020-12-22","purchased_purges":0,"victory":false,"max_hp_per_floor":[80,80,80,80,80,80,80,80,80,80,80,80,80,80,80,80,80],"card_choices":[{"not_picked":["Armaments","True Grit"],"picked":"Massacre","floor":1},{"not_picked":["ReplayReversal","Pommel Strike"],"picked":"Flame Barrier","floor":3},{"not_picked":["Shrug It Off","Blood for Blood"],"picked":"Twin Strike","floor":5},{"not_picked":["Fiend Fire","Warcry"],"picked":"Thunderclap","floor":7},{"not_picked":["Twin Strike","ReplayReversal"],"picked":"Hemokinesis","floor":14}],"player_experience":113565,"relics_obtained":[{"floor":7,"key":"Lantern"},{"floor":9,"key":"Whetstone"}],"event_choices":[],"is_beta":false,"boss_relics":[],"items_purged_floors":[],"is_endless":false,"potions_floor_spawned":[],"killed_by":"Hallownest:BossHornet","ascension_level":0}}