{"host":"gopu3kmfaoww0llm","time":1612619707,"event":{"mods":["BaseMod","DeckTracker","Minty Spire (QoL Compilation)","Quick Restart","StSLib","SuperFastMode"],"gold_per_floor":[117,42,42,42,5,32,93,93,93,93,131,143,162,177,177,261,261,279,279,179,200,238,238,272,272,272,327,327,252,313,0,0,118,118,167,185,227,73,103,103],"floor_reached":39,"language":"KOR","playtime":947,"items_purged":["Strike_P","Strike_P","Strike_P","Defend_P"],"score":1114,"play_id":"25a91998-d0ec-4e96-9bca-768c059eca97","local_time":"20210206225507","is_ascension_mode":true,"campfire_choices":[{"data":"Eruption","floor":8.0,"key":"SMITH"},{"floor":10.0,"key":"RECALL"},{"data":"FearNoEvil","floor":15.0,"key":"SMITH"},{"data":"Wish","floor":23.0,"key":"SMITH"},{"data":"InnerPeace","floor":25.0,"key":"SMITH"},{"data":"MentalFortress","floor":32.0,"key":"SMITH"}],"circlet_count":0,"master_deck":["AscendersBane","Defend_P","Defend_P","Defend_P","Eruption+1","Vigilance","WheelKick","CarveReality","WheelKick+1","FearNoEvil+1","Wish+1","Halt+1","InnerPeace+1","MentalFortress+1","LessonLearned","Evaluate+1"],"relics":["HolyWater","NeowsBlessing","Sundial","Bronze Scales","CeramicFish","Coffee Dripper","Ancient Tea Set","Mummified Hand","Red Mask","Membership Card","Centennial Puzzle","PreservedInsect"],"acts_visited":["Exordium","TheCity","TheBeyond"],"potions_floor_usage":[],"damage_taken":[{"damage":0.0,"enemies":"2 Louse","floor":1.0,"turns":1.0},{"damage":0.0,"enemies":"3 Sentries","floor":6.0,"turns":1.0},{"damage":0.0,"enemies":"Lagavulin","floor":11.0,"turns":1.0},{"damage":0.0,"enemies":"Jaw Worm","floor":12.0,"turns":1.0},{"damage":0.0,"enemies":"Small Slimes","floor":13.0,"turns":2.0},{"damage":0.0,"enemies":"Exordium Wildlife","floor":14.0,"turns":2.0},{"damage":0.0,"enemies":"Slime Boss","floor":16.0,"turns":4.0},{"damage":1.0,"enemies":"3 Byrds","floor":18.0,"turns":2.0},{"damage":4.0,"enemies":"Chosen","floor":21.0,"turns":3.0},{"damage":0.0,"enemies":"Snecko","floor":22.0,"turns":4.0},{"damage":5.0,"enemies":"Gremlin Leader","floor":24.0,"turns":5.0},{"damage":9.0,"enemies":"Centurion and Healer","floor":27.0,"turns":4.0},{"damage":16.0,"enemies":"Masked Bandits","floor":30.0,"turns":4.0},{"damage":0.0,"enemies":"Automaton","floor":33.0,"turns":6.0},{"damage":8.0,"enemies":"Orb Walker","floor":35.0,"turns":3.0},{"damage":22.0,"enemies":"3 Darklings","floor":36.0,"turns":4.0},{"damage":18.0,"enemies":"Spire Growth","floor":37.0,"turns":4.0},{"damage":35,"enemies":"Maw","floor":39,"turns":6}],"seed_played":"-63032348783199337","potions_obtained":[{"floor":6.0,"key":"Explosive Potion"},{"floor":13.0,"key":"BottledMiracle"},{"floor":14.0,"key":"SkillPotion"},{"floor":22.0,"key":"LiquidBronze"},{"floor":27.0,"key":"SteroidPotion"},{"floor":30.0,"key":"DistilledChaos"},{"floor":33.0,"key":"AttackPotion"}],"is_trial":false,"path_per_floor":["M","$","?","?","$","E","?","R","T","R","E","M","M","M","R","B",null,"M","?","$","M","M","R","E","R","T","M","?","?","?","$","R","B",null,"M","M","M","$","M"],"character_chosen":"WATCHER","items_purchased":["CarveReality","Membership Card","Centennial Puzzle","PreservedInsect"],"campfire_rested":0,"item_purchase_floors":[5,31,31,38],"current_hp_per_floor":[61,61,61,61,61,61,61,61,61,61,61,61,61,61,61,61,66,65,46,46,42,42,42,37,37,37,28,28,28,12,12,12,12,58,50,28,10,10,0,0],"gold":103,"neow_bonus":"THREE_ENEMY_KILL","is_daily":false,"chose_seed":false,"campfire_upgraded":5,"win_rate":0.0,"timestamp":1612619707,"path_taken":["M","$","?","?","?","E","?","R","T","R","E","M","M","?","R","BOSS","M","?","$","M","M","R","E","R","T","M","?","?","?","?","R","BOSS","M","M","M","$","M"],"items_purchased_type":["Card","Relic","Relic","Relic"],"build_version":"2020-12-22","purchased_purges":4,"victory":false,"max_hp_per_floor":[68,68,68,68,68,68,68,68,68,68,68,68,68,68,68,68,68,68,73,73,73,73,73,73,73,73,73,73,73,73,73,73,73,73,73,73,73,73,73,73],"card_choices":[{"not_picked":["SashWhip","WaveOfTheHand"],"picked":"WheelKick","floor":1.0},{"not_picked":["Protect","Wireheading"],"picked":"WheelKick","floor":6.0},{"not_picked":["EmptyFist","InnerPeace"],"picked":"FearNoEvil","floor":11.0},{"not_picked":["FlurryOfBlows","WaveOfTheHand","Prostrate"],"picked":"SKIP","floor":12.0},{"not_picked":["EmptyFist","BattleHymn","ClearTheMind"],"picked":"SKIP","floor":13.0},{"not_picked":["ClearTheMind","EmptyBody","Crescendo"],"picked":"SKIP","floor":14.0},{"not_picked":["Omniscience","Ragnarok"],"picked":"Wish","floor":16.0},{"not_picked":["Crescendo","EmptyBody","ForeignInfluence"],"picked":"SKIP","floor":18.0},{"not_picked":["Indignation","EmptyFist"],"picked":"Halt+1","floor":21.0},{"not_picked":["ThirdEye","Collect","FearNoEvil"],"picked":"SKIP","floor":22.0},{"not_picked":["FlyingSleeves","WheelKick"],"picked":"InnerPeace","floor":24.0},{"not_picked":["Evaluate","EmptyFist"],"picked":"MentalFortress","floor":27.0},{"not_picked":["DeusExMachina","Blasphemy"],"picked":"LessonLearned","floor":33.0},{"not_picked":["WaveOfTheHand","Halt"],"picked":"Evaluate+1","floor":35.0},{"not_picked":["Meditate","FlurryOfBlows","Evaluate"],"picked":"SKIP","floor":36.0},{"not_picked":["EmptyFist+1","DevaForm","Halt+1"],"picked":"SKIP","floor":37.0}],"player_experience":2910494,"relics_obtained":[{"floor":6.0,"key":"Sundial"},{"floor":9.0,"key":"Bronze Scales"},{"floor":11.0,"key":"CeramicFish"},{"floor":24.0,"key":"Ancient Tea Set"},{"floor":26.0,"key":"Mummified Hand"},{"floor":30.0,"key":"Red Mask"}],"event_choices":[{"damage_healed":0.0,"max_hp_gain":0.0,"max_hp_loss":0.0,"gold_gain":0.0,"event_name":"Liars Game","player_choice":"Ignored","floor":3.0,"gold_loss":0.0,"damage_taken":0.0},{"damage_healed":0.0,"max_hp_gain":0.0,"max_hp_loss":0.0,"gold_gain":0.0,"event_name":"The Cleric","player_choice":"Leave","floor":4.0,"gold_loss":0.0,"damage_taken":0.0},{"damage_healed":0.0,"max_hp_gain":0.0,"max_hp_loss":0.0,"gold_gain":61.0,"event_name":"Golden Wing","player_choice":"Gained Gold","floor":7.0,"gold_loss":0.0,"damage_taken":0.0},{"damage_healed":0.0,"max_hp_gain":5.0,"max_hp_loss":0.0,"gold_gain":0.0,"event_name":"Forgotten Altar","player_choice":"Shed Blood","floor":19.0,"gold_loss":0.0,"damage_taken":24.0},{"damage_healed":0.0,"max_hp_gain":0.0,"max_hp_loss":0.0,"gold_gain":0.0,"event_name":"The Mausoleum","player_choice":"Ignored","floor":28.0,"gold_loss":0.0,"damage_taken":0.0},{"cards_removed":["Strike_P"],"damage_healed":0.0,"max_hp_gain":0.0,"max_hp_loss":0.0,"gold_gain":0.0,"event_name":"Beggar","player_choice":"Gave Gold","floor":29.0,"gold_loss":75.0,"damage_taken":0.0},{"damage_healed":0.0,"max_hp_gain":0.0,"max_hp_loss":0.0,"gold_gain":0.0,"event_name":"Masked Bandits","player_choice":"Fought Bandits","floor":30.0,"gold_loss":0.0,"damage_taken":0.0}],"is_beta":false,"boss_relics":[{"not_picked":["Busted Crown","SacredBark"],"picked":"Coffee Dripper"},{"not_picked":["Velvet Choker","Runic Pyramid"],"picked":"HolyWater"}],"items_purged_floors":[2,20,31,38],"is_endless":false,"potions_floor_spawned":[6,13,14,16,22,27,30,33,35],"killed_by":"Maw","ascension_level":20}}