{"host":"3e3mwsgb9gfqiuxm","time":1612596469,"event":{"mods":["Act Like it!","BaseMod","BetterRewards","Colored Map","Colored Powertips","Downfall","Gensokyo","Hermit","Infinite Spire","Koishi","Marisa????????","Minty Spire (QoL Compilation)","Quick Restart","Reimu??????","Remilia??????","Replay The Spire","Shop Mod","StSLib","SuperFastMode","The Animator","The Bug Knight","The Cursed","The Jungle","The Servant 0.9.4","everything is the same but u backflip on backflip"],"gold_per_floor":[99,99,113,129,28,42,42,61,10,10,47,47,88,88,117,229,229,138,161,41,104,113,122,122,141,150,6,25,25,34,71,89,200,200,209,218,218,151,173,200,249,261,278,187,223,242,151,160,185,185,185,227,71,80,80,80],"floor_reached":57,"language":"ENG","playtime":2641,"items_purged":["Pain","Defend_S"],"score":1510,"play_id":"a21d1875-d0a3-4b19-8acb-585136b160d7","local_time":"20210206022749","is_ascension_mode":false,"campfire_choices":[{"data":"KidneyShot","floor":1,"key":"SMITH"},{"data":"MoonPhase","floor":10,"key":"SMITH"},{"data":"SilverBlades","floor":18,"key":"SMITH"},{"data":"Embodiment","floor":23,"key":"SMITH"},{"data":"ForgedInTime","floor":26,"key":"SMITH"},{"data":"KillingDoll","floor":35,"key":"SMITH"},{"floor":44,"key":"RECALL"},{"data":"Solidify","floor":47,"key":"SMITH"},{"data":"SilverBlades","floor":54,"key":"SMITH"}],"circlet_count":0,"master_deck":["KidneyShot+1","Exchange","Comet+1","Starlight","Contraction","DoubleEdge","Rearm","MoonPhase+1","SurpressingFire","Embodiment+1","SilverBlades+1","ForgedInTime+1","Unruled","BottledTime+1","Spin","SilverBlades","Foresight","Sabotage+1","FanOfKnives","ReplayTheSpireMod:Haul","LightFlow","KillingDoll+1","Snipe","Gensokyo:LifeSpringInfinity+1","SilverBlades+1","Spin+1","Barrier+1","Solidify+1","WasteNot+1","Defy+1","Potential","Gensokyo:RPG","Rearm+1","SilverBlades+1","Spin"],"relics":["SplendidAttire","NeowsBlessing","Gensokyo:LunaticRedEyes","Replay:PocketPolymizer","HollowMod:PaleOreRelic","CeramicFish","Replay:Bottled Snecko","Gensokyo:CelestialsFlawlessClothing","infinitespire:EmpoweringShard","Sozu","downfall:HeartBlessingGreen","Gensokyo:MaskOfHope","HornCleat","Meat on the Bone","MerchantsRug","infinitespire:Joker Card","PreservedInsect","MysterySword","Thread and Needle","downfall:HeartBlessingBlue","Blue Candle","downfall:HeartBlessingRed","Whetstone","Mastiff:ReiMu"],"acts_visited":["Gensokyo:Gensokyo","Gensokyo:Gensokyoer","Gensokyo:Gensokyoest","TheEnding"],"potions_floor_usage":[11,56],"damage_taken":[{"damage":0,"enemies":"Gensokyo:Gryphon","floor":3,"turns":1},{"damage":0,"enemies":"Gensokyo:2_Kodama","floor":4,"turns":1},{"damage":1,"enemies":"downfall:FleeingMerchant","floor":5,"turns":1},{"damage":0,"enemies":"Gensokyo:Python","floor":6,"turns":2},{"damage":0,"enemies":"Gensokyo:Gryphon_and_Rabbit","floor":8,"turns":4},{"damage":9,"enemies":"Gensokyo:Aya","floor":11,"turns":4},{"damage":8,"enemies":"Gensokyo:Mamizou","floor":13,"turns":8},{"damage":0,"enemies":"Gensokyo:VengefulSpirit","floor":15,"turns":5},{"damage":19,"enemies":"IC_STATUS_ARCHETYPE","floor":16,"turns":7},{"damage":19,"enemies":"Gensokyo:AngelMirror","floor":19,"turns":3},{"damage":0,"enemies":"Gensokyo:CosmicMonolith","floor":25,"turns":3},{"damage":2,"enemies":"Gensokyo:Wraith","floor":28,"turns":5},{"damage":5,"enemies":"Gensokyo:Reisen","floor":31,"turns":5},{"damage":2,"enemies":"Gensokyo:3_Gloops","floor":32,"turns":4},{"damage":0,"enemies":"WA_ARCHETYPE_CALM","floor":33,"turns":5},{"damage":0,"enemies":"WA_ARCHETYPE_CALM","floor":36,"turns":7},{"damage":0,"enemies":"Gensokyo:3_Bats","floor":39,"turns":3},{"damage":0,"enemies":"Gensokyo:3_Boulders","floor":40,"turns":3},{"damage":0,"enemies":"Gensokyo:Dusk_and_Dawn","floor":42,"turns":3},{"damage":0,"enemies":"Gensokyo:4_Bats","floor":43,"turns":1},{"damage":3,"enemies":"Nightmare","floor":45,"turns":4},{"damage":0,"enemies":"Gensokyo:3_Boulders","floor":46,"turns":3},{"damage":0,"enemies":"Gensokyo:Rafflesia","floor":49,"turns":4},{"damage":0,"enemies":"SI_POISON_ARCHETYPE","floor":50,"turns":4},{"damage":0,"enemies":"downfall:CharBossMerchant","floor":52,"turns":2},{"damage":0,"enemies":"downfall:NeowBoss","floor":55,"turns":9},{"damage":10,"enemies":"downfall:NeowBossFinal","floor":56,"turns":12}],"seed_played":"6441671841541279263","potions_obtained":[{"floor":6,"key":"Regen Potion"},{"floor":8,"key":"hexamod:SoulburnPotion"},{"floor":13,"key":"Explosive Potion"},{"floor":16,"key":"ZuzhouPotion:ReiMu"}],"is_trial":false,"path_per_floor":["R","?","M","M","$","M","T","M","COS","R","E","$","E","?","M","B",null,"R","M","?","?","?","R","T","M","R","$","M","T","AVR","E","M","B",null,"R","?","?","$","M","M","T","M","M","R","NM","M","R","?","M","B",null,"E","$","R","B","B",null],"character_chosen":"THE_SERVANT","items_purchased":["Replay:PocketPolymizer","DoubleEdge","MerchantsRug","SilverBlades","Mastiff:ReiMu"],"campfire_rested":0,"item_purchase_floors":[5,5,27,38,53],"current_hp_per_floor":[65,65,65,65,64,64,64,64,64,64,55,55,47,31,31,12,65,65,46,46,46,46,46,46,46,46,46,44,44,44,39,37,37,65,65,65,65,65,65,65,65,65,65,75,72,72,72,72,72,72,75,75,75,75,75,75],"gold":80,"neow_bonus":"THREE_ENEMY_KILL","is_daily":false,"chose_seed":false,"campfire_upgraded":8,"win_rate":0.0,"timestamp":1612596469,"path_taken":["R","?","M","M","$","M","T","M","COS","R","E","?","E","?","M","BOSS","R","?","?","?","?","R","T","M","R","?","M","?","AVR","E","M","BOSS","R","?","?","?","?","M","T","M","M","R","NM","M","R","?","M","BOSS","E","$","R","BOSS","BOSS"],"items_purchased_type":["Relic","Card","Relic","Card","Relic"],"build_version":"2020-12-22","purchased_purges":2,"victory":true,"max_hp_per_floor":[65,65,65,65,65,65,65,65,65,65,65,65,65,65,65,65,65,65,65,65,65,65,65,65,65,65,65,65,65,65,65,65,65,65,65,65,65,65,65,65,65,65,65,75,75,75,75,75,75,75,75,75,75,75,75,75],"card_choices":[{"not_picked":["Alleviate","Foresight"],"picked":"Comet","floor":3},{"not_picked":["Defy","Snipe"],"picked":"Starlight","floor":4},{"not_picked":["BestPractice","Unruled"],"picked":"Contraction","floor":5},{"not_picked":["ShatteredReality","Revamp"],"picked":"Rearm","floor":6},{"not_picked":["Potential","Revamp","Moondial"],"picked":"SKIP","floor":8},{"not_picked":["GearUp","TimeWarp"],"picked":"SurpressingFire","floor":11},{"not_picked":["WasteNot","BottledTime"],"picked":"Embodiment","floor":13},{"not_picked":["MoonPhase","Revamp"],"picked":"SilverBlades","floor":15},{"not_picked":["Dilation","Embodiment"],"picked":"ForgedInTime","floor":16},{"not_picked":["GearUp","TimeWarp"],"picked":"Unruled","floor":19},{"not_picked":["Gouge","FastForward"],"picked":"BottledTime+1","floor":21},{"not_picked":["Defy","Replace+1"],"picked":"Spin","floor":21},{"not_picked":["Hightail","Read"],"picked":"Sabotage","floor":25},{"not_picked":["Rewind","Manipulate","Unruled"],"picked":"SKIP","floor":28},{"not_picked":["Moonlight","FastForward"],"picked":"LightFlow","floor":31},{"not_picked":["ShiftingGears","Rewind+1","Foresight"],"picked":"SKIP","floor":32},{"not_picked":["Solidify","MurderousAura"],"picked":"KillingDoll","floor":33},{"not_picked":["Gensokyo:RisingWorld+1","Gensokyo:DreamlikeParadise+1"],"picked":"Gensokyo:LifeSpringInfinity+1","floor":36},{"not_picked":["Revamp","Ricochet"],"picked":"Spin+1","floor":39},{"not_picked":["ShiftingGears+1","Desolation+1"],"picked":"Barrier+1","floor":40},{"not_picked":["Desolation+1","Potential","Alleviate"],"picked":"SKIP","floor":42},{"not_picked":["ShatteredReality+1","Unruled","InstantArmor+1"],"picked":"SKIP","floor":43},{"not_picked":["StarChef","Revamp"],"picked":"WasteNot+1","floor":45},{"not_picked":["Replace+1","ShatteredReality+1"],"picked":"Defy+1","floor":46},{"not_picked":["SpecialFormula","Ricochet+1"],"picked":"Rearm+1","floor":49},{"not_picked":["TimeWarp","DoubleEdge+1"],"picked":"SilverBlades+1","floor":52}],"player_experience":1356024,"relics_obtained":[{"floor":7,"key":"HollowMod:PaleOreRelic"},{"floor":11,"key":"CeramicFish"},{"floor":13,"key":"Replay:Bottled Snecko"},{"floor":21,"key":"HornCleat"},{"floor":24,"key":"Meat on the Bone"},{"floor":29,"key":"infinitespire:Joker Card"},{"floor":31,"key":"Thread and Needle"},{"floor":45,"key":"Blue Candle"},{"floor":52,"key":"Whetstone"}],"event_choices":[],"is_beta":false,"boss_relics":[{"not_picked":["ReplayTheSpireMod:DimensionalGlitch","Cursed Key"],"picked":"Sozu"},{"not_picked":["Coffee Dripper","Runic Pyramid"],"picked":"SplendidAttire"}],"items_purged_floors":[5,30],"is_endless":false,"potions_floor_spawned":[6,8,13,16,19,28,39,43,46,49,52],"ascension_level":0}}