{"host":"8xp52u5o8fcssvzz","time":1612652040,"event":{"mods":["2.2 Compatiblity","AchievementEnabler","Act Like it!","Aspiration","BaseMod","Better Altar","Better Match","Better Note","Better Sensory Stone","Better Skull","Better Third Choice","BetterRewards","Colored Map","Conspire","Downfall","Gensokyo","GifTheSpireLib","Googly Eyes","Halation","Hallownest","Highlight Path","Hubris","Infinite Spire","Jorbs\u0027s Wanderer Trilogy","Koishi","Lobotomy","LobotomyExtend","Marisa????????","Menagerie","Mimic Mod","Minty Spire (QoL Compilation)","Reimu??????","Remilia??????","Replay The Spire","Shade Mod","Spicy Shops","StSLib","Stuff the Spire","The Administrix","The Blackbeard","The Bladedancer","The Construct","The Cursed","The Gatherer","The Necromancer","The Runesmith","The Servant 0.9.4","The Valiant","TheFirefly","TheSwordswoman","Unceasing Turn Reminder","everything is the same but u backflip on backflip"],"gold_per_floor":[110,122,122,135,135,135,146,146,193,11,11,11,21,47,47,47,47],"floor_reached":16,"language":"ENG","playtime":1049,"items_purged":[],"score":120,"play_id":"ca10e798-c4b7-4a30-b73d-0eea7c81c32a","local_time":"20210206145400","is_ascension_mode":true,"campfire_choices":[{"data":"Bash","floor":6,"key":"SMITH"},{"data":"Dropkick","floor":11,"key":"SMITH"},{"floor":15,"key":"REST"}],"circlet_count":0,"master_deck":["Strike_R","Strike_R","Strike_R","Strike_R","Defend_R","Defend_R","Defend_R","Defend_R","Bash+1","StuffTheSpire:RockThrow","Dropkick+1","Spot Weakness","Thunderclap","hubris:CleavingFinish","Perfected Strike","ReplayReversal"],"relics":["Burning Blood","aspiration:Nostalgia","m_ScarletBlood","LetterFromLob","StuffTheSpire:GrapeVine","Red Skull","infinitespire:PuzzleCube"],"acts_visited":["Exordium"],"potions_floor_usage":[16],"damage_taken":[{"damage":18,"enemies":"Jaw Worm","floor":1,"turns":4},{"damage":9,"enemies":"Cultist","floor":2,"turns":5},{"damage":5,"enemies":"Small Slimes","floor":4,"turns":3},{"damage":11,"enemies":"Blue Slaver","floor":7,"turns":3},{"damage":11,"enemies":"Exordium Thugs","floor":13,"turns":4},{"damage":25,"enemies":"Lagavulin","floor":14,"turns":5},{"damage":88,"enemies":"Fading Forest","floor":16,"turns":10}],"seed_played":"-7418298125499127277","potions_obtained":[{"floor":4,"key":"Guardian:BlockOnCardUsePotion"},{"floor":13,"key":"GrandPatriotsElixir:ReiMu"}],"is_trial":false,"path_per_floor":["M","M","?","M","$","R","M","?","T","$","R","M","M","E","R","B"],"character_chosen":"IRONCLAD","items_purchased":["Red Skull","hubris:CleavingFinish"],"campfire_rested":1,"item_purchase_floors":[10,10],"current_hp_per_floor":[68,65,65,66,66,66,61,69,69,69,69,69,64,45,69,0,0],"gold":47,"neow_bonus":"NOSTALGIA","is_daily":false,"chose_seed":false,"campfire_upgraded":2,"win_rate":0.0,"timestamp":1612652040,"path_taken":["M","M","?","M","$","R","?","?","T","?","R","M","?","E","R","BOSS"],"items_purchased_type":["Relic","Card"],"build_version":"2020-12-22","purchased_purges":0,"victory":false,"max_hp_per_floor":[80,80,80,80,80,80,80,80,80,80,80,80,80,80,80,80,80],"card_choices":[{"not_picked":["Second Wind","Body Slam"],"picked":"StuffTheSpire:RockThrow","floor":1},{"not_picked":["Iron Wave","Pummel"],"picked":"Dropkick","floor":2},{"not_picked":["Armaments","Infernal Blade"],"picked":"Spot Weakness","floor":4},{"not_picked":["Body Slam","ReplayTheSpireMod:Muscle Training"],"picked":"Thunderclap","floor":7},{"not_picked":["Havoc","Feed"],"picked":"Perfected Strike","floor":13},{"not_picked":["Burning Pact","Clash"],"picked":"ReplayReversal","floor":14}],"player_experience":477989,"relics_obtained":[{"floor":1,"key":"LetterFromLob"},{"floor":9,"key":"StuffTheSpire:GrapeVine"},{"floor":14,"key":"infinitespire:PuzzleCube"}],"event_choices":[{"cards_removed":["Strike_R"],"damage_healed":0,"gold_gain":0,"player_choice":"Offered Basic","damage_taken":0,"max_hp_gain":0,"max_hp_loss":0,"event_name":"Bonfire Elementals","floor":3,"gold_loss":0}],"is_beta":false,"boss_relics":[],"items_purged_floors":[],"is_endless":false,"potions_floor_spawned":[4,13],"killed_by":"Fading Forest","ascension_level":4}}