{"host":"njb27ds59h4j3ikk","time":1612638849,"event":{"mods":["AchievementEnabler","BaseMod","Better Altar","Better Match","Better Note","Better Sensory Stone","Better Skull","Better Third Choice","BetterRewards","Downfall","Hermit","Hubris","Minty Spire (QoL Compilation)","Permanent Neow","Quarter Circle Forward PUNCH!","Quick Restart","Rare Cards Sparkle","Replay The Spire","Shop Mod","StSLib","Trackpad","Transform Curses"],"gold_per_floor":[110,110,110,124,124,124,159,169,169,169,204,220,280,20,20,118,218,234,234,253,269,269,303,303,333,356,356,356],"floor_reached":27,"language":"ENG","playtime":1228,"items_purged":[],"score":639,"play_id":"31418fb7-0de6-4062-a5aa-6c46e22a0b38","local_time":"20210206141409","is_ascension_mode":true,"campfire_choices":[{"data":"Bash","floor":6.0,"key":"SMITH"},{"data":"Replay:Many Hands","floor":10.0,"key":"SMITH"},{"data":"Double Tap","floor":24.0,"key":"SMITH"}],"circlet_count":0,"master_deck":["AscendersBane","Strike_R+1","Strike_R+1","Strike_R+1","Strike_R+1","Defend_R","Defend_R","Defend_R","Defend_R","Bash+1","ReplayTheSpireMod:Stacked","Replay:Undeath\u0027s Touch","Replay:Sssssssssstrike","Thunderclap","Warcry","Evolve","hubris:CleavingFinish+1","Replay:Many Hands+1","Anger","Uppercut","downfall:Malfunctioning","Double Tap+1","ReplayTheSpireMod:LeadingStrike+1","Anger+1","Headbutt+1","Anger+1","Anger+1"],"relics":["Burning Blood","Thread and Needle","ReplayTheSpireMod:TigerMarble","hubris:ChampionShield","Medical Kit","Replay:Bottled Eggs","trackpad:BottledAnger","King of Hearts","Counterbalance","Molten Egg 2","ReplayTheSpireMod:CursedCoin","Potion Belt","Replay:Wanted Poster","Replay:Mystery Machine","Kunai","Replay:Accelerometer"],"acts_visited":["Exordium","TheCity"],"potions_floor_usage":[27],"damage_taken":[{"damage":0.0,"enemies":"Small Slimes","floor":1.0,"turns":3.0},{"damage":0.0,"enemies":"2 Louse","floor":4.0,"turns":3.0},{"damage":19.0,"enemies":"3 Sentries","floor":7.0,"turns":8.0},{"damage":0.0,"enemies":"Cultist","floor":8.0,"turns":3.0},{"damage":19.0,"enemies":"Replay:BlueRogue","floor":11.0,"turns":4.0},{"damage":9.0,"enemies":"Blue Slaver","floor":12.0,"turns":2.0},{"damage":34.0,"enemies":"Hexaghost","floor":16.0,"turns":10.0},{"damage":0.0,"enemies":"Spheric Guardian","floor":18.0,"turns":2.0},{"damage":12.0,"enemies":"Shell Parasite","floor":20.0,"turns":2.0},{"damage":39.0,"enemies":"Shelled Parasite and Fungi","floor":21.0,"turns":6.0},{"damage":0.0,"enemies":"Gremlin Leader","floor":23.0,"turns":5.0},{"damage":21,"enemies":"Slavers","floor":25,"turns":5},{"damage":32,"enemies":"Book of Stabbing","floor":27,"turns":4}],"seed_played":"-9162063827890050541","potions_obtained":[{"floor":4.0,"key":"sneckomod:MuddlingPotion"},{"floor":8.0,"key":"Guardian:BlockOnCardUsePotion"},{"floor":11.0,"key":"Energy Potion"},{"floor":20.0,"key":"Explosive Potion"},{"floor":21.0,"key":"PowerPotion"},{"floor":25,"key":"ColorlessPotion"}],"is_trial":false,"path_per_floor":["M","?","?","M","?","R","E","M","T","R","E","M","?","$","R","B",null,"M","?","M","M","?","E","R","E","T","E"],"character_chosen":"IRONCLAD","items_purchased":["ReplayTheSpireMod:TigerMarble","hubris:ChampionShield","Medical Kit","ReplayTheSpireMod:Stacked","Replay:Bottled Eggs","Replay:Undeath\u0027s Touch","Replay:Sssssssssstrike","Molten Egg 2","ReplayTheSpireMod:CursedCoin","Potion Belt"],"campfire_rested":0,"item_purchase_floors":[0,0,0,0,0,0,0,14,14,14],"current_hp_per_floor":[78,78,83,85,85,85,72,78,78,78,65,62,62,62,62,34,72,78,78,72,39,39,45,45,30,30,0,0],"gold":356,"neow_bonus":"","is_daily":false,"chose_seed":false,"campfire_upgraded":3,"win_rate":0.0,"timestamp":1612638849,"path_taken":["M","?","?","M","?","R","E","M","T","R","E","?","?","?","R","BOSS","M","?","M","M","?","E","R","E","T","E"],"items_purchased_type":["Relic","Relic","Relic","Card","Relic","Card","Card","Relic","Relic","Relic"],"build_version":"2020-12-22","purchased_purges":0,"victory":false,"max_hp_per_floor":[80,80,85,85,85,85,85,85,85,85,85,85,85,85,85,85,85,85,85,85,85,85,85,85,85,85,85,85],"card_choices":[{"not_picked":["Combust","Cleave"],"picked":"Thunderclap","floor":1.0},{"not_picked":["Heavy Blade","Havoc"],"picked":"Warcry","floor":4.0},{"not_picked":["Intimidate","Thunderclap"],"picked":"hubris:CleavingFinish","floor":7.0},{"not_picked":["Pummel","Heavy Blade","Anger"],"picked":"Replay:Many Hands","floor":8.0},{"not_picked":["Clash","hubris:ReadiedAction","Thunderclap"],"picked":"Anger","floor":11.0},{"not_picked":["True Grit","Flex","Anger"],"picked":"Uppercut","floor":12.0},{"not_picked":["Fiend Fire+1","Demonic Infusion","Anger+1"],"picked":"Double Tap","floor":16.0},{"not_picked":["ReplayTheSpireMod:Strike From Hell+1","Infernal Blade","Anger+1"],"picked":"ReplayTheSpireMod:LeadingStrike+1","floor":18.0},{"not_picked":["Thunderclap+1","Feel No Pain","Body Slam+1"],"picked":"Anger+1","floor":20.0},{"not_picked":["Burning Pact","Heavy Blade+1","Anger+1"],"picked":"Headbutt+1","floor":21.0},{"not_picked":["Seeing Red","Double Tap","Body Slam+1"],"picked":"Anger+1","floor":23.0},{"not_picked":["Battle Trance","Sword Boomerang+1","Fire Breathing"],"picked":"Anger+1","floor":25}],"player_experience":1350825,"relics_obtained":[{"floor":7.0,"key":"trackpad:BottledAnger"},{"floor":9.0,"key":"King of Hearts"},{"floor":11.0,"key":"Counterbalance"},{"floor":22.0,"key":"Replay:Mystery Machine"},{"floor":23.0,"key":"Kunai"},{"floor":25,"key":"Replay:Accelerometer"}],"event_choices":[{"damage_healed":0.0,"max_hp_gain":0.0,"max_hp_loss":0.0,"gold_gain":0.0,"event_name":"The Cleric","player_choice":"Leave","floor":2.0,"gold_loss":0.0,"damage_taken":0.0},{"damage_healed":0.0,"max_hp_gain":5.0,"max_hp_loss":0.0,"gold_gain":0.0,"event_name":"Big Fish","player_choice":"Donut","floor":3.0,"gold_loss":0.0,"damage_taken":0.0},{"damage_healed":0.0,"max_hp_gain":0.0,"max_hp_loss":0.0,"gold_gain":0.0,"cards_transformed":["Strike_R"],"event_name":"Transmorgrifier","player_choice":"Transformed","floor":5.0,"gold_loss":0.0,"damage_taken":0.0,"cards_obtained":["Evolve"]},{"damage_healed":0.0,"max_hp_gain":0.0,"max_hp_loss":0.0,"gold_gain":60.0,"event_name":"Golden Wing","player_choice":"Gained Gold","floor":13.0,"gold_loss":0.0,"damage_taken":0.0},{"damage_healed":0.0,"max_hp_gain":0.0,"max_hp_loss":0.0,"gold_gain":0.0,"event_name":"N\u0027loth","player_choice":"Ignored","floor":19.0,"gold_loss":0.0,"damage_taken":0.0},{"damage_healed":0.0,"max_hp_gain":0.0,"max_hp_loss":0.0,"gold_gain":0.0,"event_name":"Wheel of Change","player_choice":"Relic","floor":22.0,"gold_loss":0.0,"damage_taken":0.0}],"is_beta":false,"boss_relics":[{"not_picked":["Replay:Drink Me","hubris:TerracottaHorce"],"picked":"Replay:Wanted Poster"}],"items_purged_floors":[],"is_endless":false,"potions_floor_spawned":[4,8,11,20,21,25],"killed_by":"Book of Stabbing","ascension_level":12}}