{"host":"dlqyscxstsnu98l1","time":1612598641,"event":{"mods":["AchievementEnabler","BaseMod","Colored Map","Colored Powertips","Downfall","GifTheSpireLib","Highlight Path","Minty Spire (QoL Compilation)","Random Character Button","SacredBarkPlus","Slay-I","StSLib","everything is the same but u backflip on backflip"],"gold_per_floor":[110,110,75,75,86,86,99,124,124,124,158,158,30,47,47,152,152,165,125,13,17,17,17,292,292,316,345,168,188,188,137,137,137],"floor_reached":32,"language":"ENG","playtime":8591,"items_purged":["Weave","Regret"],"score":354,"play_id":"31f641e9-bbce-4d05-8a52-f9c18548863a","local_time":"20210206020401","is_ascension_mode":true,"campfire_choices":[{"data":"WindmillStrike","floor":6.0,"key":"SMITH"},{"floor":10.0,"key":"REST"},{"floor":12.0,"key":"REST"},{"floor":15.0,"key":"REST"},{"data":"MarkedMod:OneThousandNeedles","floor":23.0,"key":"SMITH"},{"floor":25.0,"key":"REST"},{"floor":30.0,"key":"REST"}],"circlet_count":0,"master_deck":["Eruption+1","Vigilance","Sanctity","WindmillStrike+1","Madness","Madness","Madness","ClearTheMind","LikeWater+1","Establishment","Madness","ReachHeaven","WaveOfTheHand","Madness","Perseverance","Wireheading+1","Madness","Madness+1","Madness","Wireheading"],"relics":["PureWater","Pear","Ancient Tea Set","Question Card","Pandora\u0027s Box","Potion Belt","Strawberry"],"acts_visited":["Exordium","TheCity"],"potions_floor_usage":[],"damage_taken":[{"damage":14.0,"enemies":"Small Slimes","floor":1.0,"turns":3.0},{"damage":0.0,"enemies":"Jaw Worm","floor":5.0,"turns":3.0},{"damage":0.0,"enemies":"Cultist","floor":7.0,"turns":3.0},{"damage":30.0,"enemies":"3 Sentries","floor":8.0,"turns":8.0},{"damage":56.0,"enemies":"Lagavulin","floor":11.0,"turns":5.0},{"damage":0.0,"enemies":"Blue Slaver","floor":14.0,"turns":6.0},{"damage":21.0,"enemies":"The Guardian","floor":16.0,"turns":10.0},{"damage":23.0,"enemies":"Spheric Guardian","floor":18.0,"turns":4.0},{"damage":15.0,"enemies":"2 Thieves","floor":21.0,"turns":4.0},{"damage":60.0,"enemies":"Gremlin Leader","floor":27.0,"turns":7.0},{"damage":10.0,"enemies":"Chosen and Byrds","floor":29.0,"turns":5.0}],"seed_played":"6292626856672339400","potions_obtained":[{"floor":1.0,"key":"DistilledChaos"},{"floor":8.0,"key":"BlessingOfTheForge"},{"floor":14.0,"key":"AttackPotion"}],"is_trial":false,"path_per_floor":["M","?","?","?","M","R","M","E","T","R","E","R","$","M","R","B",null,"M","?","$","M","?","R","?","R","T","E","$","M","R","$","R"],"character_chosen":"WATCHER","items_purchased":["ClearTheMind","LikeWater","MarkedMod:OneThousandNeedles","EssenceOfSteel","Dexterity Potion"],"campfire_rested":5,"item_purchase_floors":[13,13,20,28,31],"current_hp_per_floor":[58,58,72,58,58,58,58,38,38,62,6,30,30,30,54,33,82,59,59,59,44,44,44,44,68,68,15,15,5,31,31,31,31],"gold":137,"neow_bonus":"TRANSFORM_CARD","is_daily":false,"chose_seed":false,"campfire_upgraded":2,"win_rate":0.0,"timestamp":1612598641,"path_taken":["M","?","?","?","M","R","?","E","T","R","E","R","$","M","R","BOSS","M","?","$","?","?","R","?","R","T","E","$","M","R","$","R"],"items_purchased_type":["Card","Card","Undefined","Potion","Potion"],"build_version":"2020-12-22","purchased_purges":2,"victory":false,"max_hp_per_floor":[72,72,72,72,72,72,72,82,82,82,82,82,82,82,82,82,82,82,82,82,82,82,82,82,82,82,89,89,89,89,89,89,89],"card_choices":[{"not_picked":["Weave","Consecrate"],"picked":"WindmillStrike","floor":1.0},{"not_picked":["Prostrate","EmptyFist"],"picked":"MarkedMod:GracefulMovements","floor":5.0},{"not_picked":["Protect","CrushJoints"],"picked":"MarkedMod:GentlePulse","floor":7.0},{"not_picked":["Weave","MarkedMod:GentlePulse","JustLucky"],"picked":"SKIP","floor":8.0},{"not_picked":["MarkedMod:Acupuncture","MarkedMod:FirstStrike"],"picked":"MarkedMod:GracefulMovements","floor":11.0},{"not_picked":["CrushJoints","Prostrate","FollowUp","FlurryOfBlows"],"picked":"SKIP","floor":14.0},{"not_picked":["LessonLearned","MasterReality","Omniscience"],"picked":"Establishment","floor":16.0},{"not_picked":["FlyingSleeves","MarkedMod:Acupuncture+1","JustLucky+1"],"picked":"MarkedMod:PinPointDefense","floor":18.0},{"not_picked":["CutThroughFate","MarkedMod:Acupuncture+1","FlurryOfBlows","ReachHeaven"],"picked":"SKIP","floor":21.0},{"not_picked":["CutThroughFate","Tantrum","MarkedMod:FirstStrike"],"picked":"MarkedMod:ChiBlock","floor":27.0},{"not_picked":["FlurryOfBlows","Prostrate","Conclude"],"picked":"Wireheading","floor":29.0}],"player_experience":142264,"relics_obtained":[{"floor":8.0,"key":"Pear"},{"floor":9.0,"key":"Ancient Tea Set"},{"floor":11.0,"key":"Question Card"},{"floor":26.0,"key":"Potion Belt"},{"floor":27.0,"key":"Strawberry"}],"event_choices":[{"damage_healed":0.0,"max_hp_gain":0.0,"max_hp_loss":0.0,"gold_gain":0.0,"event_name":"Golden Wing","player_choice":"Ignored","floor":2.0,"gold_loss":0.0,"damage_taken":0.0},{"damage_healed":18.0,"max_hp_gain":0.0,"max_hp_loss":0.0,"gold_gain":0.0,"event_name":"The Cleric","player_choice":"Healed","floor":3.0,"gold_loss":35.0,"damage_taken":0.0},{"damage_healed":0.0,"max_hp_gain":0.0,"max_hp_loss":0.0,"gold_gain":0.0,"event_name":"Shining Light","player_choice":"Entered Light","floor":4.0,"gold_loss":0.0,"damage_taken":14.0,"cards_upgraded":["Defend_P","Eruption"]},{"damage_healed":0.0,"max_hp_gain":0.0,"max_hp_loss":0.0,"gold_gain":0.0,"event_name":"Designer","player_choice":"Upgraded Two","floor":19.0,"gold_loss":40.0,"damage_taken":0.0,"cards_upgraded":["LikeWater","Wireheading"]},{"damage_healed":0.0,"max_hp_gain":0.0,"max_hp_loss":0.0,"gold_gain":275.0,"event_name":"Golden Shrine","player_choice":"Desecrate","floor":24.0,"gold_loss":0.0,"damage_taken":0.0,"cards_obtained":["Regret"]}],"is_beta":false,"boss_relics":[{"not_picked":["Snecko Eye","Astrolabe"],"picked":"Pandora\u0027s Box"}],"items_purged_floors":[20,28],"is_endless":false,"potions_floor_spawned":[1,8,14],"ascension_level":3}}