{"host":"ml2ro5l6hu6y0pll","time":1612573656,"event":{"mods":["AchievementEnabler","BaseMod","Colored Map","Colored Powertips","Custom Start","Downfall","Googly Eyes","Minty Spire (QoL Compilation)","Quick Restart","Rare Cards Sparkle","Relic Stats","StSLib","everything is the same but u backflip on backflip"],"gold_per_floor":[119,137,149,165,126,152,169,181,181,199,199,228,228,259,259,332,332,350,366,291,311,311,338,338,373,444,458,484,664,697,713,713,787,787,806,822,847,481,481,514,514,542,542,554,554,594,154,172,172,172,172,172,172,4,43,43],"floor_reached":57,"language":"ENG","playtime":2698,"items_purged":[],"score":3884,"play_id":"f9ead8d1-1b1e-4ebf-9c6a-024f7c3e2717","local_time":"20210206010736","is_ascension_mode":true,"campfire_choices":[{"data":"Accuracy","floor":13,"key":"SMITH"},{"data":"Blade Dance","floor":15,"key":"SMITH"},{"data":"Well Laid Plans","floor":24,"key":"SMITH"},{"data":"Blade Dance","floor":32,"key":"SMITH"},{"floor":41,"key":"RECALL"},{"floor":45,"key":"REST"},{"floor":49,"key":"REST"},{"floor":53,"key":"REST"}],"circlet_count":0,"master_deck":["Finisher+1","Leg Sweep","Dodge and Roll","Deflect","Survivor","Backflip","Backflip+1","Cloak And Dagger","Blade Dance+1","Blade Dance+1","Blade Dance","Finisher+1","Endless Agony","Neutralize+1","Slice+1","Masterful Stab","Dagger Spray","Accuracy+1","Outmaneuver","Infinite Blades","Cloak And Dagger+1","Adrenaline+1","Outmaneuver+1","Dodge and Roll+1","Backflip+1","Envenom","Blur+1","Skewer+1","Acrobatics+1","Well Laid Plans+1","Burst+1","Malaise+1","Accuracy","PiercingWail+1","Night Terror+1","Cloak And Dagger+1"],"relics":["Ring of the Snake","Chemical X","Ice Cream","Kunai","Lantern","Toxic Egg 2","Gremlin Horn","Mummified Hand","Incense Burner","WristBlade","Darkstone Periapt","Ginger","Ornamental Fan","Bag of Marbles","MealTicket","Fusion Hammer","StoneCalendar","champ:Barbells","Centennial Puzzle","Bag of Preparation","CeramicFish","Happy Flower","Molten Egg 2","Whetstone","champ:DuelingGlove"],"acts_visited":["Exordium","TheCity","TheBeyond","TheEnding"],"potions_floor_usage":[56],"damage_taken":[{"damage":0,"enemies":"Cultist","floor":1,"turns":1},{"damage":0,"enemies":"Jaw Worm","floor":2,"turns":1},{"damage":0,"enemies":"2 Louse","floor":3,"turns":1},{"damage":0,"enemies":"Looter","floor":4,"turns":1},{"damage":0,"enemies":"Gremlin Nob","floor":6,"turns":2},{"damage":6,"enemies":"Exordium Thugs","floor":7,"turns":2},{"damage":0,"enemies":"Large Slime","floor":8,"turns":1},{"damage":0,"enemies":"Lots of Slimes","floor":10,"turns":1},{"damage":0,"enemies":"3 Sentries","floor":12,"turns":3},{"damage":0,"enemies":"Gremlin Nob","floor":14,"turns":1},{"damage":0,"enemies":"Slime Boss","floor":16,"turns":2},{"damage":0,"enemies":"2 Thieves","floor":18,"turns":1},{"damage":0,"enemies":"Chosen","floor":19,"turns":2},{"damage":0,"enemies":"Shelled Parasite and Fungi","floor":21,"turns":6},{"damage":0,"enemies":"Gremlin Leader","floor":23,"turns":1},{"damage":2,"enemies":"Slavers","floor":25,"turns":2},{"damage":0,"enemies":"Centurion and Healer","floor":27,"turns":3},{"damage":0,"enemies":"Book of Stabbing","floor":28,"turns":3},{"damage":0,"enemies":"Gremlin Leader","floor":30,"turns":3},{"damage":0,"enemies":"3 Cultists","floor":31,"turns":4},{"damage":0,"enemies":"Automaton","floor":33,"turns":5},{"damage":0,"enemies":"3 Darklings","floor":35,"turns":2},{"damage":0,"enemies":"3 Shapes","floor":36,"turns":1},{"damage":0,"enemies":"Mind Bloom Boss Battle","floor":37,"turns":4},{"damage":0,"enemies":"Giant Head","floor":40,"turns":4},{"damage":0,"enemies":"Reptomancer","floor":42,"turns":1},{"damage":0,"enemies":"Writhing Mass","floor":44,"turns":4},{"damage":0,"enemies":"Nemesis","floor":46,"turns":3},{"damage":0,"enemies":"Spire Growth","floor":48,"turns":3},{"damage":0,"enemies":"Awakened One","floor":50,"turns":7},{"damage":46,"enemies":"Time Eater","floor":51,"turns":11},{"damage":0,"enemies":"Shield and Spear","floor":55,"turns":7},{"damage":50,"enemies":"The Heart","floor":56,"turns":9}],"seed_played":"6435958312961402405","potions_obtained":[{"floor":1,"key":"Explosive Potion"},{"floor":8,"key":"AttackPotion"},{"floor":40,"key":"PowerPotion"}],"is_trial":true,"path_per_floor":["M","M","M","M","$","E","M","M","T","M","?","E","R","E","R","B",null,"M","M","$","M","?","E","R","E","T","M","E","?","E","M","R","B",null,"M","M","?","$","?","E","R","E","T","M","R","E","$","M","R","B","B",null,"R","$","E","B",null],"character_chosen":"THE_SILENT","items_purchased":["Infinite Blades","Skewer","champ:Barbells","Centennial Puzzle","Accuracy","Night Terror+1","Molten Egg 2","Whetstone"],"campfire_rested":3,"item_purchase_floors":[5,20,38,38,38,47,47,54],"current_hp_per_floor":[59,59,59,59,59,59,53,53,53,53,53,53,53,53,53,53,63,63,63,63,63,63,63,63,61,61,61,61,42,42,42,42,42,60,60,60,60,66,66,66,66,66,66,66,66,66,66,66,66,66,20,55,66,66,66,16],"gold":43,"neow_bonus":"","is_daily":false,"chose_seed":false,"campfire_upgraded":4,"win_rate":0.0,"timestamp":1612573656,"path_taken":["M","M","?","M","$","E","M","M","T","M","?","E","R","E","R","BOSS","M","M","$","M","?","E","R","E","T","M","E","?","E","M","R","BOSS","M","M","?","$","?","E","R","E","T","M","R","E","$","M","R","BOSS","BOSS","R","$","E","BOSS"],"items_purchased_type":["Card","Card","Relic","Relic","Card","Card","Relic","Relic"],"build_version":"2020-12-22","purchased_purges":0,"victory":true,"max_hp_per_floor":[66,66,66,66,66,66,66,66,66,66,66,66,66,66,66,66,66,66,66,66,66,66,66,66,66,66,66,66,66,66,66,66,66,66,66,66,66,66,66,66,66,66,66,66,66,66,66,66,66,66,66,66,66,66,66,66],"relic_stats":{"Darkstone Periapt":0,"Gremlin Horn":[30,30],"Happy Flower":[12],"counters":[33,102],"CeramicFish":27,"StoneCalendar":[149],"Bag of Preparation":[17],"Ginger":[9],"Whetstone":["Skewer","Finisher"],"Centennial Puzzle":[6],"Mummified Hand":[74],"Ornamental Fan":[344],"MealTicket":6,"Chemical X":[19],"Kunai":[134],"obtain_stats":[{"Ice Cream":0,"Darkstone Periapt":23,"champ:DuelingGlove":55,"Lantern":0,"Gremlin Horn":9,"CeramicFish":42,"StoneCalendar":37,"Incense Burner":14,"Bag of Preparation":40,"Ginger":25,"Whetstone":54,"Centennial Puzzle":38,"WristBlade":17,"Mummified Hand":12,"MealTicket":30,"Fusion Hammer":34,"Chemical X":0,"Kunai":0,"Toxic Egg 2":6,"Ring of the Snake":0,"champ:Barbells":38,"Happy Flower":46,"Ornamental Fan":26,"Molten Egg 2":47,"Bag of Marbles":28},{"Ice Cream":0,"Darkstone Periapt":15,"champ:DuelingGlove":32,"Lantern":0,"Gremlin Horn":7,"CeramicFish":26,"StoneCalendar":24,"Incense Burner":10,"Bag of Preparation":25,"Ginger":16,"Whetstone":31,"Centennial Puzzle":24,"WristBlade":11,"Mummified Hand":9,"MealTicket":19,"Fusion Hammer":21,"Chemical X":0,"Kunai":0,"Toxic Egg 2":5,"Ring of the Snake":0,"champ:Barbells":24,"Happy Flower":28,"Ornamental Fan":16,"Molten Egg 2":28,"Bag of Marbles":18},{"Ice Cream":0,"Darkstone Periapt":26,"champ:DuelingGlove":93,"Lantern":0,"Gremlin Horn":9,"CeramicFish":58,"StoneCalendar":53,"Incense Burner":14,"Bag of Preparation":57,"Ginger":28,"Whetstone":86,"Centennial Puzzle":53,"WristBlade":16,"Mummified Hand":13,"MealTicket":37,"Fusion Hammer":46,"Chemical X":0,"Kunai":0,"Toxic Egg 2":6,"Ring of the Snake":0,"champ:Barbells":53,"Happy Flower":65,"Ornamental Fan":28,"Molten Egg 2":65,"Bag of Marbles":34}],"Ring of the Snake":[67]},"card_choices":[{"not_picked":["Eviscerate","Dodge and Roll"],"picked":"Masterful Stab","floor":1},{"not_picked":["Flechettes","Blur"],"picked":"Dagger Spray","floor":2},{"not_picked":["Eviscerate","Deadly Poison"],"picked":"Accuracy","floor":3},{"not_picked":["Dagger Spray","Quick Slash"],"picked":"Outmaneuver","floor":4},{"not_picked":["PiercingWail+1","Quick Slash"],"picked":"Cloak And Dagger+1","floor":6},{"not_picked":["Outmaneuver+1","Underhanded Strike"],"picked":"Adrenaline+1","floor":7},{"not_picked":["Sucker Punch","Outmaneuver+1","Flying Knee"],"picked":"SKIP","floor":8},{"not_picked":["Sucker Punch","Flying Knee"],"picked":"Outmaneuver+1","floor":8},{"not_picked":["Cloak And Dagger+1","Catalyst+1"],"picked":"Dodge and Roll+1","floor":10},{"not_picked":["Slice","Heel Hook"],"picked":"Backflip+1","floor":12},{"not_picked":["Dash","Backflip+1","Sucker Punch"],"picked":"SKIP","floor":14},{"not_picked":["Corpse Explosion+1","Bullet Time+1"],"picked":"Envenom","floor":16},{"not_picked":["Outmaneuver+1","Choke+1","Noxious Fumes"],"picked":"SKIP","floor":18},{"not_picked":["Expertise+1","Deadly Poison+1"],"picked":"Blur+1","floor":19},{"not_picked":["PiercingWail+1","Dodge and Roll+1","Bane"],"picked":"SKIP","floor":21},{"not_picked":["Slice","Grand Finale"],"picked":"Well Laid Plans","floor":23},{"not_picked":["Dagger Throw","Leg Sweep+1","Prepared+1"],"picked":"SKIP","floor":25},{"not_picked":["Setup+1","Finisher","PiercingWail+1"],"picked":"SKIP","floor":27},{"not_picked":["Underhanded Strike","Calculated Gamble+1"],"picked":"Burst+1","floor":28},{"not_picked":["Leg Sweep+1","Expertise+1","Calculated Gamble+1"],"picked":"SKIP","floor":30},{"not_picked":["Terror+1","Poisoned Stab","Underhanded Strike"],"picked":"SKIP","floor":31},{"not_picked":["Corpse Explosion+1","Glass Knife"],"picked":"Malaise+1","floor":33},{"not_picked":["Deflect+1","Escape Plan+1","Sucker Punch+1"],"picked":"SKIP","floor":35},{"not_picked":["All Out Attack","Deflect+1","Flying Knee"],"picked":"SKIP","floor":36},{"not_picked":["Quick Slash+1","Prepared+1","Skewer+1"],"picked":"SKIP","floor":40},{"not_picked":["Die Die Die","Dagger Throw","Concentrate+1"],"picked":"SKIP","floor":42},{"not_picked":["Sucker Punch","Acrobatics+1","Escape Plan+1"],"picked":"SKIP","floor":44},{"not_picked":["Noxious Fumes","Setup+1"],"picked":"PiercingWail+1","floor":46},{"not_picked":["Noxious Fumes","Footwork+1","Dagger Spray+1"],"picked":"SKIP","floor":48},{"not_picked":["Concentrate+1","Sucker Punch+1"],"picked":"Cloak And Dagger+1","floor":55}],"player_experience":980548,"relics_obtained":[{"floor":6,"key":"Toxic Egg 2"},{"floor":9,"key":"Gremlin Horn"},{"floor":12,"key":"Mummified Hand"},{"floor":14,"key":"Incense Burner"},{"floor":23,"key":"Darkstone Periapt"},{"floor":25,"key":"Ginger"},{"floor":26,"key":"Ornamental Fan"},{"floor":28,"key":"Bag of Marbles"},{"floor":30,"key":"MealTicket"},{"floor":37,"key":"StoneCalendar"},{"floor":40,"key":"Bag of Preparation"},{"floor":42,"key":"CeramicFish"},{"floor":46,"key":"Happy Flower"},{"floor":55,"key":"champ:DuelingGlove"}],"event_choices":[{"damage_healed":0,"gold_gain":0,"player_choice":"Ignored","damage_taken":0,"max_hp_gain":0,"max_hp_loss":0,"event_name":"Liars Game","floor":11,"gold_loss":0},{"damage_healed":0,"gold_gain":0,"player_choice":"Read","damage_taken":0,"max_hp_gain":0,"max_hp_loss":0,"event_name":"The Library","floor":22,"gold_loss":0,"cards_obtained":["Acrobatics"]},{"damage_healed":0,"gold_gain":180,"player_choice":"GOLD GOLD ","damage_taken":19,"max_hp_gain":0,"max_hp_loss":0,"event_name":"Knowing Skull","floor":29,"potions_obtained":[],"gold_loss":0,"cards_obtained":[]},{"damage_healed":0,"gold_gain":0,"player_choice":"Fight","damage_taken":0,"max_hp_gain":0,"max_hp_loss":0,"event_name":"MindBloom","floor":37,"gold_loss":0},{"damage_healed":0,"gold_gain":0,"player_choice":"Ignored","damage_taken":0,"max_hp_gain":0,"max_hp_loss":0,"event_name":"Purifier","floor":39,"gold_loss":0}],"is_beta":false,"boss_relics":[{"not_picked":["Snecko Eye","Astrolabe"],"picked":"WristBlade"},{"not_picked":["Sozu","Black Star"],"picked":"Fusion Hammer"}],"items_purged_floors":[],"is_endless":false,"potions_floor_spawned":[1,8,10,12,19,23,25,28,30,31,37,40,48,55],"ascension_level":20}}