{"host":"3498uni0c31c9bdm","time":1612635323,"event":{"mods":["BaseMod","Better Match","Better Note","Better Sensory Stone","Better Skull","Better Third Choice","Colored Map","Minty Spire (QoL Compilation)","Quick Restart","RNG Fix","Random Character Button","Replay The Spire","Shop Mod","Smile Girya","StSLib","Unceasing Turn Reminder"],"gold_per_floor":[110,128,188,188,206,235,235,12,38,50,50,50,50,74,74,164,164,188,188,188,188,200,200,234,234,280,280,280,307,320,320,320,407,416,438,438,461,461,461],"floor_reached":38,"language":"ENG","playtime":1568,"items_purged":["Pain"],"score":861,"play_id":"e04777ff-ab7d-4f83-b353-af343565ee13","local_time":"20210207051523","is_ascension_mode":true,"campfire_choices":[{"floor":7,"key":"RECALL"},{"floor":13,"key":"REST"},{"data":"Establishment","floor":23,"key":"SMITH"},{"floor":25,"key":"REST"},{"floor":28,"key":"REST"},{"floor":32,"key":"REST"}],"circlet_count":0,"master_deck":["AscendersBane","Strike_P","Strike_P","Strike_P","Defend_P+1","Defend_P","Defend_P","Eruption","Vigilance","EmptyFist","Prostrate","FollowUp","Protect","WindmillStrike","ForeignInfluence+1","Steam","Prostrate","Ragnarok+1","Overencumbered","Consecrate","Injury","Weave","Establishment+1","FlyingSleeves","CutThroughFate","Writhe","Replay:ManipulateFuture","Replay:Cycle","Replay:LoomingThreat","CurseOfTheBell","FlurryOfBlows","Evaluate"],"relics":["PureWater","Orichalcum","ReplayTheSpireMod:Ninjato","ReplayTheSpireMod:CursedCoin","Thread and Needle","Anchor","Bloody Idol","ChewingGum","Sundial","ReplayTheSpireMod:Shallot","ReplayTheSpireMod:TigerMarble","CeramicFish","Calling Bell","PreservedInsect","StrikeDummy","Shovel"],"acts_visited":["Exordium","TheCity","TheBeyond"],"potions_floor_usage":[6,16,16,24,24],"damage_taken":[{"damage":7,"enemies":"Jaw Worm","floor":1,"turns":3},{"damage":0,"enemies":"Small Slimes","floor":2,"turns":4},{"damage":0,"enemies":"Cultist","floor":5,"turns":4},{"damage":13,"enemies":"Replay:BlueRogue","floor":6,"turns":5},{"damage":0,"enemies":"Lots of Slimes","floor":10,"turns":5},{"damage":0,"enemies":"Gremlin Gang","floor":14,"turns":2},{"damage":23,"enemies":"Fading Forest","floor":16,"turns":11},{"damage":17,"enemies":"Shell Parasite","floor":18,"turns":4},{"damage":0,"enemies":"3 Byrds","floor":22,"turns":4},{"damage":57,"enemies":"Slavers","floor":24,"turns":7},{"damage":1,"enemies":"Book of Stabbing","floor":29,"turns":4},{"damage":7,"enemies":"Sentry and Sphere","floor":30,"turns":4},{"damage":38,"enemies":"Champ","floor":33,"turns":12},{"damage":1,"enemies":"Orb Walker","floor":35,"turns":3},{"damage":16,"enemies":"3 Shapes","floor":37,"turns":4},{"damage":59,"enemies":"Sphere and 2 Shapes","floor":38,"turns":12}],"seed_played":"8215129864267326675","potions_obtained":[{"floor":3,"key":"Dexterity Potion"},{"floor":5,"key":"Block Potion"},{"floor":6,"key":"FearPotion"},{"floor":16,"key":"CultistPotion"},{"floor":18,"key":"PowerPotion"},{"floor":29,"key":"Strength Potion"},{"floor":35,"key":"SpeedPotion"}],"is_trial":false,"path_per_floor":["M","M","?","?","M","E","R","$","T","M","?","?","R","M","R_BF","B",null,"M","?","$","?","M","R","E","R","T","?","R","E","M","?","R","B",null,"M","?","M","M"],"character_chosen":"WATCHER","items_purchased":["ReplayTheSpireMod:CursedCoin","Thread and Needle"],"campfire_rested":4,"item_purchase_floors":[8,8],"current_hp_per_floor":[54,54,54,54,54,41,41,41,41,41,41,41,61,61,68,51,64,47,61,61,61,66,66,14,34,39,39,59,63,61,43,63,35,61,68,64,58,0,0],"gold":461,"neow_bonus":"THREE_CARDS","is_daily":false,"chose_seed":false,"campfire_upgraded":1,"win_rate":0.0,"timestamp":1612635323,"path_taken":["M","M","?","?","?","E","R","$","T","M","?","?","R","M","R_BF","BOSS","M","?","$","?","M","R","E","R","T","?","R","E","?","?","R","BOSS","M","?","M","?"],"items_purchased_type":["Relic","Relic"],"build_version":"2020-12-22","purchased_purges":1,"victory":false,"max_hp_per_floor":[68,68,68,68,68,68,68,68,68,68,68,68,68,68,68,68,68,68,68,68,68,68,68,68,68,68,68,68,68,68,68,68,68,68,68,68,68,68,68],"card_choices":[{"not_picked":["BowlingBash","Halt"],"picked":"EmptyFist","floor":0},{"not_picked":["Replay:Hum","CutThroughFate"],"picked":"Prostrate","floor":1},{"not_picked":["Replay:Anticipation","WaveOfTheHand"],"picked":"FollowUp","floor":2},{"not_picked":["Weave","ClearTheMind"],"picked":"Protect","floor":3},{"not_picked":["Replay:ManipulateFuture","EmptyFist"],"picked":"WindmillStrike","floor":3},{"not_picked":["SashWhip","ClearTheMind"],"picked":"Prostrate","floor":5},{"not_picked":["Weave","Worship"],"picked":"Ragnarok","floor":6},{"not_picked":["Replay:Vibes","Halt"],"picked":"Consecrate","floor":10},{"not_picked":["Protect","FlyingSleeves"],"picked":"Weave","floor":14},{"not_picked":["ConjureBlade","Blasphemy"],"picked":"Establishment","floor":16},{"not_picked":["FollowUp","Consecrate"],"picked":"FlyingSleeves","floor":18},{"not_picked":["Replay:BluntJabs","WindmillStrike","Replay:AtTheReady"],"picked":"SKIP","floor":22},{"not_picked":["ThirdEye","Blasphemy"],"picked":"CutThroughFate","floor":24},{"not_picked":["Replay:BluntJabs","InnerPeace"],"picked":"Replay:ManipulateFuture","floor":29},{"not_picked":["Replay:AtTheReady","ConjureBlade"],"picked":"Replay:Cycle","floor":30},{"not_picked":["Scrawl","Wish"],"picked":"Replay:LoomingThreat","floor":33},{"not_picked":["Prostrate","Replay:Vibes"],"picked":"FlurryOfBlows","floor":35},{"not_picked":["CutThroughFate","Prostrate"],"picked":"Evaluate","floor":37}],"player_experience":836571,"relics_obtained":[{"floor":3,"key":"Orichalcum"},{"floor":6,"key":"ReplayTheSpireMod:Ninjato"},{"floor":9,"key":"Anchor"},{"floor":24,"key":"Sundial"},{"floor":29,"key":"ReplayTheSpireMod:TigerMarble"},{"floor":34,"key":"PreservedInsect"},{"floor":34,"key":"StrikeDummy"},{"floor":34,"key":"Shovel"}],"event_choices":[{"damage_healed":0,"gold_gain":0,"player_choice":"Grow","damage_taken":0,"max_hp_gain":0,"max_hp_loss":0,"event_name":"Living Wall","floor":11,"gold_loss":0,"cards_upgraded":["Ragnarok"]},{"damage_healed":0,"gold_gain":0,"player_choice":"Take Wound","damage_taken":0,"relics_obtained":["Golden Idol"],"max_hp_gain":0,"max_hp_loss":0,"event_name":"Golden Idol","floor":12,"gold_loss":0,"cards_obtained":["Injury"]},{"damage_healed":14,"gold_gain":0,"player_choice":"Heal","damage_taken":0,"max_hp_gain":0,"max_hp_loss":0,"event_name":"The Library","floor":19,"gold_loss":0},{"damage_healed":0,"gold_gain":0,"player_choice":"Gave Idol","damage_taken":0,"relics_obtained":["Bloody Idol"],"max_hp_gain":0,"max_hp_loss":0,"event_name":"Forgotten Altar","floor":21,"relics_lost":["Golden Idol"],"gold_loss":0},{"damage_healed":0,"gold_gain":0,"player_choice":"Opened","damage_taken":0,"relics_obtained":["ReplayTheSpireMod:Shallot"],"max_hp_gain":0,"max_hp_loss":0,"event_name":"The Mausoleum","floor":27,"gold_loss":0,"cards_obtained":["Writhe"]},{"damage_healed":0,"gold_gain":0,"player_choice":"RE ","damage_taken":20,"relics_obtained":["CeramicFish"],"max_hp_gain":0,"max_hp_loss":0,"event_name":"betterSkull:BetterSkull","floor":31,"gold_loss":0,"cards_upgraded":[]},{"damage_healed":0,"gold_gain":0,"player_choice":"Bought 0 Potions","damage_taken":0,"max_hp_gain":0,"max_hp_loss":0,"event_name":"The Woman in Blue","floor":36,"gold_loss":0}],"is_beta":false,"boss_relics":[{"not_picked":["Black Star","Kintsugi"],"picked":"ChewingGum"},{"not_picked":["Tiny House","VioletLotus"],"picked":"Calling Bell"}],"items_purged_floors":[8],"is_endless":false,"potions_floor_spawned":[5,6,16,18,29,35],"killed_by":"Sphere and 2 Shapes","ascension_level":15}}