{"host":"cb9xh4d0ss8ax8yb","time":1612618699,"event":{"mods":["100% Spire Juice","Arknights","BaseMod","Fox Events","Good Game Mod","Jess\u0027s Bottle","Minty Spire (QoL Compilation)","StSLib","The Dragon Tamer","The Gatherer"],"gold_per_floor":[111,127,77,77,77,77,12,12,37,37,55,55,81,96,96,193,73,83,100,100,0,0,25,25,38,63,93,93,93,113,143,23,118,118,132,132,142,152,164,195,211,240,317,349,349,349,349,376,376,376],"floor_reached":51,"language":"KOR","playtime":3959,"items_purged":[],"score":1232,"play_id":"0dc7f009-1469-416b-9cf8-75b4b5593608","local_time":"20210206223819","is_ascension_mode":true,"campfire_choices":[{"data":"Moonworks:CloudOfSeagulls","floor":6,"key":"SMITH"},{"data":"Moonworks:Ambush","floor":8,"key":"SMITH"},{"data":"Moonworks:DeployBits","floor":10,"key":"SMITH"},{"data":"Moonworks:NicePresent","floor":15,"key":"SMITH"},{"data":"Moonworks:Wanted","floor":24,"key":"SMITH"},{"data":"Moonworks:PlushieMaster","floor":29,"key":"SMITH"},{"data":"Moonworks:BackdoorTrade","floor":32,"key":"SMITH"},{"data":"Moonworks:CompletionReward","floor":49,"key":"SMITH"}],"circlet_count":0,"master_deck":["Moonworks:Strike","Moonworks:Strike","Moonworks:Defend","Moonworks:Defend","Moonworks:Defend","Moonworks:Ambush+1","Moonworks:LongDistanceShot","Moonworks:DeployBits+1","Moonworks:CloudOfSeagulls+1","Moonworks:WindyEnchantment","Moonworks:NicePresent+1","Moonworks:EvilSpyWorkPreparation","Moonworks:Wanted+1","Moonworks:PlushieMaster+1","Moonworks:DeployBits","Moonworks:BackdoorTrade+1","Moonworks:CloudOfSeagulls+1","Moonworks:Flamethrower+1","Moonworks:NicePresent+1","Moonworks:AwakeningOfTalent+1","Moonworks:HolyNight+1","Moonworks:DeployBits+1","Exhume","Moonworks:Dinner","Moonworks:JonathanRush","Moonworks:JonathanRush","Moonworks:x16BigRocket+1","Moonworks:BackdoorTrade+1","Moonworks:FullSpeedAlicianrone+1","Moonworks:CompletionReward+1","Madness+1","Madness+1","Moonworks:CloudOfSeagulls+1"],"relics":["Moonworks:SBBomb","Moonworks:Homemark","jessBottle:WaterBottleRelic","REME:ComplimentaryCards","Anchor","Moonworks:LittleGull","Enchiridion","Juzu Bracelet","Oddly Smooth Stone","Frozen Egg 2","MutagenicStrength","Mummified Hand","SlaversCollar","Lantern","StoneCalendar","Toxic Egg 2","Bag of Preparation","Omamori"],"acts_visited":["Exordium","TheCity","TheBeyond"],"potions_floor_usage":[16,16,31,33,33,40,50,50,50],"damage_taken":[{"damage":6,"enemies":"Jaw Worm","floor":1,"turns":3},{"damage":10,"enemies":"Small Slimes","floor":2,"turns":3},{"damage":0,"enemies":"2 Louse","floor":11,"turns":2},{"damage":0,"enemies":"Lagavulin","floor":13,"turns":4},{"damage":0,"enemies":"Blue Slaver","floor":14,"turns":2},{"damage":0,"enemies":"Hexaghost","floor":16,"turns":5},{"damage":0,"enemies":"2 Thieves","floor":18,"turns":3},{"damage":0,"enemies":"Chosen","floor":19,"turns":3},{"damage":2,"enemies":"Snake Plant","floor":21,"turns":2},{"damage":0,"enemies":"Slavers","floor":23,"turns":3},{"damage":0,"enemies":"Snecko","floor":25,"turns":3},{"damage":12,"enemies":"Book of Stabbing","floor":27,"turns":4},{"damage":0,"enemies":"Shelled Parasite and Fungi","floor":30,"turns":3},{"damage":0,"enemies":"Gremlin Leader","floor":31,"turns":3},{"damage":23,"enemies":"Champ","floor":33,"turns":7},{"damage":0,"enemies":"3 Darklings","floor":35,"turns":3},{"damage":0,"enemies":"3 Shapes","floor":37,"turns":1},{"damage":0,"enemies":"Writhing Mass","floor":38,"turns":4},{"damage":0,"enemies":"Jaw Worm Horde","floor":39,"turns":3},{"damage":0,"enemies":"Nemesis","floor":40,"turns":3},{"damage":10,"enemies":"Spire Growth","floor":41,"turns":3},{"damage":0,"enemies":"Giant Head","floor":42,"turns":5},{"damage":19,"enemies":"Nemesis","floor":44,"turns":5},{"damage":0,"enemies":"Giant Head","floor":48,"turns":5},{"damage":20,"enemies":"Time Eater","floor":50,"turns":7}],"seed_played":"-6117223663837018655","potions_obtained":[{"floor":1,"key":"DistilledChaos"},{"floor":11,"key":"SpeedPotion"},{"floor":18,"key":"BlessingOfTheForge"},{"floor":23,"key":"Ancient Potion"},{"floor":25,"key":"Regen Potion"},{"floor":37,"key":"ColorlessPotion"},{"floor":39,"key":"DistilledChaos"},{"floor":44,"key":"SkillPotion"},{"floor":48,"key":"SpeedPotion"}],"is_trial":false,"path_per_floor":["M","M","?","?","$","R","?","R","T","R","M","?","E","M","R","B",null,"M","M","?","M","?","E","R","M","T","E","?","R","M","E","R","B",null,"M","?","M","M","M","E","M","E","T","E","?","?","?","E","R","B",null],"character_chosen":"THE_STARBREAKER","items_purchased":[],"campfire_rested":0,"item_purchase_floors":[],"current_hp_per_floor":[54,44,44,37,37,37,37,37,37,37,37,37,37,37,37,37,60,60,60,44,42,60,60,60,60,60,48,48,48,48,48,48,37,60,60,60,60,60,60,60,50,55,55,41,70,70,61,67,67,53],"gold":376,"neow_bonus":"RANDOM_COLORLESS","is_daily":false,"chose_seed":false,"campfire_upgraded":8,"win_rate":0.0,"timestamp":1612618699,"path_taken":["M","M","?","?","?","R","?","R","T","R","?","?","E","M","R","BOSS","M","M","?","M","?","E","R","M","T","E","?","R","M","E","R","BOSS","M","?","M","M","M","E","M","E","T","E","?","?","?","E","R","BOSS"],"items_purchased_type":[],"build_version":"2020-12-22","purchased_purges":0,"victory":true,"max_hp_per_floor":[60,60,60,60,60,60,60,60,60,60,60,60,60,60,60,60,60,60,60,60,60,60,60,60,60,60,60,60,60,60,60,60,60,60,60,60,60,60,60,60,60,60,60,60,70,70,70,70,70,70],"card_choices":[{"not_picked":["Purity","Blind"],"picked":"Finesse","floor":0.0},{"not_picked":["Moonworks:BackdoorTrade","Moonworks:ImOnFire"],"picked":"Moonworks:DeployBits","floor":1},{"not_picked":["Moonworks:CookingTime","Moonworks:SelfDestruct"],"picked":"Moonworks:CloudOfSeagulls","floor":2},{"not_picked":["Moonworks:Assault","Moonworks:FullSpeedAlicianrone"],"picked":"Moonworks:WindyEnchantment","floor":11},{"not_picked":["Moonworks:ReproductionOfRecords","Moonworks:DeployBits"],"picked":"Moonworks:NicePresent","floor":13},{"not_picked":["Moonworks:DevilHand","Moonworks:IndiscriminateFireSupport"],"picked":"Moonworks:EvilSpyWorkPreparation","floor":14},{"not_picked":["Moonworks:Blazing","Moonworks:GoAway"],"picked":"Moonworks:Wanted","floor":16},{"not_picked":["Moonworks:StiffCrystal","Moonworks:LulusLuckyEgg"],"picked":"Moonworks:CloudOfSeagulls","floor":18},{"not_picked":["Moonworks:ImOnFire","Moonworks:LulusLuckyEgg"],"picked":"Moonworks:PlushieMaster","floor":19},{"not_picked":["Moonworks:ImOnFire+1","Moonworks:DevilHand"],"picked":"Moonworks:DeployBits","floor":21},{"not_picked":["Moonworks:Dinner+1","Moonworks:ForcedRevival"],"picked":"Moonworks:BackdoorTrade","floor":23},{"not_picked":["Moonworks:BigMagnum","Moonworks:NicePresent"],"picked":"Moonworks:CloudOfSeagulls+1","floor":25},{"not_picked":["Moonworks:BeyondHell","Moonworks:EvilSpyWorkPreparation"],"picked":"Moonworks:Flamethrower+1","floor":27},{"not_picked":["Moonworks:Assault","Moonworks:BindingChains"],"picked":"Moonworks:NicePresent+1","floor":30},{"not_picked":["Moonworks:SweetBattle","Moonworks:ImmovableObject+1"],"picked":"Moonworks:AwakeningOfTalent+1","floor":31},{"not_picked":["Moonworks:GoAway","Moonworks:WeAreWaruda"],"picked":"Moonworks:HolyNight+1","floor":33},{"not_picked":["Moonworks:ForcedRevival","Moonworks:IndiscriminateFireSupport"],"picked":"Moonworks:DeployBits+1","floor":35},{"not_picked":["Moonworks:BindingChains","Moonworks:Assault+1"],"picked":"Moonworks:Dinner","floor":37},{"not_picked":["Moonworks:IntelligenceOfficer","Moonworks:NicePresent"],"picked":"Moonworks:JonathanRush","floor":38},{"not_picked":["Moonworks:EvilSpyWorkPreparation","Moonworks:MixPhenomenon+1"],"picked":"Moonworks:JonathanRush","floor":39},{"not_picked":["Moonworks:FullSpeedAlicianrone","Moonworks:NicePresent"],"picked":"Moonworks:Encore+1","floor":40},{"not_picked":["Moonworks:LulusLuckyEgg","Moonworks:Assault+1"],"picked":"Moonworks:x16BigRocket+1","floor":41},{"not_picked":["Moonworks:ForcedRevival+1","Moonworks:NicePresent"],"picked":"Moonworks:BackdoorTrade+1","floor":42},{"not_picked":["Moonworks:Assault","Moonworks:LulusLuckyEgg+1"],"picked":"Moonworks:FullSpeedAlicianrone+1","floor":44},{"not_picked":["Moonworks:WindyEnchantment+1","Moonworks:IntelligenceOfficer+1"],"picked":"Moonworks:CloudOfSeagulls+1","floor":48}],"player_experience":452209,"relics_obtained":[{"floor":0.0,"key":"jessBottle:WaterBottleRelic"},{"floor":9,"key":"Anchor"},{"floor":13,"key":"Moonworks:LittleGull"},{"floor":20,"key":"Enchiridion"},{"floor":23,"key":"Juzu Bracelet"},{"floor":26,"key":"Oddly Smooth Stone"},{"floor":27,"key":"Frozen Egg 2"},{"floor":31,"key":"Mummified Hand"},{"floor":40,"key":"Lantern"},{"floor":42,"key":"StoneCalendar"},{"floor":43,"key":"Toxic Egg 2"},{"floor":44,"key":"Bag of Preparation"},{"floor":48,"key":"Omamori"}],"event_choices":[{"cards_removed":["Moonworks:Strike"],"damage_healed":0,"gold_gain":0,"player_choice":"Card Removal","damage_taken":0,"max_hp_gain":0,"max_hp_loss":0,"event_name":"The Cleric","floor":3,"gold_loss":50},{"cards_removed":["Moonworks:Defend"],"damage_healed":0,"gold_gain":0,"player_choice":"Card Removal","damage_taken":7,"max_hp_gain":0,"max_hp_loss":0,"event_name":"Golden Wing","floor":4,"gold_loss":0},{"damage_healed":0,"gold_gain":175,"player_choice":"AGREE","damage_taken":0,"max_hp_gain":0,"max_hp_loss":0,"event_name":"Liars Game","floor":7,"gold_loss":0,"cards_obtained":["Doubt"]},{"cards_removed":["Doubt"],"damage_healed":0,"gold_gain":0,"player_choice":"Forget","damage_taken":0,"max_hp_gain":0,"max_hp_loss":0,"event_name":"Living Wall","floor":12,"gold_loss":0},{"damage_healed":0,"gold_gain":0,"player_choice":"Obtained Book","damage_taken":16,"max_hp_gain":0,"max_hp_loss":0,"event_name":"Cursed Tome","floor":20,"gold_loss":0},{"damage_healed":20,"gold_gain":0,"player_choice":"Heal","damage_taken":0,"max_hp_gain":0,"max_hp_loss":0,"event_name":"The Library","floor":22,"gold_loss":0},{"damage_healed":0,"gold_gain":0,"player_choice":"Inject Mutagens","damage_taken":0,"relics_obtained":["MutagenicStrength"],"max_hp_gain":0,"max_hp_loss":0,"event_name":"Drug Dealer","floor":28,"gold_loss":0},{"cards_removed":["Moonworks:CloudOfSeagulls"],"damage_healed":0,"gold_gain":0,"player_choice":"Removed Attack","damage_taken":0,"max_hp_gain":0,"max_hp_loss":0,"event_name":"Falling","floor":36,"gold_loss":0},{"cards_removed":["Moonworks:Encore"],"damage_healed":19,"gold_gain":0,"player_choice":"Offered Rare","damage_taken":0,"max_hp_gain":10,"max_hp_loss":0,"event_name":"Bonfire Elementals","floor":45,"gold_loss":0},{"damage_healed":0,"gold_gain":0,"cards_transformed":["Moonworks:Strike"],"player_choice":"Transformed","damage_taken":0,"max_hp_gain":0,"max_hp_loss":0,"event_name":"Transmorgrifier","floor":46,"gold_loss":0,"cards_obtained":["Moonworks:CompletionReward"]},{"damage_healed":0,"gold_gain":0,"player_choice":"Embrace Madness","damage_taken":9,"max_hp_gain":0,"max_hp_loss":0,"event_name":"Winding Halls","floor":47,"gold_loss":0,"cards_obtained":["Madness","Madness"]}],"is_beta":false,"boss_relics":[{"not_picked":["Black Star","Astrolabe"],"picked":"Moonworks:SBBomb"},{"not_picked":["SacredBark","Runic Pyramid"],"picked":"SlaversCollar"}],"items_purged_floors":[],"is_endless":false,"potions_floor_spawned":[1,11,18,23,25,27,30,37,39,44,48],"ascension_level":1}}