{"host":"eaiphzh066bwqdh7","time":1612572375,"event":{"mods":["BaseMod","Better Note","Halation","Hubris","Minty Spire (QoL Compilation)","Reliquary","Replay The Spire","StSLib"],"gold_per_floor":[109,34,49,60,60,60,76,21,21,21,21,21],"floor_reached":11,"language":"ENG","playtime":210,"items_purged":["Defend_P"],"score":76,"play_id":"09ff5ebe-74b9-43d7-9e60-68f038c184a7","local_time":"20210205194615","is_ascension_mode":true,"campfire_choices":[{"floor":6,"key":"REST"},{"data":"Study","floor":10,"key":"SMITH"}],"circlet_count":0,"master_deck":["Strike_P","Strike_P","Strike_P","Strike_P","Defend_P","Defend_P","Defend_P","Eruption","Vigilance","Secret Weapon","Study+1","Worship+1"],"relics":["PureWater","hubris:Reverence","halation:WeightlessCrab"],"acts_visited":["Exordium"],"potions_floor_usage":[11],"damage_taken":[{"damage":0,"enemies":"Cultist","floor":1,"turns":2},{"damage":0,"enemies":"2 Louse","floor":3,"turns":2},{"damage":7,"enemies":"Jaw Worm","floor":4,"turns":4},{"damage":4,"enemies":"Looter","floor":7,"turns":3},{"damage":67,"enemies":"Gremlin Nob","floor":11,"turns":3}],"seed_played":"-573786718793261140","potions_obtained":[{"floor":1,"key":"Block Potion"}],"is_trial":false,"path_per_floor":["M","$","M","M","?","R","M","?","T","R","E"],"character_chosen":"WATCHER","items_purchased":[],"campfire_rested":1,"item_purchase_floors":[],"current_hp_per_floor":[51,51,51,44,44,65,61,61,61,61,0,0],"gold":21,"neow_bonus":"RANDOM_COLORLESS_2","is_daily":false,"chose_seed":false,"campfire_upgraded":1,"win_rate":0.0,"timestamp":1612572375,"path_taken":["M","$","?","M","?","R","M","?","T","R","E"],"items_purchased_type":[],"build_version":"2020-12-22","purchased_purges":1,"victory":false,"max_hp_per_floor":[72,72,72,72,72,72,72,72,72,72,72,72],"card_choices":[{"not_picked":["Apotheosis","ReplayTheSpireMod:Necrogeddon"],"picked":"Secret Weapon","floor":0},{"not_picked":["Halt","Protect","JustLucky"],"picked":"SKIP","floor":1},{"not_picked":["Protect","Crescendo"],"picked":"Study","floor":3},{"not_picked":["Halt","ThirdEye"],"picked":"Worship","floor":4},{"not_picked":["WaveOfTheHand","WheelKick","JustLucky"],"picked":"SKIP","floor":7}],"player_experience":270696,"relics_obtained":[{"floor":9,"key":"halation:WeightlessCrab"}],"event_choices":[{"damage_healed":0,"gold_gain":0,"player_choice":"Paid Gold","damage_taken":0,"relics_obtained":["hubris:Reverence"],"max_hp_gain":0,"max_hp_loss":0,"event_name":"WeMeetAgain","floor":8,"gold_loss":55}],"is_beta":false,"boss_relics":[],"items_purged_floors":[2],"is_endless":false,"potions_floor_spawned":[1],"killed_by":"Gremlin Nob","ascension_level":4}}