{"host":"8pl220r0zqtv6uof","time":1612570503,"event":{"mods":["BaseMod","Colored Map","DeckTracker","Highlight Path","Keyboard Shortcuts","Minty Spire (QoL Compilation)","Quick Restart","SuperFastMode"],"gold_per_floor":[116,116,3270,3281,3296,3330,3330,3355,3355,3355,3388,3400,3400,3418,3418,3520,3520,3538,3463,3482,3482,3501,3501,3501],"floor_reached":23,"language":"KOR","playtime":1368,"items_purged":["Strike_G"],"score":285,"play_id":"93be6b1f-12c0-4145-a8a2-788e585fbe4a","local_time":"20210206091503","is_ascension_mode":true,"campfire_choices":[{"floor":10,"key":"REST"},{"data":"Catalyst","floor":15,"key":"SMITH"}],"circlet_count":0,"master_deck":["Strike_G","Strike_G","Defend_G","Defend_G","Defend_G","Defend_G","Defend_G","Survivor","Neutralize+1","Reflex","Metamorphosis","Escape Plan","Calculated Gamble","Noxious Fumes+1","Backflip","Catalyst+1","Acrobatics","Endless Agony","A Thousand Cuts+1","PiercingWail","Dodge and Roll","Deflect"],"relics":["Ring of the Snake","Orichalcum","Gremlin Horn","Anchor","Toolbox","Frozen Egg 2","Dream Catcher","Sundial","Philosopher\u0027s Stone","Nloth\u0027s Gift"],"acts_visited":["Exordium","TheCity"],"potions_floor_usage":[4,6,6,12,16,18,18],"damage_taken":[{"damage":2,"enemies":"Cultist","floor":1,"turns":5},{"damage":1,"enemies":"Small Slimes","floor":4,"turns":3},{"damage":4,"enemies":"Jaw Worm","floor":5,"turns":4},{"damage":5,"enemies":"3 Sentries","floor":6,"turns":6},{"damage":31,"enemies":"Gremlin Nob","floor":8,"turns":4},{"damage":2,"enemies":"Lagavulin","floor":11,"turns":5},{"damage":0,"enemies":"Exordium Thugs","floor":12,"turns":4},{"damage":2,"enemies":"2 Fungi Beasts","floor":14,"turns":3},{"damage":47,"enemies":"Slime Boss","floor":16,"turns":9},{"damage":0,"enemies":"Chosen","floor":18,"turns":3},{"damage":17,"enemies":"Spheric Guardian","floor":20,"turns":5},{"damage":19,"enemies":"Snecko","floor":22,"turns":6},{"damage":26,"enemies":"Slavers","floor":23,"turns":3}],"seed_played":"-1018902177396699257","potions_obtained":[{"floor":4,"key":"Strength Potion"},{"floor":5,"key":"Block Potion"},{"floor":8,"key":"AttackPotion"},{"floor":12,"key":"FearPotion"},{"floor":14,"key":"AttackPotion"},{"floor":20,"key":"Ancient Potion"},{"floor":22,"key":"Weak Potion"}],"is_trial":false,"path_per_floor":["M","?","$","M","M","E","?","E","T","R","E","M","?","M","R","B",null,"M","?","M","?","M","E"],"character_chosen":"THE_SILENT","items_purchased":["Gremlin Horn","Anchor","Toolbox","Metamorphosis","SkillPotion","SteroidPotion"],"campfire_rested":1,"item_purchase_floors":[3,3,3,3,3,3],"current_hp_per_floor":[61,54,54,53,49,44,70,39,39,60,58,58,58,56,56,9,55,55,55,38,38,19,0,0],"gold":3501,"neow_bonus":"UPGRADE_CARD","is_daily":false,"chose_seed":false,"campfire_upgraded":1,"win_rate":0.0,"timestamp":1612570503,"path_taken":["M","?","$","M","M","E","?","E","T","R","E","?","?","M","R","BOSS","M","?","M","?","M","E"],"items_purchased_type":["Relic","Relic","Relic","Card","Potion","Potion"],"build_version":"2020-12-22","purchased_purges":1,"victory":false,"max_hp_per_floor":[70,70,70,70,70,70,70,70,70,70,70,70,70,70,70,70,70,70,70,70,70,70,70,70],"card_choices":[{"not_picked":["Outmaneuver","Blade Dance"],"picked":"Reflex","floor":1},{"not_picked":["PiercingWail","Slice"],"picked":"Escape Plan","floor":4},{"not_picked":["Quick Slash","Flying Knee"],"picked":"Calculated Gamble","floor":5},{"not_picked":["Masterful Stab","Riddle With Holes"],"picked":"Noxious Fumes+1","floor":6},{"not_picked":["Quick Slash","Poisoned Stab"],"picked":"Backflip","floor":8},{"not_picked":["Bane","Infinite Blades+1"],"picked":"Catalyst","floor":10},{"not_picked":["Dagger Throw","Masterful Stab","Skewer"],"picked":"SKIP","floor":11},{"not_picked":["Choke","Flying Knee"],"picked":"Acrobatics","floor":12},{"not_picked":["Escape Plan","Distraction","Storm of Steel"],"picked":"SKIP","floor":14},{"not_picked":["Phantasmal Killer","Tools of the Trade+1"],"picked":"A Thousand Cuts+1","floor":16},{"not_picked":["Heel Hook","Underhanded Strike"],"picked":"PiercingWail","floor":18},{"not_picked":["Underhanded Strike","Acrobatics"],"picked":"Dodge and Roll","floor":20},{"not_picked":["Setup","Masterful Stab"],"picked":"Deflect","floor":22}],"player_experience":132887,"relics_obtained":[{"floor":6,"key":"Frozen Egg 2"},{"floor":8,"key":"Dream Catcher"},{"floor":9,"key":"MealTicket"},{"floor":11,"key":"Sundial"}],"event_choices":[{"damage_healed":0,"gold_gain":0,"player_choice":"Success","damage_taken":7,"relics_obtained":["Orichalcum"],"max_hp_gain":0,"max_hp_loss":0,"event_name":"Scrap Ooze","floor":2,"gold_loss":0},{"damage_healed":26,"gold_gain":0,"player_choice":"Full Heal","damage_taken":0,"max_hp_gain":0,"max_hp_loss":0,"event_name":"Wheel of Change","floor":7,"gold_loss":0},{"damage_healed":0,"gold_gain":0,"cards_transformed":["Strike_G"],"player_choice":"Transformed","damage_taken":0,"max_hp_gain":0,"max_hp_loss":0,"event_name":"Transmorgrifier","floor":13,"gold_loss":0,"cards_obtained":["Endless Agony"]},{"cards_removed":["Strike_G"],"damage_healed":0,"gold_gain":0,"player_choice":"Gave Gold","damage_taken":0,"max_hp_gain":0,"max_hp_loss":0,"event_name":"Beggar","floor":19,"gold_loss":75},{"damage_healed":0,"gold_gain":0,"player_choice":"Traded Relic","damage_taken":0,"relics_obtained":["Nloth\u0027s Gift"],"max_hp_gain":0,"max_hp_loss":0,"event_name":"N\u0027loth","floor":21,"relics_lost":["MealTicket"],"gold_loss":0}],"is_beta":false,"boss_relics":[{"not_picked":["Black Star","Busted Crown"],"picked":"Philosopher\u0027s Stone"}],"items_purged_floors":[3],"is_endless":false,"potions_floor_spawned":[4,5,8,12,14,20,22],"killed_by":"Slavers","ascension_level":7}}