{"host":"u6v0z43xi4vbzvq3","time":1612609945,"event":{"mods":["BaseMod","Beaked The Cultist","Colored Map","Downfall","Duelist Mod","Googly Eyes","Highlight Path","Hubris","Infinite Spire","Minty Spire (QoL Compilation)","Replay The Spire","Shop Mod","StSLib","SuperFastMode"],"gold_per_floor":[114,114,114,131,131,160,172,172,253,68,128,128,128,177,177,282,282,294,307,406,406,423,423,434,434,459,459,459,475,475,475,475,475,475,570,570,583,583,583,597,597,597,597,597,597,453,473,473,473,473],"floor_reached":49,"language":"ENG","playtime":1469,"items_purged":["Regret"],"score":477,"play_id":"a9f03722-6d98-4e4e-9048-453f1faaf1f6","local_time":"20210206221224","is_ascension_mode":false,"campfire_choices":[{"data":"Zap","floor":12,"key":"SMITH"},{"floor":15,"key":"REST"},{"data":"Electrodynamics","floor":23,"key":"SMITH"},{"data":"Double Energy","floor":34,"key":"SMITH"},{"data":"Static Discharge","floor":42,"key":"SMITH"},{"data":"Ball Lightning","floor":44,"key":"SMITH"}],"circlet_count":0,"master_deck":["Strike_B+1","Strike_B","Strike_B+1","Defend_B","Defend_B+1","Defend_B","Defend_B","Zap+1","Dualcast","Gash","Tempest+1","Genetic Algorithm","Ball Lightning+1","Streamline","ReplayTheSpireMod:Splinters","Electrodynamics+1","Bandage Up","hubris:InfiniteBlow","Gash+1","Ball Lightning+1","Double Energy+1","Sweeping Beam","Decay","Multi-Cast","Redo+1","Static Discharge+1","Double Energy+1","Jack Of All Trades","Sweeping Beam"],"relics":["Cracked Core","NeowsBlessing","Whetstone","War Paint","hubris:Reverence","Mercury Hourglass","Juzu Bracelet","White Beast Statue","infinitespire:FocusingShard","ReplayTheSpireMod:SealedPack","hubris:Towel","Oddly Smooth Stone","hubris:BallOfYels","Replay:Accelerometer","Sozu","hubris:CrystalStatue","Iron Hammer","Orichalcum"],"acts_visited":["Exordium","TheCity","TheBeyond"],"potions_floor_usage":[18,18,22,24,24,29,35,35,49],"damage_taken":[{"damage":0,"enemies":"Small Slimes","floor":1,"turns":1},{"damage":0,"enemies":"Cultist","floor":4,"turns":1},{"damage":0,"enemies":"Lagavulin","floor":6,"turns":1},{"damage":5,"enemies":"Jaw Worm","floor":7,"turns":3},{"damage":17,"enemies":"3 Sentries","floor":11,"turns":4},{"damage":14,"enemies":"Slime Boss","floor":16,"turns":6},{"damage":12,"enemies":"3 Byrds","floor":18,"turns":3},{"damage":0,"enemies":"Chosen","floor":19,"turns":3},{"damage":15,"enemies":"Snake Plant","floor":22,"turns":3},{"damage":11,"enemies":"Chosen and Byrds","floor":24,"turns":4},{"damage":14,"enemies":"Shelled Parasite and Fungi","floor":29,"turns":4},{"damage":76,"enemies":"hubris:MusketHawk","floor":35,"turns":9},{"damage":0,"enemies":"3 Darklings","floor":37,"turns":3},{"damage":0,"enemies":"Orb Walker","floor":40,"turns":1},{"damage":28,"enemies":"Jaw Worm Horde","floor":47,"turns":3},{"damage":61,"enemies":"Nightmare","floor":49,"turns":4}],"seed_played":"-2488420036018462743","potions_obtained":[{"floor":4,"key":"Adrenaline Potion"},{"floor":7,"key":"SpeedPotion"},{"floor":11,"key":"FocusPotion"},{"floor":18,"key":"AttackPotion"},{"floor":19,"key":"Fire Potion"},{"floor":22,"key":"Venom Potion"},{"floor":24,"key":"FocusPotion"},{"floor":29,"key":"champ:CounterPotion"},{"floor":35,"key":"CultistPotion"}],"is_trial":false,"path_per_floor":["M","?","$","M","?","E","M","?","T","$","?","R","$","?","R","B",null,"M","M","?","?","M","R","M","T","T","PTL","PTL","M","AVR","?","?","?","R","B",null,"M","?","AVR","M","?","R","?","R","T","$","M","?","NM"],"character_chosen":"DEFECT","items_purchased":["Juzu Bracelet","Ball Lightning+1","Orichalcum"],"campfire_rested":1,"item_purchase_floors":[10,10,46],"current_hp_per_floor":[75,75,75,75,75,75,70,70,70,70,53,53,53,23,45,31,75,63,67,67,67,52,52,41,41,41,41,41,27,27,7,7,75,75,3,75,75,75,75,75,75,75,75,75,75,75,47,47,0,0],"gold":473,"neow_bonus":"THREE_ENEMY_KILL","is_daily":false,"chose_seed":false,"campfire_upgraded":5,"win_rate":0.0,"timestamp":1612609944,"path_taken":["M","?","?","M","?","E","M","?","T","?","?","R","$","?","R","BOSS","M","M","?","?","M","R","M","?","T","PTL","PTL","M","AVR","?","?","?","R","BOSS","M","?","AVR","M","?","R","?","R","T","$","M","?","NM"],"items_purchased_type":["Relic","Card","Relic"],"build_version":"2020-12-22","purchased_purges":1,"victory":false,"max_hp_per_floor":[75,75,75,75,75,75,75,75,75,75,75,75,75,75,75,75,75,75,75,75,75,75,75,75,75,75,75,75,75,75,75,75,75,75,75,75,75,75,75,75,75,75,75,75,75,75,75,75,75,75],"card_choices":[{"not_picked":["Barrage","Beam Cell"],"picked":"Gash","floor":1},{"not_picked":["Panic Button","Time Bomb"],"picked":"Tempest","floor":4},{"not_picked":["Go for the Eyes","ReplayTheSpireMod:Reroute Power"],"picked":"Genetic Algorithm","floor":6},{"not_picked":["FTL","Auto Shields","Conserve Battery"],"picked":"SKIP","floor":7},{"not_picked":["Compile Driver","ReplayRNGCard"],"picked":"Streamline","floor":11},{"not_picked":["hubris:DoWhile","Seek"],"picked":"Electrodynamics","floor":17},{"not_picked":["Replay:Sssssssssshield","ReplayTheSpireMod:Trickstab"],"picked":"Bandage Up","floor":17},{"not_picked":["infinitespire:Collect","infinitespire:UltimateForm"],"picked":"hubris:InfiniteBlow","floor":17},{"not_picked":["BasicCrystalCard+1","White Noise"],"picked":"Gash+1","floor":18},{"not_picked":["Streamline+1","FTL"],"picked":"Ball Lightning","floor":19},{"not_picked":["Stack+1","Barrage"],"picked":"Double Energy","floor":22},{"not_picked":["Compile Driver+1","Rebound+1","Steam"],"picked":"SKIP","floor":24},{"not_picked":["Compile Driver+1","Barrage+1"],"picked":"Sweeping Beam","floor":29},{"not_picked":["Fission","Biased Cognition"],"picked":"Multi-Cast","floor":35},{"not_picked":["Steam Power+1","Glacier"],"picked":"Redo+1","floor":37},{"not_picked":["Chill+1","Steam"],"picked":"Static Discharge","floor":40},{"not_picked":["Secret Weapon","Crow Ritual"],"picked":"Jack Of All Trades","floor":43},{"not_picked":["Streamline+1","Genetic Algorithm"],"picked":"Sweeping Beam","floor":47}],"player_experience":124912,"relics_obtained":[{"floor":5,"key":"Whetstone"},{"floor":6,"key":"War Paint"},{"floor":9,"key":"Mercury Hourglass"},{"floor":14,"key":"infinitespire:FocusingShard"},{"floor":25,"key":"Oddly Smooth Stone"},{"floor":26,"key":"hubris:BallOfYels"},{"floor":45,"key":"Iron Hammer"}],"event_choices":[{"cards_removed":["Strike_B"],"damage_healed":0,"gold_gain":0,"player_choice":"Offered Basic","damage_taken":0,"max_hp_gain":0,"max_hp_loss":0,"event_name":"Bonfire Elementals","floor":2,"gold_loss":0},{"damage_healed":0,"gold_gain":0,"player_choice":"Box","damage_taken":0,"relics_obtained":["hubris:Reverence"],"max_hp_gain":0,"max_hp_loss":0,"event_name":"Big Fish","floor":8,"gold_loss":0,"cards_obtained":["Regret"]},{"damage_healed":0,"gold_gain":0,"player_choice":"Searched \u00273\u0027 times","damage_taken":0,"relics_obtained":["White Beast Statue"],"max_hp_gain":0,"max_hp_loss":0,"event_name":"Dead Adventurer","floor":11,"gold_loss":0},{"damage_healed":0,"gold_gain":99,"player_choice":"Stole From Cult","damage_taken":0,"max_hp_gain":0,"max_hp_loss":0,"event_name":"Nest","floor":20,"gold_loss":0},{"damage_healed":0,"gold_gain":0,"player_choice":"Smashed Altar","damage_taken":0,"max_hp_gain":0,"max_hp_loss":0,"event_name":"Forgotten Altar","floor":32,"gold_loss":0,"cards_obtained":["Decay"]},{"damage_healed":68,"gold_gain":0,"player_choice":"Full Heal","damage_taken":0,"max_hp_gain":0,"max_hp_loss":0,"event_name":"Wheel of Change","floor":33,"gold_loss":0},{"damage_healed":0,"gold_gain":0,"player_choice":"Ignored","damage_taken":0,"max_hp_gain":0,"max_hp_loss":0,"event_name":"Tomb of Lord Red Mask","floor":38,"gold_loss":0},{"damage_healed":0,"gold_gain":0,"player_choice":"Copied","damage_taken":0,"max_hp_gain":0,"max_hp_loss":0,"event_name":"Duplicator","floor":41,"gold_loss":0,"cards_obtained":["Double Energy"]},{"damage_healed":0,"gold_gain":0,"player_choice":"Memory 1","damage_taken":0,"max_hp_gain":0,"max_hp_loss":0,"event_name":"SensoryStone","floor":43,"gold_loss":0}],"is_beta":false,"boss_relics":[{"not_picked":["Philosopher\u0027s Stone","Ectoplasm"],"picked":"ReplayTheSpireMod:SealedPack"},{"not_picked":["Empty Cage","hubris:ScarierMask"],"picked":"Sozu"}],"items_purged_floors":[30],"is_endless":false,"potions_floor_spawned":[4,7,11,16,18,19,22,24,29,35,37,40,47],"killed_by":"Nightmare","ascension_level":0}}