{"host":"6p0attdrtjqaih7v","time":1612635563,"event":{"mods":["2.2 Compatiblity","AchievementEnabler","Bard","BaseMod","Better Skull","Better Third Choice","Colored Powertips","Hermit","Highlight Path","Key Reminder","Minty Spire (QoL Compilation)","Permanent Neow","Quick Restart","Random Character Button","Relic Stats","Reliquary","Replay The Spire","Robot Space Explorer","StSLib","The Hayseed","The Witch"],"gold_per_floor":[114,114,126,201,221,255,255,270,270,270,282,282,314,314,314,414,514,503,503,514,530,405,434,446,478,490,502,502],"floor_reached":27,"language":"ENG","playtime":4027,"items_purged":["Strike_Witch"],"score":352,"play_id":"01b19dc3-4542-42b4-873e-f4d68692b9da","local_time":"20210206131923","is_ascension_mode":true,"campfire_choices":[{"floor":7,"key":"REST"},{"data":"GrimVengeance","floor":12,"key":"SMITH"},{"data":"Demonfyre","floor":15,"key":"SMITH"}],"circlet_count":0,"master_deck":["Strike_Witch","Strike_Witch","Defend_Witch","Defend_Witch","Defend_Witch","Defend_Witch","Hexguard","ZombieSpit+1","Demonfyre+1","SummonBatFamiliar","NighInvulnerability","SkullFlask","GrimVengeance+1","CursedBlade+1","ChosenOfTheMoon+1","Boline+1","MortusClaw+1","BoneCarving+1","BoneCarving+1","MagicFang+1","PlagueSpreader","GnarledBody+1"],"relics":["BlackCat","Lantern","TheSimpletonMod:PicklingJar","Molten Egg 2","Chameleon Ring","Replay:Wanted Poster","MawBank","Nloth\u0027s Gift","Kunai"],"acts_visited":["Exordium","TheCity"],"potions_floor_usage":[5,6,8,21,23,25],"damage_taken":[{"damage":6,"enemies":"2 Louse","floor":1,"turns":4},{"damage":10,"enemies":"Small Slimes","floor":3,"turns":3},{"damage":12,"enemies":"Jaw Worm","floor":5,"turns":5},{"damage":15,"enemies":"Lagavulin","floor":6,"turns":7},{"damage":6,"enemies":"Lots of Slimes","floor":8,"turns":7},{"damage":7,"enemies":"3 Louse","floor":11,"turns":4},{"damage":28,"enemies":"Gremlin Nob","floor":13,"turns":4},{"damage":10,"enemies":"The Guardian","floor":16,"turns":10},{"damage":23,"enemies":"2 Thieves","floor":18,"turns":4},{"damage":2,"enemies":"Spheric Guardian","floor":20,"turns":4},{"damage":0,"enemies":"Snake Plant","floor":21,"turns":1},{"damage":7,"enemies":"Book of Stabbing","floor":23,"turns":5},{"damage":12,"enemies":"Centurion and Healer","floor":25,"turns":4},{"damage":20,"enemies":"3 Cultists","floor":27,"turns":3}],"seed_played":"-8144338653775602680","potions_obtained":[{"floor":1,"key":"SteroidPotion"},{"floor":3,"key":"Regen Potion"},{"floor":6,"key":"Regen Potion"},{"floor":18,"key":"Adrenaline Potion"},{"floor":21,"key":"SpeedPotion"},{"floor":23,"key":"FearPotion"}],"is_trial":false,"path_per_floor":["M","?","M","?","M","E","R","M","T","?","M","R","E","?","R","B",null,"M","?","M","M","$","E","?","M","T","M"],"character_chosen":"WITCH","items_purchased":["MagicFang+1"],"campfire_rested":1,"item_purchase_floors":[22],"current_hp_per_floor":[54,54,44,33,35,20,40,49,49,54,47,47,19,19,19,9,56,33,33,31,31,31,24,24,12,12,0,0],"gold":502,"neow_bonus":"UPGRADE_CARD","is_daily":false,"chose_seed":false,"campfire_upgraded":2,"win_rate":0.0,"timestamp":1612635563,"path_taken":["M","?","M","?","M","E","R","M","T","?","M","R","E","?","R","BOSS","M","?","?","M","$","E","?","M","T","?"],"items_purchased_type":["Card"],"build_version":"2020-12-22","purchased_purges":1,"victory":false,"max_hp_per_floor":[67,67,67,67,67,67,67,67,67,72,72,72,72,72,72,72,72,72,72,72,72,72,72,72,72,72,72,72],"relic_stats":{"counters":[14,65],"Nloth\u0027s Gift":0,"Kunai":[1],"MawBank":48,"obtain_stats":[{"Replay:Wanted Poster":17,"Lantern":2,"Chameleon Ring":13,"Molten Egg 2":9,"Nloth\u0027s Gift":24,"Kunai":26,"MawBank":23,"BlackCat":0,"TheSimpletonMod:PicklingJar":6,"Replay:Bottled Steam":19},{"Replay:Wanted Poster":8,"Lantern":1,"Chameleon Ring":7,"Molten Egg 2":5,"Nloth\u0027s Gift":12,"Kunai":13,"MawBank":12,"BlackCat":0,"TheSimpletonMod:PicklingJar":4,"Replay:Bottled Steam":9},{"Replay:Wanted Poster":44,"Lantern":4,"Chameleon Ring":34,"Molten Egg 2":26,"Nloth\u0027s Gift":58,"Kunai":62,"MawBank":58,"BlackCat":0,"TheSimpletonMod:PicklingJar":19,"Replay:Bottled Steam":48}]},"card_choices":[{"not_picked":["RiteOfAutumn","WretchedNails"],"picked":"Demonfyre","floor":1},{"not_picked":["GnarledBody","Decrepify"],"picked":"SummonBatFamiliar","floor":3},{"not_picked":["CorruptBlood","BlackBolt"],"picked":"PainBolt","floor":5},{"not_picked":["EvilEye","WickedThoughts"],"picked":"NighInvulnerability","floor":6},{"not_picked":["SoulBarrier","RiteOfAutumn"],"picked":"SkullFlask","floor":8},{"not_picked":["CorruptBlood","BleedOut+1"],"picked":"GrimVengeance","floor":11},{"not_picked":["WalpurgisNight","Thundercloud+1"],"picked":"CursedBlade+1","floor":13},{"not_picked":["DoomBlade+1","IllusionOfStrength"],"picked":"Boline+1","floor":16},{"not_picked":["BleedOut+1","Decrepify"],"picked":"MortusClaw+1","floor":18},{"not_picked":["CursedBlade+1","GrimVengeance"],"picked":"BoneCarving+1","floor":20},{"not_picked":["WickedThoughts","Decrepify"],"picked":"BoneCarving+1","floor":21},{"not_picked":["WretchedNails+1","Boline+1"],"picked":"PlagueSpreader","floor":23},{"not_picked":["CorruptBlood","RoilingBarrier"],"picked":"GnarledBody+1","floor":25}],"player_experience":1043755,"relics_obtained":[{"floor":6,"key":"TheSimpletonMod:PicklingJar"},{"floor":9,"key":"Molten Egg 2"},{"floor":13,"key":"Chameleon Ring"},{"floor":23,"key":"MawBank"},{"floor":26,"key":"Kunai"}],"event_choices":[{"damage_healed":0,"gold_gain":75,"player_choice":"Gather Gold","damage_taken":11,"max_hp_gain":0,"max_hp_loss":0,"event_name":"World of Goop","floor":4,"gold_loss":0},{"damage_healed":0,"gold_gain":0,"player_choice":"Donut","damage_taken":0,"max_hp_gain":5,"max_hp_loss":0,"event_name":"Big Fish","floor":10,"gold_loss":0},{"cards_removed":["PainBolt"],"damage_healed":0,"gold_gain":0,"player_choice":"Gave Card","damage_taken":0,"relics_obtained":["Replay:Bottled Steam"],"max_hp_gain":0,"max_hp_loss":0,"event_name":"WeMeetAgain","floor":19,"gold_loss":0},{"damage_healed":0,"gold_gain":0,"player_choice":"Traded Relic","damage_taken":0,"relics_obtained":["Nloth\u0027s Gift"],"max_hp_gain":0,"max_hp_loss":0,"event_name":"N\u0027loth","floor":24,"relics_lost":["Replay:Bottled Steam"],"gold_loss":0}],"is_beta":false,"boss_relics":[{"not_picked":["Replay:Ancient Bell","Ectoplasm"],"picked":"Replay:Wanted Poster"}],"items_purged_floors":[22],"is_endless":false,"potions_floor_spawned":[1,3,6,18,21,23],"killed_by":"3 Cultists","ascension_level":9}}