{"host":"hk6dyp3pgs92n0l4","time":1612590944,"event":{"mods":["AchievementEnabler","BaseMod","Colored Powertips","GifTheSpireLib","Minty Spire (QoL Compilation)","StSLib","The Hierophant"],"gold_per_floor":[115,133,149,166,166,197,197,197,197,522,522,541,541,55,55,156,156,167,183,200,214,304,329,329,329,329],"floor_reached":25,"language":"ENG","playtime":1143,"items_purged":["Defend_B"],"score":284,"play_id":"5236b3f8-04ae-4336-9633-4da8b8f8190b","local_time":"20210205215544","is_ascension_mode":true,"campfire_choices":[{"data":"Defragment","floor":8,"key":"SMITH"},{"data":"Darkness","floor":11,"key":"SMITH"},{"floor":13,"key":"REST"},{"data":"Coolheaded","floor":15,"key":"SMITH"},{"data":"Chill","floor":24,"key":"SMITH"}],"circlet_count":0,"master_deck":["Strike_B","Strike_B","Strike_B","Defend_B+1","Defend_B","Defend_B","Zap","Dualcast","Capacitor+1","Glacier","Defragment+1","Stack","Darkness+1","Coolheaded+1","Thunder Strike","Electrodynamics","Chill+1","Barrage+1","Storm"],"relics":["Cracked Core","NeowsBlessing","Bottled Tornado","Old Coin","White Beast Statue","Inserter","Pantograph"],"acts_visited":["Exordium","TheCity"],"potions_floor_usage":[16,16,18,23,23,23,25],"damage_taken":[{"damage":0,"enemies":"2 Louse","floor":1,"turns":1},{"damage":0,"enemies":"Small Slimes","floor":2,"turns":1},{"damage":0,"enemies":"Cultist","floor":3,"turns":1},{"damage":24,"enemies":"3 Louse","floor":4,"turns":4},{"damage":6,"enemies":"3 Sentries","floor":6,"turns":13},{"damage":0,"enemies":"Lagavulin","floor":10,"turns":11},{"damage":22,"enemies":"Exordium Thugs","floor":12,"turns":6},{"damage":27,"enemies":"Slime Boss","floor":16,"turns":9},{"damage":12,"enemies":"Shell Parasite","floor":18,"turns":6},{"damage":3,"enemies":"Chosen","floor":19,"turns":8},{"damage":17,"enemies":"Snake Plant","floor":20,"turns":6},{"damage":11,"enemies":"Centurion and Healer","floor":21,"turns":4},{"damage":4,"enemies":"Slavers","floor":23,"turns":4},{"damage":19,"enemies":"Gremlin Leader","floor":25,"turns":2}],"seed_played":"-6973457190457066889","potions_obtained":[{"floor":1,"key":"SpeedPotion"},{"floor":12,"key":"BlessingOfTheForge"},{"floor":16,"key":"Fire Potion"},{"floor":18,"key":"SkillPotion"},{"floor":19,"key":"SmokeBomb"},{"floor":20,"key":"Weak Potion"},{"floor":21,"key":"PowerPotion"},{"floor":23,"key":"LiquidBronze"}],"is_trial":false,"path_per_floor":["M","M","M","M","?","E","?","R","T","E","R","M","R","$","R","B",null,"M","M","M","M","?","E","R","E"],"character_chosen":"DEFECT","items_purchased":["Thunder Strike","White Beast Statue"],"campfire_rested":1,"item_purchase_floors":[14,14],"current_hp_per_floor":[75,75,75,51,36,30,30,30,30,30,30,8,30,30,30,3,75,63,60,43,32,20,16,16,0,0],"gold":329,"neow_bonus":"THREE_ENEMY_KILL","is_daily":false,"chose_seed":false,"campfire_upgraded":4,"win_rate":0.0,"timestamp":1612590944,"path_taken":["M","M","M","M","?","E","?","R","T","E","R","?","R","$","R","BOSS","M","M","M","M","?","E","R","E"],"items_purchased_type":["Card","Relic"],"build_version":"2020-12-22","purchased_purges":1,"victory":false,"max_hp_per_floor":[75,75,75,75,75,75,75,75,75,75,75,75,75,75,75,75,75,75,75,75,75,75,75,75,75,75],"card_choices":[{"not_picked":["Skim","Rebound"],"picked":"Capacitor","floor":1},{"not_picked":["Stack","Steam","Sweeping Beam"],"picked":"SKIP","floor":2},{"not_picked":["Storm","Sweeping Beam"],"picked":"Glacier","floor":3},{"not_picked":["Rebound","Compile Driver","Turbo"],"picked":"SKIP","floor":4},{"not_picked":["Rebound","Turbo"],"picked":"Defragment","floor":6},{"not_picked":["Undo","Sweeping Beam"],"picked":"Darkness","floor":10},{"not_picked":["Turbo","Tempest"],"picked":"Coolheaded","floor":12},{"not_picked":["Hyperbeam","Thunder Strike"],"picked":"Electrodynamics","floor":16},{"not_picked":["Stack","Sweeping Beam"],"picked":"Chill","floor":18},{"not_picked":["Scrape+1","Reinforced Body"],"picked":"Barrage+1","floor":19},{"not_picked":["Redo","Darkness+1"],"picked":"Storm","floor":20},{"not_picked":["Gash+1","Hologram","Streamline"],"picked":"SKIP","floor":21},{"not_picked":["Rip and Tear","Gash","Stack+1"],"picked":"SKIP","floor":23}],"player_experience":105504,"relics_obtained":[{"floor":6,"key":"Bottled Tornado"},{"floor":10,"key":"Old Coin"},{"floor":23,"key":"Pantograph"}],"event_choices":[{"damage_healed":0,"gold_gain":0,"player_choice":"Entered Light","damage_taken":15,"max_hp_gain":0,"max_hp_loss":0,"event_name":"Shining Light","floor":5,"gold_loss":0,"cards_upgraded":["Defend_B","Capacitor"]},{"damage_healed":0,"gold_gain":0,"cards_transformed":["Strike_B"],"player_choice":"Transformed","damage_taken":0,"max_hp_gain":0,"max_hp_loss":0,"event_name":"Transmorgrifier","floor":7,"gold_loss":0,"cards_obtained":["Stack"]},{"damage_healed":0,"gold_gain":90,"player_choice":"GOLD ","damage_taken":12,"max_hp_gain":0,"max_hp_loss":0,"event_name":"Knowing Skull","floor":22,"potions_obtained":[],"gold_loss":0,"cards_obtained":[]}],"is_beta":false,"boss_relics":[{"not_picked":["Runic Pyramid","Cursed Key"],"picked":"Inserter"}],"items_purged_floors":[14],"is_endless":false,"potions_floor_spawned":[1,12,16,18,19,20,21,23],"killed_by":"Gremlin Leader","ascension_level":2}}