{"host":"utqe55yv0jihe4d6","time":1612627168,"event":{"mods":["2.2 Compatiblity","AchievementEnabler","BaseMod","Block Reminder","Colored Map","Colored Powertips","Minty Spire (QoL Compilation)","Quick Restart","Rare Cards Sparkle","Relic Stats","SuperFastMode"],"gold_per_floor":[115,126,17,35,45,45,74,74,98,125,145,145,165,197,197,274,274,289,305,305,67,67,92,92,126,126,126,126,157,26,37,37,114,114,126,151,169,215,215,215,244,259,284,299,299,332,21,40,40,40,40],"floor_reached":52,"language":"ENG","playtime":2188,"items_purged":["Strike_R","Strike_R","Strike_R"],"score":2076,"play_id":"e7e55c7c-c615-4f04-ad62-988f3a8cb5a8","local_time":"20210206105928","is_ascension_mode":true,"campfire_choices":[{"data":"Spot Weakness","floor":6.0,"key":"SMITH"},{"data":"Offering","floor":8.0,"key":"SMITH"},{"floor":12.0,"key":"REST"},{"data":"Flame Barrier","floor":15.0,"key":"SMITH"},{"data":"True Grit","floor":24,"key":"SMITH"},{"floor":28,"key":"REST"},{"data":"Inflame","floor":32,"key":"SMITH"},{"data":"Demon Form","floor":40,"key":"SMITH"},{"floor":45,"key":"DIG"},{"floor":49,"key":"DIG"}],"circlet_count":0,"master_deck":["AscendersBane","Strike_R","Strike_R","Defend_R","Defend_R","Defend_R","Defend_R","Bash","Pummel","Carnage","Spot Weakness+1","Headbutt","Flame Barrier+1","Offering+1","Whirlwind","Reaper","True Grit+1","Uppercut+1","Inflame+1","Second Wind+1","Burning Pact+1","Reaper","Pommel Strike+1","Demon Form+1","Feel No Pain","Dark Embrace"],"relics":["Burning Blood","Centennial Puzzle","Ancient Tea Set","Lantern","Snecko Eye","Sling","Smiling Mask","Toxic Egg 2","Letter Opener","Nilry\u0027s Codex","Red Skull","Coffee Dripper","Shovel","Peace Pipe","Boot","Potion Belt","Bottled Tornado","Pocketwatch","OrangePellets","Anchor"],"acts_visited":["Exordium","TheCity","TheBeyond"],"potions_floor_usage":[19,41,51],"damage_taken":[{"damage":1.0,"enemies":"Cultist","floor":1.0,"turns":4.0},{"damage":4.0,"enemies":"2 Louse","floor":2.0,"turns":3.0},{"damage":2.0,"enemies":"Jaw Worm","floor":4.0,"turns":3.0},{"damage":7.0,"enemies":"Exordium Wildlife","floor":5.0,"turns":3.0},{"damage":36.0,"enemies":"Gremlin Nob","floor":7.0,"turns":4.0},{"damage":36.0,"enemies":"Lagavulin","floor":10.0,"turns":5.0},{"damage":3.0,"enemies":"3 Louse","floor":11.0,"turns":4.0},{"damage":3.0,"enemies":"Exordium Thugs","floor":13.0,"turns":3.0},{"damage":9.0,"enemies":"3 Sentries","floor":14.0,"turns":3.0},{"damage":57.0,"enemies":"Hexaghost","floor":16.0,"turns":8.0},{"damage":33.0,"enemies":"Shell Parasite","floor":18.0,"turns":6.0},{"damage":6,"enemies":"3 Byrds","floor":19,"turns":3},{"damage":6,"enemies":"Book of Stabbing","floor":23,"turns":3},{"damage":13,"enemies":"Slavers","floor":25,"turns":2},{"damage":15,"enemies":"Book of Stabbing","floor":29,"turns":3},{"damage":12,"enemies":"Snake Plant","floor":31,"turns":3},{"damage":59,"enemies":"Champ","floor":33,"turns":9},{"damage":6,"enemies":"3 Darklings","floor":35,"turns":3},{"damage":0,"enemies":"Mind Bloom Boss Battle","floor":36,"turns":4},{"damage":6,"enemies":"3 Shapes","floor":37,"turns":7},{"damage":93,"enemies":"2 Orb Walkers","floor":38,"turns":6},{"damage":6,"enemies":"Giant Head","floor":41,"turns":4},{"damage":10,"enemies":"Sphere and 2 Shapes","floor":42,"turns":8},{"damage":8,"enemies":"Transient","floor":44,"turns":6},{"damage":28,"enemies":"Nemesis","floor":46,"turns":3},{"damage":42,"enemies":"Jaw Worm Horde","floor":48,"turns":4},{"damage":83,"enemies":"Donu and Deca","floor":50,"turns":10},{"damage":100,"enemies":"Awakened One","floor":51,"turns":10}],"seed_played":"6685182227847295091","potions_obtained":[{"floor":1.0,"key":"Regen Potion"},{"floor":5.0,"key":"LiquidMemories"},{"floor":7.0,"key":"Strength Potion"},{"floor":11.0,"key":"Explosive Potion"},{"floor":14.0,"key":"ColorlessPotion"},{"floor":18.0,"key":"Weak Potion"},{"floor":31,"key":"DistilledChaos"},{"floor":44,"key":"PowerPotion"},{"floor":46,"key":"Regen Potion"},{"floor":48,"key":"GamblersBrew"}],"is_trial":false,"path_per_floor":["M","M","$","M","M","R","E","R","T","E","M","R","M","E","R","B",null,"M","M","?","$","?","E","R","E","T","?","R","E","$","M","R","B",null,"M","?","M","?","?","R","E","M","T","M","R","E","$","M","R","B","B",null],"character_chosen":"IRONCLAD","items_purchased":["Spot Weakness","Headbutt","Sling","Second Wind+1","OrangePellets","Dark Embrace"],"campfire_rested":2,"item_purchase_floors":[3,3,21,30,47,47],"current_hp_per_floor":[80,82,82,82,81,81,51,51,51,35,38,62,65,62,62,11,64,45,57,57,57,33,48,48,41,41,20,46,49,49,43,43,15,69,87,87,87,30,30,30,87,87,87,87,87,87,87,87,87,67,78],"gold":40,"neow_bonus":"TEN_PERCENT_HP_BONUS","is_daily":false,"chose_seed":false,"campfire_upgraded":6,"win_rate":0.0,"timestamp":1612627168,"path_taken":["M","M","$","M","M","R","E","R","T","E","M","R","M","E","R","BOSS","M","M","?","$","?","E","R","E","T","?","R","E","?","M","R","BOSS","M","?","M","?","?","R","E","M","T","M","R","E","$","M","R","BOSS","BOSS"],"items_purchased_type":["Card","Card","Relic","Card","Relic","Card"],"build_version":"2020-12-22","purchased_purges":3,"victory":true,"max_hp_per_floor":[82,82,82,82,82,82,82,82,82,82,82,82,82,82,82,82,82,82,82,82,82,87,87,87,87,87,87,87,87,87,87,87,87,87,87,87,87,87,87,87,87,87,87,87,87,87,87,87,87,87,87],"relic_stats":{"Peace Pipe":0,"OrangePellets":[4],"Centennial Puzzle":[66],"Shovel":2,"counters":[28,134],"Snecko Eye":[152,152,156,131],"Letter Opener":[174],"Smiling Mask":125,"Boot":[15],"obtain_stats":[{"Potion Belt":43,"Lantern":14,"Nilry\u0027s Codex":27,"Letter Opener":26,"Bottled Tornado":45,"Ancient Tea Set":10,"Sling":21,"Smiling Mask":23,"Boot":41,"Burning Blood":0,"Peace Pipe":38,"OrangePellets":47,"Centennial Puzzle":7,"Anchor":49,"Shovel":36,"Snecko Eye":17,"Coffee Dripper":34,"Toxic Egg 2":25,"Red Skull":29,"Pocketwatch":46},{"Potion Belt":23,"Lantern":9,"Nilry\u0027s Codex":14,"Letter Opener":14,"Bottled Tornado":24,"Ancient Tea Set":6,"Sling":12,"Smiling Mask":13,"Boot":22,"Burning Blood":0,"Peace Pipe":21,"OrangePellets":25,"Centennial Puzzle":5,"Anchor":26,"Shovel":19,"Snecko Eye":10,"Coffee Dripper":17,"Toxic Egg 2":14,"Red Skull":15,"Pocketwatch":25},{"Potion Belt":101,"Lantern":32,"Nilry\u0027s Codex":54,"Letter Opener":54,"Bottled Tornado":107,"Ancient Tea Set":22,"Sling":49,"Smiling Mask":52,"Boot":93,"Burning Blood":0,"Peace Pipe":89,"OrangePellets":110,"Centennial Puzzle":17,"Anchor":114,"Shovel":76,"Snecko Eye":40,"Coffee Dripper":69,"Toxic Egg 2":54,"Red Skull":57,"Pocketwatch":110}],"Burning Blood":127,"Pocketwatch":[8]},"card_choices":[{"not_picked":["Iron Wave","Warcry"],"picked":"Pummel","floor":1.0},{"not_picked":["Flex","Clothesline"],"picked":"Carnage","floor":2.0},{"not_picked":["Pommel Strike","Second Wind"],"picked":"Flame Barrier","floor":4.0},{"not_picked":["Clothesline","Thunderclap","Infernal Blade"],"picked":"SKIP","floor":5.0},{"not_picked":["Burning Pact","Bludgeon"],"picked":"Offering","floor":7.0},{"not_picked":["Havoc","Flex","Cleave"],"picked":"SKIP","floor":10.0},{"not_picked":["Infernal Blade","Wild Strike"],"picked":"Whirlwind","floor":11.0},{"not_picked":["Pommel Strike","Wild Strike","Cleave"],"picked":"SKIP","floor":13.0},{"not_picked":["Infernal Blade","Flex","Headbutt"],"picked":"SKIP","floor":14.0},{"not_picked":["Exhume","Berserk"],"picked":"Reaper","floor":16.0},{"not_picked":["Armaments","Fire Breathing"],"picked":"True Grit","floor":18.0},{"not_picked":["Evolve","Headbutt"],"picked":"Uppercut+1","floor":19},{"not_picked":["Thunderclap","Seeing Red"],"picked":"Inflame","floor":23},{"not_picked":["Heavy Blade","Thunderclap","Headbutt"],"picked":"SKIP","floor":25},{"not_picked":["Combust","Flex+1","Armaments+1"],"picked":"SKIP","floor":29},{"not_picked":["Blood for Blood+1","Ghostly Armor+1"],"picked":"Burning Pact+1","floor":31},{"not_picked":["Impervious+1","Demon Form"],"picked":"Reaper","floor":33},{"not_picked":["Wild Strike","Armaments+1"],"picked":"Pommel Strike+1","floor":35},{"not_picked":["Armaments+1","Cleave"],"picked":"Demon Form","floor":37},{"not_picked":["Cleave+1","Searing Blow","Flex+1"],"picked":"SKIP","floor":41},{"not_picked":["Pummel","Rage+1","Metallicize+1"],"picked":"SKIP","floor":42},{"not_picked":["Cleave","Sword Boomerang"],"picked":"Feel No Pain","floor":44},{"not_picked":["Perfected Strike","Flex+1","Anger"],"picked":"SKIP","floor":46},{"not_picked":["Cleave","Thunderclap","Heavy Blade"],"picked":"SKIP","floor":48}],"player_experience":3031709,"relics_obtained":[{"floor":7.0,"key":"Centennial Puzzle"},{"floor":10.0,"key":"Ancient Tea Set"},{"floor":14.0,"key":"Lantern"},{"floor":23,"key":"Smiling Mask"},{"floor":25,"key":"Toxic Egg 2"},{"floor":26,"key":"Letter Opener"},{"floor":27,"key":"Nilry\u0027s Codex"},{"floor":29,"key":"Red Skull"},{"floor":36,"key":"Shovel"},{"floor":38,"key":"Peace Pipe"},{"floor":41,"key":"Boot"},{"floor":43,"key":"Potion Belt"},{"floor":45,"key":"Bottled Tornado"},{"floor":46,"key":"Pocketwatch"},{"floor":49,"key":"Anchor"}],"event_choices":[{"damage_healed":0,"gold_gain":0,"player_choice":"Ignored","damage_taken":0,"max_hp_gain":0,"max_hp_loss":0,"event_name":"The Mausoleum","floor":20,"gold_loss":0},{"damage_healed":0,"gold_gain":0,"player_choice":"Shed Blood","damage_taken":29,"max_hp_gain":5,"max_hp_loss":0,"event_name":"Forgotten Altar","floor":22,"gold_loss":0},{"damage_healed":0,"gold_gain":0,"player_choice":"Obtained Book","damage_taken":21,"max_hp_gain":0,"max_hp_loss":0,"event_name":"Cursed Tome","floor":27,"gold_loss":0},{"damage_healed":0,"gold_gain":0,"player_choice":"Fight","damage_taken":0,"max_hp_gain":0,"max_hp_loss":0,"event_name":"MindBloom","floor":36,"gold_loss":0},{"damage_healed":0,"gold_gain":0,"player_choice":"Fight","damage_taken":0,"max_hp_gain":0,"max_hp_loss":0,"event_name":"Mysterious Sphere","floor":38,"gold_loss":0},{"damage_healed":0,"gold_gain":0,"player_choice":"Ignored","damage_taken":0,"max_hp_gain":0,"max_hp_loss":0,"event_name":"The Moai Head","floor":39,"gold_loss":0}],"is_beta":false,"boss_relics":[{"not_picked":["SlaversCollar","Calling Bell"],"picked":"Snecko Eye"},{"not_picked":["Sozu","Fusion Hammer"],"picked":"Coffee Dripper"}],"items_purged_floors":[21,30,47],"is_endless":false,"potions_floor_spawned":[1,5,7,11,14,18,31,33,35,44,46,48],"ascension_level":20}}