{"host":"dn2xyj3kd3d9cfyb","time":1612600716,"event":{"mods":["BaseMod","Colored Powertips","Downfall","Hubris","Marisa£®ÏF”Í°°ƒß¿Ì…≥£©","Minty Spire (QoL Compilation)","Remilia£®¿Ÿ√◊¿Ú—«£©","Replay The Spire","Shop Mod","StSLib","The Animator","The Construct","The Cursed","The Mystic","Youmu£®ªÍ∆«—˝√Œ£©","Yuri Mod","Yuyuko"],"gold_per_floor":[278,278,296,296,246,246,282,309,361,399,419,443,482,518,518,619,619,647,276,276,311,348,348,389,423,423,466,466,565,595,222,222,333,358,373,413,505,505,530,607,639,664,689,799,952,1079,954,1063,1063,1220,1220,1220,788,853,931,1028,1028,141,240,259,259],"floor_reached":60,"language":"ZHS","playtime":4560,"items_purged":["animator:Strike","animator:Defend","Parasite","animator:Entoma"],"score":850,"play_id":"c95d3cda-a354-4b46-ae49-f679a1fb5306","local_time":"20210206163836","is_ascension_mode":true,"campfire_choices":[{"floor":6.0,"key":"RECALL"},{"data":"animator:Shichika","floor":15.0,"key":"SMITH"},{"data":"animator:Wiz","floor":23.0,"key":"SMITH"},{"data":"animator:Togame","floor":28.0,"key":"SMITH"},{"data":"animator:DolaStephanie","floor":32.0,"key":"SMITH"},{"floor":49,"key":"REST"},{"data":"animator:Hans","floor":52,"key":"SMITH"}],"circlet_count":0,"master_deck":["animator:Strike_Kancolle+1","animator:Defend_Kancolle+1","animator:Strike+1","animator:Strike","animator:Defend+1","animator:Defend+1","animator:Shimakaze+1","animator:Togame","animator:CowGirl+1","animator:Wiz+1","animator:Shichika+1","animator:Sora+1","animator:Mitsurugi+1","Pride","animator:Chris+1","animator:Chris","animator:Rimuru","animator:Millim","animator:Yoichi+1","animator:Hans+1","animator:HighElfArcher","animator:DolaStephanie","animator:Gilgamesh+12","animator:YunYun+1","animator:EmiyaShirou+1","animator:Assassin","animator:Demiurge","animator:Yoichi+1","animator:Aqua+1","animator:Archer+1"],"relics":["animator:TheWolleyCore","animator:AncientMedallion"],"acts_visited":["Exordium","TheCity","TheBeyond","TheEnding","EYB:TheUnnamedReign"],"potions_floor_usage":[44,50,50,50,50,55,60,60],"damage_taken":[{"damage":0.0,"enemies":"2 Louse","floor":1.0,"turns":2.0},{"damage":0.0,"enemies":"Jaw Worm","floor":3.0,"turns":1.0},{"damage":0.0,"enemies":"Lagavulin","floor":7.0,"turns":2.0},{"damage":0.0,"enemies":"Small Slimes","floor":8.0,"turns":2.0},{"damage":4.0,"enemies":"Replay:BlueRogue","floor":10.0,"turns":2.0},{"damage":0.0,"enemies":"3 Louse","floor":11.0,"turns":3.0},{"damage":0.0,"enemies":"Large Slime","floor":12.0,"turns":1.0},{"damage":3.0,"enemies":"Blue Slaver","floor":13.0,"turns":2.0},{"damage":6.0,"enemies":"3 Sentries","floor":14.0,"turns":4.0},{"damage":22.0,"enemies":"Hexaghost","floor":16.0,"turns":3.0},{"damage":8.0,"enemies":"Shell Parasite","floor":18.0,"turns":2.0},{"damage":0.0,"enemies":"2 Thieves","floor":21.0,"turns":2.0},{"damage":3.0,"enemies":"Cultist and Chosen","floor":22.0,"turns":4.0},{"damage":4.0,"enemies":"Gremlin Leader","floor":24.0,"turns":3.0},{"damage":5.0,"enemies":"3 Cultists","floor":25.0,"turns":4.0},{"damage":4.0,"enemies":"Snake Plant","floor":27.0,"turns":2.0},{"damage":0.0,"enemies":"Snecko","floor":30.0,"turns":1.0},{"damage":19.0,"enemies":"Automaton","floor":33.0,"turns":6.0},{"damage":0.0,"enemies":"Orb Walker","floor":35.0,"turns":2.0},{"damage":25.0,"enemies":"3 Darklings","floor":36.0,"turns":4.0},{"damage":5,"enemies":"Orin","floor":37,"turns":4},{"damage":0,"enemies":"Writhing Mass","floor":39,"turns":2},{"damage":15,"enemies":"R_Hoarder","floor":40,"turns":5},{"damage":6,"enemies":"Spire Growth","floor":41,"turns":2},{"damage":24,"enemies":"Reptomancer","floor":44,"turns":4},{"damage":7,"enemies":"Transient","floor":45,"turns":5},{"damage":0,"enemies":"R_Hoarder","floor":46,"turns":2},{"damage":17,"enemies":"4 Shapes","floor":48,"turns":4},{"damage":23,"enemies":"Replay:Hell Engine","floor":50,"turns":5},{"damage":60,"enemies":"animator:TRIPLE_SHAPES_WEAK","floor":54,"turns":7},{"damage":17,"enemies":"animator:UNNAMED_CULTIST_1","floor":55,"turns":9},{"damage":39,"enemies":"animator:UNNAMED_CULTIST_2","floor":59,"turns":8},{"damage":36,"enemies":"animator:LARGE_WISP","floor":60,"turns":4}],"seed_played":"7185994063952174317","potions_obtained":[{"floor":1.0,"key":"Slimebound:ThreeZeroPotion"},{"floor":3.0,"key":"Toxic Potion"},{"floor":8.0,"key":"ColorlessPotion"},{"floor":45,"key":"EntropicBrew"},{"floor":46,"key":"Adrenaline Potion"},{"floor":54,"key":"animator:FalseLifePotion"},{"floor":55,"key":"animator:FalseLifePotion"},{"floor":59,"key":"animator:FalseLifePotion"}],"is_trial":false,"path_per_floor":["M","?","M","?","?","R","E","M","T","E","M","M","M","E","R","B",null,"M","$","?","M","M","R","E","M","T","M","R","?","M","$","R","B",null,"M","M","?","?","M","E","M","?","T","E","M","E","$","M","R","B",null,"R","??","M","M","T","?","$","M","M"],"character_chosen":"THE_ANIMATOR","items_purchased":["Sling","animator:WornHelmet","animator:HighElfArcher+1","animator:DolaStephanie","MealTicket","animator:AncientMedallion","animator:AncientMedallion","animator:AncientMedallion"],"campfire_rested":1,"item_purchase_floors":[19,19,31,31,31,58,58,58],"current_hp_per_floor":[68,54,56,56,56,56,58,60,60,56,58,60,59,55,55,33,82,75,75,75,77,76,76,72,69,69,67,67,67,68,68,68,51,94,96,73,70,70,70,55,49,49,49,27,23,26,41,29,59,39,101,101,98,40,29,29,29,29,13,0,0],"gold":259,"neow_bonus":"THREE_ENEMY_KILL","is_daily":false,"chose_seed":false,"campfire_upgraded":5,"win_rate":0.0,"timestamp":1612600716,"path_taken":["M","?","M","?","?","R","E","?","T","E","M","M","M","E","R","BOSS","M","$","?","M","M","R","E","M","T","M","R","?","M","$","R","BOSS","M","M","?","?","M","E","M","?","T","E","M","E","$","M","R","BOSS","R","??","M","M","T","?","$","M","M"],"items_purchased_type":["Relic","Relic","Card","Card","Relic","Relic","Relic","Relic"],"build_version":"2020-12-22","purchased_purges":4,"victory":false,"max_hp_per_floor":[68,68,70,70,70,70,72,74,74,74,76,78,80,82,82,82,82,83,83,83,85,87,87,87,89,89,91,91,91,92,92,92,94,94,96,98,100,100,100,100,100,100,100,102,102,102,99,101,101,101,101,101,98,98,98,98,98,98,98,98,98],"card_choices":[{"not_picked":["animator:Cocytus","animator:Laby","animator:Chung"],"picked":"SKIP","floor":1.0},{"not_picked":["animator:Ain","animator:RinTohsaka","animator:Yoichi"],"picked":"SKIP","floor":3.0},{"not_picked":["animator:RinTohsaka","animator:DolaRiku"],"picked":"animator:Togame","floor":7.0},{"not_picked":["animator:Priestess","animator:LizardPriest"],"picked":"animator:CowGirl","floor":8.0},{"not_picked":["animator:DolaCouronne","animator:FielNirvalen"],"picked":"animator:Entoma","floor":10.0},{"not_picked":["animator:UneriGinkaku","animator:PandorasActor","animator:DolaRiku"],"picked":"SKIP","floor":11.0},{"not_picked":["animator:Mikaela","animator:Tatsumaki","animator:Cocytus"],"picked":"SKIP","floor":12.0},{"not_picked":["animator:Chris","animator:Vanir"],"picked":"animator:Wiz","floor":13.0},{"not_picked":["animator:Hitei","animator:ZankiKiguchi"],"picked":"animator:Shichika","floor":14.0},{"not_picked":["animator:GoblinSlayer","animator:Boros"],"picked":"animator:Sora","floor":16.0},{"not_picked":["animator:CowGirl","animator:Assassin"],"picked":"animator:Mitsurugi+1","floor":18.0},{"not_picked":["animator:Illya","animator:KrulTepes"],"picked":"animator:Chris","floor":21.0},{"not_picked":["animator:Darkness","animator:YunYun"],"picked":"animator:Chris","floor":22.0},{"not_picked":["animator:Eris","animator:Millim"],"picked":"animator:Rimuru","floor":24.0},{"not_picked":["animator:Chung+1","animator:Benimaru"],"picked":"animator:Millim","floor":25.0},{"not_picked":["animator:SilverFang","animator:Hakurou"],"picked":"animator:Yoichi","floor":27.0},{"not_picked":["animator:Mitsurugi","animator:Darkness"],"picked":"animator:Hans","floor":30.0},{"not_picked":["animator:Biyorigo","animator:FeridBathory"],"picked":"animator:Gilgamesh","floor":33.0},{"not_picked":["animator:GuildGirl+1","animator:Genos"],"picked":"animator:Millim+1","floor":35.0},{"not_picked":["animator:Vanir+1","animator:Shion"],"picked":"animator:YunYun","floor":36.0},{"not_picked":["animator:Shigure+1","animator:Togame+1"],"picked":"animator:EmiyaShirou+1","floor":37},{"not_picked":["animator:Alexander","animator:ShinjiMatou"],"picked":"animator:Assassin","floor":39},{"not_picked":["animator:ShinjiMatou+1","animator:GuildGirl+1"],"picked":"animator:Demiurge","floor":40},{"not_picked":["animator:Priestess","animator:Rider"],"picked":"animator:Yoichi+1","floor":41},{"not_picked":["animator:Tatsumaki","animator:DolaRiku"],"picked":"animator:Aqua+1","floor":44},{"not_picked":["animator:Cocytus","animator:Evileye"],"picked":"animator:Entoma","floor":45},{"not_picked":["animator:HiiragiShinya","animator:Chung"],"picked":"animator:Entoma","floor":46},{"not_picked":["animator:Shigure","animator:Shinoa","animator:Shalltear"],"picked":"SKIP","floor":48},{"not_picked":["animator:Demiurge","animator:UneriGinkaku+1"],"picked":"animator:Archer+1","floor":54},{"not_picked":["animator:KrulTepes","animator:Azekura","animator:Mikaela"],"picked":"SKIP","floor":55},{"not_picked":["animator:Demiurge","animator:Nanami","animator:ShinjiMatou"],"picked":"SKIP","floor":59}],"player_experience":638844,"relics_obtained":[{"floor":7.0,"key":"Vajra"},{"floor":10.0,"key":"ReplayFunnel"},{"floor":14.0,"key":"hubris:Zylophone"},{"floor":24.0,"key":"Pet Ghost"},{"floor":26.0,"key":"Replay:Bottled Snecko"},{"floor":37,"key":"CatCart"},{"floor":40,"key":"hubris:ToyBattleship"},{"floor":43,"key":"Thread and Needle"},{"floor":44,"key":"hubris:SlimyHat"},{"floor":46,"key":"Centennial Puzzle"},{"floor":53,"key":"animator:TheWolleyCore"},{"floor":53,"key":"animator:AncientMedallion"},{"floor":56,"key":"animator:AncientMedallion"}],"event_choices":[{"damage_healed":0.0,"max_hp_gain":0.0,"max_hp_loss":0.0,"gold_gain":0.0,"event_name":"Shining Light","player_choice":"Entered Light","floor":2.0,"gold_loss":0.0,"damage_taken":14.0,"cards_upgraded":["animator:Defend","animator:Defend"]},{"damage_healed":0.0,"max_hp_gain":0.0,"max_hp_loss":0.0,"gold_gain":0.0,"event_name":"Big Fish","player_choice":"Box","floor":4.0,"gold_loss":0.0,"damage_taken":0.0,"relics_obtained":["Gambling Chip"],"cards_obtained":["Regret"]},{"cards_removed":["Regret"],"damage_healed":0.0,"max_hp_gain":0.0,"max_hp_loss":0.0,"gold_gain":0.0,"event_name":"The Cleric","player_choice":"Card Removal","floor":5.0,"gold_loss":50.0,"damage_taken":0.0},{"damage_healed":0.0,"max_hp_gain":0.0,"max_hp_loss":0.0,"gold_gain":99.0,"event_name":"Nest","player_choice":"Stole From Cult","floor":29.0,"gold_loss":0.0,"damage_taken":0.0},{"damage_healed":0,"gold_gain":0,"player_choice":"Fight","damage_taken":0,"max_hp_gain":0,"max_hp_loss":0,"event_name":"OrinTheCat","floor":37,"gold_loss":0},{"damage_healed":0,"gold_gain":0,"player_choice":"Ignored","damage_taken":0,"max_hp_gain":0,"max_hp_loss":0,"event_name":"Tomb of Lord Red Mask","floor":38,"gold_loss":0},{"damage_healed":0,"gold_gain":0,"player_choice":"Gave Potion","damage_taken":0,"relics_obtained":["Replay:Bandana"],"max_hp_gain":0,"max_hp_loss":0,"event_name":"WeMeetAgain","floor":42,"gold_loss":0}],"is_beta":false,"boss_relics":[{"not_picked":["hubris:VirtuousBlindfold","Velvet Choker","Runic Dome"]},{"not_picked":["Calling Bell","Philosopher\u0027s Stone"],"picked":"Replay:Bronze Core"}],"items_purged_floors":[19,31,47,58],"is_endless":false,"potions_floor_spawned":[1,3,8,10,16,18,21,22,30,33,35,45,46,48,54],"killed_by":"animator:LARGE_WISP","ascension_level":2}}