{"host":"9rexl4trwadr43zo","time":1612585480,"event":{"mods":["BaseMod","Colored Map","Minty Spire (QoL Compilation)"],"gold_per_floor":[109,109,11,23,43,43,69,69,95,114,79,104,104,123,123,227,227,247,172,192,204,217,217,236,252,252,269,269,281,295,295,295,397,397,414,414,432,24,24,24],"floor_reached":39,"language":"ENG","playtime":2140,"items_purged":["Strike_R","Strike_R"],"score":516,"play_id":"9174d160-c645-4cb7-b5b4-fffb160ed178","local_time":"20210206042440","is_ascension_mode":true,"campfire_choices":[{"data":"Bash","floor":6,"key":"SMITH"},{"floor":8,"key":"REST"},{"data":"Defend_R","floor":13,"key":"SMITH"},{"data":"Iron Wave","floor":15,"key":"SMITH"},{"data":"Demon Form","floor":23,"key":"SMITH"},{"data":"Battle Trance","floor":28,"key":"SMITH"},{"floor":32,"key":"REST"}],"circlet_count":0,"master_deck":["Strike_R","Strike_R","Defend_R","Defend_R","Defend_R","Defend_R+1","Bash+1","Sword Boomerang","Pommel Strike","Iron Wave+1","Cleave","Demon Form+1","Shrug It Off+1","Flame Barrier+1","Battle Trance+1","Ghostly Armor","Intimidate"],"relics":["Burning Blood","Bag of Preparation","Bag of Marbles","Art of War","Ancient Tea Set","Sozu","Self Forming Clay","Philosopher\u0027s Stone","Lantern","Strange Spoon"],"acts_visited":["Exordium","TheCity","TheBeyond"],"potions_floor_usage":[16,39],"damage_taken":[{"damage":1,"enemies":"Cultist","floor":1,"turns":4},{"damage":3,"enemies":"Jaw Worm","floor":4,"turns":4},{"damage":6,"enemies":"Small Slimes","floor":5,"turns":5},{"damage":53,"enemies":"Lagavulin","floor":7,"turns":9},{"damage":3,"enemies":"Blue Slaver","floor":10,"turns":6},{"damage":11,"enemies":"Gremlin Nob","floor":12,"turns":3},{"damage":0,"enemies":"Large Slime","floor":14,"turns":3},{"damage":62,"enemies":"Hexaghost","floor":16,"turns":11},{"damage":14,"enemies":"Shell Parasite","floor":18,"turns":5},{"damage":0,"enemies":"Chosen","floor":20,"turns":3},{"damage":17,"enemies":"Snecko","floor":21,"turns":5},{"damage":5,"enemies":"Cultist and Chosen","floor":22,"turns":8},{"damage":9,"enemies":"Centurion and Healer","floor":24,"turns":4},{"damage":9,"enemies":"3 Cultists","floor":25,"turns":5},{"damage":9,"enemies":"Snake Plant","floor":27,"turns":4},{"damage":2,"enemies":"Chosen and Byrds","floor":29,"turns":5},{"damage":2,"enemies":"Centurion and Healer","floor":30,"turns":4},{"damage":32,"enemies":"Champ","floor":33,"turns":8},{"damage":2,"enemies":"Orb Walker","floor":35,"turns":4},{"damage":36,"enemies":"3 Darklings","floor":37,"turns":9}],"seed_played":"-642407354668401719","potions_obtained":[{"floor":7,"key":"DistilledChaos"},{"floor":12,"key":"FearPotion"},{"floor":16,"key":"DistilledChaos"}],"is_trial":false,"path_per_floor":["M","?","$","M","M","R","E","R","T","M","?","E","R","M","R","B",null,"M","?","M","M","M","R","M","M","T","M","R","M","M","?","R","B",null,"M","?","M","$","M"],"character_chosen":"IRONCLAD","items_purchased":["Sword Boomerang","Lantern","Strange Spoon"],"campfire_rested":2,"item_purchase_floors":[3,38,38],"current_hp_per_floor":[85,67,67,70,70,70,23,49,49,52,74,69,69,75,75,19,71,63,63,69,58,59,59,56,53,53,50,50,54,58,58,84,58,81,85,85,55,55,0,0],"gold":24,"neow_bonus":"TEN_PERCENT_HP_BONUS","is_daily":false,"chose_seed":false,"campfire_upgraded":5,"win_rate":0.0,"timestamp":1612585480,"path_taken":["M","?","$","M","M","R","E","R","T","M","?","E","R","M","R","BOSS","M","?","M","M","M","R","M","M","T","M","R","M","M","?","R","BOSS","M","?","M","$","M"],"items_purchased_type":["Card","Relic","Relic"],"build_version":"2020-12-22","purchased_purges":2,"victory":false,"max_hp_per_floor":[88,88,88,88,88,88,88,88,88,88,88,88,88,88,88,88,88,88,88,88,88,88,88,88,88,88,88,88,88,88,88,88,88,88,88,88,88,88,88,88],"card_choices":[{"not_picked":["Warcry","Feel No Pain","Second Wind"],"picked":"SKIP","floor":1},{"not_picked":["Reckless Charge","Flex"],"picked":"Pommel Strike","floor":4},{"not_picked":["Flex","Heavy Blade"],"picked":"Iron Wave","floor":5},{"not_picked":["Headbutt","Pommel Strike","Offering"],"picked":"SKIP","floor":7},{"not_picked":["Perfected Strike","Burning Pact","Dropkick"],"picked":"SKIP","floor":10},{"not_picked":["Fire Breathing","Armaments"],"picked":"Cleave","floor":12},{"not_picked":["Pommel Strike","Clothesline","Heavy Blade"],"picked":"SKIP","floor":14},{"not_picked":["Offering","Juggernaut"],"picked":"Demon Form","floor":16},{"not_picked":["Havoc","Perfected Strike+1","Body Slam"],"picked":"SKIP","floor":18},{"not_picked":["Anger+1","Havoc"],"picked":"Shrug It Off+1","floor":20},{"not_picked":["Headbutt+1","Juggernaut","Flame Barrier"],"picked":"SKIP","floor":21},{"not_picked":["Uppercut","Wild Strike","True Grit"],"picked":"SKIP","floor":22},{"not_picked":["Anger","Havoc"],"picked":"Flame Barrier+1","floor":24},{"not_picked":["Perfected Strike+1","Power Through+1","Pommel Strike"],"picked":"SKIP","floor":25},{"not_picked":["Warcry","Fire Breathing"],"picked":"Battle Trance","floor":27},{"not_picked":["Headbutt","Perfected Strike"],"picked":"Ghostly Armor","floor":29},{"not_picked":["Anger","Fire Breathing"],"picked":"Intimidate","floor":30},{"not_picked":["Searing Blow+1","Clothesline+1","Armaments+1"],"picked":"SKIP","floor":35},{"not_picked":["Second Wind+1","Intimidate","Headbutt"],"picked":"SKIP","floor":37}],"player_experience":314104,"relics_obtained":[{"floor":7,"key":"Bag of Marbles"},{"floor":9,"key":"Art of War"},{"floor":12,"key":"Ancient Tea Set"},{"floor":26,"key":"Self Forming Clay"}],"event_choices":[{"damage_healed":0,"gold_gain":0,"player_choice":"Success","damage_taken":18,"relics_obtained":["Bag of Preparation"],"max_hp_gain":0,"max_hp_loss":0,"event_name":"Scrap Ooze","floor":2,"gold_loss":0},{"damage_healed":22,"gold_gain":0,"player_choice":"Healed","damage_taken":0,"max_hp_gain":0,"max_hp_loss":0,"event_name":"The Cleric","floor":11,"gold_loss":35},{"cards_removed":["Strike_R"],"damage_healed":0,"gold_gain":0,"player_choice":"Gave Gold","damage_taken":0,"max_hp_gain":0,"max_hp_loss":0,"event_name":"Beggar","floor":19,"gold_loss":75},{"damage_healed":0,"gold_gain":0,"player_choice":"Ignored","damage_taken":0,"max_hp_gain":0,"max_hp_loss":0,"event_name":"Cursed Tome","floor":31,"gold_loss":0},{"damage_healed":0,"gold_gain":0,"player_choice":"Ignored","damage_taken":0,"max_hp_gain":0,"max_hp_loss":0,"event_name":"Tomb of Lord Red Mask","floor":36,"gold_loss":0}],"is_beta":false,"boss_relics":[{"not_picked":["Astrolabe","Coffee Dripper"],"picked":"Sozu"},{"not_picked":["Empty Cage","Runic Cube"],"picked":"Philosopher\u0027s Stone"}],"items_purged_floors":[3,38],"is_endless":false,"potions_floor_spawned":[7,12,16,18,22,25,30,37],"killed_by":"4 Shapes","ascension_level":6}}