{"host":"49pjgf1q9ev52n8z","time":1612574160,"event":{"mods":["BaseMod","Bestiary","Colored Map","Keyboard Shortcuts","Minty Spire (QoL Compilation)","Practice Mode","Relic Stats","StSLib"],"gold_per_floor":[110,120,132,143,143,168,181,181,181,213,226,8,24,42,42,145,145,162,162,162,261,231,231,263,278,278,278,293,324,324,424,424,519,519,536,197,212,223,243,243,275,275,301,301,301],"floor_reached":44,"language":"ENG","playtime":5697,"items_purged":[],"score":617,"play_id":"c85e7af2-ea4a-4503-9414-a5df0483355f","local_time":"20210205171600","is_ascension_mode":true,"campfire_choices":[{"floor":8.0,"key":"REST"},{"floor":15.0,"key":"REST"},{"floor":23.0,"key":"REST"},{"floor":27.0,"key":"REST"},{"floor":30.0,"key":"REST"},{"floor":32.0,"key":"REST"},{"data":"Machine Learning","floor":40.0,"key":"SMITH"},{"data":"Fission","floor":42.0,"key":"SMITH"}],"circlet_count":0,"master_deck":["Zap","Dualcast","Skim+1","Doom and Gloom","Coolheaded","Hologram","Stack","Reinforced Body","Fusion+1","Capacitor","Darkness","Genetic Algorithm","Fission+1","Consume","Compile Driver","Thunder Strike","Scrape","Machine Learning+1","Double Energy","Amplify","Storm","Ghostly","Ghostly","Ghostly","Ghostly","Ghostly","Ball Lightning","Compile Driver+1","Echo Form","Lockon+1","Self Repair","Loop","Loop+1","Meteor Strike"],"relics":["Philosopher\u0027s Stone","Mummified Hand","InkBottle","Bottled Flame","Art of War","Pandora\u0027s Box","PreservedInsect","War Paint","White Beast Statue","SacredBark","Strange Spoon","Centennial Puzzle","Bag of Marbles","Dream Catcher"],"acts_visited":["Exordium","TheCity","TheBeyond"],"potions_floor_usage":[44,44],"damage_taken":[{"damage":2.0,"enemies":"Cultist","floor":1.0,"turns":3.0},{"damage":20.0,"enemies":"Small Slimes","floor":2.0,"turns":3.0},{"damage":0.0,"enemies":"2 Louse","floor":3.0,"turns":2.0},{"damage":2.0,"enemies":"Blue Slaver","floor":4.0,"turns":3.0},{"damage":30.0,"enemies":"Gremlin Nob","floor":6.0,"turns":4.0},{"damage":4.0,"enemies":"3 Louse","floor":7.0,"turns":3.0},{"damage":10.0,"enemies":"3 Sentries","floor":10.0,"turns":5.0},{"damage":0.0,"enemies":"2 Fungi Beasts","floor":11.0,"turns":2.0},{"damage":13.0,"enemies":"Gremlin Gang","floor":13.0,"turns":3.0},{"damage":2.0,"enemies":"Large Slime","floor":14.0,"turns":4.0},{"damage":12.0,"enemies":"The Guardian","floor":16.0,"turns":9.0},{"damage":35.0,"enemies":"3 Byrds","floor":18.0,"turns":3.0},{"damage":29.0,"enemies":"Slavers","floor":24.0,"turns":8.0},{"damage":4.0,"enemies":"Shell Parasite","floor":25.0,"turns":7.0},{"damage":5.0,"enemies":"Centurion and Healer","floor":28.0,"turns":7.0},{"damage":2.0,"enemies":"Book of Stabbing","floor":29.0,"turns":5.0},{"damage":14.0,"enemies":"Champ","floor":33.0,"turns":11.0},{"damage":11.0,"enemies":"Orb Walker","floor":35.0,"turns":4.0},{"damage":1.0,"enemies":"3 Darklings","floor":37.0,"turns":9.0},{"damage":4.0,"enemies":"Writhing Mass","floor":38.0,"turns":5.0},{"damage":1.0,"enemies":"Maw","floor":39.0,"turns":6.0},{"damage":0.0,"enemies":"Giant Head","floor":41.0,"turns":9.0},{"damage":40,"enemies":"Nemesis","floor":44,"turns":2}],"seed_played":"-8891091497036841931","potions_obtained":[{"floor":2.0,"key":"FearPotion"},{"floor":6.0,"key":"Block Potion"},{"floor":7.0,"key":"Fire Potion"},{"floor":18.0,"key":"GamblersBrew"},{"floor":22.0,"key":"SmokeBomb"},{"floor":22.0,"key":"Weak Potion"},{"floor":24.0,"key":"FocusPotion"},{"floor":29.0,"key":"FocusPotion"},{"floor":33.0,"key":"FocusPotion"},{"floor":35.0,"key":"AttackPotion"},{"floor":37.0,"key":"Energy Potion"},{"floor":38.0,"key":"SteroidPotion"},{"floor":39.0,"key":"PowerPotion"}],"is_trial":false,"path_per_floor":["M","M","M","M","?","E","M","R","T","E","M","$","M","M","R","B",null,"M","?","?","?","?","R","E","M","T","R","M","E","R","?","R","B",null,"M","$","M","M","M","R","E","R","T","E"],"character_chosen":"DEFECT","items_purchased":["Capacitor","Art of War","Self Repair","Strange Spoon","Centennial Puzzle"],"campfire_rested":6,"item_purchase_floors":[12,12,36,36,36],"current_hp_per_floor":[73,53,53,51,51,21,17,39,39,29,29,29,16,14,36,24,75,40,26,26,26,26,38,9,5,5,17,12,10,22,22,34,20,40,29,29,40,40,40,40,40,40,40,0,0],"gold":301,"neow_bonus":"BOSS_RELIC","is_daily":false,"chose_seed":false,"campfire_upgraded":2,"win_rate":0.0,"timestamp":1612574160,"path_taken":["M","M","M","?","?","E","M","R","T","E","M","$","?","M","R","BOSS","M","?","?","?","?","R","E","M","T","R","?","E","R","?","R","BOSS","M","$","M","M","M","R","E","R","T","E"],"items_purchased_type":["Card","Relic","Card","Relic","Relic"],"build_version":"2020-12-22","purchased_purges":0,"victory":false,"max_hp_per_floor":[75,75,75,75,75,75,75,75,75,75,75,75,75,75,75,75,75,75,80,40,40,40,40,40,40,40,40,40,40,40,40,40,40,40,40,40,40,40,40,40,40,40,40,40,40],"relic_stats":{"Strange Spoon":[21],"Centennial Puzzle":[12],"Dream Catcher":0,"counters":[23,117],"Mummified Hand":[70],"Pandora\u0027s Box":["Consume","Compile Driver","Thunder Strike","Scrape","Machine Learning","Double Energy","Amplify"],"PreservedInsect":213,"Art of War":[20],"War Paint":["Fusion","Skim"],"obtain_stats":[{"SacredBark":34,"PreservedInsect":24,"War Paint":26,"White Beast Statue":29,"Strange Spoon":36,"Bottled Flame":10,"Centennial Puzzle":36,"Dream Catcher":43,"Mummified Hand":6,"Philosopher\u0027s Stone":0,"Pandora\u0027s Box":17,"Art of War":12,"Bag of Marbles":41,"Cracked Core":0,"InkBottle":9},{"SacredBark":17,"PreservedInsect":13,"War Paint":14,"White Beast Statue":16,"Strange Spoon":18,"Bottled Flame":7,"Centennial Puzzle":18,"Dream Catcher":22,"Mummified Hand":5,"Philosopher\u0027s Stone":0,"Pandora\u0027s Box":11,"Art of War":8,"Bag of Marbles":22,"Cracked Core":0,"InkBottle":6},{"SacredBark":82,"PreservedInsect":52,"War Paint":59,"White Beast Statue":71,"Strange Spoon":86,"Bottled Flame":23,"Centennial Puzzle":86,"Dream Catcher":115,"Mummified Hand":15,"Philosopher\u0027s Stone":0,"Pandora\u0027s Box":41,"Art of War":25,"Bag of Marbles":115,"Cracked Core":0,"InkBottle":18}],"InkBottle":[45]},"card_choices":[{"not_picked":["Gash","Glacier"],"picked":"Skim","floor":1.0},{"not_picked":["Rebound","Leap"],"picked":"Doom and Gloom","floor":2.0},{"not_picked":["Steam","Barrage"],"picked":"Coolheaded","floor":3.0},{"not_picked":["Recycle","Stack"],"picked":"Hologram","floor":4.0},{"not_picked":["Conserve Battery","Beam Cell"],"picked":"Stack","floor":6.0},{"not_picked":["Rebound","Aggregate"],"picked":"Reinforced Body","floor":7.0},{"not_picked":["Lockon","Force Field","Recycle"],"picked":"SKIP","floor":10.0},{"not_picked":["Aggregate","Blizzard"],"picked":"Fusion","floor":11.0},{"not_picked":["Force Field","Leap"],"picked":"Darkness","floor":13.0},{"not_picked":["Storm","Stack"],"picked":"Genetic Algorithm","floor":14.0},{"not_picked":["Meteor Strike","Seek"],"picked":"Fission","floor":16.0},{"not_picked":["Blizzard","Reprogram"],"picked":"Storm","floor":18.0},{"not_picked":["Coolheaded","Heatsinks"],"picked":"Ball Lightning","floor":24.0},{"not_picked":["Sweeping Beam","Gash+1"],"picked":"Compile Driver+1","floor":25.0},{"not_picked":["Go for the Eyes","Doom and Gloom","Aggregate"],"picked":"SKIP","floor":28.0},{"not_picked":["Barrage","Sweeping Beam","Cold Snap"],"picked":"SKIP","floor":29.0},{"not_picked":["Rainbow","Multi-Cast"],"picked":"Echo Form","floor":33.0},{"not_picked":["Compile Driver+1","Streamline+1"],"picked":"Lockon+1","floor":35.0},{"not_picked":["Hologram","Streamline"],"picked":"Loop","floor":37.0},{"not_picked":["Barrage+1","Cold Snap"],"picked":"Loop+1","floor":38.0},{"not_picked":["Rebound+1","Compile Driver+1"],"picked":"Meteor Strike","floor":39.0},{"not_picked":["Fusion+1","Gash","Barrage"],"picked":"SKIP","floor":41.0}],"player_experience":727226,"relics_obtained":[{"floor":6.0,"key":"Mummified Hand"},{"floor":9.0,"key":"InkBottle"},{"floor":10.0,"key":"Bottled Flame"},{"floor":24.0,"key":"PreservedInsect"},{"floor":26.0,"key":"War Paint"},{"floor":29.0,"key":"White Beast Statue"},{"floor":41.0,"key":"Bag of Marbles"},{"floor":43.0,"key":"Dream Catcher"}],"event_choices":[{"cards_removed":["Strike_B"],"damage_healed":0.0,"max_hp_gain":0.0,"max_hp_loss":0.0,"gold_gain":0.0,"event_name":"Bonfire Elementals","player_choice":"Offered Basic","floor":5.0,"gold_loss":0.0,"damage_taken":0.0},{"damage_healed":0.0,"max_hp_gain":5.0,"max_hp_loss":0.0,"gold_gain":0.0,"event_name":"Forgotten Altar","player_choice":"Shed Blood","floor":19.0,"gold_loss":0.0,"damage_taken":19.0},{"damage_healed":0.0,"max_hp_gain":0.0,"max_hp_loss":40.0,"gold_gain":0.0,"event_name":"Ghosts","player_choice":"Became a Ghost","floor":20.0,"gold_loss":0.0,"damage_taken":0.0,"cards_obtained":["Ghostly","Ghostly","Ghostly","Ghostly","Ghostly"]},{"damage_healed":0.0,"max_hp_gain":0.0,"max_hp_loss":0.0,"gold_gain":99.0,"event_name":"Nest","player_choice":"Stole From Cult","floor":21.0,"gold_loss":0.0,"damage_taken":0.0},{"damage_healed":0.0,"max_hp_gain":0.0,"max_hp_loss":0.0,"gold_gain":0.0,"event_name":"The Woman in Blue","player_choice":"Bought 2 Potions","floor":22.0,"gold_loss":0.0,"damage_taken":0.0},{"damage_healed":0.0,"max_hp_gain":0.0,"max_hp_loss":0.0,"gold_gain":100.0,"event_name":"Golden Shrine","player_choice":"Pray","floor":31.0,"gold_loss":0.0,"damage_taken":0.0}],"is_beta":false,"boss_relics":[{"not_picked":["Sozu","Black Star"],"picked":"Pandora\u0027s Box"},{"not_picked":["Velvet Choker","Tiny House"],"picked":"SacredBark"}],"items_purged_floors":[],"is_endless":false,"potions_floor_spawned":[2,6,7,13,18,24,29,33,35,37,38,39,41],"killed_by":"Nemesis","ascension_level":3}}