{"host":"04hh9gplt9wkfmr1","time":1612599410,"event":{"mods":["AchievementEnabler","BaseMod","Colored Map","KOR Keyword Fix","Minty Spire (QoL Compilation)","Rare Cards Sparkle","SuperFastMode"],"gold_per_floor":[10,22,22,39,58,58,92,92,116,151,48,48,48,66,66,144,144,154,154,166,37,37,37,37,56,56,56,82,82,82,92,92,171,171,187,39,66,16,26,26,51,51,51,1,1,13,24,38,38,38],"floor_reached":51,"language":"KOR","playtime":1637,"items_purged":["Strike_G","Writhe","Defend_G","Defend_G"],"score":1262,"play_id":"5398d479-1b67-4498-8799-80b37e7846a9","local_time":"20210206171650","is_ascension_mode":true,"campfire_choices":[{"data":"A Thousand Cuts","floor":6.0,"key":"SMITH"},{"data":"Die Die Die","floor":8.0,"key":"SMITH"},{"data":"Accuracy","floor":12.0,"key":"SMITH"},{"floor":15.0,"key":"REST"},{"floor":27.0,"key":"REST"},{"floor":30.0,"key":"REST"},{"floor":32.0,"key":"REST"},{"floor":40,"key":"REST"},{"floor":42,"key":"REST"},{"floor":49,"key":"REST"}],"circlet_count":0,"master_deck":["AscendersBane","Strike_G","Defend_G","Defend_G","Defend_G","Survivor","Neutralize","A Thousand Cuts+1","Die Die Die+1","Backflip","Accuracy+1","Accuracy","PiercingWail","Cloak And Dagger","Blade Dance","Accuracy","Venomology+1","PiercingWail+1","Footwork","Terror","RitualDagger","Backstab","Cloak And Dagger","Concentrate","Escape Plan","Footwork","Accuracy","Wraith Form v2","Cloak And Dagger","Purity","Panacea","Trip","Blade Dance+1","Noxious Fumes+1"],"relics":["Ring of the Snake","Orichalcum","Snake Skull","Smiling Mask","Runic Pyramid","Dream Catcher","InkBottle","Oddly Smooth Stone","Fusion Hammer","Membership Card","Pen Nib","Bronze Scales","Ancient Tea Set"],"acts_visited":["Exordium","TheCity","TheBeyond"],"potions_floor_usage":[39,41,50],"damage_taken":[{"damage":0.0,"enemies":"Small Slimes","floor":1.0,"turns":3.0},{"damage":0.0,"enemies":"Cultist","floor":2.0,"turns":4.0},{"damage":0.0,"enemies":"2 Louse","floor":4.0,"turns":2.0},{"damage":4.0,"enemies":"Blue Slaver","floor":5.0,"turns":6.0},{"damage":14.0,"enemies":"3 Sentries","floor":7.0,"turns":6.0},{"damage":19.0,"enemies":"Lagavulin","floor":10.0,"turns":11.0},{"damage":1.0,"enemies":"3 Louse","floor":14.0,"turns":2.0},{"damage":26.0,"enemies":"Slime Boss","floor":16.0,"turns":4.0},{"damage":17.0,"enemies":"Spheric Guardian","floor":18.0,"turns":5.0},{"damage":8.0,"enemies":"Shell Parasite","floor":20.0,"turns":6.0},{"damage":22.0,"enemies":"Sentry and Sphere","floor":25.0,"turns":7.0},{"damage":15.0,"enemies":"Slavers","floor":28.0,"turns":8.0},{"damage":13.0,"enemies":"Snake Plant","floor":31.0,"turns":4.0},{"damage":16.0,"enemies":"Automaton","floor":33.0,"turns":8.0},{"damage":0.0,"enemies":"3 Shapes","floor":35.0,"turns":5.0},{"damage":0,"enemies":"Orb Walker","floor":39,"turns":3},{"damage":6,"enemies":"Giant Head","floor":41,"turns":6},{"damage":0,"enemies":"Transient","floor":46,"turns":5},{"damage":0,"enemies":"Maw","floor":47,"turns":7},{"damage":2,"enemies":"Jaw Worm Horde","floor":48,"turns":4},{"damage":59,"enemies":"Time Eater","floor":50,"turns":8}],"seed_played":"439418815954513251","potions_obtained":[{"floor":2.0,"key":"SmokeBomb"},{"floor":4.0,"key":"Energy Potion"},{"floor":5.0,"key":"Strength Potion"},{"floor":10.0,"key":"Fruit Juice"},{"floor":18.0,"key":"EssenceOfSteel"},{"floor":25.0,"key":"BlessingOfTheForge"},{"floor":31.0,"key":"SteroidPotion"},{"floor":39,"key":"Block Potion"},{"floor":47,"key":"FairyPotion"}],"is_trial":false,"path_per_floor":["M","M","?","M","M","R","E","R","T","E","$","R","$","M","R","B",null,"M","?","M","$","?","?","$","M","T","R","E","?","R","M","R","B",null,"M","$","T","$","M","R","E","R","T","$","?","M","M","M","R","B",null],"character_chosen":"THE_SILENT","items_purchased":["Blade Dance","Terror","Membership Card"],"campfire_rested":7,"item_purchase_floors":[11,21,36],"current_hp_per_floor":[59,59,59,59,55,55,41,41,41,27,27,27,27,26,47,21,59,42,42,34,34,28,28,28,6,6,27,12,12,33,20,41,25,60,60,60,60,60,60,71,65,71,71,71,61,61,61,59,71,12],"gold":38,"neow_bonus":"TRANSFORM_TWO_CARDS","is_daily":false,"chose_seed":false,"campfire_upgraded":3,"win_rate":0.0,"timestamp":1612599410,"path_taken":["M","M","?","M","M","R","E","R","T","E","$","R","$","M","R","BOSS","M","?","M","$","?","?","?","M","T","R","E","?","R","M","R","BOSS","M","?","?","$","M","R","E","R","T","$","?","M","M","M","R","BOSS"],"items_purchased_type":["Card","Card","Relic"],"build_version":"2020-12-22","purchased_purges":4,"victory":true,"max_hp_per_floor":[66,66,66,66,66,66,66,66,66,71,71,71,71,71,71,71,71,71,71,71,71,71,71,71,71,71,71,71,71,71,71,71,71,71,71,71,71,71,71,71,71,71,71,71,71,71,71,71,71,71],"card_choices":[{"not_picked":["Poisoned Stab","Skewer"],"picked":"Backflip","floor":1.0},{"not_picked":["Crippling Poison","All Out Attack","Quick Slash"],"picked":"SKIP","floor":2.0},{"not_picked":["Dagger Throw","Dagger Spray"],"picked":"Accuracy","floor":4.0},{"not_picked":["Prepared","Deflect"],"picked":"Accuracy","floor":5.0},{"not_picked":["Quick Slash","Endless Agony"],"picked":"PiercingWail","floor":7.0},{"not_picked":["Distraction","Crippling Poison"],"picked":"Cloak And Dagger","floor":10.0},{"not_picked":["Cloak And Dagger","Catalyst"],"picked":"Accuracy","floor":14.0},{"not_picked":["Bullet Time","Phantasmal Killer"],"picked":"Venomology","floor":16.0},{"not_picked":["Dagger Throw","Backflip"],"picked":"PiercingWail+1","floor":18.0},{"not_picked":["Flying Knee","Outmaneuver"],"picked":"Footwork","floor":20.0},{"not_picked":["Underhanded Strike","Sucker Punch+1"],"picked":"Backstab","floor":25.0},{"not_picked":["Underhanded Strike","Dodge and Roll"],"picked":"Cloak And Dagger","floor":27.0},{"not_picked":["Quick Slash","Dagger Spray"],"picked":"Concentrate","floor":28.0},{"not_picked":["Prepared","Masterful Stab"],"picked":"Escape Plan","floor":30.0},{"not_picked":["Caltrops","Deflect"],"picked":"Footwork","floor":31.0},{"not_picked":["Crippling Poison+1","PiercingWail"],"picked":"Accuracy","floor":32.0},{"not_picked":["Die Die Die","Corpse Explosion"],"picked":"Wraith Form v2","floor":33.0},{"not_picked":["Acrobatics","Distraction","Leg Sweep"],"picked":"SKIP","floor":35.0},{"not_picked":["Caltrops+1","Deadly Poison+1","Endless Agony"],"picked":"SKIP","floor":39},{"not_picked":["Predator","Dash"],"picked":"Cloak And Dagger","floor":41},{"not_picked":["Deep Breath","Enlightenment"],"picked":"Purity","floor":45},{"not_picked":["Jack Of All Trades","The Bomb"],"picked":"Panacea","floor":45},{"not_picked":["Good Instincts","Madness"],"picked":"Trip","floor":45},{"not_picked":["Deadly Poison","Quick Slash","Slice"],"picked":"SKIP","floor":46},{"not_picked":["All Out Attack","Poisoned Stab"],"picked":"Blade Dance+1","floor":47},{"not_picked":["Dagger Spray","Poisoned Stab","Predator"],"picked":"SKIP","floor":48},{"not_picked":["Flying Knee","Poisoned Stab"],"picked":"Noxious Fumes+1","floor":49}],"player_experience":132418,"relics_obtained":[{"floor":7.0,"key":"Orichalcum"},{"floor":9.0,"key":"Snake Skull"},{"floor":10.0,"key":"Smiling Mask"},{"floor":26.0,"key":"InkBottle"},{"floor":28.0,"key":"Oddly Smooth Stone"},{"floor":37.0,"key":"Pen Nib"},{"floor":41,"key":"Bronze Scales"},{"floor":43,"key":"Ancient Tea Set"}],"event_choices":[{"cards_removed":["Strike_G"],"damage_healed":0.0,"max_hp_gain":0.0,"max_hp_loss":0.0,"gold_gain":0.0,"event_name":"Bonfire Elementals","player_choice":"Offered Basic","floor":3.0,"gold_loss":0.0,"damage_taken":0.0},{"damage_healed":0.0,"max_hp_gain":0.0,"max_hp_loss":0.0,"gold_gain":0.0,"event_name":"The Mausoleum","player_choice":"Opened","floor":19.0,"gold_loss":0.0,"damage_taken":0.0,"relics_obtained":["Dream Catcher"],"cards_obtained":["Writhe"]},{"damage_healed":0.0,"max_hp_gain":0.0,"max_hp_loss":0.0,"gold_gain":0.0,"event_name":"Nest","player_choice":"Joined the Cult","floor":22.0,"gold_loss":0.0,"damage_taken":6.0,"cards_obtained":["RitualDagger"]},{"damage_healed":0.0,"max_hp_gain":0.0,"max_hp_loss":0.0,"gold_gain":0.0,"event_name":"Ghosts","player_choice":"Ignored","floor":23.0,"gold_loss":0.0,"damage_taken":0.0},{"damage_healed":0.0,"max_hp_gain":0.0,"max_hp_loss":0.0,"gold_gain":0.0,"event_name":"Accursed Blacksmith","player_choice":"Forge","floor":29.0,"gold_loss":0.0,"damage_taken":0.0,"cards_upgraded":["Venomology"]},{"damage_healed":0,"gold_gain":0,"player_choice":"Memory 3","damage_taken":10,"max_hp_gain":0,"max_hp_loss":0,"event_name":"SensoryStone","floor":45,"gold_loss":0}],"is_beta":false,"boss_relics":[{"not_picked":["Coffee Dripper","Sozu"],"picked":"Runic Pyramid"},{"not_picked":["Runic Dome","Tiny House"],"picked":"Fusion Hammer"}],"items_purged_floors":[11,21,38,44],"is_endless":false,"potions_floor_spawned":[2,4,5,10,18,25,31,39,46,47],"ascension_level":15}}