{"host":"630px4nyj50z5id8","time":1612594527,"event":{"mods":["BaseMod","Better Note","Colored Powertips","Good Game Mod","Minty Spire (QoL Compilation)","Quick Restart","Rare Cards Sparkle","Relic Filter Mod","Replay The Spire","StSLib","Waifu the Spire"],"gold_per_floor":[110,129,129,304,304,332,332,332,332],"floor_reached":8,"language":"ZHS","playtime":98,"items_purged":[],"score":107,"play_id":"0db7b1bd-2d79-45b3-9135-9e91e7cbc5b4","local_time":"20210206145527","is_ascension_mode":true,"campfire_choices":[{"data":"Bloodletting","floor":7,"key":"SMITH"}],"circlet_count":0,"master_deck":["Strike_R","Strike_R","Strike_R","Defend_R","Defend_R","Defend_R","Defend_R","Bash","Offering","Bloodletting+1","Pommel Strike","Doubt","ReplayReversal","Evolve"],"relics":["Burning Blood","REME:ComplimentaryCards","NeowsBlessing","Molten Egg 2"],"acts_visited":["Exordium"],"potions_floor_usage":[],"damage_taken":[{"damage":0,"enemies":"Small Slimes","floor":1,"turns":1},{"damage":0,"enemies":"2 Louse","floor":2,"turns":1},{"damage":0,"enemies":"Gremlin Nob","floor":6,"turns":1},{"damage":0,"enemies":"Lagavulin","floor":8,"turns":2}],"seed_played":"7337918832126791118","potions_obtained":[{"floor":1,"key":"BloodPotion"}],"is_trial":false,"path_per_floor":["M","M","?","?","?","E","R","E"],"character_chosen":"IRONCLAD","items_purchased":[],"campfire_rested":0,"item_purchase_floors":[],"current_hp_per_floor":[78,80,73,73,73,79,79,79,79],"gold":332,"neow_bonus":"THREE_ENEMY_KILL","is_daily":false,"chose_seed":false,"campfire_upgraded":1,"win_rate":0.0,"timestamp":1612594527,"path_taken":["M","M","?","?","?","E","R","E"],"items_purchased_type":[],"build_version":"2020-12-22","purchased_purges":0,"victory":false,"max_hp_per_floor":[80,80,80,80,80,80,80,80,80],"card_choices":[{"not_picked":["Body Slam","Heavy Blade"],"picked":"Bloodletting","floor":1},{"not_picked":["Abandon","Searing Blow"],"picked":"Pommel Strike","floor":2},{"not_picked":["Ghostly Armor","Perfected Strike+1"],"picked":"Evolve","floor":6}],"player_experience":397121,"relics_obtained":[{"floor":6,"key":"Molten Egg 2"}],"event_choices":[{"cards_removed":["Strike_R"],"damage_healed":0,"gold_gain":0,"player_choice":"Card Removal","damage_taken":7,"max_hp_gain":0,"max_hp_loss":0,"event_name":"Golden Wing","floor":3,"gold_loss":0},{"damage_healed":0,"gold_gain":175,"player_choice":"AGREE","damage_taken":0,"max_hp_gain":0,"max_hp_loss":0,"event_name":"Liars Game","floor":4,"gold_loss":0,"cards_obtained":["Doubt"]},{"damage_healed":0,"gold_gain":0,"cards_transformed":["Strike_R"],"player_choice":"Transformed","damage_taken":0,"max_hp_gain":0,"max_hp_loss":0,"event_name":"Transmorgrifier","floor":5,"gold_loss":0,"cards_obtained":["ReplayReversal"]}],"is_beta":false,"boss_relics":[],"items_purged_floors":[],"is_endless":false,"potions_floor_spawned":[1],"killed_by":"Lagavulin","ascension_level":7}}