{"host":"vyjryxuuuxkt43k4","time":1612626425,"event":{"mods":["AchievementEnabler","BaseMod","Colored Map","DeckTracker","Highlight Path","Keyboard Shortcuts","Minty Spire (QoL Compilation)","Permanent Neow","Quick Restart","StSLib","SuperFastMode","everything is the same but u backflip on backflip"],"gold_per_floor":[213,213,229,16,28,28,58,58,58,58,88,163,174,185,185,262,262,272,27,45,45,63,63,97,97,97,97,127,127,52,52,52,127,127,140,140,165,65,65,65,76,76,76,92,109,109,127,2,2,2],"floor_reached":51,"language":"KOR","playtime":1788,"items_purged":["Defend_B","Strike_B","Defend_B"],"score":1375,"play_id":"2439ef8c-97ef-48a9-9d6a-869699657656","local_time":"20210207004705","is_ascension_mode":true,"campfire_choices":[{"data":"Dualcast","floor":6.0,"key":"SMITH"},{"data":"Genetic Algorithm","floor":8.0,"key":"SMITH"},{"data":"Zap","floor":10.0,"key":"SMITH"},{"floor":15.0,"key":"REST"},{"data":"Defragment","floor":23.0,"key":"SMITH"},{"floor":27.0,"key":"REST"},{"data":"Hologram","floor":29.0,"key":"SMITH"},{"data":"Ghostly","floor":32.0,"key":"SMITH"},{"data":"Ghostly","floor":40,"key":"SMITH"},{"data":"Ghostly","floor":42,"key":"SMITH"},{"data":"Chill","floor":46,"key":"SMITH"},{"data":"Electrodynamics","floor":49,"key":"SMITH"}],"circlet_count":0,"master_deck":["AscendersBane","Zap+1","Dualcast+1","FTL+1","Streamline+1","Conserve Battery","Genetic Algorithm+1","Sweeping Beam+1","Undo","Cold Snap+1","Lockon+1","Gash+1","All For One+1","Hyperbeam+1","Coolheaded+1","Ball Lightning+1","Hologram+1","Defragment+1","Gash+1","Scrape+1","Go for the Eyes+1","Chill+1","Ghostly+1","Ghostly+1","Ghostly+1","Electrodynamics+1","Beam Cell+1","Coolheaded+1","Turbo+1","Aggregate+1"],"relics":["Cracked Core","Molten Egg 2","Incense Burner","DataDisk","Juzu Bracelet","Astrolabe","Omamori","Letter Opener","Kunai","Vajra","Pantograph","Coffee Dripper","Bird Faced Urn","Toxic Egg 2"],"acts_visited":["Exordium","TheCity","TheBeyond"],"potions_floor_usage":[47,50],"damage_taken":[{"damage":4.0,"enemies":"Small Slimes","floor":1.0,"turns":4.0},{"damage":1.0,"enemies":"Cultist","floor":3.0,"turns":3.0},{"damage":1.0,"enemies":"2 Louse","floor":5.0,"turns":3.0},{"damage":15.0,"enemies":"Lagavulin","floor":7.0,"turns":5.0},{"damage":20.0,"enemies":"Gremlin Nob","floor":11.0,"turns":4.0},{"damage":1.0,"enemies":"Exordium Thugs","floor":13.0,"turns":3.0},{"damage":0.0,"enemies":"Exordium Wildlife","floor":14.0,"turns":2.0},{"damage":33.0,"enemies":"Slime Boss","floor":16.0,"turns":8.0},{"damage":0.0,"enemies":"Chosen","floor":18.0,"turns":2.0},{"damage":6.0,"enemies":"2 Thieves","floor":20.0,"turns":2.0},{"damage":8.0,"enemies":"Chosen and Byrds","floor":22.0,"turns":4.0},{"damage":20.0,"enemies":"Book of Stabbing","floor":24.0,"turns":5.0},{"damage":0.0,"enemies":"Gremlin Leader","floor":28.0,"turns":5.0},{"damage":19,"enemies":"Automaton","floor":33,"turns":9},{"damage":1,"enemies":"Orb Walker","floor":35,"turns":4},{"damage":4,"enemies":"Mind Bloom Boss Battle","floor":37,"turns":7},{"damage":0,"enemies":"3 Darklings","floor":41,"turns":2},{"damage":11,"enemies":"Sphere and 2 Shapes","floor":44,"turns":3},{"damage":15,"enemies":"Maw","floor":45,"turns":6},{"damage":0,"enemies":"4 Shapes","floor":47,"turns":5},{"damage":0,"enemies":"Donu and Deca","floor":50,"turns":9}],"seed_played":"-487739550722425333","potions_obtained":[{"floor":3.0,"key":"EssenceOfSteel"},{"floor":13.0,"key":"Regen Potion"},{"floor":18.0,"key":"EssenceOfSteel"},{"floor":37,"key":"Ancient Potion"},{"floor":44,"key":"Swift Potion"},{"floor":47,"key":"Fruit Juice"}],"is_trial":false,"path_per_floor":["M","?","M","$","M","R","E","R","T","R","E","?","M","M","R","B",null,"M","$","M","?","M","R","E","T","T","R","E","R","$","?","R","B",null,"M","?","?","$","?","R","M","R","T","M","M","R","M","$","R","B",null],"character_chosen":"DEFECT","items_purchased":["Streamline+1","Conserve Battery","Genetic Algorithm","Explosive Potion","Defragment","Omamori"],"campfire_rested":2,"item_purchase_floors":[4,4,4,4,19,19],"current_hp_per_floor":[60,60,59,59,58,58,43,43,43,43,23,12,11,11,32,14,57,57,57,51,51,43,43,23,23,23,44,44,44,44,35,35,16,30,29,29,29,29,29,29,29,29,29,20,9,9,16,16,16,38],"gold":2,"neow_bonus":"HUNDRED_GOLD","is_daily":false,"chose_seed":false,"campfire_upgraded":10,"win_rate":0.0,"timestamp":1612626425,"path_taken":["M","?","M","$","M","R","E","R","T","R","E","?","M","M","R","BOSS","M","$","M","?","M","R","E","?","T","R","E","R","$","?","R","BOSS","M","?","?","?","?","R","M","R","T","M","M","R","M","$","R","BOSS"],"items_purchased_type":["Card","Card","Card","Potion","Card","Relic"],"build_version":"2020-12-22","purchased_purges":3,"victory":true,"max_hp_per_floor":[71,71,71,71,71,71,71,71,71,71,71,71,71,71,71,71,71,71,71,71,71,71,71,71,71,71,71,71,71,71,35,35,35,35,35,33,33,33,33,33,33,33,33,33,33,33,38,38,38,38],"card_choices":[{"not_picked":["Steam","Chaos"],"picked":"Sweeping Beam","floor":1.0},{"not_picked":["Beam Cell+1","Force Field"],"picked":"FTL+1","floor":3.0},{"not_picked":["Compile Driver+1","Doom and Gloom+1"],"picked":"Sweeping Beam+1","floor":5.0},{"not_picked":["White Noise","Auto Shields"],"picked":"Undo","floor":7.0},{"not_picked":["Sweeping Beam+1","Double Energy"],"picked":"Cold Snap+1","floor":11.0},{"not_picked":["Rip and Tear+1","Barrage+1"],"picked":"Lockon+1","floor":13.0},{"not_picked":["Coolheaded","Recycle"],"picked":"Gash+1","floor":14.0},{"not_picked":["Buffer","Creative AI"],"picked":"All For One+1","floor":16.0},{"not_picked":["Aggregate","Coolheaded"],"picked":"Hologram","floor":18.0},{"not_picked":["Aggregate+1","Ball Lightning+1"],"picked":"Gash+1","floor":20.0},{"not_picked":["Undo","Hello World"],"picked":"Scrape+1","floor":22.0},{"not_picked":["Force Field+1","Steam"],"picked":"Go for the Eyes+1","floor":24.0},{"not_picked":["Scrape+1","Consume"],"picked":"Chill","floor":28.0},{"not_picked":["Creative AI","Meteor Strike+1"],"picked":"Electrodynamics","floor":33},{"not_picked":["Rip and Tear+1","Auto Shields+1"],"picked":"Beam Cell+1","floor":35},{"not_picked":["Doom and Gloom+1","Force Field","Leap+1"],"picked":"SKIP","floor":41},{"not_picked":["Reprogram+1","Scrape+1"],"picked":"Coolheaded+1","floor":44},{"not_picked":["Loop","Redo+1"],"picked":"Turbo+1","floor":45},{"not_picked":["Doom and Gloom+1","Sweeping Beam+1"],"picked":"Aggregate+1","floor":47}],"player_experience":806865,"relics_obtained":[{"floor":7.0,"key":"Incense Burner"},{"floor":9.0,"key":"DataDisk"},{"floor":11.0,"key":"Juzu Bracelet"},{"floor":24.0,"key":"Letter Opener"},{"floor":25.0,"key":"Kunai"},{"floor":26.0,"key":"Vajra"},{"floor":28.0,"key":"Pantograph"},{"floor":37,"key":"Bird Faced Urn"},{"floor":43,"key":"Toxic Egg 2"}],"event_choices":[{"cards_removed":["Sweeping Beam"],"damage_healed":0.0,"max_hp_gain":0.0,"max_hp_loss":0.0,"gold_gain":0.0,"event_name":"WeMeetAgain","player_choice":"Gave Card","floor":2.0,"gold_loss":0.0,"damage_taken":0.0,"relics_obtained":["Molten Egg 2"]},{"damage_healed":0.0,"max_hp_gain":0.0,"max_hp_loss":0.0,"gold_gain":75.0,"event_name":"World of Goop","player_choice":"Gather Gold","floor":12.0,"gold_loss":0.0,"damage_taken":11.0},{"cards_removed":["Strike_B"],"damage_healed":0.0,"max_hp_gain":0.0,"max_hp_loss":0.0,"gold_gain":0.0,"event_name":"Back to Basics","player_choice":"Elegance","floor":21.0,"gold_loss":0.0,"damage_taken":0.0},{"damage_healed":0.0,"max_hp_gain":0.0,"max_hp_loss":36.0,"gold_gain":0.0,"event_name":"Ghosts","player_choice":"Became a Ghost","floor":31.0,"gold_loss":0.0,"damage_taken":0.0,"cards_obtained":["Ghostly","Ghostly","Ghostly"]},{"damage_healed":0,"gold_gain":0,"player_choice":"Max HP","damage_taken":0,"max_hp_gain":0,"max_hp_loss":2,"event_name":"Winding Halls","floor":36,"gold_loss":0},{"damage_healed":0,"gold_gain":0,"player_choice":"Fight","damage_taken":0,"max_hp_gain":0,"max_hp_loss":0,"event_name":"MindBloom","floor":37,"gold_loss":0},{"cards_removed":["Defend_B"],"damage_healed":0,"gold_gain":0,"player_choice":"Removed Skill","damage_taken":0,"max_hp_gain":0,"max_hp_loss":0,"event_name":"Falling","floor":39,"gold_loss":0}],"is_beta":false,"boss_relics":[{"not_picked":["Velvet Choker","Sozu"],"picked":"Astrolabe"},{"not_picked":["Fusion Hammer","Runic Dome"],"picked":"Coffee Dripper"}],"items_purged_floors":[30,38,48],"is_endless":false,"potions_floor_spawned":[3,5,13,14,18,37,44,47],"ascension_level":17}}