{"host":"d73an99q9oevilk5","time":1612573153,"event":{"mods":["2.2 Compatiblity","AchievementEnabler","Act Like it!","Aspiration","BaseMod","Beaked The Cultist","Better Third Choice","BetterRewards","Colored Map","Colored Powertips","Conspire","Downfall","GifTheSpireLib","Halation","Hubris","Infinite Spire","Marisa????????","Mimic Mod","Minty Spire (QoL Compilation)","Quick Restart","Relic Sorter","Reliquary","Replay The Spire","Shop Mod","Spikes Relics","StSLib","Stuff the Spire","The Cursed","The Necromancer","The Saiyan","Waifu the Spire","egg","slay the spire mod where everything is the same but ironclad has a cowboy hat"],"gold_per_floor":[119,119,119,129,129,129,161,161,211,244,244,264,45,58,58,161,161,172,172,172,191,191,191,202,218,242,273,273,290,317,350,350,455,455,467,211,227,26,51,51,83,83,83,116,126,145,159,159,159,159],"floor_reached":51,"language":"ENG","playtime":2063,"items_purged":[],"score":1003,"play_id":"455475ba-6b2b-4208-b51a-c7833da82441","local_time":"20210205175913","is_ascension_mode":false,"campfire_choices":[{"data":"beaked:Ceremony","floor":6,"key":"SMITH"},{"data":"beaked:Ceremony","floor":8,"key":"SMITH"},{"data":"beaked:Evade","floor":11,"key":"SMITH"},{"data":"beaked:KnowThyFoe","floor":15,"key":"SMITH"},{"data":"Armaments","floor":23,"key":"SMITH"},{"data":"beaked:Insight","floor":32,"key":"SMITH"},{"data":"beaked:ScreechingChant","floor":40,"key":"SMITH"},{"data":"Limit Break","floor":49,"key":"SMITH"}],"circlet_count":0,"master_deck":["beaked:Strike_Y","beaked:Strike_Y","beaked:Strike_Y","beaked:Strike_Y","beaked:Strike_Y","beaked:Strike_Y","beaked:Defend_Y","beaked:Defend_Y","beaked:Defend_Y","beaked:Defend_Y","beaked:Ceremony+1","beaked:Ceremony+1","beaked:Ceremony+1","beaked:Evade+1","beaked:MachineSpirit","beaked:WarriorSpirit","beaked:MachineSpirit","ReplayTheSpireMod:Muscle Training","beaked:KnowThyFoe+1","Sharp Hide","beaked:AwakenedForm","beaked:WarriorEssence","Armaments+1","beaked:Hexing","beaked:Insight+1","Shockwave","Reaper","Limit Break+1","beaked:HuntressSpirit","beaked:ScreechingChant","beaked:ScreechingChant+1","ReplayTheSpireMod:Private Reserves","beaked:MimicWarrior+1","Pot Of Greed","Pot Of Greed","Pot Of Greed","beaked:CursingBlood+1","Cleave"],"relics":["beaked:MendingPlumage","Mango","conspire:TreasureMap","Replay:Rubber Ducky","hubris:DisguiseKit","Replay:WaspNest","reliquary:ExpiredCoupon","Bronze Scales","hubris:EvacipatedBox","StuffTheSpire:GrapeVine","Garlic","halation:LettersToHer","StuffTheSpire:RubySignet","conspire:InfiniteJournal","beaked:SacredDeck","ReplayTheSpireMod:Ninjato","Replay:Accelerometer","conspire:BottledYoYo","Grinning Jar"],"acts_visited":["Exordium","TheCity","TheBeyond"],"potions_floor_usage":[16,21,30,30,35,44,44,50,50,50],"damage_taken":[{"damage":11,"enemies":"Jaw Worm","floor":1,"turns":4},{"damage":5,"enemies":"Small Slimes","floor":4,"turns":4},{"damage":44,"enemies":"Gremlin Nob","floor":7,"turns":5},{"damage":31,"enemies":"3 Sentries","floor":10,"turns":7},{"damage":9,"enemies":"infinitespire:Voidling","floor":12,"turns":4},{"damage":34,"enemies":"Exordium Wildlife","floor":14,"turns":7},{"damage":42,"enemies":"The Guardian","floor":16,"turns":11},{"damage":30,"enemies":"conspire:FuzzyDice","floor":18,"turns":5},{"damage":15,"enemies":"Shell Parasite","floor":21,"turns":4},{"damage":22,"enemies":"Snake Plant","floor":24,"turns":3},{"damage":12,"enemies":"conspire:HollyBat","floor":25,"turns":7},{"damage":22,"enemies":"conspire:Head Lice","floor":27,"turns":6},{"damage":10,"enemies":"Centurion and Healer","floor":29,"turns":7},{"damage":41,"enemies":"Slavers","floor":30,"turns":4},{"damage":31,"enemies":"Cultist and Chosen","floor":31,"turns":10},{"damage":61,"enemies":"Automaton","floor":33,"turns":9},{"damage":9,"enemies":"3 Shapes","floor":35,"turns":5},{"damage":31,"enemies":"Orb Walker","floor":37,"turns":5},{"damage":71,"enemies":"conspire:MimicChest","floor":39,"turns":8},{"damage":53,"enemies":"beaked:SuperParasite","floor":41,"turns":8},{"damage":66,"enemies":"Reptomancer","floor":44,"turns":6},{"damage":53,"enemies":"Spire Growth","floor":45,"turns":7},{"damage":52,"enemies":"4 Shapes","floor":46,"turns":13},{"damage":17,"enemies":"3 Darklings","floor":47,"turns":4},{"damage":78,"enemies":"Awakened One","floor":50,"turns":8}],"seed_played":"5876222421929164273","potions_obtained":[{"floor":4,"key":"bronze:BurnAndBuffPotion"},{"floor":10,"key":"Ancient Potion"},{"floor":14,"key":"Explosive Potion"},{"floor":16,"key":"SpeedPotion"},{"floor":21,"key":"Elixir"},{"floor":30,"key":"Explosive Potion"},{"floor":33,"key":"champ:CounterPotion"},{"floor":35,"key":"Milkshake"},{"floor":41,"key":"beaked:MendingBrew"},{"floor":45,"key":"Swift Potion"},{"floor":46,"key":"bronze:BurnAndBuffPotion"}],"is_trial":false,"path_per_floor":["M","?","?","M","$","R","E","R","T","E","R","M","$","M","R","B",null,"M","?","$","M","?","R","M","M","T","E","?","M","E","MIM","R","B",null,"M","$","M","$","?","R","E","?","T","E","M","M","M","?","R","B",null],"character_chosen":"BEAKED_THE_CULTIST","items_purchased":["conspire:TreasureMap","beaked:Evade","beaked:MachineSpirit","beaked:KnowThyFoe","Sharp Hide","reliquary:ExpiredCoupon","Bronze Scales","hubris:EvacipatedBox","ReplayTheSpireMod:Ninjato","beaked:ScreechingChant","ReplayTheSpireMod:Private Reserves"],"campfire_rested":0,"item_purchase_floors":[0,0,0,13,13,20,20,20,36,38,38],"current_hp_per_floor":[57,57,57,60,60,60,26,26,26,26,26,43,43,33,33,26,64,54,54,15,24,24,24,20,39,39,56,56,64,35,64,64,21,64,64,64,49,49,31,31,41,41,41,47,64,46,63,63,63,29],"gold":159,"neow_bonus":"","is_daily":false,"chose_seed":false,"campfire_upgraded":8,"win_rate":0.0,"timestamp":1612573153,"path_taken":["M","?","?","M","$","R","E","R","T","E","R","M","$","M","R","BOSS","M","?","?","?","?","R","M","M","T","E","?","M","E","?","R","BOSS","M","$","M","$","?","R","E","?","T","E","M","M","M","?","R","BOSS"],"items_purchased_type":["Relic","Card","Card","Card","Card","Relic","Relic","Relic","Relic","Card","Card"],"build_version":"2020-12-22","purchased_purges":0,"victory":true,"max_hp_per_floor":[64,64,64,64,64,64,64,64,64,64,64,64,64,64,64,64,64,64,64,64,64,64,64,64,64,64,64,64,64,64,64,64,64,64,64,64,64,64,64,64,64,64,64,64,64,64,64,64,64,64],"card_choices":[{"not_picked":["beaked:Resilience","beaked:Negation"],"picked":"beaked:WarriorSpirit","floor":1},{"not_picked":["beaked:BraceForImpact","beaked:Struggle","beaked:Tweet"],"picked":"SKIP","floor":4},{"not_picked":["beaked:Sacrifice","beaked:TuckingFeathers"],"picked":"beaked:MachineSpirit","floor":7},{"not_picked":["beaked:Overpower","beaked:Poke","beaked:Struggle","Juggernaut"],"picked":"SKIP","floor":10},{"not_picked":["beaked:StickSmack","beaked:Struggle","beaked:MimicMachine"],"picked":"ReplayTheSpireMod:Muscle Training","floor":12},{"not_picked":["beaked:Overpower","beaked:Tradeoff","beaked:MimicWarrior","StuffTheSpire:Slingshot"],"picked":"SKIP","floor":14},{"not_picked":["beaked:FullHouse","beaked:LiftOff","Limit Break"],"picked":"beaked:AwakenedForm","floor":16},{"not_picked":["beaked:BounceBack+1","beaked:Devastation+1","StuffTheSpire:RockThrow"],"picked":"beaked:WarriorEssence","floor":18},{"not_picked":["beaked:RuinSticks","beaked:HuntressEssence+1","beaked:Roost+1"],"picked":"Armaments","floor":21},{"not_picked":["beaked:DigDeep","beaked:BarbedWire+1","Rampage"],"picked":"beaked:Hexing","floor":24},{"not_picked":["beaked:DigDeep","beaked:Tweet+1","Disarm"],"picked":"beaked:Insight","floor":25},{"not_picked":["beaked:Redirect+1","beaked:Tweet+1","beaked:CheekyTricks","Havoc"],"picked":"SKIP","floor":27},{"not_picked":["beaked:Insight","beaked:Resilience+1","beaked:Flinch","Spot Weakness"],"picked":"SKIP","floor":29},{"not_picked":["beaked:BloodForTheGods","beaked:Mantra","beaked:TuckingFeathers","ReplayTheSpireMod:Strike From Hell"],"picked":"SKIP","floor":30},{"not_picked":["beaked:Cower","beaked:MimicHuntress","beaked:CrazyRituals"],"picked":"Shockwave","floor":31},{"not_picked":["beaked:Brainwash","ReplayTheSpireMod:Owlgaze","beaked:AwakenedForm"],"picked":"Reaper","floor":33},{"not_picked":["beaked:SurvivalInstinct+1","beaked:VigorBurst+1","beaked:Poke+1","Dark Embrace"],"picked":"SKIP","floor":35},{"not_picked":["beaked:FeelMyPain+1","beaked:Poke+1","Run Through"],"picked":"beaked:HuntressSpirit","floor":37},{"not_picked":["beaked:Cower+1","beaked:CrazyRituals","Wild Strike"],"picked":"beaked:MimicWarrior+1","floor":41},{"not_picked":["beaked:Poke","beaked:DarkTribute","ReplayTheSpireMod:Limb From Limb"],"picked":"beaked:CursingBlood+1","floor":44},{"not_picked":["beaked:VigorBurst","beaked:BarbedWire","beaked:Poke","infinitespire:OneForAll"],"picked":"SKIP","floor":45},{"not_picked":["beaked:Insight+1","beaked:Poke+1","beaked:Windmill+1"],"picked":"Cleave","floor":46},{"not_picked":["beaked:WindBringer","beaked:Tradeoff+1","beaked:Flinch+1","ReplayTheSpireMod:LeadingStrike"],"picked":"SKIP","floor":47}],"player_experience":1839963,"relics_obtained":[{"floor":7,"key":"Replay:Rubber Ducky"},{"floor":9,"key":"hubris:DisguiseKit"},{"floor":10,"key":"Replay:WaspNest"},{"floor":26,"key":"StuffTheSpire:GrapeVine"},{"floor":27,"key":"Garlic"},{"floor":30,"key":"StuffTheSpire:RubySignet"},{"floor":31,"key":"conspire:InfiniteJournal"},{"floor":31,"key":"halation:LettersToHer"},{"floor":39,"key":"Replay:Accelerometer"},{"floor":41,"key":"conspire:BottledYoYo"},{"floor":43,"key":"halation:LettersToHer"},{"floor":44,"key":"Grinning Jar"}],"event_choices":[{"damage_healed":0,"gold_gain":0,"player_choice":"Leave","damage_taken":0,"max_hp_gain":0,"max_hp_loss":0,"event_name":"The Cleric","floor":3,"gold_loss":0},{"damage_healed":0,"gold_gain":0,"player_choice":"Ignored","damage_taken":0,"max_hp_gain":0,"max_hp_loss":0,"event_name":"Ghosts","floor":19,"gold_loss":0},{"damage_healed":0,"gold_gain":0,"player_choice":"Ignored","damage_taken":0,"max_hp_gain":0,"max_hp_loss":0,"event_name":"Vampires","floor":22,"gold_loss":0},{"damage_healed":0,"gold_gain":0,"player_choice":"Leave","damage_taken":0,"max_hp_gain":0,"max_hp_loss":0,"event_name":"conspire:Investor","floor":42,"gold_loss":0}],"is_beta":false,"boss_relics":[{"not_picked":["hubris:VirtuousBlindfold","Pandora\u0027s Box","Replay:Bronze Core"]},{"not_picked":["Calling Bell","conspire:SlowCooker","aspiration:FutureDiary"],"picked":"beaked:SacredDeck"}],"items_purged_floors":[],"is_endless":false,"potions_floor_spawned":[4,10,14,16,18,21,30,33,35,41,45,46],"ascension_level":0}}