{"host":"vyjryxuuuxkt43k4","time":1612621666,"event":{"mods":["AchievementEnabler","BaseMod","Colored Map","DeckTracker","Highlight Path","Keyboard Shortcuts","Minty Spire (QoL Compilation)","Permanent Neow","Quick Restart","StSLib","SuperFastMode","everything is the same but u backflip on backflip"],"gold_per_floor":[115,130,130,142,73,73,89,122,122,122,133,144,144,162,162,266,266,286,211,229,245,145,145,155,155,202,202,217,217,217,235,235,235,235],"floor_reached":33,"language":"KOR","playtime":678,"items_purged":["Strike_R","Strike_R"],"score":251,"play_id":"8ca526cf-b32c-4768-a5f2-cf1a1b16c8f6","local_time":"20210206232746","is_ascension_mode":false,"campfire_choices":[{"data":"Searing Blow","floor":6.0,"key":"SMITH"},{"data":"Searing Blow+1","floor":10.0,"key":"SMITH"},{"data":"Searing Blow+3","floor":15.0,"key":"SMITH"},{"data":"Searing Blow+4","floor":23,"key":"SMITH"},{"data":"Searing Blow+5","floor":27,"key":"SMITH"},{"floor":29,"key":"REST"},{"data":"Searing Blow+6","floor":32,"key":"SMITH"}],"circlet_count":0,"master_deck":["Defend_R","Defend_R","Defend_R","Defend_R","Bash","Wild Strike+1","Inflame","Feel No Pain","Searing Blow+7","Demon Form","Disarm","Immolate","Seeing Red+1"],"relics":["Burning Blood","NeowsBlessing","Shuriken","Gremlin Horn","Empty Cage","Anchor"],"acts_visited":["Exordium","TheCity"],"potions_floor_usage":[31],"damage_taken":[{"damage":0.0,"enemies":"Jaw Worm","floor":1.0,"turns":1.0},{"damage":0.0,"enemies":"Cultist","floor":2.0,"turns":1.0},{"damage":0.0,"enemies":"Small Slimes","floor":4.0,"turns":1.0},{"damage":10.0,"enemies":"Looter","floor":7.0,"turns":3.0},{"damage":22.0,"enemies":"3 Sentries","floor":8.0,"turns":7.0},{"damage":4.0,"enemies":"Blue Slaver","floor":11.0,"turns":3.0},{"damage":19.0,"enemies":"Lots of Slimes","floor":12.0,"turns":4.0},{"damage":6.0,"enemies":"Exordium Wildlife","floor":14.0,"turns":4.0},{"damage":33.0,"enemies":"Hexaghost","floor":16.0,"turns":8.0},{"damage":51.0,"enemies":"Shell Parasite","floor":18.0,"turns":6.0},{"damage":25,"enemies":"2 Thieves","floor":20,"turns":3},{"damage":17,"enemies":"Snake Plant","floor":21,"turns":5},{"damage":13,"enemies":"Snecko","floor":24,"turns":4},{"damage":15,"enemies":"Centurion and Healer","floor":28,"turns":5},{"damage":50,"enemies":"Sentry and Sphere","floor":31,"turns":7},{"damage":24,"enemies":"Collector","floor":33,"turns":3}],"seed_played":"7743982804023596632","potions_obtained":[{"floor":1.0,"key":"SkillPotion"},{"floor":2.0,"key":"FairyPotion"},{"floor":7.0,"key":"Block Potion"},{"floor":16.0,"key":"Dexterity Potion"},{"floor":18.0,"key":"SpeedPotion"},{"floor":20,"key":"ElixirPotion"}],"is_trial":false,"path_per_floor":["M","M","?","M","$","R","M","E","T","R","M","M","?","M","R","B",null,"M","$","M","M","$","R","M","?","T","R","M","R","?","M","R","B"],"character_chosen":"IRONCLAD","items_purchased":["Searing Blow"],"campfire_rested":1,"item_purchase_floors":[5],"current_hp_per_floor":[80,80,80,80,80,80,76,60,60,60,62,49,49,49,49,22,80,35,35,16,30,30,30,23,23,23,23,14,38,64,20,20,0,0],"gold":235,"neow_bonus":"THREE_ENEMY_KILL","is_daily":false,"chose_seed":false,"campfire_upgraded":6,"win_rate":0.0,"timestamp":1612621666,"path_taken":["M","M","?","?","$","R","?","E","T","R","M","M","?","M","R","BOSS","M","$","M","M","$","R","M","?","T","R","M","R","?","M","R","BOSS"],"items_purchased_type":["Card"],"build_version":"2020-12-22","purchased_purges":2,"victory":false,"max_hp_per_floor":[80,80,80,80,80,80,80,80,80,80,80,80,80,80,80,80,80,80,80,80,80,80,80,80,80,80,80,80,80,80,80,80,80,80],"card_choices":[{"not_picked":["Feel No Pain","Anger"],"picked":"Wild Strike","floor":1.0},{"not_picked":["Seeing Red","Armaments"],"picked":"Inflame","floor":2.0},{"not_picked":["Disarm","Hemokinesis"],"picked":"Feel No Pain","floor":4.0},{"not_picked":["True Grit","Searing Blow","Anger"],"picked":"SKIP","floor":7.0},{"not_picked":["Flex","Pommel Strike"],"picked":"Demon Form","floor":8.0},{"not_picked":["Flex","Perfected Strike"],"picked":"Disarm","floor":11.0},{"not_picked":["Havoc","Cleave","Sword Boomerang"],"picked":"SKIP","floor":12.0},{"not_picked":["Wild Strike","Iron Wave","Dark Embrace"],"picked":"SKIP","floor":14.0},{"not_picked":["Feed","Bludgeon"],"picked":"Immolate","floor":16.0},{"not_picked":["Armaments","Cleave+1","Disarm"],"picked":"SKIP","floor":18.0},{"not_picked":["Pommel Strike","Hemokinesis","Flex"],"picked":"SKIP","floor":20},{"not_picked":["Perfected Strike","Inflame","Juggernaut"],"picked":"SKIP","floor":21},{"not_picked":["Heavy Blade","Cleave","Pummel"],"picked":"SKIP","floor":24},{"not_picked":["Perfected Strike","Rage","Heavy Blade"],"picked":"SKIP","floor":28},{"not_picked":["True Grit+1","Rampage"],"picked":"Seeing Red+1","floor":31}],"player_experience":803695,"relics_obtained":[{"floor":8.0,"key":"Shuriken"},{"floor":9.0,"key":"Gremlin Horn"},{"floor":26,"key":"Anchor"}],"event_choices":[{"damage_healed":0.0,"max_hp_gain":0.0,"max_hp_loss":0.0,"gold_gain":0.0,"event_name":"Accursed Blacksmith","player_choice":"Forge","floor":3.0,"gold_loss":0.0,"damage_taken":0.0,"cards_upgraded":["Wild Strike"]},{"damage_healed":0.0,"max_hp_gain":0.0,"max_hp_loss":0.0,"gold_gain":0.0,"event_name":"Living Wall","player_choice":"Grow","floor":13.0,"gold_loss":0.0,"damage_taken":0.0,"cards_upgraded":["Searing Blow"]},{"cards_removed":["Strike_R"],"damage_healed":0,"gold_gain":0,"player_choice":"Elegance","damage_taken":0,"max_hp_gain":0,"max_hp_loss":0,"event_name":"Back to Basics","floor":25,"gold_loss":0},{"damage_healed":26,"gold_gain":0,"player_choice":"Heal","damage_taken":0,"max_hp_gain":0,"max_hp_loss":0,"event_name":"The Library","floor":30,"gold_loss":0}],"is_beta":false,"boss_relics":[{"not_picked":["Black Blood","Astrolabe"],"picked":"Empty Cage"}],"items_purged_floors":[19,22],"is_endless":false,"potions_floor_spawned":[1,2,7,16,18,20],"killed_by":"Collector","ascension_level":0}}