{"host":"j0tja808rg8hkg8v","time":1612577855,"event":{"mods":["Aspiration","BaseMod","Colored Powertips","Downfall","Energized Spire","Hermit","Infinite Spire","Ironclad Rager","Magitek Elite","Minty Spire (QoL Compilation)","Relic Stats","Replay The Spire","StSLib","The Bladedancer","The Cursed","The Disciple","The Runesmith"],"gold_per_floor":[128,151,151,151,201,211,211],"floor_reached":6,"language":"ENG","playtime":381,"items_purged":[],"score":36,"play_id":"2d06d8e1-da75-45bc-b8b9-fd9664071d1e","local_time":"20210206021735","is_ascension_mode":true,"campfire_choices":[],"circlet_count":0,"master_deck":["Runesmith:Strike_RS","Runesmith:Strike_RS","Runesmith:Strike_RS","Runesmith:Strike_RS","Runesmith:Defend_RS","Runesmith:Defend_RS","Runesmith:Defend_RS","Runesmith:Defend_RS","Runesmith:CraftFirestone","Runesmith:Fortify","Runesmith:CraftReservo","Runesmith:Reinforce"],"relics":["hexamod:SpiritBrand","Replay:Bandana","infinitespire:Cubic Diamond","aspiration:BabyByrd","ReplayFunnel"],"acts_visited":[],"potions_floor_usage":[6],"damage_taken":[{"damage":0,"enemies":"2 Louse","floor":1,"turns":3},{"damage":1,"enemies":"Small Slimes","floor":2,"turns":5},{"damage":73,"enemies":"Gremlin Nob","floor":6,"turns":6}],"seed_played":"-9094700929713056458","potions_obtained":[{"floor":2,"key":"AttackPotion"},{"floor":5,"key":"Languid Potion"},{"floor":5,"key":"FearPotion"}],"is_trial":false,"path_per_floor":["M","M","?","?","?","E"],"character_chosen":"RUNESMITH_CLASS","items_purchased":[],"campfire_rested":0,"item_purchase_floors":[],"current_hp_per_floor":[70,69,69,69,52,0,0],"gold":211,"neow_bonus":"RANDOM_COMMON_RELIC","is_daily":false,"chose_seed":false,"campfire_upgraded":0,"win_rate":0.0,"timestamp":1612577855,"path_taken":["M","M","?","?","?","E"],"items_purchased_type":[],"build_version":"2020-12-22","purchased_purges":0,"victory":false,"max_hp_per_floor":[70,70,70,70,70,70,70],"relic_stats":{"counters":[3,14],"obtain_stats":[{"ReplayFunnel":5,"Runesmith:BrokenRuby":0,"Replay:Bandana":0,"aspiration:BabyByrd":4,"infinitespire:Cubic Diamond":3,"hexamod:SpiritBrand":3},{"ReplayFunnel":2,"Runesmith:BrokenRuby":0,"Replay:Bandana":0,"aspiration:BabyByrd":2,"infinitespire:Cubic Diamond":2,"hexamod:SpiritBrand":2},{"ReplayFunnel":8,"Runesmith:BrokenRuby":0,"Replay:Bandana":0,"aspiration:BabyByrd":8,"infinitespire:Cubic Diamond":8,"hexamod:SpiritBrand":8}]},"card_choices":[{"not_picked":["Runesmith:Retool","Runesmith:MakeshiftArmor"],"picked":"Runesmith:CraftReservo","floor":1},{"not_picked":["Runesmith:BackupBattery","Runesmith:EarthShield"],"picked":"Runesmith:Reinforce","floor":2}],"player_experience":73807,"relics_obtained":[{"floor":5,"key":"ReplayFunnel"}],"event_choices":[],"is_beta":false,"boss_relics":[],"items_purged_floors":[],"is_endless":false,"potions_floor_spawned":[2],"killed_by":"Gremlin Nob","ascension_level":1}}