{"host":"onfdonezo2qmaex3","time":1612627459,"event":{"mods":["2.2 Compatiblity","AchievementEnabler","Aspiration","BaseMod","Better Altar","Better Match","Better Note","Better Sensory Stone","Better Skull","Better Third Choice","Colored Powertips","Downfall","Friendly Minions","Hermit","Highlight Path","Jorbs\u0027s Wanderer Trilogy","Marisa????????","Marked Mod","Minty Spire (QoL Compilation)","Quick Restart","Reliquary","Shop Mod","StSLib","The Disciple","The Hayseed","The Marked","The Runesmith"],"gold_per_floor":[112,112,132,132,150,183,183],"floor_reached":6,"language":"ENG","playtime":326,"items_purged":[],"score":46,"play_id":"6a756ab4-c307-4633-8c23-82b65a1f24b2","local_time":"20210206170419","is_ascension_mode":false,"campfire_choices":[],"circlet_count":0,"master_deck":["hermit:Strike_Hermit","hermit:Strike_Hermit","hermit:Strike_Hermit","hermit:Strike_Hermit","hermit:Defend_Hermit","hermit:Defend_Hermit","hermit:Defend_Hermit","hermit:Defend_Hermit","hermit:Snapshot+1","hermit:FlashPowder"],"relics":["Runic Pyramid","Pocketwatch","reliquary:FeatherDuster"],"acts_visited":["Exordium"],"potions_floor_usage":[],"damage_taken":[{"damage":0,"enemies":"Small Slimes","floor":1,"turns":2},{"damage":0,"enemies":"2 Louse","floor":3,"turns":2},{"damage":0,"enemies":"Jaw Worm","floor":5,"turns":3},{"damage":41,"enemies":"Gremlin Nob","floor":6,"turns":6}],"seed_played":"-8639464801283464497","potions_obtained":[{"floor":1,"key":"BlessingOfTheForge"},{"floor":6,"key":"DuplicationPotion"}],"is_trial":false,"path_per_floor":["M","?","M","?","M","E"],"character_chosen":"HERMIT","items_purchased":[],"campfire_rested":0,"item_purchase_floors":[],"current_hp_per_floor":[75,60,60,42,42,1,1],"gold":183,"neow_bonus":"BOSS_RELIC","is_daily":false,"chose_seed":false,"campfire_upgraded":0,"win_rate":0.0,"timestamp":1612627459,"path_taken":["M","?","M","?","M","E"],"items_purchased_type":[],"build_version":"2020-12-22","purchased_purges":0,"victory":false,"max_hp_per_floor":[75,75,75,75,75,75,75],"card_choices":[{"not_picked":["hermit:Headshot","hermit:Coalescence"],"picked":"hermit:FlashPowder","floor":1},{"not_picked":["hermit:Ricochet","hermit:Showdown","hermit:LowProfile"],"picked":"SKIP","floor":3},{"not_picked":["hermit:Roulette","hermit:Shortfuse"],"picked":"hermit:Dive","floor":5},{"not_picked":["hermit:FullyLoaded","hermit:FromBeyond","hermit:LowProfile"],"picked":"SKIP","floor":6}],"player_experience":163172,"relics_obtained":[{"floor":6,"key":"reliquary:FeatherDuster"}],"event_choices":[{"damage_healed":75,"gold_gain":0,"player_choice":"Upgrade","damage_taken":15,"max_hp_gain":0,"max_hp_loss":75,"event_name":"betterThird:BetterShining","floor":2,"gold_loss":0,"cards_upgraded":["hermit:Covet","hermit:Snapshot"]},{"damage_healed":0,"gold_gain":0,"player_choice":"Relic ","damage_taken":18,"max_hp_gain":0,"max_hp_loss":0,"event_name":"betterThird:BetterScrap","floor":4,"gold_loss":0,"cards_obtained":["Ghostly Armor"]}],"is_beta":false,"boss_relics":[],"items_purged_floors":[],"is_endless":false,"potions_floor_spawned":[1,6],"killed_by":"Gremlin Nob","ascension_level":0}}