{"host":"2mxajwyidsax8sss","time":1612611537,"event":{"mods":["100% Spire Juice","2.2 Compatiblity","Act Like it!","Arknights","Aspiration","Bartender","BaseMod","Better Match","Better Note","Better Sensory Stone","Better Vampires","BetterRewards","Block Reminder","CapriCore","ChefMod","Chen","Colored Powertips","Conspire","Decade(???)","Defuse TimeMaze Blight","Downfall","Energized Spire","Friendly Minions","Gensokyo","Googly Eyes","GungeonMod","Hallownest","Hermit","HololiveMod","Hubris","Humility","Jorbs\u0027s Wanderer Trilogy","Koishi","Luminous","Marked Mod","Minty Spire (QoL Compilation)","Nova Terra(??·??)","Pale of the Ancients","Permanent Neow","Prisma Mod","Quick Restart","Random Character Button","Reimu??????","Relic Filter","Relic Stats","Reliquary","Remilia??????","Replay The Spire","SIMod","SOS???????","StSLib","The Animator","The Bug Knight","The Death Knight","The Dragon Tamer","The Immortal","The Kombatant","Wandering Minibosses"],"gold_per_floor":[111,16,35,35,73,101,101,26,105,105,155,22,22,41,41,444,444,703,730,754,754,467,467,533,227,227,292,373,419,419,451,451,549,549,575,369,450,61,122,161,161,86,86,229,229,229,332,364,364,394,513,552,552,241,241,267,267,18,18,45],"floor_reached":61,"language":"ENG","playtime":10459,"items_purged":["RideBooker_Skill_1","DenO_Ax","Blade_Beat","Blade_Beat","hubris:Greed"],"score":1517,"play_id":"1aa75e7f-f2ca-4135-b257-ca7237c8a379","local_time":"20210206123857","is_ascension_mode":true,"campfire_choices":[{"data":"Madness","floor":10,"key":"SMITH"},{"floor":15,"key":"REST"},{"data":"Blade_Metal","floor":23,"key":"SMITH"},{"floor":30,"key":"RECALL"},{"data":"ReplayTheSpireMod:Necrogeddon","floor":32,"key":"SMITH"},{"data":"KamenRide","floor":41,"key":"SMITH"},{"data":"Decade_SpecialSkill","floor":46,"key":"SMITH"},{"data":"DenO_Gun","floor":49,"key":"SMITH"},{"data":"Decade_Attack","floor":55,"key":"SMITH"},{"data":"Decade_Attack","floor":57,"key":"SMITH"}],"circlet_count":0,"master_deck":["Decade_Attack+1","Decade_Attack+1","Decade_Attack+1","Decade_Attack+1","KamenRide+1","Decade_SpecialSkill+1","Decade_Defend","Decade_Defend","Decade_Defend","Decade_Defend","Madness+1","FormRide+1","Blade_Metal+1","DenO_Gun+1","RideBooker+1","Survey Options+1","ReplayTheSpireMod:Necrogeddon+1","Blade_Slash+1","Blade_Slash+1","Blade_Metal+1","Blade_Slash+1","Flash of Steel+1","DenO_Ax+1","AutoVajin+1","Madness+1","Replay:Bootleg Shield Generator"],"relics":["Decadriver","TOEIDeficitBill","White_Cape","DemoMod:LamentConfigurum","Replay:Bandana","Replay:Accelerometer","HollowMod:PaleOreRelic","reliquary:TridentHead","energizedSpire:NeverEndingSparkler","hubris:Potato","BargainBundle","Replay:Mystery Machine","Torii","reliquary:TridentHead","hubris:TenFootPole","hubris:EmptyBottle","reliquary:Boomerang","DemoMod:Relodestone","Cursed Key","Membership Card","Unceasing Top","conspire:Flyswatter","Meat on the Bone","Replay:Rubber Ducky","Iron Hammer","Whetstone","reliquary:OuijaBoard","paleoftheancients:Timepiece","paleoftheancients:KeyRelic","Anchor","Bronze Scales","hubris:TinFlute","paleoftheancients:SoulOfTheTimeEater","Blue Candle","hubris:MedicalManual","Guide Book","TheAbacus","Pear"],"acts_visited":[],"potions_floor_usage":[6,6,11,11,24,28,31,31,31,31,31,31,37,40,44,47,47,48,50,51],"damage_taken":[{"damage":5.0,"enemies":"Gensokyo:Python","floor":1.0,"turns":6.0},{"damage":13.0,"enemies":"Gensokyo:3_Fairies","floor":3.0,"turns":4.0},{"damage":21,"enemies":"conspire:MimicChest","floor":5,"turns":9},{"damage":9,"enemies":"Gensokyo:Aya","floor":6,"turns":4},{"damage":0,"enemies":"Gensokyo:Gryphon","floor":11,"turns":5},{"damage":8,"enemies":"Gensokyo:VengefulSpirit","floor":14,"turns":9},{"damage":4,"enemies":"Gensokyo:Kokoro","floor":16,"turns":20},{"damage":14,"enemies":"Hallownest:3_Youths","floor":18,"turns":9},{"damage":2,"enemies":"Hallownest:Flukemon_and_Top","floor":19,"turns":7},{"damage":2,"enemies":"Hallownest:Flukemon_and_Top","floor":20,"turns":8},{"damage":34,"enemies":"Hallownest:eliteSoulWarrior","floor":24,"turns":7},{"damage":0,"enemies":"Hallownest:Nosk","floor":27,"turns":7},{"damage":13,"enemies":"Hallownest:Master_and_Novice","floor":28,"turns":5},{"damage":0,"enemies":"Hallownest:monsterShrumalOgre","floor":29,"turns":6},{"damage":27,"enemies":"Hallownest:3_Mistakes","floor":31,"turns":16},{"damage":58,"enemies":"Hallownest:BossMantisLord","floor":33,"turns":9},{"damage":13,"enemies":"3 Shapes","floor":35,"turns":6},{"damage":15,"enemies":"3 Darklings","floor":37,"turns":8},{"damage":0,"enemies":"Transient","floor":39,"turns":6},{"damage":28,"enemies":"R_Hoarder","floor":40,"turns":5},{"damage":0,"enemies":"Giant Head","floor":44,"turns":7},{"damage":8,"enemies":"Mind Bloom Boss Battle","floor":47,"turns":4},{"damage":0,"enemies":"Mind Bloom Boss Battle","floor":47,"turns":5},{"damage":1,"enemies":"Maw","floor":48,"turns":5},{"damage":46,"enemies":"conspire:OrnateMirror","floor":50,"turns":7},{"damage":0,"enemies":"conspire:OrnateMirror","floor":51,"turns":5},{"damage":1,"enemies":"conspire:OrnateMirror","floor":52,"turns":7},{"damage":42,"enemies":"conspire:OrnateMirror","floor":56,"turns":10},{"damage":9,"enemies":"paleoftheancients:N","floor":60,"turns":5}],"seed_played":"1439893551228616267","potions_obtained":[{"floor":0.0,"key":"Dexterity Potion"},{"floor":0.0,"key":"Fire Potion"},{"floor":0.0,"key":"CultistPotion"},{"floor":6,"key":"DeathKnight:RimePotion"},{"floor":14,"key":"Fire Potion"},{"floor":27,"key":"Swift Potion"},{"floor":28,"key":"Explosive Potion"},{"floor":29,"key":"Regen Potion"},{"floor":33,"key":"PowerPotion"},{"floor":37,"key":"DemoMod:LeadSkinPotion"},{"floor":39,"key":"champ:CounterPotion"},{"floor":47,"key":"AttackPotion"},{"floor":56,"key":"bronze:BurnAndBuffPotion"}],"is_trial":false,"path_per_floor":["M","$","M","?","?","E","?","$","T","R","M","COS","?","M","R","B",null,"M","M","?","?","$","R","E","$","T","E","M","M","R","M","R","B",null,"M","$","M","$","M","E","R","?","T","E","?","R","?","M","R","B","M","M","?","$","R","M","R","$","?","B",null],"character_chosen":"Decade","items_purchased":["Madness","BargainBundle","Replay:Mystery Machine","Torii","KamenRideDecade","FormRidePegasus","MirrorWorld","Kiva_Swallow","UnarmedAttack9","Survey Options","ReplayTheSpireMod:Necrogeddon","Ancient Potion","SteroidPotion","hubris:TenFootPole","hubris:EmptyBottle","Membership Card","Unceasing Top","conspire:Flyswatter","Flash of Steel","hubris:MedicalManual","Guide Book","TheAbacus","Pear","Replay:Bootleg Shield Generator"],"campfire_rested":1,"item_purchase_floors":[2,22,22,22,22,22,22,22,22,22,22,22,22,25,25,36,38,38,38,54,54,58,58,58],"current_hp_per_floor":[70,70,57,43,22,13,34,34,34,34,34,34,34,26,47,43,70,56,54,52,52,52,52,35,35,35,35,42,42,42,65,65,37,70,68,68,53,53,68,50,50,50,50,50,43,43,70,69,69,70,70,70,68,68,68,60,60,70,70,72],"gold":45,"neow_bonus":"THREE_SMALL_POTIONS","is_daily":false,"chose_seed":false,"campfire_upgraded":8,"win_rate":0.0,"timestamp":1612611537,"path_taken":["M","$","M","?","?","E","?","$","T","R","M","COS","?","M","R","BOSS","M","M","?","?","$","R","E","$","T","E","M","M","R","M","R","BOSS","M","$","M","$","M","E","R","?","T","E","?","R","?","M","R","BOSS","M","M","?","$","R","M","R","$","?","BOSS"],"items_purchased_type":["Card","Relic","Relic","Relic","Card","Card","Card","Card","Card","Card","Card","Potion","Potion","Relic","Relic","Relic","Relic","Relic","Card","Relic","Relic","Relic","Relic","Card"],"build_version":"2020-12-22","purchased_purges":5,"victory":true,"max_hp_per_floor":[70,70,70,70,70,70,70,70,70,70,70,70,70,70,70,70,70,70,70,70,70,70,70,70,70,70,70,70,70,70,70,70,70,70,70,70,70,70,70,70,70,70,70,70,70,70,70,70,70,70,70,70,70,70,70,70,70,80,80,80],"relic_stats":{"TheAbacus":[0],"Torii":70,"counters":[29,211],"Bronze Scales":[192],"Blue Candle":[0],"Whetstone":["Decade_Attack","Flash of Steel"],"Cursed Key":1,"obtain_stats":[{"reliquary:OuijaBoard":47,"Replay:Accelerometer":9,"reliquary:Boomerang":27,"Torii":22,"Decadriver":0,"DemoMod:GlassGuonStoneRelic":1,"Whetstone":44,"Replay:Mystery Machine":22,"hubris:EmptyBottle":25,"White_Cape":4,"Cursed Key":34,"reliquary:FerryPass":18,"Replay:Rubber Ducky":40,"reliquary:TridentHead":16,"Replay:Bandana":6,"TheAbacus":58,"DemoMod:LamentConfigurum":5,"Iron Hammer":43,"HollowMod:PaleOreRelic":16,"paleoftheancients:SoulOfTheTimeEater":52,"hubris:TinFlute":52,"BargainBundle":22,"paleoftheancients:KeyRelic":50,"Pear":58,"Blue Candle":53,"Guide Book":54,"hubris:MedicalManual":54,"TOEIDeficitBill":0,"paleoftheancients:Timepiece":50,"Anchor":50,"energizedSpire:NeverEndingSparkler":17,"Bronze Scales":50,"reliquary:SculptingSteel":24,"DemoMod:Relodestone":28,"hubris:TenFootPole":25,"Membership Card":36,"hubris:Potato":19,"Unceasing Top":38,"conspire:Flyswatter":38,"Meat on the Bone":40},{"reliquary:OuijaBoard":23,"Replay:Accelerometer":4,"reliquary:Boomerang":12,"Torii":10,"Decadriver":0,"DemoMod:GlassGuonStoneRelic":1,"Whetstone":21,"Replay:Mystery Machine":10,"hubris:EmptyBottle":11,"White_Cape":2,"Cursed Key":16,"reliquary:FerryPass":8,"Replay:Rubber Ducky":20,"reliquary:TridentHead":7,"Replay:Bandana":4,"TheAbacus":28,"DemoMod:LamentConfigurum":3,"Iron Hammer":20,"HollowMod:PaleOreRelic":7,"paleoftheancients:SoulOfTheTimeEater":27,"hubris:TinFlute":27,"BargainBundle":10,"paleoftheancients:KeyRelic":25,"Pear":28,"Blue Candle":27,"Guide Book":27,"hubris:MedicalManual":27,"TOEIDeficitBill":0,"paleoftheancients:Timepiece":25,"Anchor":25,"energizedSpire:NeverEndingSparkler":7,"Bronze Scales":25,"reliquary:SculptingSteel":11,"DemoMod:Relodestone":13,"hubris:TenFootPole":11,"Membership Card":17,"hubris:Potato":9,"Unceasing Top":18,"conspire:Flyswatter":18,"Meat on the Bone":20},{"reliquary:OuijaBoard":172,"Replay:Accelerometer":23,"reliquary:Boomerang":95,"Torii":81,"Decadriver":0,"DemoMod:GlassGuonStoneRelic":6,"Whetstone":163,"Replay:Mystery Machine":81,"hubris:EmptyBottle":88,"White_Cape":10,"Cursed Key":131,"reliquary:FerryPass":59,"Replay:Rubber Ducky":156,"reliquary:TridentHead":54,"Replay:Bandana":23,"TheAbacus":206,"DemoMod:LamentConfigurum":19,"Iron Hammer":156,"HollowMod:PaleOreRelic":39,"paleoftheancients:SoulOfTheTimeEater":196,"hubris:TinFlute":194,"BargainBundle":81,"paleoftheancients:KeyRelic":184,"Pear":206,"Blue Candle":196,"Guide Book":196,"hubris:MedicalManual":196,"TOEIDeficitBill":0,"paleoftheancients:Timepiece":184,"Anchor":184,"energizedSpire:NeverEndingSparkler":57,"Bronze Scales":184,"reliquary:SculptingSteel":88,"DemoMod:Relodestone":98,"hubris:TenFootPole":88,"Membership Card":137,"hubris:Potato":73,"Unceasing Top":145,"conspire:Flyswatter":145,"Meat on the Bone":156}],"Unceasing Top":[113],"Meat on the Bone":0},"card_choices":[{"not_picked":["DragClaw","RideBooker_Skill_3"],"picked":"DenO_Ax","floor":1.0},{"not_picked":["KamenRideFaiz","FormRideFlame"],"picked":"Blade_Beat","floor":1.0},{"not_picked":["Kiva_Frozen","Hibiki_Attack3"],"picked":"RideBooker_Skill_1","floor":3.0},{"not_picked":["FormRideStorm","Hibiki_Attack1"],"picked":"Blade_Beat","floor":3.0},{"not_picked":["PrometheusPower","PhotonAcceleration"],"picked":"FormRide","floor":5},{"not_picked":["DenO_Gun","KamenRideRyuki"],"picked":"Blade_Metal","floor":6},{"not_picked":["FormRideAxel","FormRidePegasus"],"picked":"DenO_Gun","floor":11},{"not_picked":["Kiva_Swallow","DecadeViolentEmotion"],"picked":"TimeVent","floor":16},{"not_picked":["Hibiki_Attack1","KamenRideHibiki"],"picked":"RideBooker+1","floor":18},{"not_picked":["FormRide+1","Decade_Defend2","FormRidePegasus"],"picked":"SKIP","floor":18},{"not_picked":["FormRidePegasus","DenO_Ax","FormRideDogga+1"],"picked":"SKIP","floor":19},{"not_picked":["KamenRideRyuki","UnarmedAttack1+1"],"picked":"Blade_Slash+1","floor":24},{"not_picked":["Kiva_Bats+1","FormRideGaruru","FormRideTitan"],"picked":"SKIP","floor":24},{"not_picked":["DragClaw","DenO_Rod"],"picked":"Blade_Slash+1","floor":27},{"not_picked":["FormRideBasshaa","Hibiki_Attack2"],"picked":"Blade_Metal+1","floor":29},{"not_picked":["UnarmedAttack3+1","KamenRideAgito+1"],"picked":"Blade_Slash+1","floor":35},{"not_picked":["KamenRideRyuki","Blade_Beat","Decade_Defend2+1"],"picked":"SKIP","floor":35},{"not_picked":["RideBooker+1","KamenRideKabuto+1"],"picked":"DenO_Ax+1","floor":39},{"not_picked":["UnarmedAttack1","KamenRideBlade"],"picked":"AutoVajin+1","floor":44},{"not_picked":["MirrorWorld+1","KamenRideAgito+1","Blade_Beat"],"picked":"SKIP","floor":44},{"not_picked":["DenO_Ax","MirrorWorld","DragClaw"],"picked":"SKIP","floor":48},{"not_picked":["UnarmedAttack1","KamenRideDecade","NMDAZYYGL"],"picked":"SKIP","floor":48}],"player_experience":253314,"relics_obtained":[{"floor":5,"key":"DemoMod:LamentConfigurum"},{"floor":6,"key":"Replay:Bandana"},{"floor":9,"key":"Replay:Accelerometer"},{"floor":19,"key":"hubris:Potato"},{"floor":24,"key":"reliquary:SculptingSteel"},{"floor":27,"key":"reliquary:Boomerang"},{"floor":40,"key":"Replay:Rubber Ducky"},{"floor":43,"key":"Iron Hammer"},{"floor":44,"key":"Whetstone"},{"floor":47,"key":"reliquary:OuijaBoard"},{"floor":52,"key":"paleoftheancients:SoulOfTheTimeEater"}],"event_choices":[{"damage_healed":0,"gold_gain":0,"player_choice":"2","damage_taken":0,"max_hp_gain":0,"max_hp_loss":0,"event_name":"betterMatch:BetterMatch","floor":42,"gold_loss":0,"cards_obtained":[]},{"damage_healed":0,"gold_gain":3,"player_choice":"2","damage_taken":0,"max_hp_gain":0,"max_hp_loss":14,"event_name":"betterStone:BetterStone","floor":45,"gold_loss":0},{"damage_healed":0,"gold_gain":0,"player_choice":"Fight","damage_taken":0,"max_hp_gain":0,"max_hp_loss":0,"event_name":"MindBloom","floor":47,"gold_loss":0}],"is_beta":false,"boss_relics":[{"not_picked":["Runic Pyramid","Astrolabe"],"picked":"energizedSpire:NeverEndingSparkler"},{"not_picked":["ReplayTheSpireMod:DimensionalGlitch","aspiration:WatcherSkillbook"],"picked":"Cursed Key"}],"items_purged_floors":[8,22,36,38,54],"is_endless":false,"potions_floor_spawned":[3,6,14,20,27,28,29,33,37,39,47,56],"ascension_level":1,"is_humility":true}}