{"host":"ov7kp8bjf83ind03","time":1612606139,"event":{"mods":["AchievementEnabler","BaseMod","Better Note","Colored Map","Colored Powertips","Downfall","Minty Spire (QoL Compilation)","Permanent Neow","Rare Cards Sparkle","Relic Sorter","Relic Stats","StSLib","everything is the same but u backflip on backflip"],"gold_per_floor":[99,117,130,148,33,48,74,138,138,156,174,207,9,36,54,159,159,159,173,78,94,79,104,131,48,64,64,64,81,81,181,196,301,301,101,118,137,137,137,187,187,212,112,112,123,49,76,102,102,102,102],"floor_reached":49,"language":"ENG","playtime":3764,"items_purged":["champ:Execute","champ:StrikeOfGenius"],"score":709,"play_id":"f68ceb0b-d93d-4e7e-8d66-bcbc127efd42","local_time":"20210206050859","is_ascension_mode":true,"campfire_choices":[{"data":"champ:Taunt","floor":1,"key":"SMITH"},{"floor":18,"key":"RECALL"},{"data":"champ:ShieldWall","floor":27,"key":"SMITH"},{"data":"champ:FanOfKnives","floor":30,"key":"SMITH"},{"data":"champ:BerserkersShout","floor":35,"key":"SMITH"},{"floor":43,"key":"REST"},{"data":"Secret Weapon","floor":44,"key":"SMITH"}],"circlet_count":0,"master_deck":["champ:Strike","champ:Strike+1","champ:Strike","champ:Strike","champ:Defend","champ:Defend","champ:Defend","champ:Defend","champ:Taunt+1","champ:FanOfKnives","champ:CrownThrow","champ:PerfectedStrike+1","champ:CrownThrow","champ:BerserkersShout+1","champ:FanOfKnives+1","champ:BringItOn","champ:ShieldWall+1","champ:AdrenalArmor","champ:BladeFlurry","champ:FocusedBerserking","champ:ViciousMockery","champ:EnchantCrown","champ:Lariat+1","expansioncontent:AwakenDeath","champ:FaceSlap+1","Guardian:TwinSlam+1","champ:IronFortress+1","Secret Weapon+1","Finesse","champ:EnchantSword","champ:AdrenalArmor+1"],"relics":["champ:ChampionCrown","Mango","Anchor","Lantern","The Courier","HandDrill","Ornamental Fan","Runic Dome","Bottled Tornado","MealTicket","Frozen Egg 2","champ:BlackKnightHelmet","Black Star","downfall:HeartBlessingRed","downfall:HeartBlessingGreen","Meat on the Bone","Lee\u0027s Waffle","Centennial Puzzle","WingedGreaves","Singing Bowl","champ:DefensiveTrainingManual","downfall:HeartBlessingBlue","Nunchaku","Whetstone","Toxic Egg 2","Ancient Tea Set"],"acts_visited":["Exordium","TheCity","TheBeyond"],"potions_floor_usage":[23,29,31,33,47],"damage_taken":[{"damage":11,"enemies":"Cultist","floor":2,"turns":4},{"damage":10,"enemies":"2 Louse","floor":3,"turns":3},{"damage":10,"enemies":"Small Slimes","floor":4,"turns":4},{"damage":15,"enemies":"downfall:FleeingMerchant","floor":5,"turns":4},{"damage":0,"enemies":"Gremlin Gang","floor":6,"turns":3},{"damage":20,"enemies":"Gremlin Nob","floor":8,"turns":4},{"damage":6,"enemies":"3 Louse","floor":10,"turns":3},{"damage":17,"enemies":"Large Slime","floor":11,"turns":4},{"damage":30,"enemies":"Lagavulin","floor":12,"turns":6},{"damage":10,"enemies":"downfall:FleeingMerchant","floor":13,"turns":4},{"damage":33,"enemies":"3 Sentries","floor":14,"turns":7},{"damage":0,"enemies":"Exordium Wildlife","floor":15,"turns":3},{"damage":43,"enemies":"WA_ARCHETYPE_RETAIN","floor":16,"turns":6},{"damage":17,"enemies":"3 Byrds","floor":19,"turns":4},{"damage":26,"enemies":"downfall:FleeingMerchant","floor":20,"turns":4},{"damage":24,"enemies":"Snake Plant","floor":21,"turns":3},{"damage":30,"enemies":"downfall:FleeingMerchant","floor":22,"turns":4},{"damage":30,"enemies":"Slavers","floor":23,"turns":5},{"damage":30,"enemies":"downfall:FleeingMerchant","floor":25,"turns":4},{"damage":50,"enemies":"Chosen and Byrds","floor":26,"turns":6},{"damage":11,"enemies":"3 Cultists","floor":29,"turns":4},{"damage":44,"enemies":"3 Cultists","floor":31,"turns":6},{"damage":37,"enemies":"Centurion and Healer","floor":32,"turns":4},{"damage":48,"enemies":"IC_MUSHROOM_ARCHETYPE","floor":33,"turns":7},{"damage":34,"enemies":"3 Shapes","floor":36,"turns":3},{"damage":10,"enemies":"Orb Walker","floor":37,"turns":2},{"damage":51,"enemies":"downfall:FleeingMerchant","floor":39,"turns":3},{"damage":15,"enemies":"downfall:FleeingMerchant","floor":40,"turns":5},{"damage":107,"enemies":"Giant Head","floor":42,"turns":8},{"damage":46,"enemies":"Maw","floor":45,"turns":5},{"damage":31,"enemies":"Reptomancer","floor":47,"turns":4},{"damage":88,"enemies":"Nemesis","floor":48,"turns":7},{"damage":34,"enemies":"4 Shapes","floor":49,"turns":1}],"seed_played":"-8911052236328460576","potions_obtained":[{"floor":2,"key":"Energy Potion"},{"floor":3,"key":"Explosive Potion"},{"floor":8,"key":"champ:OpenerPotion"},{"floor":10,"key":"Swift Potion"},{"floor":12,"key":"SkillPotion"},{"floor":23,"key":"DistilledChaos"},{"floor":26,"key":"AttackPotion"},{"floor":29,"key":"hexamod:SoulburnPotion"},{"floor":37,"key":"champ:CounterPotion"},{"floor":45,"key":"DistilledChaos"},{"floor":48,"key":"GamblersBrew"}],"is_trial":false,"path_per_floor":["R","M","M","M","$","M","T","?","?","M","M","E","$","E","M","B",null,"R","M","$","M","$","E","T","$","M","R","?","M","R","?","M","B",null,"R","M","M","?","$","?","T","E","R","R","M","$","E","E","M"],"character_chosen":"THE_CHAMP","items_purchased":["champ:BerserkersShout","HandDrill","champ:FocusedBerserking","expansioncontent:AwakenDeath","Secret Weapon","Lee\u0027s Waffle","Centennial Puzzle","Finesse"],"campfire_rested":1,"item_purchase_floors":[5,13,13,25,39,39,39,46],"current_hp_per_floor":[95,94,94,94,89,89,89,74,74,73,66,51,51,43,43,25,95,95,93,82,68,53,53,53,68,53,53,53,52,52,38,38,20,95,95,86,86,86,102,102,102,34,78,78,66,81,67,31,0,0,0],"gold":102,"neow_bonus":"ONE_RARE_RELIC","is_daily":false,"chose_seed":false,"campfire_upgraded":5,"win_rate":0.0,"timestamp":1612606139,"path_taken":["R","M","M","?","$","M","T","?","?","M","?","E","?","E","M","BOSS","R","M","$","M","$","E","T","$","?","R","?","M","R","?","M","BOSS","R","M","M","?","$","?","T","E","R","R","M","$","E","E","M"],"items_purchased_type":["Card","Relic","Card","Card","Card","Relic","Relic","Card"],"build_version":"2020-12-22","purchased_purges":2,"victory":false,"max_hp_per_floor":[95,95,95,95,95,95,95,95,95,95,95,95,95,95,95,95,95,95,95,95,95,95,95,95,95,95,95,95,95,95,95,95,95,95,95,95,95,95,102,102,102,104,114,114,116,116,116,116,116,116,116],"relic_stats":{"Lee\u0027s Waffle":26,"Centennial Puzzle":[18],"Nunchaku":[1],"Singing Bowl":4,"counters":[33,144],"Ornamental Fan":[168],"MealTicket":39,"HandDrill":[26],"Black Star":3,"Whetstone":["champ:PerfectedStrike","champ:Strike"],"obtain_stats":[{"Lantern":8,"champ:BlackKnightHelmet":31,"Singing Bowl":42,"champ:ChampionCrown":0,"Mango":0,"downfall:HeartBlessingGreen":35,"Whetstone":47,"Bottled Tornado":23,"Ancient Tea Set":48,"Centennial Puzzle":39,"Nunchaku":47,"champ:DefensiveTrainingManual":42,"downfall:HeartBlessingBlue":43,"MealTicket":24,"WingedGreaves":40,"HandDrill":13,"Toxic Egg 2":48,"Lee\u0027s Waffle":39,"downfall:HeartBlessingRed":35,"The Courier":12,"Frozen Egg 2":31,"Runic Dome":17,"Anchor":7,"Ornamental Fan":14,"Black Star":34,"Meat on the Bone":38},{"Lantern":6,"champ:BlackKnightHelmet":22,"Singing Bowl":29,"champ:ChampionCrown":0,"Mango":0,"downfall:HeartBlessingGreen":24,"Whetstone":31,"Bottled Tornado":18,"Ancient Tea Set":32,"Centennial Puzzle":27,"Nunchaku":31,"champ:DefensiveTrainingManual":29,"downfall:HeartBlessingBlue":29,"MealTicket":18,"WingedGreaves":28,"HandDrill":10,"Toxic Egg 2":32,"Lee\u0027s Waffle":27,"downfall:HeartBlessingRed":24,"The Courier":9,"Frozen Egg 2":22,"Runic Dome":13,"Anchor":5,"Ornamental Fan":11,"Black Star":24,"Meat on the Bone":26},{"Lantern":22,"champ:BlackKnightHelmet":95,"Singing Bowl":127,"champ:ChampionCrown":0,"Mango":0,"downfall:HeartBlessingGreen":106,"Whetstone":136,"Bottled Tornado":75,"Ancient Tea Set":143,"Centennial Puzzle":114,"Nunchaku":136,"champ:DefensiveTrainingManual":127,"downfall:HeartBlessingBlue":127,"MealTicket":75,"WingedGreaves":119,"HandDrill":39,"Toxic Egg 2":143,"Lee\u0027s Waffle":114,"downfall:HeartBlessingRed":106,"The Courier":35,"Frozen Egg 2":95,"Runic Dome":55,"Anchor":18,"Ornamental Fan":46,"Black Star":106,"Meat on the Bone":111}],"Meat on the Bone":60},"card_choices":[{"not_picked":["champ:HeartStrike","champ:FocusedDefense"],"picked":"champ:FanOfKnives","floor":2},{"not_picked":["champ:SkillfulDodge","champ:SwordSigil"],"picked":"champ:CrownThrow","floor":3},{"not_picked":["champ:FlashCut","champ:Haymaker"],"picked":"champ:PerfectedStrike","floor":4},{"not_picked":["champ:SwordSigil","champ:FlashCut"],"picked":"champ:CrownThrow","floor":5},{"not_picked":["champ:StanceDance","champ:UltimateStance"],"picked":"champ:FanOfKnives","floor":6},{"not_picked":["champ:PreemptiveStrike","champ:RisingSlash"],"picked":"champ:BringItOn","floor":8},{"not_picked":["champ:FanOfKnives","champ:PerfectedStrike"],"picked":"champ:AdrenalArmor","floor":10},{"not_picked":["champ:BringItOn","champ:DefensiveShout"],"picked":"champ:BladeFlurry","floor":11},{"not_picked":["champ:DefensiveStyle","champ:BringItOn","champ:TornadoPunch"],"picked":"SKIP","floor":12},{"not_picked":["champ:PreemptiveStrike","champ:Parry","champ:Haymaker"],"picked":"SKIP","floor":13},{"not_picked":["champ:BringItOn","champ:FancyFootwork"],"picked":"champ:ViciousMockery","floor":14},{"not_picked":["champ:PreciseThrust","champ:BringItOn","champ:ArenaPreparation"],"picked":"SKIP","floor":15},{"not_picked":["champ:DancingMaster","champ:HoldFirm"],"picked":"champ:EnchantCrown","floor":16},{"not_picked":["champ:GladiatorStyle","champ:PreciseThrust","champ:TornadoPunch"],"picked":"SKIP","floor":19},{"not_picked":["champ:EnGarde","champ:FaceSlap+1","champ:PerfectedStrike"],"picked":"SKIP","floor":20},{"not_picked":["champ:ShieldSigil","champ:BerserkersShout+1","champ:GutPunch+1"],"picked":"SKIP","floor":21},{"not_picked":["champ:FaceSlap","champ:PreemptiveStrike+1","champ:ShieldSigil"],"picked":"SKIP","floor":22},{"not_picked":["champ:Devastate","champ:DancingMaster"],"picked":"champ:Lariat+1","floor":23},{"not_picked":["champ:BerserkerStyle","champ:CrookedStrike","champ:ViciousMockery"],"picked":"SKIP","floor":25},{"not_picked":["champ:GutPunch","champ:Circumvent"],"picked":"champ:FaceSlap+1","floor":26},{"not_picked":["champ:PreciseThrust","champ:FlashCut","champ:BringItOn"],"picked":"SKIP","floor":29},{"not_picked":["champ:Backstep","champ:Circumvent"],"picked":"champ:IronFortress+1","floor":31},{"not_picked":["champ:GutPunch","champ:EnragedBash+1","champ:EnGarde"],"picked":"SKIP","floor":32},{"not_picked":["champ:FlashCut","champ:Lariat+1","champ:FocusedDefense+1"],"picked":"SKIP","floor":36},{"not_picked":["champ:CrookedStrike+1","champ:FancyFootwork+1","champ:Backstep+1"],"picked":"SKIP","floor":37},{"not_picked":["champ:ShieldWall+1","champ:DefensiveShout+1","champ:FocusedBerserking+1"],"picked":"SKIP","floor":39},{"not_picked":["champ:StanceDance+1","champ:FlashCut","champ:CrookedStrike+1"],"picked":"Singing Bowl","floor":42},{"not_picked":["champ:FocusedDefense+1","champ:Circumvent+1","champ:Haymaker"],"picked":"Singing Bowl","floor":45},{"not_picked":["champ:Backstep+1","champ:PerfectedStrike"],"picked":"champ:EnchantSword","floor":47},{"not_picked":["champ:HeartStrike","champ:Endure+1"],"picked":"champ:AdrenalArmor+1","floor":48}],"player_experience":198063,"relics_obtained":[{"floor":7,"key":"Anchor"},{"floor":8,"key":"Lantern"},{"floor":12,"key":"The Courier"},{"floor":14,"key":"Ornamental Fan"},{"floor":23,"key":"Bottled Tornado"},{"floor":24,"key":"MealTicket"},{"floor":31,"key":"Frozen Egg 2"},{"floor":31,"key":"champ:BlackKnightHelmet"},{"floor":38,"key":"Meat on the Bone"},{"floor":40,"key":"WingedGreaves"},{"floor":42,"key":"Singing Bowl"},{"floor":42,"key":"champ:DefensiveTrainingManual"},{"floor":47,"key":"Nunchaku"},{"floor":47,"key":"Whetstone"},{"floor":48,"key":"Toxic Egg 2"},{"floor":48,"key":"Ancient Tea Set"}],"event_choices":[{"cards_removed":["champ:EnchantCrown"],"damage_healed":0,"gold_gain":0,"player_choice":"Take \u0026 Give","damage_taken":0,"max_hp_gain":0,"max_hp_loss":0,"event_name":"betterNote:BetterNote","floor":28,"gold_loss":0,"cards_obtained":["Guardian:TwinSlam"]}],"is_beta":false,"boss_relics":[{"not_picked":["Fusion Hammer","Cursed Key"],"picked":"Runic Dome"},{"not_picked":["Sozu","Runic Pyramid"],"picked":"Black Star"}],"items_purged_floors":[5,20],"is_endless":false,"potions_floor_spawned":[2,3,8,10,12,16,19,23,26,29,37,45,48],"killed_by":"4 Shapes","ascension_level":1}}