{"host":"c44ey07ufggfw2m8","time":1612618542,"event":{"mods":["2.2 Compatiblity","BaseMod","Colored Map","DeckTracker","Highlight Path","Keyboard Shortcuts","Minty Spire (QoL Compilation)","Permanent Neow","Quick Restart","StSLib","SuperFastMode","UnlockEverythingMod"],"gold_per_floor":[113,113,14,14,38,38,69,69,93,93,110,144,144,159,159,254,254,271,284,302,302,202,202,234,234,257,287,298,317,331,347,347,447,447,464,475,145,155,155,155,155,155,155,80,99,114,114,26,26,26],"floor_reached":51,"language":"KOR","playtime":1632,"items_purged":["Strike_R","Strike_R","Warcry+1","Anger+1","Defend_R"],"score":1055,"play_id":"4c8fc2fa-bde2-4f4c-8636-d0c2f6021f54","local_time":"20210206223542","is_ascension_mode":true,"campfire_choices":[{"data":"Armaments","floor":6.0,"key":"SMITH"},{"data":"Searing Blow+1","floor":8.0,"key":"SMITH"},{"data":"Searing Blow+2","floor":10.0,"key":"SMITH"},{"data":"True Grit","floor":15.0,"key":"SMITH"},{"data":"Searing Blow+3","floor":23.0,"key":"SMITH"},{"data":"Searing Blow+4","floor":25.0,"key":"SMITH"},{"floor":32.0,"key":"REST"},{"data":"Searing Blow+5","floor":40,"key":"SMITH"},{"data":"Searing Blow+6","floor":42,"key":"SMITH"},{"data":"Searing Blow+7","floor":47,"key":"SMITH"},{"data":"Searing Blow+8","floor":49,"key":"SMITH"}],"circlet_count":0,"master_deck":["AscendersBane","Defend_R","Defend_R","Searing Blow+9","Armaments+1","True Grit+1","Offering","True Grit+1","Burning Pact+1","Shrug It Off+1","Reaper","Pummel+1","Wild Strike+1","Dark Embrace","Power Through+1"],"relics":["Burning Blood","Juzu Bracelet","Strawberry","MealTicket","Nunchaku","Snecko Eye","Enchiridion","Pen Nib","Akabeko","Toxic Egg 2","Astrolabe","Membership Card","PreservedInsect","CeramicFish"],"acts_visited":["Exordium","TheCity","TheBeyond"],"potions_floor_usage":[50],"damage_taken":[{"damage":4.0,"enemies":"Small Slimes","floor":1.0,"turns":4.0},{"damage":34.0,"enemies":"Lagavulin","floor":7.0,"turns":7.0},{"damage":4.0,"enemies":"Jaw Worm","floor":11.0,"turns":3.0},{"damage":35.0,"enemies":"3 Sentries","floor":12.0,"turns":10.0},{"damage":0.0,"enemies":"Cultist","floor":14.0,"turns":3.0},{"damage":14.0,"enemies":"The Guardian","floor":16.0,"turns":13.0},{"damage":1.0,"enemies":"Spheric Guardian","floor":18.0,"turns":4.0},{"damage":0.0,"enemies":"Shell Parasite","floor":19.0,"turns":4.0},{"damage":13.0,"enemies":"Chosen and Byrds","floor":20.0,"turns":5.0},{"damage":26.0,"enemies":"Gremlin Leader","floor":24.0,"turns":5.0},{"damage":24.0,"enemies":"Book of Stabbing","floor":27.0,"turns":4.0},{"damage":1.0,"enemies":"Centurion and Healer","floor":28.0,"turns":3.0},{"damage":0.0,"enemies":"Snake Plant","floor":29.0,"turns":1.0},{"damage":6.0,"enemies":"Sentry and Sphere","floor":30.0,"turns":3.0},{"damage":12.0,"enemies":"Centurion and Healer","floor":31.0,"turns":5.0},{"damage":36.0,"enemies":"Collector","floor":33.0,"turns":5.0},{"damage":13.0,"enemies":"3 Darklings","floor":35.0,"turns":8.0},{"damage":8.0,"enemies":"3 Shapes","floor":36.0,"turns":4.0},{"damage":6,"enemies":"3 Darklings","floor":38,"turns":4},{"damage":13,"enemies":"Sphere and 2 Shapes","floor":45,"turns":6},{"damage":6,"enemies":"Spire Growth","floor":46,"turns":2},{"damage":26,"enemies":"Donu and Deca","floor":50,"turns":9}],"seed_played":"1171117877404313577","potions_obtained":[{"floor":1.0,"key":"AttackPotion"},{"floor":11.0,"key":"FearPotion"},{"floor":16.0,"key":"SneckoOil"},{"floor":18.0,"key":"Dexterity Potion"},{"floor":27.0,"key":"SpeedPotion"},{"floor":29.0,"key":"FearPotion"},{"floor":31.0,"key":"Ancient Potion"},{"floor":35.0,"key":"DistilledChaos"},{"floor":46,"key":"GamblersBrew"}],"is_trial":false,"path_per_floor":["M","?","$","?","T","R","E","R","T","R","M","E","?","M","R","B",null,"M","M","M","?","$","R","E","R","T","E","M","M","M","M","R","B",null,"M","M","$","M","?","R","?","R","T","$","M","M","R","$","R","B",null],"character_chosen":"IRONCLAD","items_purchased":["True Grit","Membership Card","PreservedInsect","Dark Embrace"],"campfire_rested":1,"item_purchase_floors":[3,37,37,37],"current_hp_per_floor":[74,74,74,58,58,58,37,37,37,37,39,10,10,16,16,8,67,72,78,71,55,70,70,50,50,50,32,37,43,43,37,63,33,74,79,81,87,87,87,87,83,83,83,83,81,81,81,83,83,63],"gold":26,"neow_bonus":"TRANSFORM_CARD","is_daily":false,"chose_seed":false,"campfire_upgraded":10,"win_rate":0.0,"timestamp":1612618542,"path_taken":["M","?","$","?","?","R","E","R","T","R","M","E","?","M","R","BOSS","M","M","M","?","$","R","E","R","T","E","M","M","M","M","R","BOSS","M","M","$","M","?","R","?","R","T","$","M","M","R","?","R","BOSS"],"items_purchased_type":["Card","Relic","Relic","Card"],"build_version":"2020-12-22","purchased_purges":5,"victory":true,"max_hp_per_floor":[80,80,80,80,80,80,87,87,87,87,87,87,87,87,87,87,87,87,87,87,87,87,87,87,87,87,87,87,87,87,87,87,87,87,87,87,87,87,87,87,83,83,83,83,83,83,83,83,83,83],"card_choices":[{"not_picked":["Cleave","Rampage"],"picked":"Armaments","floor":1.0},{"not_picked":["Twin Strike","Havoc","Perfected Strike"],"picked":"SKIP","floor":7.0},{"not_picked":["Cleave","Armaments","Searing Blow"],"picked":"SKIP","floor":11.0},{"not_picked":["Dropkick","Spot Weakness","Rage"],"picked":"SKIP","floor":12.0},{"not_picked":["Clothesline","Clash","Warcry"],"picked":"SKIP","floor":14.0},{"not_picked":["Demon Form","Juggernaut"],"picked":"Offering","floor":16.0},{"not_picked":["Perfected Strike","Pommel Strike+1","Thunderclap"],"picked":"SKIP","floor":18.0},{"not_picked":["Pommel Strike","Anger","Flex"],"picked":"SKIP","floor":19.0},{"not_picked":["Whirlwind","Pommel Strike","Power Through"],"picked":"SKIP","floor":20.0},{"not_picked":["Cleave","Flex+1","Heavy Blade+1"],"picked":"SKIP","floor":24.0},{"not_picked":["Flex+1","Spot Weakness+1","Intimidate+1"],"picked":"SKIP","floor":27.0},{"not_picked":["Intimidate+1","Havoc+1","Searing Blow"],"picked":"SKIP","floor":28.0},{"not_picked":["Perfected Strike+1","Feed"],"picked":"True Grit+1","floor":29.0},{"not_picked":["Thunderclap","Pommel Strike"],"picked":"Burning Pact+1","floor":30.0},{"not_picked":["Dual Wield+1","Evolve"],"picked":"Shrug It Off+1","floor":31.0},{"not_picked":["Berserk","Bludgeon"],"picked":"Reaper","floor":33.0},{"not_picked":["Sever Soul+1","Clothesline+1"],"picked":"Anger+1","floor":35.0},{"not_picked":["Rupture+1","Reckless Charge+1"],"picked":"Wild Strike+1","floor":36.0},{"not_picked":["Havoc+1","Intimidate+1"],"picked":"Power Through+1","floor":38},{"not_picked":["Metallicize+1","Perfected Strike","Flame Barrier+1"],"picked":"SKIP","floor":45},{"not_picked":["Perfected Strike+1","Armaments+1","Havoc+1"],"picked":"SKIP","floor":46}],"player_experience":117964,"relics_obtained":[{"floor":5.0,"key":"Juzu Bracelet"},{"floor":7.0,"key":"Strawberry"},{"floor":9.0,"key":"MealTicket"},{"floor":12.0,"key":"Nunchaku"},{"floor":21.0,"key":"Enchiridion"},{"floor":24.0,"key":"Pen Nib"},{"floor":26.0,"key":"Akabeko"},{"floor":27.0,"key":"Toxic Egg 2"},{"floor":43,"key":"CeramicFish"}],"event_choices":[{"cards_removed":["Strike_R"],"damage_healed":0.0,"max_hp_gain":0.0,"max_hp_loss":0.0,"gold_gain":0.0,"event_name":"Living Wall","player_choice":"Forget","floor":2.0,"gold_loss":0.0,"damage_taken":0.0},{"damage_healed":0.0,"max_hp_gain":0.0,"max_hp_loss":0.0,"gold_gain":0.0,"event_name":"Shining Light","player_choice":"Entered Light","floor":4.0,"gold_loss":0.0,"damage_taken":16.0,"cards_upgraded":["Defend_R","Searing Blow"]},{"damage_healed":0.0,"max_hp_gain":0.0,"max_hp_loss":0.0,"gold_gain":0.0,"cards_transformed":["Defend_R"],"event_name":"Transmorgrifier","player_choice":"Transformed","floor":13.0,"gold_loss":0.0,"damage_taken":0.0,"cards_obtained":["Havoc"]},{"damage_healed":0.0,"max_hp_gain":0.0,"max_hp_loss":0.0,"gold_gain":0.0,"event_name":"Cursed Tome","player_choice":"Obtained Book","floor":21.0,"gold_loss":0.0,"damage_taken":16.0},{"cards_removed":["Rupture"],"damage_healed":0,"gold_gain":0,"player_choice":"Removed Power","damage_taken":0,"max_hp_gain":0,"max_hp_loss":0,"event_name":"Falling","floor":39,"gold_loss":0},{"damage_healed":0,"gold_gain":0,"player_choice":"Max HP","damage_taken":0,"max_hp_gain":0,"max_hp_loss":4,"event_name":"Winding Halls","floor":41,"gold_loss":0}],"is_beta":false,"boss_relics":[{"not_picked":["Fusion Hammer","Runic Pyramid"],"picked":"Snecko Eye"},{"not_picked":["Calling Bell","Black Blood"],"picked":"Astrolabe"}],"items_purged_floors":[3,22,37,44,48],"is_endless":false,"potions_floor_spawned":[1,11,16,18,27,29,31,35,46],"ascension_level":10}}