{"host":"g8iwl4xt8d9tko0g","time":1612640098,"event":{"mods":["AchievementEnabler","Bartender","BaseMod","Better Match","Better Sensory Stone","Better Skull","Block Reminder","Bossed Relics","Colored Map","Colored Powertips","Downfall","Energized Spire","Evolution","Googly Eyes","Halation","Highlight Path","Hubris","LagranYue(???·?)","Luminous","Magitek Elite","Marisa????????","Melee Mod","Minty Spire (QoL Compilation)","Reliquary","Replay The Spire","Shop Mod","Spire Arcade","StSLib","SuperFastMode","The Alterego","The Animator","The Bladedancer","The Marked","The Mystic","The Servant 0.9.4","The Wild Card","Transform Curses","Uncapped","everything is the same but u backflip on backflip"],"gold_per_floor":[199,210,210,227,227,242,242,262,276,295,305,305,0,30,45,142,142,142,242,258,100,117,130,130,146,246,259,284,62,78,6,23,23,23,23],"floor_reached":33,"language":"ENG","playtime":2632,"items_purged":[],"score":300,"play_id":"59aec8ea-8e8f-4030-8555-e65d3546e7ce","local_time":"20210206113458","is_ascension_mode":false,"campfire_choices":[{"floor":12,"key":"REST"},{"data":"Guardian:PrismaticBeam","floor":18,"key":"SMITH"}],"circlet_count":0,"master_deck":["Guardian:Strike_Guardian","Guardian:Strike_Guardian","Guardian:Defend_Guardian","Guardian:Defend_Guardian","Guardian:Defend_Guardian","Guardian:Defend_Guardian","Guardian:CurlUp","Guardian:PrismaticBeam+1","Guardian:PiercingHide+1","Guardian:RevengeProtocol","Guardian:EvasiveProtocol","Guardian:Gem_Orange","Guardian:Incinerate","Guardian:FloatingOrbs","Guardian:FloatingOrbs+1","Guardian:ExploitGems","Bandage Up","Guardian:Gem_White","Guardian:Gem_White","Guardian:Gem_Fragmented"],"relics":["Guardian:ModeShifter","EVO:Axolotl","LagranYue:RandomDrawCardRelic","Sundial","halation:LettersToHer","reliquary:Aerogel","Replay:Grab Bag","energizedSpire:NeverEndingSparkler","hubris:RunicObelisk","Golden_Hairpin","Black Star","Omamori","Toy Ornithopter","Replay:Towering Pillar of Hats","reliquary:PorcupineQuills"],"acts_visited":["Exordium","TheCity"],"potions_floor_usage":[16,16,16,26,26,26,28,28,29,30,32,33],"damage_taken":[{"damage":8,"enemies":"Cultist","floor":2,"turns":5},{"damage":12,"enemies":"Jaw Worm","floor":4,"turns":9},{"damage":0,"enemies":"2 Louse","floor":6,"turns":4},{"damage":5,"enemies":"Gremlin Gang","floor":8,"turns":10},{"damage":0,"enemies":"Red Slaver","floor":9,"turns":8},{"damage":0,"enemies":"3 Louse","floor":10,"turns":7},{"damage":12,"enemies":"Lots of Slimes","floor":11,"turns":6},{"damage":0,"enemies":"downfall:FleeingMerchant","floor":13,"turns":4},{"damage":14,"enemies":"Lagavulin","floor":14,"turns":9},{"damage":0,"enemies":"Exordium Thugs","floor":15,"turns":10},{"damage":20,"enemies":"DF_ARCHETYPE_STREAMLINE","floor":16,"turns":13},{"damage":7,"enemies":"Chosen","floor":20,"turns":7},{"damage":2,"enemies":"downfall:FleeingMerchant","floor":21,"turns":4},{"damage":0,"enemies":"Sentry and Sphere","floor":22,"turns":7},{"damage":9,"enemies":"Snake Plant","floor":23,"turns":6},{"damage":0,"enemies":"Snecko","floor":25,"turns":6},{"damage":50,"enemies":"downfall:LadyInBlue","floor":26,"turns":15},{"damage":24,"enemies":"Chosen and Byrds","floor":27,"turns":7},{"damage":0,"enemies":"Book of Stabbing","floor":28,"turns":5},{"damage":0,"enemies":"downfall:FleeingMerchant","floor":29,"turns":4},{"damage":2,"enemies":"Shelled Parasite and Fungi","floor":30,"turns":5},{"damage":11,"enemies":"downfall:FleeingMerchant","floor":31,"turns":4},{"damage":4,"enemies":"Cultist and Chosen","floor":32,"turns":7},{"damage":43,"enemies":"SI_MIRROR_ARCHETYPE","floor":33,"turns":10}],"seed_played":"9110333733822642659","potions_obtained":[{"floor":6,"key":"Strength Potion"},{"floor":9,"key":"Guardian:DefensiveModePotion"},{"floor":11,"key":"Guardian:BlockOnCardUsePotion"},{"floor":16,"key":"Regen Potion"},{"floor":20,"key":"SkillPotion"},{"floor":23,"key":"Weak Potion"},{"floor":26,"key":"Ancient Potion"},{"floor":26,"key":"champ:CounterPotion"},{"floor":26,"key":"Block Potion"},{"floor":28,"key":"ColorlessPotion"},{"floor":32,"key":"Weak Potion"}],"is_trial":false,"path_per_floor":["R_BF","M","?","M","?","M","T","M","M","M","M","R","$","E","M","B",null,"R","?","M","$","M","M","T","M","?","M","E","$","M","$","M","B"],"character_chosen":"GUARDIAN","items_purchased":["Guardian:Gem_Orange","halation:LettersToHer","Omamori","Guardian:DefensiveModePotion","Bandage Up","Guardian:Gem_White","Guardian:Gem_Fragmented"],"campfire_rested":1,"item_purchase_floors":[13,13,21,29,29,29,31],"current_hp_per_floor":[80,72,72,60,60,60,60,55,55,55,43,67,67,53,53,33,80,80,80,73,71,71,62,62,62,27,3,13,18,25,18,23,0,0,0],"gold":23,"neow_bonus":"HUNDRED_GOLD","is_daily":false,"chose_seed":false,"campfire_upgraded":1,"win_rate":0.0,"timestamp":1612640098,"path_taken":["R_BF","M","?","M","?","?","T","M","M","M","?","R","$","E","M","BOSS","R","?","?","?","?","M","T","M","?","M","E","$","M","?","M","BOSS"],"items_purchased_type":["Card","Relic","Relic","Potion","Card","Card","Card"],"build_version":"2020-12-22","purchased_purges":0,"victory":false,"max_hp_per_floor":[80,80,80,80,80,80,80,80,80,80,80,80,80,80,80,80,80,80,80,80,80,80,80,80,80,80,80,80,80,80,80,80,80,80,80],"card_choices":[{"not_picked":["Guardian:Incinerate","Guardian:VentSteam","Guardian:RollAttack"],"picked":"SKIP","floor":2},{"not_picked":["Guardian:Reroute","Guardian:ShieldCharger","Guardian:SentryBeam"],"picked":"SKIP","floor":4},{"not_picked":["Guardian:Planning","Guardian:GuardianWhirl"],"picked":"Guardian:Gem_White","floor":6},{"not_picked":["Guardian:SphericShield","Guardian:TemporalStrike"],"picked":"Guardian:Gem_Green","floor":8},{"not_picked":["Guardian:Emergency","Guardian:ChargeCore"],"picked":"Guardian:Gem_Crimson","floor":9},{"not_picked":["Guardian:PiercingHide","Guardian:Preprogram"],"picked":"Guardian:EvasiveProtocol","floor":10},{"not_picked":["Guardian:ShieldCharger","Guardian:BronzeOrb","Guardian:TemporalStrike"],"picked":"SKIP","floor":11},{"not_picked":["Guardian:Incinerate","Guardian:TimeBomb","Guardian:DonusPower"],"picked":"SKIP","floor":13},{"not_picked":["Guardian:BronzeArmor","Guardian:ChargeCore"],"picked":"Guardian:Incinerate","floor":14},{"not_picked":["Guardian:Gem_Blue","Guardian:ConstructionForm"],"picked":"Guardian:Gem_Red","floor":15},{"not_picked":["Guardian:FastForward","Guardian:StasisStrike"],"picked":"Guardian:Gem_Synthetic","floor":16},{"not_picked":["Guardian:BronzeArmor","Guardian:Repulse"],"picked":"Guardian:FloatingOrbs","floor":20},{"not_picked":["Guardian:PiercingHide","Guardian:Preprogram","Guardian:TimeSifter"],"picked":"SKIP","floor":21},{"not_picked":["Guardian:PiercingHide","Guardian:WalkerClaw+1","Guardian:Recover+1"],"picked":"SKIP","floor":22},{"not_picked":["Guardian:BronzeOrb","Guardian:GuardianWhirl","Guardian:Recover"],"picked":"SKIP","floor":23},{"not_picked":["Guardian:TemporalStrike","Guardian:Planning","Guardian:Gem_Yellow"],"picked":"SKIP","floor":25},{"not_picked":["Guardian:BodySlam","Guardian:TemporalShield"],"picked":"Guardian:FloatingOrbs+1","floor":27},{"not_picked":["Guardian:DecasProtection+1","Guardian:ShieldSpikes"],"picked":"Guardian:ExploitGems","floor":28},{"not_picked":["Guardian:BodySlam","Guardian:GuardianWhirl","Guardian:MultiBeam"],"picked":"SKIP","floor":29},{"not_picked":["Guardian:TimeCapacitor+1","Guardian:WalkerClaw","Guardian:PiercingHide"],"picked":"SKIP","floor":30},{"not_picked":["Guardian:GuardianWhirl","Guardian:PiercingHide","Guardian:ExploitGems"],"picked":"SKIP","floor":31},{"not_picked":["Guardian:DonusPower","Guardian:Gem_Lightblue","Guardian:RefractedBeam"],"picked":"SKIP","floor":32}],"player_experience":231979,"relics_obtained":[{"floor":7,"key":"Sundial"},{"floor":14,"key":"reliquary:Aerogel"},{"floor":24,"key":"halation:LettersToHer"},{"floor":26,"key":"Toy Ornithopter"},{"floor":28,"key":"Replay:Towering Pillar of Hats"},{"floor":28,"key":"reliquary:PorcupineQuills"}],"event_choices":[],"is_beta":false,"boss_relics":[{"not_picked":["Astrolabe","energizedSpire:EnergizedDie"],"picked":"Replay:Grab Bag"},{"not_picked":["reliquary:Craggleroot","Replay:Bronze Core"],"picked":"energizedSpire:NeverEndingSparkler"},{"not_picked":["reliquary:KinkedSpring","hubris:TerracottaHorce"],"picked":"hubris:RunicObelisk"},{"not_picked":["halation:PinkAlligatorPlush","Silver_Glasses"],"picked":"Golden_Hairpin"},{"not_picked":["Replay:Drink Me","Snecko Eye"],"picked":"Black Star"}],"items_purged_floors":[],"is_endless":false,"potions_floor_spawned":[6,9,11,14,16,20,23,25,28,30,32],"killed_by":"SI_MIRROR_ARCHETYPE","ascension_level":0}}