{"host":"vt6dr1xq3iy14a3e","time":1612644441,"event":{"mods":["AchievementEnabler","BaseMod","Colored Map","DeckTracker","Minty Spire (QoL Compilation)","StSLib","SuperFastMode"],"gold_per_floor":[116,116,46,66,8,8,39,59,59,92,108,121,121,151,151,249,249,262,282,192,211,225,225,252,264,317,328,328,109,109,123,123,222,222,235,235,249,265,311,311,68,98,124,124,124,124,159,2,2,2,2,2,2,32,32],"floor_reached":56,"language":"KOR","playtime":4173,"items_purged":["Defend_P","Parasite"],"score":1765,"play_id":"de3441db-8ab8-4707-a89c-da09875f5b49","local_time":"20210207054721","is_ascension_mode":true,"campfire_choices":[{"data":"Eruption","floor":6.0,"key":"SMITH"},{"floor":13.0,"key":"REST"},{"data":"MentalFortress","floor":15.0,"key":"SMITH"},{"floor":23.0,"key":"REST"},{"floor":28.0,"key":"REST"},{"data":"Adaptation","floor":30.0,"key":"SMITH"},{"data":"SashWhip","floor":32.0,"key":"SMITH"},{"floor":40.0,"key":"REST"},{"floor":45.0,"key":"RECALL"},{"data":"FlurryOfBlows","floor":49.0,"key":"SMITH"},{"data":"FearNoEvil","floor":52.0,"key":"SMITH"}],"circlet_count":0,"master_deck":["Strike_P","Strike_P","Defend_P+1","Eruption+1","Vigilance+1","FlurryOfBlows+1","MentalFortress+1","SashWhip+1","DeceiveReality+1","FollowUp","Swivel+1","FearNoEvil+1","CutThroughFate+1","Indignation+1","Adaptation+1","InnerPeace+1","TalkToTheHand+1","Vault+1","Prostrate+1","Dark Shackles+1","Jack Of All Trades+1","FlurryOfBlows+1","Scrawl+1","DeusExMachina+1","Adaptation+1"],"relics":["PureWater","NeowsBlessing","Kunai","Toxic Egg 2","Sundial","PreservedInsect","War Paint","Empty Cage","HornCleat","Runic Pyramid","Gambling Chip","Vajra","Akabeko","InkBottle","DollysMirror","Pen Nib"],"acts_visited":["Exordium","TheCity","TheBeyond","TheEnding"],"potions_floor_usage":[55,55,55],"damage_taken":[{"damage":0.0,"enemies":"Jaw Worm","floor":1.0,"turns":1.0},{"damage":0.0,"enemies":"Small Slimes","floor":4.0,"turns":1.0},{"damage":0.0,"enemies":"Lagavulin","floor":7.0,"turns":1.0},{"damage":0.0,"enemies":"Cultist","floor":8.0,"turns":2.0},{"damage":22.0,"enemies":"3 Sentries","floor":10.0,"turns":7.0},{"damage":3.0,"enemies":"Large Slime","floor":11.0,"turns":8.0},{"damage":0.0,"enemies":"Exordium Thugs","floor":12.0,"turns":4.0},{"damage":28.0,"enemies":"Gremlin Nob","floor":14.0,"turns":4.0},{"damage":0.0,"enemies":"Hexaghost","floor":16.0,"turns":7.0},{"damage":3.0,"enemies":"Shell Parasite","floor":18.0,"turns":5.0},{"damage":17.0,"enemies":"Spheric Guardian","floor":19.0,"turns":4.0},{"damage":0.0,"enemies":"Centurion and Healer","floor":21.0,"turns":3.0},{"damage":23.0,"enemies":"Cultist and Chosen","floor":22.0,"turns":6.0},{"damage":19.0,"enemies":"Slavers","floor":24.0,"turns":3.0},{"damage":0.0,"enemies":"3 Cultists","floor":25.0,"turns":5.0},{"damage":2.0,"enemies":"Snecko","floor":27.0,"turns":5.0},{"damage":0.0,"enemies":"Sentry and Sphere","floor":31.0,"turns":4.0},{"damage":26.0,"enemies":"Champ","floor":33.0,"turns":10.0},{"damage":2.0,"enemies":"Orb Walker","floor":35.0,"turns":4.0},{"damage":8.0,"enemies":"3 Shapes","floor":37.0,"turns":3.0},{"damage":0.0,"enemies":"Writhing Mass","floor":38.0,"turns":6.0},{"damage":28.0,"enemies":"2 Orb Walkers","floor":39.0,"turns":8.0},{"damage":0.0,"enemies":"Giant Head","floor":42.0,"turns":6.0},{"damage":0.0,"enemies":"Reptomancer","floor":47.0,"turns":3.0},{"damage":1.0,"enemies":"Awakened One","floor":50.0,"turns":7.0},{"damage":19.0,"enemies":"Shield and Spear","floor":54.0,"turns":3.0},{"damage":42,"enemies":"The Heart","floor":55,"turns":9}],"seed_played":"1582981936588885289","potions_obtained":[{"floor":7.0,"key":"ColorlessPotion"},{"floor":8.0,"key":"ColorlessPotion"},{"floor":11.0,"key":"SteroidPotion"},{"floor":12.0,"key":"Weak Potion"},{"floor":16.0,"key":"StancePotion"},{"floor":18.0,"key":"Fire Potion"},{"floor":24.0,"key":"Energy Potion"},{"floor":31.0,"key":"SpeedPotion"},{"floor":33.0,"key":"SpeedPotion"},{"floor":35.0,"key":"EssenceOfSteel"},{"floor":38.0,"key":"Fire Potion"},{"floor":42.0,"key":"SkillPotion"}],"is_trial":false,"path_per_floor":["M","?","$","M","?","R","E","M","T","E","M","M","R","E","R","B",null,"M","M","?","M","M","R","E","M","T","M","R","$","R","M","R","B",null,"M","?","M","M","?","R","$","E","T","$","R","?","E","$","R","B",null,"R","$","E","B",null],"character_chosen":"WATCHER","items_purchased":["MentalFortress","Vault+1","Scrawl+1","DollysMirror"],"campfire_rested":4,"item_purchase_floors":[3,29,41,48],"current_hp_per_floor":[65,58,58,58,58,58,58,58,58,36,33,33,54,26,26,26,61,58,41,41,41,18,39,20,20,20,18,39,39,39,39,39,13,57,55,45,43,49,27,48,48,54,54,54,54,54,54,54,54,53,65,65,65,46,4],"gold":32,"neow_bonus":"THREE_ENEMY_KILL","is_daily":false,"chose_seed":false,"campfire_upgraded":6,"win_rate":0.0,"timestamp":1612644441,"path_taken":["M","?","$","M","?","R","E","M","T","E","?","M","R","E","R","BOSS","M","M","?","M","M","R","E","?","T","M","R","$","R","M","R","BOSS","M","?","M","M","?","R","$","E","T","$","R","?","E","?","R","BOSS","R","$","E","BOSS"],"items_purchased_type":["Card","Card","Card","Relic"],"build_version":"2020-12-22","purchased_purges":2,"victory":true,"max_hp_per_floor":[72,72,72,72,72,72,72,72,72,72,72,72,72,72,72,72,72,72,72,72,72,72,72,72,72,72,72,72,72,72,72,72,72,72,72,72,72,72,72,72,69,69,69,69,69,69,69,69,69,69,69,69,69,69,69],"card_choices":[{"not_picked":["ThirdEye","SashWhip"],"picked":"FlurryOfBlows","floor":1.0},{"not_picked":["Consecrate","ThirdEye"],"picked":"SashWhip","floor":4.0},{"not_picked":["JustLucky","EmptyFist","Sanctity+1"],"picked":"SKIP","floor":7.0},{"not_picked":["SashWhip","ThirdEye+1"],"picked":"DeceiveReality+1","floor":8.0},{"not_picked":["Nirvana","Vengeance+1","BowlingBash"],"picked":"SKIP","floor":10.0},{"not_picked":["Blasphemy+1","ThirdEye+1"],"picked":"FollowUp","floor":11.0},{"not_picked":["TalkToTheHand","Sanctity+1"],"picked":"Swivel+1","floor":12.0},{"not_picked":["Tantrum","CrushJoints"],"picked":"FearNoEvil","floor":14.0},{"not_picked":["WheelKick","Evaluate+1","TalkToTheHand"],"picked":"SKIP","floor":18.0},{"not_picked":["Protect+1","ReachHeaven+1"],"picked":"CutThroughFate","floor":19.0},{"not_picked":["Prostrate+1","JustLucky"],"picked":"Indignation+1","floor":21.0},{"not_picked":["FlurryOfBlows+1","Swivel+1"],"picked":"Adaptation","floor":22.0},{"not_picked":["Protect+1","CarveReality+1"],"picked":"InnerPeace+1","floor":24.0},{"not_picked":["Consecrate+1","Indignation+1","JustLucky"],"picked":"SKIP","floor":25.0},{"not_picked":["FollowUp","FlyingSleeves"],"picked":"TalkToTheHand+1","floor":27.0},{"not_picked":["Nirvana","MasterReality"],"picked":"Prostrate+1","floor":31.0},{"not_picked":["Prostrate+1","FollowUp","FlyingSleeves"],"picked":"SKIP","floor":35.0},{"not_picked":["Sadistic Nature","Dramatic Entrance"],"picked":"Dark Shackles+1","floor":36.0},{"not_picked":["PanicButton+1","Discovery+1"],"picked":"Bandage Up+1","floor":36.0},{"not_picked":["Swift Strike","Mind Blast"],"picked":"Jack Of All Trades+1","floor":36.0},{"not_picked":["WaveOfTheHand+1","TalkToTheHand+1","Prostrate+1"],"picked":"SKIP","floor":37.0},{"not_picked":["EmptyFist","FearNoEvil"],"picked":"FlurryOfBlows+1","floor":38.0},{"not_picked":["SashWhip","SandsOfTime+1","Brilliance"],"picked":"SKIP","floor":42.0},{"not_picked":["SashWhip","SandsOfTime+1","Brilliance"],"picked":"SKIP","floor":42.0},{"not_picked":["Halt+1","WheelKick"],"picked":"DeusExMachina+1","floor":47.0},{"not_picked":["Halt+1","EmptyBody+1","SpiritShield+1"],"picked":"SKIP","floor":54.0}],"player_experience":1049384,"relics_obtained":[{"floor":7.0,"key":"Toxic Egg 2"},{"floor":9.0,"key":"Sundial"},{"floor":10.0,"key":"PreservedInsect"},{"floor":14.0,"key":"War Paint"},{"floor":24.0,"key":"HornCleat"},{"floor":39.0,"key":"Gambling Chip"},{"floor":42.0,"key":"Vajra"},{"floor":43.0,"key":"Akabeko"},{"floor":47.0,"key":"InkBottle"},{"floor":54.0,"key":"Pen Nib"}],"event_choices":[{"cards_removed":["Strike_P"],"damage_healed":0.0,"max_hp_gain":0.0,"max_hp_loss":0.0,"gold_gain":0.0,"event_name":"Golden Wing","player_choice":"Card Removal","floor":2.0,"gold_loss":0.0,"damage_taken":7.0},{"damage_healed":0.0,"max_hp_gain":0.0,"max_hp_loss":0.0,"gold_gain":0.0,"event_name":"WeMeetAgain","player_choice":"Paid Gold","floor":5.0,"gold_loss":58.0,"damage_taken":0.0,"relics_obtained":["Kunai"]},{"cards_removed":["Strike_P"],"damage_healed":0.0,"max_hp_gain":0.0,"max_hp_loss":0.0,"gold_gain":0.0,"event_name":"Designer","player_choice":"Upgrade and Remove","floor":20.0,"gold_loss":90.0,"damage_taken":0.0,"cards_upgraded":["CutThroughFate"]},{"damage_healed":0.0,"max_hp_gain":0.0,"max_hp_loss":0.0,"gold_gain":0.0,"event_name":"SensoryStone","player_choice":"Memory 3","floor":36.0,"gold_loss":0.0,"damage_taken":10.0},{"damage_healed":0.0,"max_hp_gain":0.0,"max_hp_loss":0.0,"gold_gain":0.0,"event_name":"Mysterious Sphere","player_choice":"Fight","floor":39.0,"gold_loss":0.0,"damage_taken":0.0},{"cards_removed":["Bandage Up"],"damage_healed":0.0,"max_hp_gain":0.0,"max_hp_loss":0.0,"gold_gain":0.0,"event_name":"Falling","player_choice":"Removed Skill","floor":46.0,"gold_loss":0.0,"damage_taken":0.0}],"is_beta":false,"boss_relics":[{"not_picked":["Busted Crown","Velvet Choker"],"picked":"Empty Cage"},{"not_picked":["Black Star","Snecko Eye"],"picked":"Runic Pyramid"}],"items_purged_floors":[29,41],"is_endless":false,"potions_floor_spawned":[7,8,11,12,16,18,24,31,33,35,38,42],"ascension_level":9}}