{"host":"2aloifuou9y0gnzu","time":1612624646,"event":{"mods":["Act Like it!","Arknights","BaseMod","Colored Powertips","Downfall","Gensokyo","Marisa£®ÏF”Í°°ƒß¿Ì…≥£©","Minty Spire (QoL Compilation)","Remilia£®¿Ÿ√◊¿Ú—«£©","StSLib"],"gold_per_floor":[99,118,52,52,67,80,80,95,95,95,95,106,119,138,153,257,257,57,74,174,185,13,13,13,45,45,45,45,45,64,79,91,193,193,193,212,212,212,265,265,289,304,333,333,345,345,365,32,47,47],"floor_reached":51,"language":"ZHS","playtime":9192,"items_purged":[],"score":796,"play_id":"0169d2c4-2f33-440d-a3b9-bf3b3e332f6e","local_time":"20210206231726","is_ascension_mode":false,"campfire_choices":[{"floor":1.0,"key":"RECALL"},{"data":"champ:PreciseThrust","floor":11.0,"key":"SMITH"},{"data":"champ:StrikeOfGenius","floor":18,"key":"SMITH"},{"floor":27,"key":"REST"},{"floor":29,"key":"REST"},{"data":"champ:IgnorePain","floor":35,"key":"SMITH"},{"floor":40,"key":"REST"},{"floor":46,"key":"REST"}],"circlet_count":0,"master_deck":["champ:Strike","champ:Strike","champ:Strike","champ:Strike","champ:Defend","champ:Defend","champ:Defend","champ:Execute","champ:Taunt","champ:BladeFlurry","champ:AdrenalArmor","champ:EnGarde","champ:Circumvent","champ:StanceDance","champ:PreciseThrust+1","champ:Shatter","champ:IronFortress","champ:VampiricStrike","champ:FaceSlap","champ:StrikeOfGenius+1","CurseOfTheBell","champ:CalledShot","champ:BringItOn","champ:TornadoPunch+1","champ:CrownThrow","champ:TornadoPunch+1","champ:SkillfulDodge+1","champ:FlashCut","champ:EnGarde+1","champ:Shatter","champ:DeathBlow+1","champ:LastStand","RitualDagger+1","champ:StanceDance+1","champ:IgnorePain","Necronomicurse","champ:FanOfKnives","champ:Backstep","champ:DefensiveShout","champ:PreciseThrust+1","champ:FocusedDefense","champ:Lariat","champ:IgnorePain+1","champ:FlashCut","champ:Duel","expansioncontent:YouAreMine","expansioncontent:AwakenDeath","expansioncontent:GuardianWhirl","champ:GutPunch+1","champ:SteelEdge","champ:GutPunch+1","champ:GutPunch+1","champ:Circumvent+1","champ:RecklessLeap+1","champ:PerfectedStrike","champ:CrownThrow+1","champ:PerfectedStrike+1","champ:Endure"],"relics":["champ:ChampionCrown","champ:LiftRelic","Strawberry","Calling Bell","Bronze Scales","InkBottle","Prayer Wheel","downfall:HeartBlessingBlue","downfall:HeartBlessingRed","champ:BlackKnightHelmet","Meat on the Bone","Orrery","WingedGreaves","champ:BerserkersGuideToSlaughter","Necronomicon","champ:FightingForDummies","bronze:MakeshiftBattery","CatCart","Toy Ornithopter","Omamori","Bottled Flame"],"acts_visited":["Exordium","TheCity","TheBeyond"],"potions_floor_usage":[16,20,20,25,33,50],"damage_taken":[{"damage":12.0,"enemies":"Small Slimes","floor":2.0,"turns":4.0},{"damage":20.0,"enemies":"downfall:FleeingMerchant","floor":3.0,"turns":4.0},{"damage":15.0,"enemies":"2 Louse","floor":5.0,"turns":2.0},{"damage":10.0,"enemies":"Jaw Worm","floor":6.0,"turns":3.0},{"damage":20.0,"enemies":"3 Louse","floor":8.0,"turns":3.0},{"damage":23.0,"enemies":"Exordium Wildlife","floor":12.0,"turns":5.0},{"damage":20,"enemies":"Large Slime","floor":13,"turns":3},{"damage":2,"enemies":"Blue Slaver","floor":14,"turns":4},{"damage":11,"enemies":"3 Louse","floor":15,"turns":3},{"damage":35,"enemies":"DF_ARCHETYPE_STREAMLINE","floor":16,"turns":11},{"damage":33,"enemies":"3 Byrds","floor":19,"turns":4},{"damage":65,"enemies":"3 Byrds","floor":20,"turns":6},{"damage":1,"enemies":"Spheric Guardian","floor":21,"turns":3},{"damage":10,"enemies":"downfall:FleeingMerchant","floor":22,"turns":4},{"damage":21,"enemies":"downfall:FleeingMerchant","floor":25,"turns":4},{"damage":42,"enemies":"Shelled Parasite and Fungi","floor":30,"turns":3},{"damage":25,"enemies":"Snake Plant","floor":31,"turns":4},{"damage":20,"enemies":"Snecko","floor":32,"turns":5},{"damage":51,"enemies":"WA_ARCHETYPE_CALM","floor":33,"turns":11},{"damage":44,"enemies":"3 Shapes","floor":36,"turns":2},{"damage":15,"enemies":"Orin","floor":39,"turns":8},{"damage":11,"enemies":"3 Darklings","floor":42,"turns":4},{"damage":70,"enemies":"Reptomancer","floor":43,"turns":5},{"damage":34,"enemies":"Sphere and 2 Shapes","floor":45,"turns":4},{"damage":67,"enemies":"Transient","floor":47,"turns":5},{"damage":0,"enemies":"3 Darklings","floor":49,"turns":3},{"damage":163,"enemies":"SI_POISON_ARCHETYPE","floor":50,"turns":13}],"seed_played":"6232177643221206915","potions_obtained":[{"floor":5.0,"key":"FairyPotion"},{"floor":8.0,"key":"champ:OpenerPotion"},{"floor":14,"key":"bronze:BurnAndBuffPotion"},{"floor":16,"key":"Guardian:BlockOnCardUsePotion"},{"floor":21,"key":"SteroidPotion"},{"floor":23,"key":"CultistPotion"},{"floor":31,"key":"Slimebound:ThreeZeroPotion"},{"floor":36,"key":"champ:OpenerPotion"}],"is_trial":false,"path_per_floor":["R","M","$","?","M","M","T","M","?","?","R","M","M","M","M","B",null,"R","M","?","M","$","?","T","$","?","R","?","R","M","M","M","B",null,"R","M","?","?","?","R","T","M","E","T","M","R","M","?","M","B",null],"character_chosen":"THE_CHAMP","items_purchased":["champ:EnGarde","Orrery","champ:BerserkersGuideToSlaughter","champ:IgnorePain"],"campfire_rested":4,"item_purchase_floors":[3,22,25,25],"current_hp_per_floor":[99,97,97,97,92,92,92,92,92,96,96,93,93,91,90,65,106,116,88,23,34,46,46,46,47,31,65,65,99,87,82,92,53,116,116,102,102,92,77,111,111,110,90,90,76,110,93,131,131,110],"gold":47,"neow_bonus":"TEN_PERCENT_HP_BONUS","is_daily":false,"chose_seed":false,"campfire_upgraded":3,"win_rate":0.0,"timestamp":1612624646,"path_taken":["R","M","$","?","M","M","T","M","?","?","R","M","M","M","M","BOSS","R","M","?","M","$","?","T","$","?","R","?","R","?","M","M","BOSS","R","M","?","?","?","R","T","M","E","?","M","R","?","?","M","BOSS"],"items_purchased_type":["Card","Relic","Relic","Card"],"build_version":"2020-12-22","purchased_purges":0,"victory":true,"max_hp_per_floor":[99,99,99,99,99,99,99,99,99,106,106,106,106,106,106,106,106,116,116,116,116,116,116,116,116,116,116,116,116,116,116,116,116,116,116,116,116,116,116,116,116,116,116,116,116,116,116,131,131,131],"card_choices":[{"not_picked":["champ:AdrenalArmor","champ:Backstep"],"picked":"champ:BladeFlurry","floor":2.0},{"not_picked":["champ:Circumvent","champ:ShieldWall"],"picked":"champ:AdrenalArmor","floor":3.0},{"not_picked":["champ:ArenaPreparation","champ:Encircle"],"picked":"champ:Circumvent","floor":5.0},{"not_picked":["champ:EnGarde","champ:FanOfKnives"],"picked":"champ:StanceDance","floor":6.0},{"not_picked":["champ:Endure","champ:EndlessRage"],"picked":"champ:PreciseThrust","floor":8.0},{"not_picked":["champ:GutPunch","champ:PerfectedStrike"],"picked":"champ:Shatter","floor":12},{"not_picked":["champ:PerfectedStrike","champ:EnGarde"],"picked":"champ:IronFortress","floor":13},{"not_picked":["champ:RecklessLeap","champ:StanceDance"],"picked":"champ:VampiricStrike","floor":14},{"not_picked":["champ:FlashCut","champ:Haymaker"],"picked":"champ:FaceSlap","floor":15},{"not_picked":["champ:CheapShot","champ:ShieldThrow"],"picked":"champ:StrikeOfGenius","floor":16},{"not_picked":["champ:SetATrap","champ:ArenaPreparation"],"picked":"champ:CalledShot","floor":19},{"not_picked":["champ:BladeFlurry","champ:EnGarde"],"picked":"champ:BringItOn","floor":19},{"not_picked":["champ:PreciseThrust","champ:ShieldSlam"],"picked":"champ:TornadoPunch+1","floor":20},{"not_picked":["champ:Circumvent","champ:AdrenalArmor"],"picked":"champ:CrownThrow","floor":21},{"not_picked":["champ:Parry","champ:EndlessRage"],"picked":"champ:TornadoPunch+1","floor":21},{"not_picked":["champ:VampiricStrike","champ:Backstep"],"picked":"champ:SkillfulDodge+1","floor":22},{"not_picked":["champ:BringItOn","champ:SkillfulDodge"],"picked":"champ:FlashCut","floor":22},{"not_picked":["champ:Haymaker","champ:AdrenalArmor"],"picked":"champ:EnGarde+1","floor":22},{"not_picked":["champ:FlashCut","champ:FocusedDefense"],"picked":"champ:Shatter","floor":22},{"not_picked":["champ:EndlessRage","champ:PreciseThrust"],"picked":"champ:DeathBlow+1","floor":22},{"not_picked":["champ:Circumvent","champ:AdrenalArmor"],"picked":"champ:LastStand","floor":22},{"not_picked":["champ:Haymaker+1","champ:EnGarde"],"picked":"champ:StanceDance+1","floor":25},{"not_picked":["champ:DancingMaster","champ:FancyFootwork"],"picked":"champ:FanOfKnives","floor":30},{"not_picked":["champ:PerfectedStrike","champ:GutPunch"],"picked":"champ:Backstep","floor":30},{"not_picked":["champ:BladeFlurry","champ:BringItOn"],"picked":"champ:DefensiveShout","floor":31},{"not_picked":["champ:Haymaker","champ:FlashCut"],"picked":"champ:PreciseThrust+1","floor":31},{"not_picked":["champ:FalseCounter","champ:IronFortress"],"picked":"champ:FocusedDefense","floor":32},{"not_picked":["champ:Haymaker+1","champ:Parry"],"picked":"champ:Lariat","floor":32},{"not_picked":["champ:DancingMaster","champ:MurderStrike"],"picked":"champ:IgnorePain","floor":33},{"not_picked":["champ:ShieldWall","champ:Circumvent"],"picked":"champ:FlashCut","floor":36},{"not_picked":["champ:Backstep","champ:CalledShot+1"],"picked":"champ:Duel","floor":36},{"not_picked":["expansioncontent:PrepareCrush","expansioncontent:HyperBeam"],"picked":"expansioncontent:YouAreMine","floor":38},{"not_picked":["expansioncontent:Chronoboost","expansioncontent:YouAreMine"],"picked":"expansioncontent:AwakenDeath","floor":38},{"not_picked":["expansioncontent:Hexaburn","expansioncontent:InvincibleStrength"],"picked":"expansioncontent:GuardianWhirl","floor":38},{"not_picked":["champ:HeartStrike","champ:DefensiveShout+1"],"picked":"champ:GutPunch+1","floor":39},{"not_picked":["champ:FalseCounter+1","champ:FocusedDefense"],"picked":"champ:SteelEdge","floor":42},{"not_picked":["champ:DefensiveShout+1","champ:Haymaker"],"picked":"champ:GutPunch+1","floor":42},{"not_picked":["champ:ArenaPreparation","champ:FancyFootwork+1"],"picked":"champ:GutPunch+1","floor":43},{"not_picked":["champ:HeavySlash","champ:FocusedBerserking+1"],"picked":"champ:Circumvent+1","floor":45},{"not_picked":["champ:BerserkersShout+1","champ:StanceDance+1"],"picked":"champ:RecklessLeap+1","floor":45},{"not_picked":["champ:FocusedBerserking+1","champ:FlashCut+1"],"picked":"champ:PerfectedStrike","floor":47},{"not_picked":["champ:Circumvent","champ:FalseCounter"],"picked":"champ:CrownThrow+1","floor":47},{"not_picked":["champ:FocusedBerserking","champ:SwordThrow"],"picked":"champ:PerfectedStrike+1","floor":49},{"not_picked":["champ:GutPunch+1","champ:BerserkersShout"],"picked":"champ:Endure","floor":49}],"player_experience":102941,"relics_obtained":[{"floor":17,"key":"Bronze Scales"},{"floor":17,"key":"InkBottle"},{"floor":17,"key":"Prayer Wheel"},{"floor":20,"key":"champ:BlackKnightHelmet"},{"floor":20,"key":"Meat on the Bone"},{"floor":24,"key":"WingedGreaves"},{"floor":26,"key":"Necronomicon"},{"floor":39,"key":"CatCart"},{"floor":41,"key":"Toy Ornithopter"},{"floor":43,"key":"Omamori"},{"floor":44,"key":"Bottled Flame"}],"event_choices":[{"damage_healed":0.0,"max_hp_gain":0.0,"max_hp_loss":0.0,"gold_gain":0.0,"event_name":"Scrap Ooze","player_choice":"Success","floor":10.0,"gold_loss":0.0,"damage_taken":3.0,"relics_obtained":["Strawberry"]},{"cards_removed":["champ:Defend"],"damage_healed":0,"gold_gain":0,"player_choice":"Removed Skill","damage_taken":0,"max_hp_gain":0,"max_hp_loss":0,"event_name":"Falling","floor":37,"gold_loss":0},{"damage_healed":0,"gold_gain":0,"player_choice":"Fight","damage_taken":0,"max_hp_gain":0,"max_hp_loss":0,"event_name":"OrinTheCat","floor":39,"gold_loss":0}],"is_beta":false,"boss_relics":[{"not_picked":["SacredBark","champ:ChampionCrownUpgraded"],"picked":"Calling Bell"},{"not_picked":["Snecko Eye","Busted Crown"],"picked":"bronze:MakeshiftBattery"}],"items_purged_floors":[],"is_endless":false,"potions_floor_spawned":[5,8,14,16,21,31,36,43,45,49],"ascension_level":0}}