{"host":"vymnruocrvjmw2yt","time":1612645132,"event":{"mods":["AchievementEnabler","BaseMod","Block Reminder","Downfall","Googly Eyes","Hermit","Hubris","Infinite Spire","Minty Spire (QoL Compilation)","Robot Space Explorer","StSLib","The Hierophant"],"gold_per_floor":[114,114,130,16,116,116,135,135,160,7,7,182,196,196,196,298,298,309,327,76,76,86,86,98,98,98,98,125,140,140,140,140,236,236,256,256,256,17,17,48,62,62,62,62,62,96,106,106,106],"floor_reached":51,"language":"ENG","playtime":2173,"items_purged":["RobotSpaceExplorer:Strike","downfall:Malfunctioning"],"score":784,"play_id":"82ae23e3-856b-48ea-abb5-e8c520fac7aa","local_time":"20210206155852","is_ascension_mode":false,"campfire_choices":[{"data":"RobotSpaceExplorer:MiniBoosters","floor":6,"key":"SMITH"},{"data":"RobotSpaceExplorer:PowerGlove","floor":8,"key":"SMITH"},{"data":"RobotSpaceExplorer:MiniDrones","floor":11,"key":"SMITH"},{"data":"RobotSpaceExplorer:MiniLasers","floor":15,"key":"SMITH"},{"data":"RobotSpaceExplorer:ChargingLaser","floor":23,"key":"SMITH"},{"floor":27,"key":"REST"},{"floor":32,"key":"REST"},{"data":"RobotSpaceExplorer:MiniBoosters","floor":42,"key":"SMITH"},{"data":"RobotSpaceExplorer:TrailblazerForm","floor":44,"key":"SMITH"},{"data":"RobotSpaceExplorer:Ammunition","floor":49,"key":"SMITH"}],"circlet_count":0,"master_deck":["RobotSpaceExplorer:Strike","RobotSpaceExplorer:Strike","RobotSpaceExplorer:Strike","RobotSpaceExplorer:Defend","RobotSpaceExplorer:Defend","RobotSpaceExplorer:Defend","RobotSpaceExplorer:Defend","RobotSpaceExplorer:Scan","RobotSpaceExplorer:MiniLasers+1","RobotSpaceExplorer:MiniBoosters+1","RobotSpaceExplorer:MiniDrones+1","RobotSpaceExplorer:PowerGlove+1","RobotSpaceExplorer:ScrapToss","RobotSpaceExplorer:MetalStrike","Doubt","RobotSpaceExplorer:ChargingLaser+1","RobotSpaceExplorer:FranticSearch","infinitespire:NeuralNetwork","RobotSpaceExplorer:Pulsar+1","RobotSpaceExplorer:Fix","Doubt","RobotSpaceExplorer:Probe","RobotSpaceExplorer:DualCore+1","RobotSpaceExplorer:MiniDrones","RobotSpaceExplorer:TrailblazerForm+1","RobotSpaceExplorer:PowerCollector+1","Swift Strike","Writhe","RobotSpaceExplorer:MiniBoosters+1","Flash of Steel","RobotSpaceExplorer:Ammunition+1","RobotSpaceExplorer:DualCore","RobotSpaceExplorer:ScrapMissile+1","Parasite","infinitespire:Collect","RobotSpaceExplorer:PowerCollector+1","RobotSpaceExplorer:MiniDrones+1"],"relics":["RobotSpaceExplorer:RoboCore","NeowsBlessing","hubris:Towel","Anchor","Strange Spoon","Smiling Mask","Cursed Key","Boot","hubris:TinFlute","Toy Ornithopter","Gambling Chip","RobotSpaceExplorer:Reprocessor","hubris:Teleporter","Letter Opener","Calipers"],"acts_visited":["Exordium","TheCity","TheBeyond"],"potions_floor_usage":[28,35,46],"damage_taken":[{"damage":0,"enemies":"Cultist","floor":1,"turns":1},{"damage":0,"enemies":"Small Slimes","floor":3,"turns":1},{"damage":0,"enemies":"Jaw Worm","floor":7,"turns":1},{"damage":0,"enemies":"Looter","floor":13,"turns":3},{"damage":19,"enemies":"The Guardian","floor":16,"turns":9},{"damage":14,"enemies":"Spheric Guardian","floor":18,"turns":4},{"damage":2,"enemies":"2 Thieves","floor":19,"turns":4},{"damage":1,"enemies":"Cultist and Chosen","floor":22,"turns":4},{"damage":13,"enemies":"Sentry and Sphere","floor":24,"turns":6},{"damage":0,"enemies":"Book of Stabbing","floor":28,"turns":5},{"damage":13,"enemies":"Shelled Parasite and Fungi","floor":29,"turns":5},{"damage":16,"enemies":"Champ","floor":33,"turns":7},{"damage":20,"enemies":"3 Darklings","floor":35,"turns":3},{"damage":6,"enemies":"Giant Head","floor":40,"turns":6},{"damage":4,"enemies":"Orb Walker","floor":41,"turns":3},{"damage":0,"enemies":"Reptomancer","floor":46,"turns":5},{"damage":23,"enemies":"3 Darklings","floor":47,"turns":3},{"damage":17,"enemies":"Awakened One","floor":50,"turns":12}],"seed_played":"-8215391457661499161","potions_obtained":[{"floor":16,"key":"FairyPotion"},{"floor":22,"key":"Block Potion"},{"floor":29,"key":"AttackPotion"},{"floor":41,"key":"Block Potion"}],"is_trial":false,"path_per_floor":["M","?","M","$","?","R","M","R","T","$","R","?","M","?","R","B",null,"M","M","$","?","M","R","M","?","T","R","E","M","?","T","R","B",null,"M","?","?","$","?","E","M","R","T","R","AVR","E","M","R","B",null],"character_chosen":"RobotSpaceExplorer","items_purchased":["RobotSpaceExplorer:PowerGlove","RobotSpaceExplorer:ScrapToss","Strange Spoon","RobotSpaceExplorer:FranticSearch","Boot","RobotSpaceExplorer:MiniBoosters","Flash of Steel","RobotSpaceExplorer:Ammunition"],"campfire_rested":2,"item_purchase_floors":[4,4,10,20,20,38,38,38],"current_hp_per_floor":[75,75,75,75,75,75,75,75,75,75,75,75,75,68,68,49,75,61,59,59,40,39,39,26,26,26,48,52,43,43,43,65,53,75,55,55,74,74,74,72,68,68,68,68,68,75,52,52,39],"gold":106,"neow_bonus":"THREE_ENEMY_KILL","is_daily":false,"chose_seed":false,"campfire_upgraded":8,"win_rate":0.0,"timestamp":1612645132,"path_taken":["M","?","M","$","?","R","?","R","T","$","R","?","M","?","R","BOSS","M","M","$","?","M","R","M","?","T","R","E","M","?","?","R","BOSS","M","?","?","$","?","E","M","R","T","R","AVR","E","?","R","BOSS"],"items_purchased_type":["Card","Card","Relic","Card","Relic","Card","Card","Card"],"build_version":"2020-12-22","purchased_purges":2,"victory":true,"max_hp_per_floor":[75,75,75,75,75,75,75,75,75,75,75,75,75,75,75,75,75,75,75,75,75,75,75,75,75,75,75,75,75,75,75,75,75,75,75,75,75,75,75,75,75,75,75,75,75,75,75,75,75],"card_choices":[{"not_picked":["RobotSpaceExplorer:SwiftStep","RobotSpaceExplorer:ShovelStrike"],"picked":"RobotSpaceExplorer:MiniBoosters","floor":1},{"not_picked":["RobotSpaceExplorer:SurgingShield","RobotSpaceExplorer:Fix"],"picked":"RobotSpaceExplorer:MiniDrones","floor":3},{"not_picked":["RobotSpaceExplorer:ShockKick","RobotSpaceExplorer:StunGrenade"],"picked":"RobotSpaceExplorer:MetalStrike","floor":7},{"not_picked":["RobotSpaceExplorer:SlimeMissile","RobotSpaceExplorer:GlueShot","RobotSpaceExplorer:MetalStrike"],"picked":"SKIP","floor":13},{"not_picked":["RobotSpaceExplorer:Asteroid","RobotSpaceExplorer:Autoloader"],"picked":"RobotSpaceExplorer:ChargingLaser","floor":16},{"not_picked":["RobotSpaceExplorer:ShockKick","RobotSpaceExplorer:PowerCollector","RobotSpaceExplorer:DoubleFind"],"picked":"SKIP","floor":18},{"not_picked":["RobotSpaceExplorer:SurgingShield+1","RobotSpaceExplorer:SlimeMissile+1","RobotSpaceExplorer:GlueShot"],"picked":"SKIP","floor":19},{"not_picked":["infinitespire:FutureSight","infinitespire:SevenWalls"],"picked":"infinitespire:NeuralNetwork","floor":21},{"not_picked":["RobotSpaceExplorer:IronShell","RobotSpaceExplorer:FranticSearch+1"],"picked":"RobotSpaceExplorer:Pulsar+1","floor":22},{"not_picked":["RobotSpaceExplorer:Pulsar+1","RobotSpaceExplorer:Counterblock"],"picked":"RobotSpaceExplorer:Fix","floor":24},{"not_picked":["RobotSpaceExplorer:FrostMissile","RobotSpaceExplorer:GearShield"],"picked":"RobotSpaceExplorer:Probe","floor":28},{"not_picked":["RobotSpaceExplorer:Calculate","RobotSpaceExplorer:Pulsar"],"picked":"RobotSpaceExplorer:DualCore+1","floor":29},{"not_picked":["RobotSpaceExplorer:Wormhole","RobotSpaceExplorer:Multitool"],"picked":"RobotSpaceExplorer:TrailblazerForm","floor":33},{"not_picked":["RobotSpaceExplorer:ShovelStrike","RobotSpaceExplorer:MakeshiftVolley"],"picked":"RobotSpaceExplorer:PowerCollector+1","floor":35},{"not_picked":["Mind Blast","Purity"],"picked":"Swift Strike","floor":36},{"not_picked":["RobotSpaceExplorer:ShockMissile","RobotSpaceExplorer:GlueShot+1"],"picked":"RobotSpaceExplorer:DualCore","floor":40},{"not_picked":["RobotSpaceExplorer:Counterblock+1","RobotSpaceExplorer:FranticSearch"],"picked":"RobotSpaceExplorer:ScrapMissile+1","floor":41},{"not_picked":["RobotSpaceExplorer:FranticSearch+1","RobotSpaceExplorer:Smokescreen+1"],"picked":"RobotSpaceExplorer:PowerCollector+1","floor":46},{"not_picked":["RobotSpaceExplorer:TurboDodge","RobotSpaceExplorer:FranticSearch"],"picked":"RobotSpaceExplorer:MiniDrones+1","floor":47}],"player_experience":782995,"relics_obtained":[{"floor":9,"key":"Anchor"},{"floor":26,"key":"hubris:TinFlute"},{"floor":28,"key":"Toy Ornithopter"},{"floor":31,"key":"Gambling Chip"},{"floor":40,"key":"hubris:Teleporter"},{"floor":43,"key":"Letter Opener"},{"floor":46,"key":"Calipers"}],"event_choices":[{"damage_healed":0,"gold_gain":100,"player_choice":"Gold","damage_taken":0,"max_hp_gain":0,"max_hp_loss":0,"event_name":"Wheel of Change","floor":5,"gold_loss":0},{"damage_healed":0,"gold_gain":175,"player_choice":"AGREE","damage_taken":0,"max_hp_gain":0,"max_hp_loss":0,"event_name":"Liars Game","floor":12,"gold_loss":0,"cards_obtained":["Doubt"]},{"damage_healed":0,"gold_gain":0,"player_choice":"Success","damage_taken":7,"relics_obtained":["Smiling Mask"],"max_hp_gain":0,"max_hp_loss":0,"event_name":"Scrap Ooze","floor":14,"gold_loss":0},{"damage_healed":0,"gold_gain":0,"player_choice":"Ignored","damage_taken":0,"max_hp_gain":0,"max_hp_loss":0,"event_name":"Cursed Tome","floor":25,"gold_loss":0},{"damage_healed":0,"gold_gain":0,"player_choice":"Memory 1","damage_taken":0,"max_hp_gain":0,"max_hp_loss":0,"event_name":"SensoryStone","floor":36,"gold_loss":0},{"damage_healed":19,"gold_gain":0,"player_choice":"Writhe","damage_taken":0,"max_hp_gain":0,"max_hp_loss":0,"event_name":"Winding Halls","floor":37,"gold_loss":0,"cards_obtained":["Writhe"]},{"damage_healed":0,"gold_gain":0,"player_choice":"Ignored","damage_taken":0,"max_hp_gain":0,"max_hp_loss":0,"event_name":"SecretPortal","floor":39,"gold_loss":0}],"is_beta":false,"boss_relics":[{"not_picked":["Busted Crown","Empty Cage"],"picked":"Cursed Key"},{"not_picked":["hubris:VirtuousBlindfold","Coffee Dripper"],"picked":"RobotSpaceExplorer:Reprocessor"}],"items_purged_floors":[20,38],"is_endless":false,"potions_floor_spawned":[16,22,29,41],"ascension_level":0}}