{"host":"n23juj4d9qam5hh1","time":1612619165,"event":{"mods":["BaseMod","Better Note","BetterRewards","Displayed Cursed Tome","Infinite Spire","Minty Spire (QoL Compilation)","Relic Stats","StSLib","Thieving Mod"],"gold_per_floor":[114,127,144,75,95,95,108,108,134,134,168,168,185,6,6,109,109,124,124,124,137,148,177,211,211,211,223,148,148,167,181,181,276,276,287,300,300,650,650,650,679,679,679,679,679,679],"floor_reached":45,"language":"ENG","playtime":1802,"items_purged":[],"score":629,"play_id":"84902d67-50f7-40bf-b13c-b5e47cae185b","local_time":"20210206084605","daily_mods":["SealedDeck","Colorless Cards","Heirloom","Flight","Elite Swarm"],"is_ascension_mode":true,"campfire_choices":[{"data":"White Noise","floor":6,"key":"SMITH"},{"data":"Doom and Gloom","floor":8,"key":"SMITH"},{"data":"Sunder","floor":10,"key":"SMITH"},{"data":"Electrodynamics","floor":12,"key":"SMITH"},{"data":"Capacitor","floor":15,"key":"SMITH"},{"data":"Creative AI","floor":25,"key":"SMITH"},{"data":"Coolheaded","floor":32,"key":"SMITH"},{"floor":40,"key":"REST"},{"floor":42,"key":"REST"},{"data":"HandOfGreed","floor":44,"key":"SMITH"}],"circlet_count":0,"master_deck":["Swift Strike","Streamline","Double Energy+1","Cold Snap","Redo","Turbo","Coolheaded+1","BootSequence+1","Static Discharge+1","Turbo","White Noise+1","Sunder+1","Doom and Gloom+1","Electrodynamics+1","Capacitor+1","Meteor Strike","Coolheaded+1","Self Repair+1","Bandage Up","Master of Strategy+1","Creative AI+1","Steam+1","Violence+1","Turbo+1","Rainbow+1","Chaos+1","Barrage+1","Panacea+1","Turbo+1","HandOfGreed+1"],"relics":["FrozenCore","Girya","Omamori","Oddly Smooth Stone","MealTicket","Ancient Tea Set","Toxic Egg 2","War Paint","Ornamental Fan","Inserter","Old Coin","Mummified Hand","infinitespire:Lucky Rock","Gremlin Horn"],"acts_visited":["Exordium","TheCity","TheBeyond"],"potions_floor_usage":[18,23,24,24,33],"damage_taken":[{"damage":0,"enemies":"Jaw Worm","floor":1,"turns":2},{"damage":0,"enemies":"2 Louse","floor":2,"turns":2},{"damage":0,"enemies":"Cultist","floor":3,"turns":2},{"damage":5,"enemies":"Looter","floor":5,"turns":4},{"damage":0,"enemies":"Large Slime","floor":7,"turns":4},{"damage":19,"enemies":"3 Sentries","floor":11,"turns":4},{"damage":0,"enemies":"Lots of Slimes","floor":13,"turns":1},{"damage":30,"enemies":"Hexaghost","floor":16,"turns":8},{"damage":3,"enemies":"3 Byrds","floor":18,"turns":2},{"damage":0,"enemies":"Chosen","floor":21,"turns":5},{"damage":5,"enemies":"Snake Plant","floor":22,"turns":3},{"damage":11,"enemies":"Slavers","floor":23,"turns":2},{"damage":38,"enemies":"Book of Stabbing","floor":24,"turns":5},{"damage":18,"enemies":"Centurion and Healer","floor":27,"turns":5},{"damage":14,"enemies":"Sentry and Sphere","floor":30,"turns":5},{"damage":6,"enemies":"Snake Plant","floor":31,"turns":4},{"damage":54,"enemies":"Champ","floor":33,"turns":10},{"damage":35,"enemies":"3 Darklings","floor":35,"turns":3},{"damage":17,"enemies":"Orb Walker","floor":36,"turns":3},{"damage":0,"enemies":"Mind Bloom Boss Battle","floor":38,"turns":9},{"damage":40,"enemies":"Reptomancer","floor":41,"turns":5},{"damage":86,"enemies":"Giant Head","floor":45,"turns":7}],"seed_played":"2105107863041870047","potions_obtained":[{"floor":1,"key":"Regen Potion"},{"floor":2,"key":"Regen Potion"},{"floor":7,"key":"ThievingMod:ThievingPotion"},{"floor":13,"key":"Swift Potion"},{"floor":18,"key":"DistilledChaos"},{"floor":24,"key":"Strength Potion"},{"floor":31,"key":"Weak Potion"},{"floor":35,"key":"Dexterity Potion"},{"floor":41,"key":"Explosive Potion"}],"is_trial":true,"path_per_floor":["M","M","M","$","M","R","M","R","T","R","E","R","M","$","R","B",null,"M","?","?","M","M","E","E","R","T","M","?","?","M","M","R","B",null,"M","M","?","?","T","R","E","R","T","R","E"],"character_chosen":"DEFECT","items_purchased":["White Noise","Capacitor","MealTicket"],"campfire_rested":2,"item_purchase_floors":[4,14,14],"current_hp_per_floor":[75,75,75,75,70,70,70,70,70,70,51,51,51,51,51,21,62,64,64,64,64,69,72,52,52,52,48,48,48,48,56,56,16,60,39,26,26,40,40,62,36,58,58,58,0,0],"gold":679,"neow_bonus":"","is_daily":false,"chose_seed":false,"campfire_upgraded":8,"win_rate":0.0,"timestamp":1612619165,"path_taken":["M","M","M","$","M","R","M","R","T","R","E","R","M","$","R","BOSS","M","?","?","?","M","E","E","R","T","M","?","?","M","M","R","BOSS","M","?","?","?","?","R","E","R","T","R","E"],"items_purchased_type":["Card","Card","Relic"],"build_version":"2020-12-22","purchased_purges":0,"victory":false,"max_hp_per_floor":[75,75,75,75,75,75,75,75,75,75,75,75,75,75,75,75,75,75,75,75,75,75,75,75,75,75,75,75,75,75,75,75,75,75,75,75,75,75,75,75,75,75,75,75,75,75],"relic_stats":{"Inserter":[13],"Gremlin Horn":[0,0],"counters":[22,95],"Ornamental Fan":[20],"Mummified Hand":[19],"MealTicket":0,"War Paint":["Double Energy","BootSequence"],"obtain_stats":[{"Girya":0,"Inserter":34,"Gremlin Horn":43,"Oddly Smooth Stone":11,"Omamori":9,"infinitespire:Lucky Rock":41,"War Paint":24,"Ancient Tea Set":19,"FrozenCore":17,"Old Coin":38,"Ornamental Fan":26,"Mummified Hand":39,"MealTicket":14,"Toxic Egg 2":23,"Cracked Core":0},{"Girya":0,"Inserter":17,"Gremlin Horn":21,"Oddly Smooth Stone":6,"Omamori":5,"infinitespire:Lucky Rock":21,"War Paint":13,"Ancient Tea Set":9,"FrozenCore":8,"Old Coin":20,"Ornamental Fan":13,"Mummified Hand":20,"MealTicket":7,"Toxic Egg 2":12,"Cracked Core":0},{"Girya":0,"Inserter":68,"Gremlin Horn":88,"Oddly Smooth Stone":18,"Omamori":14,"infinitespire:Lucky Rock":88,"War Paint":44,"Ancient Tea Set":29,"FrozenCore":27,"Old Coin":83,"Ornamental Fan":44,"Mummified Hand":83,"MealTicket":19,"Toxic Egg 2":39,"Cracked Core":0}],"FrozenCore":[20]},"card_choices":[{"not_picked":["Rebound","Swift Strike","Cold Snap"],"picked":"SKIP","floor":1},{"not_picked":["Coolheaded","Tempest"],"picked":"Static Discharge","floor":2},{"not_picked":["Cold Snap","Heatsinks"],"picked":"Turbo","floor":3},{"not_picked":["Hologram","Conserve Battery"],"picked":"Sunder","floor":5},{"not_picked":["Reboot","Purity"],"picked":"Doom and Gloom","floor":7},{"not_picked":["HandOfGreed","Buffer"],"picked":"Electrodynamics","floor":11},{"not_picked":["Steam","Streamline","Hello World"],"picked":"SKIP","floor":13},{"not_picked":["Thinking Ahead","Fission"],"picked":"Meteor Strike","floor":16},{"not_picked":["Redo","Lockon"],"picked":"Coolheaded+1","floor":18},{"not_picked":["Sweeping Beam","Barrage+1"],"picked":"Self Repair+1","floor":21},{"not_picked":["Rebound","Static Discharge+1"],"picked":"Bandage Up","floor":22},{"not_picked":["The Bomb+1","Thinking Ahead+1"],"picked":"Master of Strategy+1","floor":23},{"not_picked":["Multi-Cast+1","Transmutation+1"],"picked":"Creative AI","floor":24},{"not_picked":["Gash+1","Sweeping Beam"],"picked":"Steam+1","floor":27},{"not_picked":["Beam Cell","Dramatic Entrance"],"picked":"Violence+1","floor":30},{"not_picked":["Force Field+1","Streamline"],"picked":"Turbo+1","floor":31},{"not_picked":["Hyperbeam","Creative AI"],"picked":"Rainbow+1","floor":33},{"not_picked":["Sweeping Beam+1","Gash"],"picked":"Chaos+1","floor":35},{"not_picked":["Ball Lightning+1","Steam+1"],"picked":"Barrage+1","floor":36},{"not_picked":["Swift Strike","Madness+1"],"picked":"Panacea+1","floor":37},{"not_picked":["Conserve Battery+1","Steam+1"],"picked":"Turbo+1","floor":38},{"not_picked":["All For One","Sadistic Nature"],"picked":"HandOfGreed","floor":41}],"player_experience":287025,"relics_obtained":[{"floor":9,"key":"Omamori"},{"floor":11,"key":"Oddly Smooth Stone"},{"floor":23,"key":"Toxic Egg 2"},{"floor":24,"key":"War Paint"},{"floor":26,"key":"Ornamental Fan"},{"floor":38,"key":"Old Coin"},{"floor":39,"key":"Mummified Hand"},{"floor":41,"key":"infinitespire:Lucky Rock"},{"floor":43,"key":"Gremlin Horn"}],"event_choices":[{"damage_healed":0,"gold_gain":0,"player_choice":"Opened","damage_taken":0,"relics_obtained":["Ancient Tea Set"],"max_hp_gain":0,"max_hp_loss":0,"event_name":"The Mausoleum","floor":19,"gold_loss":0,"cards_obtained":["Writhe"]},{"damage_healed":0,"gold_gain":0,"player_choice":"Forge","damage_taken":0,"max_hp_gain":0,"max_hp_loss":0,"event_name":"Accursed Blacksmith","floor":20,"gold_loss":0,"cards_upgraded":["Static Discharge"]},{"cards_removed":["Cold Snap"],"damage_healed":0,"gold_gain":0,"player_choice":"Gave Gold","damage_taken":0,"max_hp_gain":0,"max_hp_loss":0,"event_name":"Beggar","floor":28,"gold_loss":75},{"cards_removed":["Sweeping Beam"],"damage_healed":0,"gold_gain":0,"player_choice":"Purged","damage_taken":0,"max_hp_gain":0,"max_hp_loss":0,"event_name":"Purifier","floor":29,"gold_loss":0},{"damage_healed":0,"gold_gain":0,"player_choice":"Memory 1","damage_taken":0,"max_hp_gain":0,"max_hp_loss":0,"event_name":"SensoryStone","floor":37,"gold_loss":0},{"damage_healed":0,"gold_gain":0,"player_choice":"Fight","damage_taken":0,"max_hp_gain":0,"max_hp_loss":0,"event_name":"MindBloom","floor":38,"gold_loss":0}],"is_beta":false,"boss_relics":[{"not_picked":["Runic Pyramid","Philosopher\u0027s Stone"],"picked":"FrozenCore"},{"not_picked":["Astrolabe","Empty Cage"],"picked":"Inserter"}],"items_purged_floors":[],"is_endless":false,"potions_floor_spawned":[1,2,7,13,18,22,24,31,35,41],"killed_by":"Giant Head","ascension_level":5}}