{"host":"r2t8xlgd89c1rszy","time":1612599211,"event":{"mods":["BaseMod","Colored Map","Duelist Mod","Minty Spire (QoL Compilation)","StSLib","The Administrix","The Bug Knight","The Cursed","[IsaacMod]ÒÔÈö¼âËþ"],"gold_per_floor":[115,67,83,83,208,208,20,70,120,138,176,176,88,113,113,243,243,268,133,149,32,52,52,67,67,67,67,67,84,84,9,9,114,114,642,742,742,792,812,812,828,658,658,671,682,696,708,718,718,718],"floor_reached":51,"language":"ZHS","playtime":5185,"items_purged":["AdministrixMod:Strike_Administrix","AdministrixMod:Defend_Administrix","AdministrixMod:Strike_Administrix","AdministrixMod:Strike_Administrix","AdministrixMod:Defend_Administrix"],"score":874,"play_id":"232e6ad5-44c0-419f-8043-aa1a446dee1d","local_time":"20210206161331","is_ascension_mode":false,"campfire_choices":[{"data":"DoctorFetus","floor":6,"key":"SMITH"},{"data":"AdministrixMod:FeastOfDew","floor":12,"key":"SMITH"},{"data":"AdministrixMod:LightOfYourLife","floor":15,"key":"SMITH"},{"data":"AdministrixMod:SyncreticSurge","floor":23,"key":"SMITH"},{"data":"Madness","floor":25,"key":"SMITH"},{"data":"AdministrixMod:LuminaryPath","floor":30,"key":"SMITH"},{"data":"AdministrixMod:RedCloak","floor":32,"key":"SMITH"},{"data":"AdministrixMod:NewbornDivinity","floor":40,"key":"SMITH"},{"data":"AdministrixMod:WifeLightning","floor":49,"key":"SMITH"}],"circlet_count":0,"master_deck":["AdministrixMod:Strike_Administrix","AdministrixMod:RedCloak+1","AdministrixMod:Defend_Administrix","AdministrixMod:Defend_Administrix","AdministrixMod:BlueCloak","DoctorFetus+1","AdministrixMod:SyncreticSurge+1","AdministrixMod:ShadowPlay","AdministrixMod:FeastOfDew+1","AdministrixMod:LightOfYourLife+1","AdministrixMod:Overdrive","AdministrixMod:PassageOfAges","AdministrixMod:LuminaryPath+1","Madness+1","AdministrixMod:SealAway+1","AdministrixMod:NewbornDivinity+1","AdministrixMod:BishamonBlessing","AdministrixMod:ImmortalPurity+1","AdministrixMod:ChooseYourEnd","AdministrixMod:WifeLightning+1","AdministrixMod:CrackingPangu+1","AdministrixMod:FuneraryRites"],"relics":["AdministrixMod:ConductorRitualBaton","HushsDoor","BelialBook","NeowsBlessing","Bloody Idol","Membership Card","AdministrixMod:CrackedTaijitu","Lantern","Matryoshka","SlaversCollar","AdministrixMod:DragonsEyeCharm","Anchor","BlankCard","Enchiridion","Sozu","Mummified Hand","MealTicket","Incense Burner","D6","Gremlin Horn","Bottled Lightning"],"acts_visited":["Exordium","TheCity","TheBeyond"],"potions_floor_usage":[29,35],"damage_taken":[{"damage":0,"enemies":"Jaw Worm","floor":1,"turns":1},{"damage":0,"enemies":"Small Slimes","floor":3,"turns":1},{"damage":0,"enemies":"Cultist","floor":10,"turns":1},{"damage":12,"enemies":"3 Sentries","floor":11,"turns":6},{"damage":11,"enemies":"Blue Slaver","floor":14,"turns":7},{"damage":3,"enemies":"The Guardian","floor":16,"turns":9},{"damage":4,"enemies":"Shell Parasite","floor":18,"turns":3},{"damage":0,"enemies":"Spheric Guardian","floor":20,"turns":3},{"damage":0,"enemies":"Centurion and Healer","floor":22,"turns":5},{"damage":0,"enemies":"3 Cultists","floor":24,"turns":4},{"damage":1,"enemies":"Snake Plant","floor":29,"turns":4},{"damage":0,"enemies":"Collector","floor":33,"turns":4},{"damage":5,"enemies":"3 Shapes","floor":35,"turns":2},{"damage":21,"enemies":"Mind Bloom Boss Battle","floor":38,"turns":5},{"damage":0,"enemies":"3 Darklings","floor":39,"turns":2},{"damage":0,"enemies":"Sphere and 2 Shapes","floor":41,"turns":3},{"damage":0,"enemies":"Maw","floor":44,"turns":4},{"damage":0,"enemies":"Writhing Mass","floor":45,"turns":3},{"damage":0,"enemies":"3 Darklings","floor":46,"turns":4},{"damage":0,"enemies":"HollowMod:SlobberingHusk","floor":47,"turns":3},{"damage":0,"enemies":"4 Shapes","floor":48,"turns":1},{"damage":0,"enemies":"Awakened One","floor":50,"turns":4}],"seed_played":"3799326571572792428","potions_obtained":[{"floor":10,"key":"Weak Potion"},{"floor":11,"key":"ColorlessPotion"},{"floor":14,"key":"Block Potion"},{"floor":29,"key":"FairyPotion"}],"is_trial":false,"path_per_floor":["M","$","M","?","?","R","$","T","T","M","E","R","$","M","R","B",null,"M","$","M","$","M","R","M","R","T","?","?","M","R","?","R","B",null,"M","?","?","?","M","R","M","$","T","M","M","M","M","M","R","B",null],"character_chosen":"TheAdministrix","items_purchased":["AdministrixMod:ShadowPlay","Membership Card","AdministrixMod:Overdrive","AdministrixMod:DragonsEyeCharm","Madness","SuicideKing","AdministrixMod:WifeLightning"],"campfire_rested":0,"item_purchase_floors":[2,7,13,19,21,34,42],"current_hp_per_floor":[65,65,65,49,49,49,49,49,49,49,41,41,41,30,30,27,65,65,65,65,65,65,65,65,65,65,65,49,53,53,53,53,58,60,58,60,60,44,49,49,54,60,60,60,60,60,60,60,60,60],"gold":718,"neow_bonus":"THREE_ENEMY_KILL","is_daily":false,"chose_seed":false,"campfire_upgraded":9,"win_rate":0.0,"timestamp":1612599211,"path_taken":["M","$","M","?","?","R","$","?","T","M","E","R","?","M","R","BOSS","M","$","M","$","M","R","M","R","T","?","?","M","R","?","R","BOSS","M","?","?","?","?","R","M","$","T","M","?","M","M","M","R","BOSS"],"items_purchased_type":["Card","Relic","Card","Relic","Card","Card","Card"],"build_version":"2020-12-22","purchased_purges":5,"victory":true,"max_hp_per_floor":[65,65,65,65,65,65,65,65,65,65,65,65,65,65,65,65,65,65,65,65,65,65,65,65,65,65,65,65,65,65,65,65,65,60,60,60,60,60,60,60,60,60,60,60,60,60,60,60,60,60],"card_choices":[{"not_picked":[],"picked":"DoctorFetus","floor":0},{"not_picked":["AdministrixMod:QuietConspiracy","AdministrixMod:CrackingPangu"],"picked":"AdministrixMod:SyncreticSurge","floor":1},{"not_picked":["AdministrixMod:MixOfMercury","AdministrixMod:QuietConspiracy"],"picked":"AdministrixMod:FeastOfDew","floor":3},{"not_picked":["AdministrixMod:ExtolVirtue","AdministrixMod:XianArts"],"picked":"AdministrixMod:LightOfYourLife","floor":5},{"not_picked":["AdministrixMod:PassageOfAges","Bomb"],"picked":"AdministrixMod:BloodlessSapphire","floor":10},{"not_picked":["AdministrixMod:Schism","AdministrixMod:ImmortalPurity","AdministrixMod:NewWardrobe"],"picked":"SKIP","floor":11},{"not_picked":["AdministrixMod:SipOfSparks","AdministrixMod:CrackingPangu"],"picked":"AdministrixMod:PassageOfAges","floor":14},{"not_picked":["AdministrixMod:LifeforceNet","AdministrixMod:GirlsDoItBetter"],"picked":"AdministrixMod:LuminaryPath","floor":16},{"not_picked":["AdministrixMod:BloodBargain","AdministrixMod:ImmortalGrace","AdministrixMod:Untouchable"],"picked":"SKIP","floor":18},{"not_picked":["AdministrixMod:PlateOfAntiquity","AdministrixMod:SipOfSparks","AdministrixMod:TouchOfCinnabar"],"picked":"SKIP","floor":20},{"not_picked":["AdministrixMod:ImmortalGrace","AdministrixMod:QuietConspiracy"],"picked":"AdministrixMod:SealAway+1","floor":22},{"not_picked":["AdministrixMod:Transition","AdministrixMod:ImmortalGrace+1","AdministrixMod:LightOfYourLife"],"picked":"SKIP","floor":24},{"not_picked":["AdministrixMod:LightOfYourLife","AdministrixMod:Katabasis","AdministrixMod:XianArts"],"picked":"SKIP","floor":29},{"not_picked":["AdministrixMod:GirlsDoItBetter","AdministrixMod:Schism"],"picked":"AdministrixMod:NewbornDivinity","floor":33},{"not_picked":["AdministrixMod:ImmortalPurity","AdministrixMod:ExtolVirtue+1"],"picked":"AdministrixMod:BishamonBlessing","floor":35},{"not_picked":["AdministrixMod:BishamonBlessing+1","AdministrixMod:JustRewards"],"picked":"AdministrixMod:ImmortalPurity+1","floor":35},{"not_picked":["AdministrixMod:PlateOfAntiquity","AdministrixMod:FuneraryRites"],"picked":"AdministrixMod:ChooseYourEnd","floor":38},{"not_picked":["AdministrixMod:Schism","AdministrixMod:ShadowPlay+1","AdministrixMod:TrickOfTheLight+1"],"picked":"SKIP","floor":39},{"not_picked":["AdministrixMod:CenturiesAscent","AdministrixMod:Transcension+1","AdministrixMod:DreamsMausoleum+1"],"picked":"SKIP","floor":41},{"not_picked":["AdministrixMod:RegentEdict+1","AdministrixMod:CenturiesAscent+1","AdministrixMod:TouchOfCinnabar+1"],"picked":"SKIP","floor":44},{"not_picked":["AdministrixMod:PassageOfAges","AdministrixMod:GuanyinBlessing"],"picked":"AdministrixMod:CrackingPangu+1","floor":45},{"not_picked":["AdministrixMod:TrickOfTheLight+1","AdministrixMod:FalseDeath","AdministrixMod:DiversionaryTactic"],"picked":"SKIP","floor":46},{"not_picked":["AdministrixMod:BloodBargain","AdministrixMod:GuanyinBlessing"],"picked":"AdministrixMod:FuneraryRites","floor":47},{"not_picked":["AdministrixMod:ExtolVirtue+1","AdministrixMod:Transition+1","AdministrixMod:CrackingPangu+1"],"picked":"SKIP","floor":48}],"player_experience":91525,"relics_obtained":[{"floor":8,"key":"AdministrixMod:CrackedTaijitu"},{"floor":9,"key":"Lantern"},{"floor":11,"key":"Matryoshka"},{"floor":26,"key":"Anchor"},{"floor":26,"key":"BlankCard"},{"floor":28,"key":"Enchiridion"},{"floor":35,"key":"Mummified Hand"},{"floor":35,"key":"MealTicket"},{"floor":35,"key":"Incense Burner"},{"floor":38,"key":"D6"},{"floor":43,"key":"Gremlin Horn"},{"floor":43,"key":"Bottled Lightning"}],"event_choices":[{"damage_healed":0,"gold_gain":0,"player_choice":"Take Damage","damage_taken":16,"relics_obtained":["Golden Idol"],"max_hp_gain":0,"max_hp_loss":0,"event_name":"Golden Idol","floor":4,"gold_loss":0},{"damage_healed":0,"gold_gain":0,"player_choice":"Gave Idol","damage_taken":0,"relics_obtained":["Bloody Idol"],"max_hp_gain":0,"max_hp_loss":0,"event_name":"Forgotten Altar","floor":27,"relics_lost":["Golden Idol"],"gold_loss":0},{"damage_healed":0,"gold_gain":0,"player_choice":"Obtained Book","damage_taken":16,"max_hp_gain":0,"max_hp_loss":0,"event_name":"Cursed Tome","floor":28,"gold_loss":0},{"cards_removed":["AdministrixMod:BloodlessSapphire"],"damage_healed":0,"gold_gain":0,"player_choice":"Gave Gold","damage_taken":0,"max_hp_gain":0,"max_hp_loss":0,"event_name":"Beggar","floor":31,"gold_loss":75},{"damage_healed":0,"gold_gain":0,"player_choice":"Ignored","damage_taken":0,"max_hp_gain":0,"max_hp_loss":0,"event_name":"Tomb of Lord Red Mask","floor":37,"gold_loss":0},{"damage_healed":0,"gold_gain":0,"player_choice":"Fight","damage_taken":0,"max_hp_gain":0,"max_hp_loss":0,"event_name":"MindBloom","floor":38,"gold_loss":0}],"is_beta":false,"boss_relics":[{"not_picked":["Busted Crown","SacredBark"],"picked":"SlaversCollar"},{"not_picked":[]},{"not_picked":["Runic Pyramid","Tiny House"],"picked":"Sozu"},{"not_picked":[]}],"items_purged_floors":[7,13,19,21,42],"is_endless":false,"potions_floor_spawned":[10,11,14,20,24,29,35,41,46,47],"ascension_level":0}}