{"host":"9bcvatsnbq1a3xq4","time":1612653128,"event":{"mods":["BaseMod","Bestiary","Block Reminder","Highlight Path","Minty Spire (QoL Compilation)","Relic Stats"],"gold_per_floor":[111,129,129,129,50,75,89,101,101,142,164,176,214,246,258,341,353,353,20,20,20,20,20,20,20,20,20,20,20,20,20,20,20,20,20,20,20,20,20,20,20,20,20,20,20,20,20,20,20,20,20],"floor_reached":50,"language":"ENG","playtime":3343,"items_purged":[],"score":1457,"play_id":"84b89e17-2f69-43b1-8cd6-fd50d1035be9","local_time":"20210207001208","is_ascension_mode":true,"campfire_choices":[{"data":"Electrodynamics","floor":12,"key":"SMITH"},{"data":"Defragment","floor":15,"key":"SMITH"},{"data":"Go for the Eyes","floor":23,"key":"SMITH"},{"data":"Ghostly","floor":28,"key":"SMITH"},{"data":"Fission","floor":32,"key":"SMITH"},{"data":"Capacitor","floor":40,"key":"SMITH"},{"data":"Consume","floor":42,"key":"SMITH"},{"floor":44,"key":"RECALL"},{"floor":49,"key":"REST"}],"circlet_count":0,"master_deck":["AscendersBane","Strike_B","Defend_B","Defend_B","Zap","Dualcast","Go for the Eyes+1","Rip and Tear","Electrodynamics+1","Doom and Gloom","Redo","Lockon","Barrage","BootSequence","Defragment+1","Leap","Core Surge","Chaos+1","Machine Learning","Coolheaded","Steam","Hologram","Ghostly+1","Ghostly","Ghostly","Coolheaded","Capacitor+1","Fission+1","Echo Form","Electrodynamics+1","Lockon+1","Steam Power","Consume+1","Coolheaded+1","Redo+1","Rainbow","All For One","Darkness+1","Double Energy"],"relics":["Cracked Core","NeowsBlessing","Akabeko","MawBank","Cables","Bottled Tornado","Ectoplasm","OrangePellets","StoneCalendar","Dream Catcher","Astrolabe","Bronze Scales","Smiling Mask","Kunai"],"acts_visited":["Exordium","TheCity","TheBeyond"],"potions_floor_usage":[8,10,16,18,24,29,30,33,39,41,50,50],"damage_taken":[{"damage":0,"enemies":"2 Louse","floor":1,"turns":1},{"damage":0,"enemies":"Jaw Worm","floor":2,"turns":1},{"damage":0,"enemies":"Lagavulin","floor":6,"turns":1},{"damage":0,"enemies":"Cultist","floor":7,"turns":2},{"damage":10,"enemies":"Exordium Wildlife","floor":8,"turns":4},{"damage":8,"enemies":"Gremlin Nob","floor":10,"turns":3},{"damage":0,"enemies":"2 Fungi Beasts","floor":11,"turns":1},{"damage":20,"enemies":"Lagavulin","floor":13,"turns":5},{"damage":4,"enemies":"Red Slaver","floor":14,"turns":2},{"damage":0,"enemies":"Slime Boss","floor":16,"turns":3},{"damage":15,"enemies":"Shell Parasite","floor":18,"turns":3},{"damage":7,"enemies":"Spheric Guardian","floor":22,"turns":3},{"damage":0,"enemies":"Slavers","floor":24,"turns":2},{"damage":0,"enemies":"Chosen and Byrds","floor":27,"turns":4},{"damage":1,"enemies":"Centurion and Healer","floor":29,"turns":3},{"damage":0,"enemies":"Gremlin Leader","floor":30,"turns":3},{"damage":2,"enemies":"Shelled Parasite and Fungi","floor":31,"turns":4},{"damage":19,"enemies":"Automaton","floor":33,"turns":9},{"damage":1,"enemies":"Orb Walker","floor":35,"turns":3},{"damage":7,"enemies":"3 Shapes","floor":36,"turns":2},{"damage":0,"enemies":"3 Darklings","floor":37,"turns":2},{"damage":0,"enemies":"4 Shapes","floor":38,"turns":2},{"damage":7,"enemies":"Spire Growth","floor":39,"turns":6},{"damage":0,"enemies":"Nemesis","floor":41,"turns":11},{"damage":1,"enemies":"Maw","floor":45,"turns":7},{"damage":8,"enemies":"Sphere and 2 Shapes","floor":46,"turns":3},{"damage":2,"enemies":"Giant Head","floor":48,"turns":7},{"damage":14,"enemies":"Donu and Deca","floor":50,"turns":1}],"seed_played":"-4676859867366090509","potions_obtained":[{"floor":6,"key":"Swift Potion"},{"floor":7,"key":"ColorlessPotion"},{"floor":8,"key":"SneckoOil"},{"floor":14,"key":"Energy Potion"},{"floor":16,"key":"SkillPotion"},{"floor":22,"key":"PowerPotion"},{"floor":27,"key":"Block Potion"},{"floor":30,"key":"Weak Potion"},{"floor":31,"key":"ColorlessPotion"},{"floor":33,"key":"Weak Potion"},{"floor":36,"key":"SmokeBomb"},{"floor":38,"key":"Swift Potion"},{"floor":45,"key":"FocusPotion"},{"floor":46,"key":"LiquidMemories"}],"is_trial":false,"path_per_floor":["M","M","?","?","$","E","M","M","T","E","M","R","E","M","R","B",null,"M","$","?","?","M","R","E","?","T","M","R","M","E","M","R","B",null,"M","M","M","M","M","R","E","R","T","R","M","M","?","E","R","B"],"character_chosen":"DEFECT","items_purchased":["Doom and Gloom","OrangePellets","Machine Learning"],"campfire_rested":1,"item_purchase_floors":[5,19,19],"current_hp_per_floor":[64,64,64,64,64,64,64,54,54,46,46,46,26,22,22,22,59,44,44,44,44,37,37,37,35,35,35,35,34,34,32,32,13,30,29,22,22,22,15,15,15,15,15,15,14,6,6,4,14,0,0],"gold":20,"neow_bonus":"THREE_ENEMY_KILL","is_daily":false,"chose_seed":false,"campfire_upgraded":7,"win_rate":0.0,"timestamp":1612653128,"path_taken":["M","M","?","?","$","E","M","M","T","E","?","R","E","M","R","BOSS","M","$","?","?","?","R","E","?","T","M","R","M","E","M","R","BOSS","M","M","M","M","M","R","E","R","T","R","M","M","?","E","R","BOSS"],"items_purchased_type":["Card","Relic","Card"],"build_version":"2020-12-22","purchased_purges":0,"victory":false,"max_hp_per_floor":[71,71,71,71,71,71,71,71,71,71,71,71,71,71,71,71,71,71,71,71,71,71,71,71,35,35,35,35,35,35,35,35,35,35,35,35,35,35,35,35,35,35,35,35,35,35,35,35,35,35,35],"relic_stats":{"OrangePellets":[4],"Dream Catcher":1,"counters":[28,98],"Astrolabe":["Electrodynamics","Lockon","Reprogram"],"Bronze Scales":[33],"StoneCalendar":[135],"Ectoplasm":500,"Kunai":[0],"MawBank":96,"Smiling Mask":0,"obtain_stats":[{"NeowsBlessing":0,"Astrolabe":34,"StoneCalendar":24,"Bottled Tornado":13,"MawBank":9,"Smiling Mask":43,"Akabeko":6,"Cables":10,"OrangePellets":19,"Dream Catcher":30,"Bronze Scales":41,"Ectoplasm":17,"Kunai":48,"Cracked Core":0},{"NeowsBlessing":0,"Astrolabe":18,"StoneCalendar":13,"Bottled Tornado":8,"MawBank":5,"Smiling Mask":24,"Akabeko":3,"Cables":6,"OrangePellets":11,"Dream Catcher":16,"Bronze Scales":24,"Ectoplasm":10,"Kunai":27,"Cracked Core":0},{"NeowsBlessing":0,"Astrolabe":54,"StoneCalendar":31,"Bottled Tornado":18,"MawBank":9,"Smiling Mask":80,"Akabeko":3,"Cables":12,"OrangePellets":26,"Dream Catcher":41,"Bronze Scales":80,"Ectoplasm":23,"Kunai":97,"Cracked Core":0}],"Cables":[67,42,21,2,2]},"card_choices":[{"not_picked":["Turbo","Skim"],"picked":"Go for the Eyes","floor":1},{"not_picked":["Stack","Hello World"],"picked":"Rip and Tear","floor":2},{"not_picked":["Gash","Go for the Eyes"],"picked":"Redo","floor":6},{"not_picked":["Skim","Barrage"],"picked":"Lockon","floor":7},{"not_picked":["Stack","Creative AI"],"picked":"Barrage","floor":8},{"not_picked":["Barrage","Redo","Go for the Eyes"],"picked":"SKIP","floor":10},{"not_picked":["Rebound","Consume"],"picked":"BootSequence","floor":11},{"not_picked":["Barrage","Self Repair"],"picked":"Defragment","floor":13},{"not_picked":["BootSequence","Gash"],"picked":"Leap","floor":14},{"not_picked":["Meteor Strike","Reboot"],"picked":"Core Surge","floor":16},{"not_picked":["Force Field","Gash"],"picked":"Chaos","floor":18},{"not_picked":["Tempest","Beam Cell"],"picked":"Steam","floor":22},{"not_picked":["Cold Snap","Conserve Battery"],"picked":"Hologram","floor":24},{"not_picked":["Sweeping Beam","Skim"],"picked":"Coolheaded","floor":27},{"not_picked":["Genetic Algorithm","Streamline+1"],"picked":"Capacitor","floor":29},{"not_picked":["Thunder Strike","Turbo"],"picked":"Fission","floor":30},{"not_picked":["Ball Lightning","Fusion","Sweeping Beam"],"picked":"SKIP","floor":31},{"not_picked":["Fission","Seek"],"picked":"Echo Form","floor":33},{"not_picked":["Barrage","Cold Snap"],"picked":"Steam Power","floor":35},{"not_picked":["Tempest","Sunder"],"picked":"Consume","floor":36},{"not_picked":["Gash","Cold Snap+1"],"picked":"Coolheaded+1","floor":37},{"not_picked":["Double Energy","Conserve Battery","Undo"],"picked":"SKIP","floor":38},{"not_picked":["Lockon","Doom and Gloom"],"picked":"Redo+1","floor":39},{"not_picked":["Ball Lightning","Sweeping Beam","FTL"],"picked":"SKIP","floor":41},{"not_picked":["Hologram","Turbo","Steam Power"],"picked":"SKIP","floor":45},{"not_picked":["Skim","Auto Shields+1"],"picked":"Rainbow","floor":46},{"not_picked":["Barrage","Multi-Cast"],"picked":"Darkness+1","floor":48},{"not_picked":["Cold Snap+1","Coolheaded"],"picked":"Double Energy","floor":49}],"player_experience":802505,"relics_obtained":[{"floor":6,"key":"Akabeko"},{"floor":9,"key":"MawBank"},{"floor":10,"key":"Cables"},{"floor":13,"key":"Bottled Tornado"},{"floor":24,"key":"StoneCalendar"},{"floor":30,"key":"Dream Catcher"},{"floor":41,"key":"Bronze Scales"},{"floor":43,"key":"Smiling Mask"},{"floor":48,"key":"Kunai"}],"event_choices":[{"damage_healed":0,"gold_gain":0,"cards_transformed":["Strike_B"],"player_choice":"Change","damage_taken":0,"max_hp_gain":0,"max_hp_loss":0,"event_name":"Living Wall","floor":3,"gold_loss":0,"cards_obtained":["Electrodynamics"]},{"cards_removed":["Defend_B"],"damage_healed":0,"gold_gain":0,"player_choice":"Offered Basic","damage_taken":0,"max_hp_gain":0,"max_hp_loss":0,"event_name":"Bonfire Elementals","floor":4,"gold_loss":0},{"damage_healed":0,"gold_gain":0,"player_choice":"Read","damage_taken":0,"max_hp_gain":0,"max_hp_loss":0,"event_name":"The Library","floor":20,"gold_loss":0,"cards_obtained":["Coolheaded"]},{"damage_healed":0,"gold_gain":0,"player_choice":"Forge","damage_taken":0,"max_hp_gain":0,"max_hp_loss":0,"event_name":"Accursed Blacksmith","floor":21,"gold_loss":0,"cards_upgraded":["Chaos"]},{"damage_healed":0,"gold_gain":0,"player_choice":"Became a Ghost","damage_taken":0,"max_hp_gain":0,"max_hp_loss":36,"event_name":"Ghosts","floor":25,"gold_loss":0,"cards_obtained":["Ghostly","Ghostly","Ghostly"]},{"damage_healed":0,"gold_gain":0,"cards_transformed":["Reprogram"],"player_choice":"Transformed","damage_taken":0,"max_hp_gain":0,"max_hp_loss":0,"event_name":"Transmorgrifier","floor":47,"gold_loss":0,"cards_obtained":["All For One"]}],"is_beta":false,"boss_relics":[{"not_picked":["Tiny House","Empty Cage"],"picked":"Ectoplasm"},{"not_picked":["Runic Dome","Snecko Eye"],"picked":"Astrolabe"}],"items_purged_floors":[],"is_endless":false,"potions_floor_spawned":[6,7,8,14,16,22,27,30,31,33,36,38,45,46],"killed_by":"Donu and Deca","ascension_level":20}}