{"host":"i0avyit1s6jb1siw","time":1612650134,"event":{"mods":["BaseMod","DeckTracker","Dota2Spire","Highlight Path","Minty Spire (QoL Compilation)","Quick Restart","StSLib","SuperFastMode"],"gold_per_floor":[118,43,43,66,90,134,134,167,225,252,264,326,154,198,198,198,198,198],"floor_reached":17,"language":"ENG","playtime":233,"items_purged":["Strike_R","Strike_R"],"score":292,"play_id":"621f2b56-7a40-4ca1-a6d2-7ebf866247de","local_time":"20210206232214","is_ascension_mode":true,"campfire_choices":[{"data":"Combust","floor":7,"key":"SMITH"},{"data":"True Grit","floor":11,"key":"SMITH"},{"floor":15,"key":"REST"},{"data":"Inflame","floor":16,"key":"SMITH"}],"circlet_count":0,"master_deck":["AscendersBane","Strike_R","Strike_R","Strike_R","Defend_R","Defend_R","Defend_R","Defend_R","Bash","Blood for Blood","Combust+1","Pommel Strike","True Grit+1","Shrug It Off","Inflame+1","Disarm"],"relics":["Burning Blood","NeowsBlessing","Golden Idol","Dota2Spire:PhaseBoots","Bird Faced Urn","MawBank","Smiling Mask","Dota2Spire:LinkenSphere"],"acts_visited":["Exordium"],"potions_floor_usage":[14],"damage_taken":[{"damage":0,"enemies":"2 Louse","floor":1,"turns":1},{"damage":0,"enemies":"Jaw Worm","floor":4,"turns":1},{"damage":0,"enemies":"Gremlin Nob","floor":6,"turns":1},{"damage":29,"enemies":"3 Sentries","floor":8,"turns":6},{"damage":3,"enemies":"Cultist","floor":10,"turns":4},{"damage":51,"enemies":"Gremlin Nob","floor":14,"turns":6},{"damage":32,"enemies":"The Guardian","floor":17,"turns":2}],"seed_played":"2079579880991595314","potions_obtained":[{"floor":4,"key":"LiquidMemories"},{"floor":6,"key":"Energy Potion"}],"is_trial":false,"path_per_floor":["M","$","?","M","T","E","R","E","T","M","R","?","$","E","R","R","B"],"character_chosen":"IRONCLAD","items_purchased":["Shrug It Off","Inflame"],"campfire_rested":1,"item_purchase_floors":[13,13],"current_hp_per_floor":[74,74,68,68,68,68,68,45,45,50,50,50,50,7,27,27,0,0],"gold":198,"neow_bonus":"THREE_ENEMY_KILL","is_daily":false,"chose_seed":false,"campfire_upgraded":3,"win_rate":0.0,"timestamp":1612650134,"path_taken":["M","$","?","M","?","E","R","E","T","M","R","?","$","E","R","R","BOSS"],"items_purchased_type":["Card","Card"],"build_version":"2020-12-22","purchased_purges":2,"victory":false,"max_hp_per_floor":[75,75,68,68,68,68,68,68,68,68,68,68,68,68,68,68,68,68],"card_choices":[{"not_picked":["Cleave","Sword Boomerang"],"picked":"Blood for Blood","floor":1},{"not_picked":["Thunderclap","Sword Boomerang","Dark Embrace"],"picked":"SKIP","floor":4},{"not_picked":["Spot Weakness","Twin Strike"],"picked":"Combust","floor":6},{"not_picked":["Clothesline","Battle Trance"],"picked":"Pommel Strike","floor":8},{"not_picked":["Perfected Strike","Bludgeon"],"picked":"True Grit","floor":10},{"not_picked":["Searing Blow","Perfected Strike"],"picked":"Disarm","floor":14}],"player_experience":2418977,"relics_obtained":[{"floor":5,"key":"Dota2Spire:PhaseBoots"},{"floor":6,"key":"Bird Faced Urn"},{"floor":8,"key":"MawBank"},{"floor":9,"key":"Smiling Mask"},{"floor":14,"key":"Dota2Spire:LinkenSphere"}],"event_choices":[{"damage_healed":0,"gold_gain":0,"player_choice":"Lose Max HP","damage_taken":0,"relics_obtained":["Golden Idol"],"max_hp_gain":0,"max_hp_loss":7,"event_name":"Golden Idol","floor":3,"gold_loss":0},{"damage_healed":0,"gold_gain":50,"player_choice":"Pray","damage_taken":0,"max_hp_gain":0,"max_hp_loss":0,"event_name":"Golden Shrine","floor":12,"gold_loss":0}],"is_beta":false,"boss_relics":[],"items_purged_floors":[2,13],"is_endless":false,"potions_floor_spawned":[4,6],"killed_by":"The Guardian","ascension_level":20}}