{"host":"pszcj3piwl6eu8b1","time":1612569785,"event":{"mods":["2.2 Compatiblity","Act Like it!","Aspiration","BaseMod","Better Altar","Better Match","Better Note","Better Sensory Stone","Better Skull","Better Third Choice","Better Vampires","CCEM2","Downfall","Elementarium","Energized Spire","Gensokyo","GifTheSpireLib","Hallownest","Hubris","Marisa????????","Menagerie","Minty Spire (QoL Compilation)","Permanent Neow","Quarter Circle Forward PUNCH!","Quick Restart","Replay The Spire","Shop Mod","StSLib","Stuff the Spire","The Animator","The Blue Laboratory"],"gold_per_floor":[99,110,16,16,16,33,33,63,74,74,74],"floor_reached":10,"language":"ENG","playtime":508,"items_purged":[],"score":116,"play_id":"bf185123-211b-4ba9-92f1-3af462e5ff7e","local_time":"20210205160304","is_ascension_mode":true,"campfire_choices":[],"circlet_count":0,"master_deck":["AscendersBane","animator:Strike_TenSura","animator:Defend_TenSura","animator:Strike","animator:Defend","animator:Benimaru","animator:Shuna","animator:Tyuule","animator:TukaLunaMarceau","Gensokyo:DepletedGenerator","animator:TukaLunaMarceau+1","animator:Entoma+3","animator:Hakurou","animator:Benimaru"],"relics":["animator:LivingPicture","animator:TheMissingPiece","animator:PurgingStone","aspiration:Nostalgia","MiniHakkero","Centennial Puzzle"],"acts_visited":["Gensokyo:Gensokyo"],"potions_floor_usage":[],"damage_taken":[{"damage":6.0,"enemies":"Gensokyo:2_Kodama","floor":2.0,"turns":4.0},{"damage":4.0,"enemies":"Gensokyo:Python","floor":6.0,"turns":4.0},{"damage":0.0,"enemies":"Gensokyo:3_Fairies","floor":8.0,"turns":3.0},{"damage":15,"enemies":"Gensokyo:2_Rabbits","floor":9,"turns":5},{"damage":10,"enemies":"Gensokyo:Cirno","floor":10,"turns":2}],"seed_played":"-7567978563194712800","potions_obtained":[{"floor":2.0,"key":"Adrenaline Potion"},{"floor":8.0,"key":"blueLaboratory:PhilterOfMotion"}],"is_trial":false,"path_per_floor":["R","M","COS","?","?","M","T","M","M","E"],"character_chosen":"THE_ANIMATOR","items_purchased":[],"campfire_rested":0,"item_purchase_floors":[],"current_hp_per_floor":[54,48,48,48,18,14,14,16,3,0,0],"gold":74,"neow_bonus":"NOSTALGIA","is_daily":false,"chose_seed":false,"campfire_upgraded":0,"win_rate":0.0,"timestamp":1612569784,"path_taken":["R","M","COS","?","?","M","T","M","M","E"],"items_purchased_type":[],"build_version":"2020-12-22","purchased_purges":0,"victory":false,"max_hp_per_floor":[60,60,60,60,60,60,60,62,64,66,66],"card_choices":[{"not_picked":["animator:Yuuichirou","animator:ZankiKiguchi"],"picked":"animator:TukaLunaMarceau","floor":2.0},{"not_picked":["animator:Darkness","animator:Yoichi"],"picked":"animator:Entoma","floor":6.0},{"not_picked":["animator:HiiragiShinya","animator:ChaikaTrabant"],"picked":"animator:Hakurou","floor":8.0},{"not_picked":["animator:GazelDwargon","animator:Shuna"],"picked":"animator:Benimaru","floor":9}],"player_experience":1412258,"relics_obtained":[],"event_choices":[],"is_beta":false,"boss_relics":[],"items_purged_floors":[],"is_endless":false,"potions_floor_spawned":[2,8],"killed_by":"Gensokyo:Cirno","ascension_level":20}}