{"host":"rnjhaewkefy4rz3c","time":1612584484,"event":{"mods":["2.2 Compatiblity","AchievementEnabler","BaseMod","Colored Map","Downfall","Minty Spire (QoL Compilation)","Permanent Neow","StSLib"],"gold_per_floor":[99,99,109,42,42,73,73,87,118,118,118,132,42,71,84,84,84,84],"floor_reached":16,"language":"ENG","playtime":830,"items_purged":["downfall:Malfunctioning"],"score":124,"play_id":"459dc278-baae-438a-9378-e178be480b88","local_time":"20210206000804","is_ascension_mode":true,"campfire_choices":[{"floor":1,"key":"RECALL"},{"data":"champ:PerfectedStrike","floor":10,"key":"SMITH"}],"circlet_count":0,"master_deck":["champ:Strike+1","champ:Strike","champ:Strike","champ:Strike","champ:Defend","champ:Defend+1","champ:Defend","champ:Defend","champ:Execute","champ:Taunt+1","champ:CrownThrow","champ:BerserkersShout","champ:PerfectedStrike+1","champ:DeathBlow","champ:ShieldSigil","champ:FlashCut","champ:RisingSlash","champ:RapidStrikes"],"relics":["champ:ChampionCrown","champ:LiftRelic","Pen Nib","Omamori","downfall:BrokenWingStatue","Vajra"],"acts_visited":["Exordium"],"potions_floor_usage":[12,12,13,13,14],"damage_taken":[{"damage":14,"enemies":"2 Louse","floor":3,"turns":3},{"damage":12,"enemies":"downfall:FleeingMerchant","floor":4,"turns":4},{"damage":48,"enemies":"Lagavulin","floor":6,"turns":7},{"damage":10,"enemies":"Jaw Worm","floor":8,"turns":3},{"damage":28,"enemies":"Gremlin Nob","floor":9,"turns":4},{"damage":11,"enemies":"Small Slimes","floor":12,"turns":2},{"damage":25,"enemies":"downfall:FleeingMerchant","floor":13,"turns":4},{"damage":78,"enemies":"Lagavulin","floor":14,"turns":6},{"damage":7,"enemies":"Exordium Wildlife","floor":15,"turns":3},{"damage":4,"enemies":"SI_SHIV_ARCHETYPE","floor":16,"turns":3}],"seed_played":"-3114133866192382311","potions_obtained":[{"floor":3,"key":"Fire Potion"},{"floor":6,"key":"EntropicBrew"},{"floor":8,"key":"SpeedPotion"},{"floor":9,"key":"Guardian:BlockOnCardUsePotion"}],"is_trial":false,"path_per_floor":["R","?","M","$","?","E","T","M","E","R","?","M","$","E","M","B"],"character_chosen":"THE_CHAMP","items_purchased":["champ:PerfectedStrike"],"campfire_rested":0,"item_purchase_floors":[4],"current_hp_per_floor":[99,99,95,93,93,65,65,65,47,47,47,46,36,8,1,0,0,0],"gold":84,"neow_bonus":"TEN_PERCENT_HP_BONUS","is_daily":false,"chose_seed":false,"campfire_upgraded":1,"win_rate":0.0,"timestamp":1612584484,"path_taken":["R","?","M","$","?","E","T","M","E","R","?","M","$","E","M","BOSS"],"items_purchased_type":["Card"],"build_version":"2020-12-22","purchased_purges":1,"victory":false,"max_hp_per_floor":[99,99,99,99,99,99,99,99,99,99,99,99,99,99,99,99,99,99],"card_choices":[{"not_picked":["champ:FocusedBerserking","champ:SkillfulDodge"],"picked":"champ:CrownThrow","floor":3},{"not_picked":["champ:Backstep","champ:EnGarde"],"picked":"champ:BerserkersShout","floor":4},{"not_picked":["champ:ShieldWall","champ:Devastate"],"picked":"champ:DeathBlow","floor":6},{"not_picked":["champ:Shatter","champ:BerserkersShout"],"picked":"champ:ShieldSigil","floor":8},{"not_picked":["champ:BringItOn","champ:CalledShot"],"picked":"champ:FlashCut","floor":9},{"not_picked":["champ:TornadoPunch","champ:ShieldSlam","champ:Backstep"],"picked":"SKIP","floor":12},{"not_picked":["champ:EnGarde","champ:Backstep"],"picked":"champ:RisingSlash","floor":13},{"not_picked":["champ:Improvising","champ:Backstep"],"picked":"champ:RapidStrikes","floor":14},{"not_picked":["champ:ShieldSlam","champ:BringItOn","champ:Haymaker"],"picked":"SKIP","floor":15}],"player_experience":728981,"relics_obtained":[{"floor":6,"key":"Pen Nib"},{"floor":9,"key":"Omamori"},{"floor":14,"key":"Vajra"}],"event_choices":[],"is_beta":false,"boss_relics":[],"items_purged_floors":[13],"is_endless":false,"potions_floor_spawned":[3,6,8,9],"killed_by":"SI_SHIV_ARCHETYPE","ascension_level":1}}