{"host":"447f3hl56xdss9ae","time":1612629690,"event":{"mods":["Act Like it!","Arknights","BaseMod","Minty Spire (QoL Compilation)","StSLib","[GremlinLeader]The Maniac","¡¾ÒÅÎï¿¨ÅÆ¡¿REMEMod"],"gold_per_floor":[110,130,148,223,240,268,268,268,568,583,603,623,643,660,660,755,755,773,397,413,433,453,480,500,425,425,425,452,463,480,580,580,682,682,698,716,287,302,319,345,345,345,395,395,419,460,473,0,0,0],"floor_reached":51,"language":"ZHS","playtime":2230,"items_purged":["maniac:BurnBlood"],"score":982,"play_id":"38b4e20c-86e2-43c2-bf3c-52737802d658","local_time":"20210207004130","is_ascension_mode":false,"campfire_choices":[{"data":"ats:Nebulous Foxfire","floor":8.0,"key":"SMITH"},{"data":"maniac:BladesInCloak","floor":15.0,"key":"SMITH"},{"floor":27,"key":"REST"},{"data":"maniac:BladesInCloak","floor":32,"key":"SMITH"},{"data":"maniac:AbyssShackle","floor":42,"key":"SMITH"},{"data":"maniac:Blastwave","floor":44,"key":"SMITH"},{"data":"maniac:RallyToMe","floor":49,"key":"SMITH"}],"circlet_count":0,"master_deck":["maniac:Strike+1","maniac:Strike","maniac:Strike","maniac:Strike","maniac:Strike","maniac:Defend","maniac:Defend","maniac:Defend","maniac:Defend","maniac:AbyssShackle+1","ats:Nebulous Foxfire+1","maniac:Intimidate","maniac:MortalSteel+1","maniac:Blastwave+1","maniac:BladesInCloak+1","maniac:Quickdraw","maniac:RallyToMe+1","maniac:BladesInCloak+1","maniac:BladesInCloak+1","maniac:BladeShoot","maniac:BladeArtist+1","maniac:BladesInCloak+1","maniac:Deal"],"relics":["maniac:DamagedAnvil","maniac:BrokenHorn","REME_ComplimentaryCards","NeowsBlessing","ats:Originium","Singing Bowl","Old Coin","Runic Dome","Orichalcum","Ancient Tea Set","StoneCalendar","The Courier","Meat on the Bone","Calipers","Matryoshka","Coffee Dripper","OrangePellets","Juzu Bracelet","Bag of Marbles","Boot","Frozen Egg 2","Whetstone","Happy Flower","Bird Faced Urn","Red Mask"],"acts_visited":["Exordium","TheCity","TheBeyond"],"potions_floor_usage":[33,36,47,50,50,50],"damage_taken":[{"damage":0.0,"enemies":"Cultist","floor":1.0,"turns":1.0},{"damage":0.0,"enemies":"Jaw Worm","floor":2.0,"turns":1.0},{"damage":0.0,"enemies":"2 Louse","floor":3.0,"turns":1.0},{"damage":0.0,"enemies":"Blue Slaver","floor":5.0,"turns":2.0},{"damage":27.0,"enemies":"Lagavulin","floor":6.0,"turns":4.0},{"damage":14.0,"enemies":"Gremlin Gang","floor":10.0,"turns":5.0},{"damage":23.0,"enemies":"2 Fungi Beasts","floor":11.0,"turns":7.0},{"damage":0.0,"enemies":"3 Louse","floor":12.0,"turns":4.0},{"damage":4.0,"enemies":"Exordium Wildlife","floor":13.0,"turns":4.0},{"damage":3.0,"enemies":"2 Fungi Beasts","floor":14.0,"turns":4.0},{"damage":34.0,"enemies":"Hexaghost","floor":16.0,"turns":6.0},{"damage":8,"enemies":"Shell Parasite","floor":18,"turns":4},{"damage":1,"enemies":"3 Byrds","floor":20,"turns":5},{"damage":0,"enemies":"Snecko","floor":21,"turns":4},{"damage":9,"enemies":"Sentry and Sphere","floor":22,"turns":3},{"damage":46,"enemies":"REME_1_Revenger","floor":23,"turns":6},{"damage":31,"enemies":"Snake Plant","floor":24,"turns":5},{"damage":29,"enemies":"Slavers","floor":28,"turns":7},{"damage":0,"enemies":"3 Cultists","floor":29,"turns":3},{"damage":11,"enemies":"Shelled Parasite and Fungi","floor":30,"turns":4},{"damage":11,"enemies":"Colosseum Slavers","floor":31,"turns":3},{"damage":8,"enemies":"Colosseum Nobs","floor":31,"turns":4},{"damage":20,"enemies":"Champ","floor":33,"turns":7},{"damage":8,"enemies":"Orb Walker","floor":35,"turns":3},{"damage":36,"enemies":"3 Darklings","floor":36,"turns":4},{"damage":15,"enemies":"Maw","floor":38,"turns":5},{"damage":8,"enemies":"Spire Growth","floor":39,"turns":4},{"damage":23,"enemies":"Reptomancer","floor":40,"turns":5},{"damage":0,"enemies":"Giant Head","floor":45,"turns":5},{"damage":19,"enemies":"2 Orb Walkers","floor":46,"turns":4},{"damage":20,"enemies":"Transient","floor":47,"turns":5},{"damage":0,"enemies":"Time Eater","floor":50,"turns":5}],"seed_played":"7862122394921865641","potions_obtained":[{"floor":3.0,"key":"LiquidBronze"},{"floor":5.0,"key":"Swift Potion"},{"floor":12.0,"key":"Strength Potion"},{"floor":14.0,"key":"AttackPotion"},{"floor":23,"key":"CultistPotion"},{"floor":36,"key":"REME_GoldPotion"},{"floor":38,"key":"Energy Potion"},{"floor":47,"key":"EssenceOfSteel"}],"is_trial":false,"path_per_floor":["M","M","M","?","M","E","?","R","T","M","M","M","M","M","R","B",null,"M","$","M","M","M","E","M","?","T","R","E","M","M","?","R","B",null,"M","M","$","M","M","E","?","R","T","R","E","?","M","?","R","B",null],"character_chosen":"THE_MANIAC","items_purchased":["maniac:BladesInCloak","Orichalcum","Ancient Tea Set","maniac:BladeShoot","OrangePellets","Juzu Bracelet","Bag of Marbles"],"campfire_rested":1,"item_purchase_floors":[19,19,19,19,37,37,37],"current_hp_per_floor":[80,80,80,69,69,45,45,45,45,46,45,56,61,69,69,45,86,82,82,88,90,81,47,25,25,25,53,36,48,55,61,61,58,100,94,64,64,63,61,59,59,59,59,59,71,63,64,64,64,81],"gold":0,"neow_bonus":"THREE_ENEMY_KILL","is_daily":false,"chose_seed":false,"campfire_upgraded":6,"win_rate":0.0,"timestamp":1612629690,"path_taken":["M","M","M","?","M","E","?","R","T","M","M","?","M","M","R","BOSS","M","$","M","M","M","E","M","?","T","R","E","M","M","?","R","BOSS","M","M","$","M","M","E","?","R","T","R","E","?","M","?","R","BOSS"],"items_purchased_type":["Card","Relic","Relic","Card","Relic","Relic","Relic"],"build_version":"2020-12-22","purchased_purges":1,"victory":true,"max_hp_per_floor":[80,80,80,80,80,80,80,80,80,82,82,84,84,86,86,86,86,86,86,88,90,90,92,94,94,94,94,96,96,98,100,100,100,100,102,104,104,106,108,110,110,110,110,110,112,114,116,116,116,116],"card_choices":[{"not_picked":["maniac:AllOutAttack","maniac:Confront"],"picked":"maniac:Intimidate","floor":1.0},{"not_picked":["maniac:UntravelledPath","maniac:MeleeStrike"],"picked":"maniac:SpectralKnives","floor":2.0},{"not_picked":["maniac:ShelteringEdge","maniac:PanickyParry"],"picked":"maniac:MortalSteel","floor":3.0},{"not_picked":["maniac:BladeArtist","maniac:AlleviatingSorcery","maniac:MeleeStrike"],"picked":"SKIP","floor":5.0},{"not_picked":["maniac:UndyingDesire","maniac:WitnessTrueSorcery"],"picked":"maniac:Blastwave","floor":6.0},{"not_picked":["maniac:WardAndDefend","maniac:Confront","maniac:AlleviatingSorcery"],"picked":"Singing Bowl","floor":10.0},{"not_picked":["maniac:MeleeStrike","maniac:Feint"],"picked":"maniac:BladesInCloak","floor":11.0},{"not_picked":["maniac:Recollect","maniac:UntravelledPath","maniac:ShelteringEdge"],"picked":"Singing Bowl","floor":12.0},{"not_picked":["maniac:WardAndDefend","maniac:Lacerate"],"picked":"maniac:Quickdraw","floor":13.0},{"not_picked":["maniac:HammerDown","maniac:PerceiveDanger","maniac:MeleeStrike"],"picked":"Singing Bowl","floor":14.0},{"not_picked":["maniac:HammerDown","maniac:ReachVictory"],"picked":"maniac:RallyToMe","floor":16.0},{"not_picked":["maniac:DashForward","maniac:ExpectedMoves"],"picked":"maniac:BladesInCloak","floor":18},{"not_picked":["maniac:UndyingDesire","maniac:ShelteringEdge","maniac:SeeingDetails"],"picked":"Singing Bowl","floor":20},{"not_picked":["maniac:SpectralKnives","maniac:MeleeStrike","maniac:Refine+1"],"picked":"Singing Bowl","floor":21},{"not_picked":["maniac:UntravelledPath","maniac:FindAShortcut+1"],"picked":"maniac:BladeArtist+1","floor":22},{"not_picked":["maniac:ExpectedMoves","maniac:MeleeStrike","maniac:Reforge+1"],"picked":"Singing Bowl","floor":23},{"not_picked":["maniac:MeleeStrike","maniac:SpectralKnives","maniac:Quickdraw"],"picked":"Singing Bowl","floor":24},{"not_picked":["maniac:HammerDown","maniac:MeleeStrike","maniac:ShelteringEdge+1"],"picked":"Singing Bowl","floor":28},{"not_picked":["maniac:Refine","maniac:DashForward"],"picked":"maniac:BladesInCloak+1","floor":29},{"not_picked":["maniac:ShatteredShield+1","maniac:Recollect","maniac:Lacerate"],"picked":"Singing Bowl","floor":30},{"not_picked":["maniac:Reforge","maniac:MortalSteel+1","maniac:FindAShortcut"],"picked":"Singing Bowl","floor":31},{"not_picked":["maniac:Simulacrum","maniac:UniversalPerception"],"picked":"maniac:Deal","floor":33},{"not_picked":["maniac:PanickyParry","maniac:Quickdraw+1","maniac:UntravelledPath+1"],"picked":"Singing Bowl","floor":35},{"not_picked":["maniac:BladeEnd","maniac:TorturousScreams+1","maniac:SpectralFlash"],"picked":"Singing Bowl","floor":36},{"not_picked":["maniac:FindAShortcut","maniac:SpectralKnives+1","maniac:Retrospect"],"picked":"Singing Bowl","floor":38},{"not_picked":["maniac:FindAShortcut+1","maniac:ListenToNone","maniac:Feint+1"],"picked":"Singing Bowl","floor":39},{"not_picked":["maniac:ObscuredAttack+1","maniac:UndyingDesire","maniac:ListenToNone+1"],"picked":"Singing Bowl","floor":40},{"not_picked":["maniac:PanickyParry","maniac:FindAShortcut+1","maniac:Refine+1"],"picked":"Singing Bowl","floor":45},{"not_picked":["maniac:MeleeStrike+1","maniac:AlleviatingSorcery+1","maniac:ShelteringEdge+1"],"picked":"Singing Bowl","floor":46},{"not_picked":["maniac:UntravelledPath","maniac:ManipulatedFaith","maniac:AllOutAttack+1"],"picked":"Singing Bowl","floor":47}],"player_experience":136250,"relics_obtained":[{"floor":6.0,"key":"ats:Originium"},{"floor":6.0,"key":"Singing Bowl"},{"floor":9.0,"key":"Old Coin"},{"floor":23,"key":"ats:Originium"},{"floor":23,"key":"StoneCalendar"},{"floor":26,"key":"The Courier"},{"floor":28,"key":"ats:Originium"},{"floor":28,"key":"Meat on the Bone"},{"floor":31,"key":"Calipers"},{"floor":31,"key":"Matryoshka"},{"floor":40,"key":"ats:Originium"},{"floor":40,"key":"Boot"},{"floor":43,"key":"Frozen Egg 2"},{"floor":43,"key":"Whetstone"},{"floor":45,"key":"Happy Flower"},{"floor":46,"key":"Bird Faced Urn"}],"event_choices":[{"damage_healed":0.0,"max_hp_gain":0.0,"max_hp_loss":0.0,"gold_gain":75.0,"event_name":"World of Goop","player_choice":"Gather Gold","floor":4.0,"gold_loss":0.0,"damage_taken":11.0},{"damage_healed":0.0,"max_hp_gain":0.0,"max_hp_loss":0.0,"gold_gain":0.0,"event_name":"NoteForYourself","player_choice":"Ignored","floor":7.0,"gold_loss":0.0,"damage_taken":0.0},{"cards_removed":["maniac:SpectralKnives"],"damage_healed":0,"gold_gain":0,"player_choice":"Gave Gold","damage_taken":0,"max_hp_gain":0,"max_hp_loss":0,"event_name":"Beggar","floor":25,"gold_loss":75},{"damage_healed":0,"gold_gain":0,"player_choice":"Fight","damage_taken":0,"max_hp_gain":0,"max_hp_loss":0,"event_name":"Colosseum","floor":31,"gold_loss":0},{"damage_healed":0,"gold_gain":0,"player_choice":"Fought Nobs","damage_taken":0,"max_hp_gain":0,"max_hp_loss":0,"event_name":"Colosseum","floor":31,"gold_loss":0},{"damage_healed":0,"gold_gain":0,"player_choice":"Upgraded","damage_taken":0,"max_hp_gain":0,"max_hp_loss":0,"event_name":"Upgrade Shrine","floor":41,"gold_loss":0,"cards_upgraded":["maniac:BladesInCloak"]},{"damage_healed":0,"gold_gain":0,"player_choice":"Fight","damage_taken":0,"max_hp_gain":0,"max_hp_loss":0,"event_name":"Mysterious Sphere","floor":46,"gold_loss":0},{"damage_healed":0,"gold_gain":0,"player_choice":"Paid","damage_taken":0,"relics_obtained":["Red Mask"],"max_hp_gain":0,"max_hp_loss":0,"event_name":"Tomb of Lord Red Mask","floor":48,"gold_loss":473}],"is_beta":false,"boss_relics":[{"not_picked":["Black Star","Astrolabe"],"picked":"Runic Dome"},{"not_picked":["Snecko Eye","REME_DuelDisc"],"picked":"Coffee Dripper"}],"items_purged_floors":[37],"is_endless":false,"potions_floor_spawned":[3,5,12,14,16,20,23,24,29,31,36,38,45,47],"ascension_level":0}}