{"host":"d2y4rmbezebiv8aj","time":1612655779,"event":{"mods":["AchievementEnabler","BaseMod","Bestiary","BetterRewards","Colored Map","Colored Powertips","Custom Start","Highlight Path","Minty Spire (QoL Compilation)","Quick Restart","Rare Cards Sparkle","Relic Sorter","Relic Stats","Shop Mod","Slay-I","StSLib","SuperFastMode"],"gold_per_floor":[30,44,115,125,142,142,142,142,142,167,167,194,206,220,220,297,297,313,177,188,138,24,24,165,165,165,190,190,219,248,281,281,358,358,374,374,56,56,56,82,96,96,144,172,172,172],"floor_reached":45,"language":"DEU","playtime":1694,"items_purged":[],"score":1257,"play_id":"5f35d19d-c6f7-45cb-b636-1abadd2f423b","local_time":"20210207005619","is_ascension_mode":true,"campfire_choices":[{"data":"Apotheosis","floor":6.0,"key":"SMITH"},{"data":"Footwork","floor":8.0,"key":"SMITH"},{"floor":15.0,"key":"REST"},{"data":"A Thousand Cuts","floor":23.0,"key":"SMITH"},{"data":"Footwork","floor":25.0,"key":"SMITH"},{"data":"Noxious Fumes","floor":28.0,"key":"SMITH"},{"data":"Backstab","floor":32.0,"key":"SMITH"},{"data":"Envenom","floor":42.0,"key":"SMITH"}],"circlet_count":0,"master_deck":["AscendersBane","Strike_G","Strike_G","Strike_G","Strike_G","Strike_G","Defend_G","Defend_G","Defend_G","Defend_G","Survivor","Neutralize","Apotheosis+1","Footwork+1","Noxious Fumes+1","Backstab+1","Masterful Stab","Blur","Poisoned Stab","Flying Knee","Cloak And Dagger+1","Bane","Slice","Corpse Explosion+1","Slice","A Thousand Cuts+1","Sucker Punch","Dagger Spray+1","Footwork+1","Bullet Time+1","Prepared+1","Phantasmal Killer+1","Envenom+1","PiercingWail+1","Footwork+1","Madness+1","Madness+1","Parasite"],"relics":["Ring of the Snake","Bird Faced Urn","MealTicket","Toy Ornithopter","The Courier","Toxic Egg 2","Philosopher\u0027s Stone","PreservedInsect","Mummified Hand","Molten Egg 2","Pen Nib","Pear","Red Mask","Blood Vial","Sozu","DollysMirror","Singing Bowl","Turnip","Art of War","Bag of Marbles"],"acts_visited":["Exordium","TheCity","TheBeyond"],"potions_floor_usage":[],"damage_taken":[{"damage":0.0,"enemies":"Jaw Worm","floor":1.0,"turns":4.0},{"damage":0.0,"enemies":"2 Louse","floor":2.0,"turns":2.0},{"damage":0.0,"enemies":"Cultist","floor":4.0,"turns":3.0},{"damage":8.0,"enemies":"Exordium Thugs","floor":5.0,"turns":6.0},{"damage":4.0,"enemies":"Lagavulin","floor":10.0,"turns":6.0},{"damage":33.0,"enemies":"Gremlin Nob","floor":12.0,"turns":5.0},{"damage":9.0,"enemies":"3 Louse","floor":13.0,"turns":5.0},{"damage":1.0,"enemies":"Large Slime","floor":14.0,"turns":5.0},{"damage":5.0,"enemies":"The Guardian","floor":16.0,"turns":9.0},{"damage":12.0,"enemies":"Shell Parasite","floor":18.0,"turns":5.0},{"damage":21.0,"enemies":"Chosen","floor":20.0,"turns":5.0},{"damage":0.0,"enemies":"Slavers","floor":27.0,"turns":1.0},{"damage":11.0,"enemies":"Book of Stabbing","floor":29.0,"turns":5.0},{"damage":0.0,"enemies":"Masked Bandits","floor":30.0,"turns":1.0},{"damage":16.0,"enemies":"Gremlin Leader","floor":31.0,"turns":6.0},{"damage":69.0,"enemies":"Automaton","floor":33.0,"turns":9.0},{"damage":14.0,"enemies":"3 Darklings","floor":35.0,"turns":3.0},{"damage":13.0,"enemies":"Nemesis","floor":40.0,"turns":5.0},{"damage":3.0,"enemies":"Orb Walker","floor":41.0,"turns":2.0},{"damage":67.0,"enemies":"Giant Head","floor":44.0,"turns":8.0},{"damage":53,"enemies":"Writhing Mass","floor":45,"turns":5}],"seed_played":"-5539992285203654590","potions_obtained":[{"floor":5.0,"key":"Weak Potion"},{"floor":10.0,"key":"DuplicationPotion"},{"floor":12.0,"key":"AttackPotion"},{"floor":14.0,"key":"PowerPotion"},{"floor":16.0,"key":"FearPotion"},{"floor":18.0,"key":"SteroidPotion"},{"floor":27.0,"key":"AttackPotion"},{"floor":30.0,"key":"Swift Potion"},{"floor":31.0,"key":"Strength Potion"}],"is_trial":false,"path_per_floor":["M","M","?","M","M","R","$","R","T","E","?","E","M","M","R","B",null,"M","$","M","?","$","R","$","R","T","E","R","E","?","E","R","B",null,"M","?","$","?","?","E","M","R","T","E","M"],"character_chosen":"THE_SILENT","items_purchased":["Bird Faced Urn","Apotheosis","Footwork","Noxious Fumes","Backstab","MealTicket","A Thousand Cuts","Sucker Punch","PreservedInsect","Footwork","Mummified Hand","DollysMirror","Singing Bowl"],"campfire_rested":1,"item_purchase_floors":[0,0,0,0,0,0,19,19,22,24,24,37,37],"current_hp_per_floor":[35,39,39,41,37,37,52,52,52,52,52,28,23,26,45,56,64,56,66,49,49,64,64,66,66,66,66,66,69,71,64,64,10,60,52,52,67,69,59,58,61,61,61,13,0,0],"gold":172,"neow_bonus":"","is_daily":false,"chose_seed":false,"campfire_upgraded":7,"win_rate":0.0,"timestamp":1612655779,"path_taken":["M","M","?","M","M","R","$","R","T","E","?","E","?","M","R","BOSS","M","$","M","?","$","R","?","R","T","E","R","E","?","E","R","BOSS","M","?","$","?","?","E","M","R","T","E","M"],"items_purchased_type":["Relic","Card","Card","Card","Card","Relic","Card","Card","Relic","Card","Relic","Relic","Relic"],"build_version":"2020-12-22","purchased_purges":0,"victory":false,"max_hp_per_floor":[66,66,66,66,66,66,66,66,66,66,66,66,66,66,66,66,66,66,66,66,66,66,66,66,66,66,66,66,76,76,76,76,76,76,76,76,76,78,78,80,82,82,82,84,84,84],"relic_stats":{"Singing Bowl":8,"counters":[69,302],"PreservedInsect":313,"Pen Nib":[10],"Blood Vial":12,"Sozu":2,"Mummified Hand":[25],"Bird Faced Urn":[100],"MealTicket":57,"Turnip":[0],"Art of War":[5],"obtain_stats":[{"Darkstone Periapt":6,"Singing Bowl":37,"Snake Skull":11,"Ginger":36,"Bottled Tornado":13,"Sling":0,"Blood Vial":31,"Sozu":34,"Centennial Puzzle":11,"HornCleat":19,"Mummified Hand":9,"Ninja Scroll":23,"DollysMirror":37,"Philosopher\u0027s Stone":17,"MealTicket":0,"HandDrill":39,"Red Mask":30,"Kunai":21,"Toxic Egg 2":12,"InkBottle":26,"Ring of the Snake":0,"Pear":29,"NeowsBlessing":0,"Oddly Smooth Stone":7,"Eternal Feather":0,"The Courier":10,"PreservedInsect":22,"Pen Nib":27,"Omamori":30,"War Paint":5,"Bottled Flame":43,"Bird Faced Urn":0,"Molten Egg 2":26,"Turnip":40,"Bag of Marbles":9,"Art of War":26,"Black Star":34,"Toy Ornithopter":6},{"Darkstone Periapt":25,"Singing Bowl":65,"Snake Skull":7,"Ginger":42,"Bottled Tornado":27,"Sling":19,"Blood Vial":63,"Sozu":64,"Centennial Puzzle":26,"HornCleat":30,"Mummified Hand":5,"Ninja Scroll":33,"DollysMirror":65,"Philosopher\u0027s Stone":10,"MealTicket":48,"HandDrill":43,"Red Mask":62,"Kunai":13,"Toxic Egg 2":54,"InkBottle":15,"Ring of the Snake":0,"Pear":61,"NeowsBlessing":0,"Oddly Smooth Stone":25,"Eternal Feather":19,"The Courier":53,"PreservedInsect":59,"Pen Nib":60,"Omamori":38,"War Paint":2,"Bottled Flame":44,"Bird Faced Urn":48,"Molten Egg 2":59,"Turnip":66,"Bag of Marbles":25,"Art of War":34,"Black Star":40,"Toy Ornithopter":3},{"Darkstone Periapt":101,"Singing Bowl":282,"Snake Skull":21,"Ginger":171,"Bottled Tornado":106,"Sling":78,"Blood Vial":270,"Sozu":279,"Centennial Puzzle":102,"HornCleat":126,"Mummified Hand":11,"Ninja Scroll":136,"DollysMirror":282,"Philosopher\u0027s Stone":35,"MealTicket":202,"HandDrill":176,"Red Mask":264,"Kunai":47,"Toxic Egg 2":228,"InkBottle":56,"Ring of the Snake":0,"Pear":263,"NeowsBlessing":0,"Oddly Smooth Stone":101,"Eternal Feather":78,"The Courier":223,"PreservedInsect":257,"Pen Nib":258,"Omamori":154,"War Paint":2,"Bottled Flame":182,"Bird Faced Urn":202,"Molten Egg 2":257,"Turnip":287,"Bag of Marbles":101,"Art of War":138,"Black Star":164,"Toy Ornithopter":3}],"Toy Ornithopter":28,"Ring of the Snake":[137]},"card_choices":[{"not_picked":["Riddle With Holes","Bouncing Flask"],"picked":"Masterful Stab","floor":1.0},{"not_picked":["Deflect","Underhanded Strike"],"picked":"Blur","floor":2.0},{"not_picked":["Acrobatics","Dash"],"picked":"Poisoned Stab","floor":4.0},{"not_picked":["Finisher","Leg Sweep"],"picked":"Flying Knee","floor":5.0},{"not_picked":["Dodge and Roll","Tactician","Flechettes"],"picked":"SKIP","floor":10.0},{"not_picked":["Quick Slash","PiercingWail+1"],"picked":"Cloak And Dagger+1","floor":12.0},{"not_picked":["Choke","Dodge and Roll+1"],"picked":"Bane","floor":13.0},{"not_picked":["Concentrate+1","Deflect+1"],"picked":"Slice","floor":14.0},{"not_picked":["Glass Knife","Die Die Die"],"picked":"Corpse Explosion+1","floor":16.0},{"not_picked":["Bouncing Flask+1","Dagger Throw"],"picked":"Slice","floor":18.0},{"not_picked":["Dodge and Roll+1","Deadly Poison+1"],"picked":"Dagger Spray+1","floor":20.0},{"not_picked":["Underhanded Strike+1","Flying Knee+1"],"picked":"Bullet Time+1","floor":27.0},{"not_picked":["Bouncing Flask+1","Dagger Spray+1"],"picked":"Prepared+1","floor":29.0},{"not_picked":["Calculated Gamble+1","Predator+1"],"picked":"Phantasmal Killer+1","floor":31.0},{"not_picked":["A Thousand Cuts","Grand Finale+1"],"picked":"Envenom","floor":33.0},{"not_picked":["Slice+1","Distraction+1"],"picked":"PiercingWail+1","floor":35.0},{"not_picked":["Trip+1","PanicButton+1","Mind Blast+1"],"picked":"Singing Bowl","floor":38.0},{"not_picked":["Blade Dance+1","Dodge and Roll+1","Dagger Spray+1"],"picked":"Singing Bowl","floor":40.0},{"not_picked":["Acrobatics+1","Cloak And Dagger+1","Dagger Throw+1"],"picked":"Singing Bowl","floor":41.0},{"not_picked":["Deflect+1","Heel Hook+1","Endless Agony+1"],"picked":"Singing Bowl","floor":44.0}],"player_experience":415331,"relics_obtained":[{"floor":9.0,"key":"Toy Ornithopter"},{"floor":10.0,"key":"The Courier"},{"floor":12.0,"key":"Toxic Egg 2"},{"floor":26.0,"key":"Molten Egg 2"},{"floor":27.0,"key":"Pen Nib"},{"floor":29.0,"key":"Pear"},{"floor":30.0,"key":"Red Mask"},{"floor":31.0,"key":"Blood Vial"},{"floor":40.0,"key":"Turnip"},{"floor":43.0,"key":"Art of War"},{"floor":44.0,"key":"Bag of Marbles"}],"event_choices":[{"damage_healed":0.0,"max_hp_gain":0.0,"max_hp_loss":0.0,"gold_gain":71.0,"event_name":"Golden Wing","player_choice":"Gained Gold","floor":3.0,"gold_loss":0.0,"damage_taken":0.0},{"damage_healed":0.0,"max_hp_gain":0.0,"max_hp_loss":0.0,"gold_gain":0.0,"event_name":"The Woman in Blue","player_choice":"Bought 0 Potions","floor":11.0,"gold_loss":0.0,"damage_taken":0.0},{"damage_healed":0.0,"max_hp_gain":0.0,"max_hp_loss":0.0,"gold_gain":0.0,"event_name":"The Joust","player_choice":"Bet on Murderer","floor":21.0,"gold_loss":50.0,"damage_taken":0.0},{"damage_healed":0.0,"max_hp_gain":0.0,"max_hp_loss":0.0,"gold_gain":0.0,"event_name":"Masked Bandits","player_choice":"Fought Bandits","floor":30.0,"gold_loss":0.0,"damage_taken":0.0},{"cards_removed":["Defend_G"],"damage_healed":0.0,"max_hp_gain":0.0,"max_hp_loss":0.0,"gold_gain":0.0,"event_name":"Falling","player_choice":"Removed Skill","floor":36.0,"gold_loss":0.0,"damage_taken":0.0},{"damage_healed":0.0,"max_hp_gain":0.0,"max_hp_loss":0.0,"gold_gain":0.0,"event_name":"SensoryStone","player_choice":"Memory 1","floor":38.0,"gold_loss":0.0,"damage_taken":0.0},{"damage_healed":0.0,"max_hp_gain":0.0,"max_hp_loss":0.0,"gold_gain":0.0,"event_name":"Winding Halls","player_choice":"Embrace Madness","floor":39.0,"gold_loss":0.0,"damage_taken":10.0,"cards_obtained":["Madness","Madness"]}],"is_beta":false,"boss_relics":[{"not_picked":["Runic Pyramid","Astrolabe"],"picked":"Philosopher\u0027s Stone"},{"not_picked":["Velvet Choker","Tiny House"],"picked":"Sozu"}],"items_purged_floors":[],"is_endless":false,"potions_floor_spawned":[5,10,12,14,16,18,27,30,31,41,44],"killed_by":"Writhing Mass","ascension_level":14}}