{"host":"v1yaqosqoe6j1o0n","time":1612574150,"event":{"mods":["BaseMod","Hermit","Minty Spire (QoL Compilation)","StSLib"],"gold_per_floor":[115,47,2,12,25,25,53,53,76,86,106,125,125,137,137,239,239,256,256,268,285,303,303,303,322,322,8,8,107,107,107],"floor_reached":30,"language":"ENG","playtime":2250,"items_purged":[],"score":284,"play_id":"100efdc1-cdb1-42a9-a756-f9129fa10580","local_time":"20210205171550","is_ascension_mode":false,"campfire_choices":[{"data":"Calculated Gamble","floor":6.0,"key":"SMITH"},{"floor":13.0,"key":"REST"},{"floor":15.0,"key":"REST"},{"floor":23,"key":"REST"}],"circlet_count":0,"master_deck":["Strike_G","Strike_G","Strike_G","Strike_G","Strike_G","Defend_G","Defend_G+1","Defend_G","Defend_G","Defend_G+1","Survivor","Neutralize","Calculated Gamble+1","Bane","Poisoned Stab","Finisher","Expertise","Skewer","Phantasmal Killer","Prepared","After Image","Footwork","PiercingWail","Well Laid Plans+1","A Thousand Cuts","Choke"],"relics":["Ring of the Snake","NeowsBlessing","Snake Skull","TungstenRod","Pen Nib","WristBlade","War Paint","Membership Card","Lantern"],"acts_visited":["Exordium","TheCity"],"potions_floor_usage":[22,25,30],"damage_taken":[{"damage":0.0,"enemies":"Jaw Worm","floor":1.0,"turns":1.0},{"damage":0.0,"enemies":"Cultist","floor":4.0,"turns":1.0},{"damage":0.0,"enemies":"Small Slimes","floor":5.0,"turns":1.0},{"damage":18.0,"enemies":"Lagavulin","floor":7.0,"turns":6.0},{"damage":21.0,"enemies":"Gremlin Gang","floor":10.0,"turns":6.0},{"damage":3.0,"enemies":"Exordium Wildlife","floor":11.0,"turns":4.0},{"damage":8.0,"enemies":"Exordium Thugs","floor":12.0,"turns":4.0},{"damage":33.0,"enemies":"Gremlin Gang","floor":14.0,"turns":4.0},{"damage":0.0,"enemies":"Slime Boss","floor":16.0,"turns":4.0},{"damage":2.0,"enemies":"Chosen","floor":18.0,"turns":3.0},{"damage":31.0,"enemies":"Spheric Guardian","floor":20.0,"turns":6.0},{"damage":10.0,"enemies":"Shelled Parasite and Fungi","floor":21.0,"turns":4.0},{"damage":35,"enemies":"Sentry and Sphere","floor":22,"turns":7},{"damage":21,"enemies":"3 Cultists","floor":25,"turns":6},{"damage":18,"enemies":"Snake Plant","floor":30,"turns":4}],"seed_played":"-3587594912079269863","potions_obtained":[{"floor":4.0,"key":"BlessingOfTheForge"},{"floor":10.0,"key":"FairyPotion"},{"floor":11.0,"key":"Poison Potion"},{"floor":18.0,"key":"Dexterity Potion"},{"floor":19.0,"key":"AttackPotion"},{"floor":19.0,"key":"FearPotion"},{"floor":22,"key":"PowerPotion"}],"is_trial":false,"path_per_floor":["M","?","$","M","M","R","E","?","T","M","M","M","R","M","R","B",null,"M","?","M","M","M","R","?","M","T","$","$","?","M"],"character_chosen":"THE_SILENT","items_purchased":["Bane","Membership Card","Lantern","Choke","Energy Potion","Dexterity Potion"],"campfire_rested":3,"item_purchase_floors":[3,27,27,27,27,27],"current_hp_per_floor":[70,70,70,70,70,70,52,70,70,49,46,38,59,26,47,47,70,68,68,37,27,14,35,35,14,14,14,14,14,0,0],"gold":107,"neow_bonus":"THREE_ENEMY_KILL","is_daily":false,"chose_seed":false,"campfire_upgraded":1,"win_rate":0.0,"timestamp":1612574150,"path_taken":["M","?","$","M","?","R","E","?","T","?","M","M","R","M","R","BOSS","M","?","M","?","?","R","?","M","T","?","$","?","M"],"items_purchased_type":["Card","Relic","Relic","Card","Potion","Potion"],"build_version":"2020-12-22","purchased_purges":0,"victory":false,"max_hp_per_floor":[70,70,70,70,70,70,70,70,70,70,70,70,70,70,70,70,70,70,70,70,70,70,70,70,70,70,70,70,70,70,70],"card_choices":[{"not_picked":["Cloak And Dagger","Endless Agony"],"picked":"Calculated Gamble","floor":1.0},{"not_picked":["Dodge and Roll","Crippling Poison"],"picked":"Poisoned Stab","floor":4.0},{"not_picked":["Calculated Gamble","Bane"],"picked":"Finisher","floor":5.0},{"not_picked":["Deflect","Tactician"],"picked":"Expertise","floor":7.0},{"not_picked":["Dodge and Roll","Slice","Cloak And Dagger"],"picked":"SKIP","floor":10.0},{"not_picked":["Prepared","Backflip"],"picked":"Skewer","floor":11.0},{"not_picked":["Predator","Outmaneuver"],"picked":"Phantasmal Killer","floor":12.0},{"not_picked":["Calculated Gamble","Cloak And Dagger"],"picked":"Prepared","floor":14.0},{"not_picked":["Malaise","Wraith Form v2"],"picked":"After Image","floor":16.0},{"not_picked":["Catalyst+1","Bane"],"picked":"Footwork","floor":18.0},{"not_picked":["Sucker Punch","Dagger Spray"],"picked":"PiercingWail","floor":20.0},{"not_picked":["PiercingWail","Flying Knee+1"],"picked":"Well Laid Plans+1","floor":21.0},{"not_picked":["Predator","Acrobatics"],"picked":"A Thousand Cuts","floor":22},{"not_picked":["Cloak And Dagger","Bane","Quick Slash"],"picked":"SKIP","floor":25}],"player_experience":47164,"relics_obtained":[{"floor":7.0,"key":"TungstenRod"},{"floor":9.0,"key":"Pen Nib"},{"floor":26,"key":"War Paint"}],"event_choices":[{"damage_healed":0.0,"max_hp_gain":0.0,"max_hp_loss":0.0,"gold_gain":0.0,"event_name":"WeMeetAgain","player_choice":"Paid Gold","floor":2.0,"gold_loss":68.0,"damage_taken":0.0,"relics_obtained":["Snake Skull"]},{"damage_healed":18.0,"max_hp_gain":0.0,"max_hp_loss":0.0,"gold_gain":0.0,"event_name":"Wheel of Change","player_choice":"Full Heal","floor":8.0,"gold_loss":0.0,"damage_taken":0.0},{"damage_healed":0.0,"max_hp_gain":0.0,"max_hp_loss":0.0,"gold_gain":0.0,"event_name":"Lab","player_choice":"Got Potions","floor":19.0,"gold_loss":0.0,"damage_taken":0.0},{"damage_healed":0,"gold_gain":0,"player_choice":"Ignored","damage_taken":0,"max_hp_gain":0,"max_hp_loss":0,"event_name":"Ghosts","floor":24,"gold_loss":0},{"damage_healed":0,"gold_gain":99,"player_choice":"Stole From Cult","damage_taken":0,"max_hp_gain":0,"max_hp_loss":0,"event_name":"Nest","floor":29,"gold_loss":0}],"is_beta":false,"boss_relics":[{"not_picked":["Fusion Hammer","Busted Crown"],"picked":"WristBlade"}],"items_purged_floors":[],"is_endless":false,"potions_floor_spawned":[4,10,11,18,20,22],"killed_by":"Snake Plant","ascension_level":0}}