{"host":"wbn3xdfsa5pc2kse","time":1612579861,"event":{"mods":["AchievementEnabler","BaseMod","Bestiary","Colored Map","Colored Powertips","Curses Come First","Highlight Path","Minty Spire (QoL Compilation)","Permanent Neow","Rare Cards Sparkle","Relic Stats","StSLib"],"gold_per_floor":[118,118,168,181,194,194,227,246,246,246,171,210,225,238,238,332,332,357,373,62,83,83,83],"floor_reached":22,"language":"ZHT","playtime":674,"items_purged":["Strike_R","Strike_R"],"score":356,"play_id":"c422871e-d429-43dd-98b7-291313e053d7","local_time":"20210206105101","is_ascension_mode":true,"campfire_choices":[{"data":"Searing Blow","floor":6.0,"key":"SMITH"},{"data":"Searing Blow+1","floor":10.0,"key":"SMITH"},{"data":"Searing Blow+2","floor":15.0,"key":"SMITH"}],"circlet_count":0,"master_deck":["AscendersBane","Strike_R","Strike_R","Strike_R","Defend_R","Defend_R","Defend_R","Defend_R","Bash","Anger","Searing Blow+3","True Grit","Pommel Strike","Pommel Strike","Immolate","Brutality+1","Armaments","Ghostly Armor","Reaper","Dark Embrace+1","True Grit"],"relics":["Burning Blood","Mango","Golden Idol","StrikeDummy","Frozen Egg 2","Happy Flower","SlaversCollar"],"acts_visited":["Exordium","TheCity"],"potions_floor_usage":[22,22],"damage_taken":[{"damage":12.0,"enemies":"Small Slimes","floor":1.0,"turns":4.0},{"damage":9.0,"enemies":"2 Louse","floor":4.0,"turns":3.0},{"damage":1.0,"enemies":"Cultist","floor":5.0,"turns":3.0},{"damage":41.0,"enemies":"Lagavulin","floor":7.0,"turns":7.0},{"damage":1.0,"enemies":"Exordium Thugs","floor":8.0,"turns":4.0},{"damage":13.0,"enemies":"Gremlin Nob","floor":12.0,"turns":3.0},{"damage":0.0,"enemies":"Large Slime","floor":13.0,"turns":3.0},{"damage":14.0,"enemies":"3 Louse","floor":14.0,"turns":3.0},{"damage":2.0,"enemies":"Slime Boss","floor":16.0,"turns":5.0},{"damage":16.0,"enemies":"2 Thieves","floor":18.0,"turns":4.0},{"damage":21.0,"enemies":"Shell Parasite","floor":19.0,"turns":5.0},{"damage":16.0,"enemies":"3 Cultists","floor":21.0,"turns":5.0},{"damage":34,"enemies":"Shelled Parasite and Fungi","floor":22,"turns":6}],"seed_played":"-678045518836317107","potions_obtained":[{"floor":4.0,"key":"Energy Potion"},{"floor":7.0,"key":"PowerPotion"},{"floor":8.0,"key":"SpeedPotion"},{"floor":16.0,"key":"Block Potion"},{"floor":19.0,"key":"Explosive Potion"}],"is_trial":false,"path_per_floor":["M","?","?","M","M","R","E","M","T","R","$","E","M","M","R","B",null,"M","M","$","M","M"],"character_chosen":"IRONCLAD","items_purchased":["Reaper","Dark Embrace+1","BlessingOfTheForge"],"campfire_rested":0,"item_purchase_floors":[20,20,20],"current_hp_per_floor":[76,74,67,64,69,69,34,39,39,39,39,32,38,30,30,34,64,54,39,39,29,0,0],"gold":83,"neow_bonus":"ONE_RARE_RELIC","is_daily":false,"chose_seed":false,"campfire_upgraded":3,"win_rate":0.0,"timestamp":1612579861,"path_taken":["M","?","?","M","M","R","E","M","T","R","$","E","M","M","R","BOSS","M","M","$","M","M"],"items_purchased_type":["Card","Card","Potion"],"build_version":"2020-12-22","purchased_purges":2,"victory":false,"max_hp_per_floor":[82,74,74,74,74,74,74,74,74,74,74,74,74,74,74,74,74,74,74,74,74,74,74],"relic_stats":{"Happy Flower":[10],"counters":[13,54],"Golden Idol":62,"obtain_stats":[{"SlaversCollar":17,"Happy Flower":12,"Golden Idol":2,"Mango":0,"Frozen Egg 2":9,"StrikeDummy":7,"Burning Blood":0},{"SlaversCollar":9,"Happy Flower":6,"Golden Idol":1,"Mango":0,"Frozen Egg 2":5,"StrikeDummy":4,"Burning Blood":0},{"SlaversCollar":35,"Happy Flower":24,"Golden Idol":4,"Mango":0,"Frozen Egg 2":21,"StrikeDummy":17,"Burning Blood":0}],"Burning Blood":72},"card_choices":[{"not_picked":["Headbutt","Havoc"],"picked":"Anger","floor":1.0},{"not_picked":["Armaments","Fire Breathing"],"picked":"Searing Blow","floor":4.0},{"not_picked":["Clash","Body Slam"],"picked":"True Grit","floor":5.0},{"not_picked":["Dark Embrace","Seeing Red"],"picked":"Pommel Strike","floor":7.0},{"not_picked":["Spot Weakness","Bloodletting"],"picked":"Pommel Strike","floor":8.0},{"not_picked":["Thunderclap","Warcry"],"picked":"Immolate","floor":12.0},{"not_picked":["Second Wind","Clash","Body Slam"],"picked":"SKIP","floor":13.0},{"not_picked":["Reckless Charge","Havoc","Infernal Blade"],"picked":"SKIP","floor":14.0},{"not_picked":["Bludgeon","Barricade+1"],"picked":"Brutality+1","floor":16.0},{"not_picked":["Perfected Strike","Burning Pact"],"picked":"Armaments","floor":18.0},{"not_picked":["Heavy Blade","Whirlwind+1"],"picked":"Ghostly Armor","floor":19.0},{"not_picked":["Warcry","Headbutt"],"picked":"True Grit","floor":21.0}],"player_experience":791453,"relics_obtained":[{"floor":7.0,"key":"StrikeDummy"},{"floor":9.0,"key":"Frozen Egg 2"},{"floor":12.0,"key":"Happy Flower"}],"event_choices":[{"damage_healed":0.0,"max_hp_gain":0.0,"max_hp_loss":8.0,"gold_gain":0.0,"event_name":"Golden Idol","player_choice":"Lose Max HP","floor":2.0,"gold_loss":0.0,"damage_taken":0.0,"relics_obtained":["Golden Idol"]},{"damage_healed":0.0,"max_hp_gain":0.0,"max_hp_loss":0.0,"gold_gain":50.0,"event_name":"FaceTrader","player_choice":"Touch","floor":3.0,"gold_loss":0.0,"damage_taken":7.0}],"is_beta":false,"boss_relics":[{"not_picked":["Fusion Hammer","Black Blood"],"picked":"SlaversCollar"}],"items_purged_floors":[11,20],"is_endless":false,"potions_floor_spawned":[4,7,8,16,19],"killed_by":"Shelled Parasite and Fungi","ascension_level":16}}