{"host":"miejrq8yypas90n2","time":1612590758,"event":{"mods":["100% Spire Juice","Act Like it!","BaseMod","Gensokyo","Marisa£®ÏF”Í°°ƒß¿Ì…≥£©","Minty Spire (QoL Compilation)","Reimu£®≤©¿ˆ¡È√Œ£©","StSLib"],"gold_per_floor":[116,130,130,151,176,176,219,219,246,246,15,15,15,48,48,143,143,162,7,7,21,21,64,64,99,99,143,143,143,179,179,179,179,275,275,305,305,305,305,325,325,225,225,269,348,388,338,338,338,362,362,362,362],"floor_reached":52,"language":"ZHS","playtime":1389,"items_purged":["Defend_P","Strike_P"],"score":1062,"play_id":"a089eae5-c246-40c2-b325-7312803641ed","local_time":"20210206135238","is_ascension_mode":true,"campfire_choices":[{"data":"Eruption","floor":6.0,"key":"SMITH"},{"data":"WheelKick","floor":10.0,"key":"SMITH"},{"floor":12.0,"key":"REST"},{"data":"ChargeUpSpray","floor":15.0,"key":"SMITH"},{"floor":24.0,"key":"RECALL"},{"data":"Omniscience","floor":28.0,"key":"SMITH"},{"data":"InnerPeace","floor":32.0,"key":"SMITH"},{"data":"Gensokyo:LifeSpringInfinity","floor":33.0,"key":"SMITH"},{"data":"WitchLeyline","floor":41.0,"key":"SMITH"},{"data":"Vigilance","floor":43.0,"key":"SMITH"},{"data":"Strike_P","floor":49.0,"key":"SMITH"},{"data":"Defend_P","floor":51.0,"key":"SMITH"}],"circlet_count":0,"master_deck":["AscendersBane","Strike_P+1","Strike_P+1","Strike_P+1","Defend_P+1","Defend_P+1","Defend_P+1","Eruption+1","Vigilance+1","WheelKick+1","ChargeUpSpray+1","Gensokyo:LifeSpringInfinity+1","Conclude+1","Clumsy","InnerPeace+1","Omniscience+1","WitchLeyline+1"],"relics":["PureWater","NeowsBlessing","Golden Idol","Art of War","Oddly Smooth Stone","PrismaticShard","Lantern","Black Star","NeowsBlessing","Orichalcum","Gensokyo:NagashiBinaDoll","Juzu Bracelet","Omamori","Akabeko","Yang","Bag of Marbles","Ancient Tea Set","Ginger","Pear","Strawberry","White Beast Statue","Gensokyo:LunaticRedEyes","Calling Bell","CeramicFish","Letter Opener","Torii","Gensokyo:RedStar","Mercury Hourglass","Mummified Hand","Regal Pillow","Bottled Flame","War Paint","Darkstone Periapt","Gensokyo:ConquerorOfFear"],"acts_visited":["Gensokyo:Gensokyo","Gensokyo:Gensokyoer"],"potions_floor_usage":[],"damage_taken":[{"damage":0.0,"enemies":"Jaw Worm","floor":1.0,"turns":1.0},{"damage":0.0,"enemies":"Small Slimes","floor":2.0,"turns":4.0},{"damage":0.0,"enemies":"2 Louse","floor":4.0,"turns":1.0},{"damage":6.0,"enemies":"Blue Slaver","floor":5.0,"turns":5.0},{"damage":0.0,"enemies":"3 Sentries","floor":7.0,"turns":3.0},{"damage":27.0,"enemies":"Gremlin Nob","floor":14.0,"turns":3.0},{"damage":0.0,"enemies":"Slime Boss","floor":16.0,"turns":4.0},{"damage":0.0,"enemies":"Gensokyo:2_Kodama","floor":18.0,"turns":1.0},{"damage":0.0,"enemies":"Gensokyo:Python","floor":21.0,"turns":1.0},{"damage":0.0,"enemies":"Gensokyo:Mamizou","floor":23.0,"turns":1.0},{"damage":13.0,"enemies":"Gensokyo:Cirno","floor":25.0,"turns":5.0},{"damage":0.0,"enemies":"Gensokyo:Mamizou","floor":27.0,"turns":5.0},{"damage":0.0,"enemies":"Gensokyo:Cirno","floor":30.0,"turns":4.0},{"damage":12.0,"enemies":"Gensokyo:Reimu","floor":34.0,"turns":7.0},{"damage":0.0,"enemies":"Gensokyo:Chomper","floor":36.0,"turns":1.0},{"damage":0.0,"enemies":"Gensokyo:AngelMirror","floor":40.0,"turns":1.0},{"damage":0.0,"enemies":"Gensokyo:Reisen","floor":44.0,"turns":1.0},{"damage":0.0,"enemies":"Gensokyo:Tenshi","floor":46.0,"turns":1.0},{"damage":0.0,"enemies":"Gensokyo:Monolith_and_Dog","floor":50.0,"turns":1.0},{"damage":78,"enemies":"Gensokyo:Eternal_Rivals","floor":52,"turns":7}],"seed_played":"-7215540096172641352","potions_obtained":[{"floor":5.0,"key":"LiquidBronze"},{"floor":7.0,"key":"SpeedPotion"},{"floor":18.0,"key":"Swift Potion"},{"floor":34.0,"key":"EntropicBrew"},{"floor":36.0,"key":"SmokeBomb"},{"floor":44.0,"key":"DuplicationPotion"}],"is_trial":false,"path_per_floor":["M","M","?","M","M","R","E","?","T","R","$","R","$","E","R","B",null,"M","$","?","M","?","E","R","E","T","E","R","?","E","?","R","R","B",null,"M","?","?","T","M","R","$","R","E","T","E","?","?","R","M","R","B"],"character_chosen":"WATCHER","items_purchased":["PrismaticShard","Orichalcum"],"campfire_rested":1,"item_purchase_floors":[11,19],"current_hp_per_floor":[61,61,44,44,38,38,38,24,24,24,24,44,44,17,17,17,55,55,55,55,55,55,55,55,42,42,42,42,37,44,44,44,44,32,72,72,72,72,72,72,72,72,72,72,72,72,79,79,79,79,79,0,0],"gold":362,"neow_bonus":"THREE_ENEMY_KILL","is_daily":false,"chose_seed":false,"campfire_upgraded":10,"win_rate":0.0,"timestamp":1612590758,"path_taken":["M","M","?","M","M","R","E","?","T","R","$","R","$","E","R","BOSS","M","$","?","M","?","E","R","E","T","E","R","?","E","?","R","R","BOSS","M","?","?","?","M","R","$","R","E","T","E","?","?","R","M","R","BOSS"],"items_purchased_type":["Relic","Relic"],"build_version":"2020-12-22","purchased_purges":2,"victory":false,"max_hp_per_floor":[68,68,68,68,68,68,68,68,68,68,68,68,68,68,68,68,68,68,68,68,68,68,68,68,68,68,68,68,78,85,85,85,85,85,85,85,85,85,85,85,85,85,85,85,85,85,92,92,92,92,92,46,46],"card_choices":[{"not_picked":["SashWhip","JustLucky","PathToVictory"],"picked":"SKIP","floor":1.0},{"not_picked":["ClearTheMind","Prostrate"],"picked":"WheelKick","floor":2.0},{"not_picked":["FlurryOfBlows","ForeignInfluence","Halt"],"picked":"SKIP","floor":4.0},{"not_picked":["Crescendo","Prostrate","EmptyBody"],"picked":"SKIP","floor":5.0},{"not_picked":["SashWhip","FlyingSleeves","Nirvana"],"picked":"SKIP","floor":7.0},{"not_picked":["Vault","PiercingWail"],"picked":"ChargeUpSpray","floor":14.0},{"not_picked":["Moonworks:Wanted","Determination:ReiMu"],"picked":"Gensokyo:LifeSpringInfinity","floor":16.0},{"not_picked":["FlyingSleeves","Deadly Poison","Go for the Eyes"],"picked":"SKIP","floor":18.0},{"not_picked":["Capacitor","Coolheaded","FollowUp"],"picked":"SKIP","floor":21.0},{"not_picked":["Bane","GravityBeat","FollowUp"],"picked":"SKIP","floor":23.0},{"not_picked":["Moonworks:BindingChains","Moonworks:ImOnFire"],"picked":"InnerPeace","floor":25.0},{"not_picked":["Reprogram","Fission"],"picked":"Omniscience","floor":27.0},{"not_picked":["Study","WindmillStrike","Go for the Eyes"],"picked":"SKIP","floor":30.0},{"not_picked":["PassingAway:ReiMu","Sever Soul"],"picked":"WitchLeyline","floor":36.0},{"not_picked":["Moonworks:CompletionReward","Dark Shackles","EnergyRecoil"],"picked":"SKIP","floor":40.0},{"not_picked":["FairyDestructionRay","Grand Finale","Warcry"],"picked":"SKIP","floor":44.0},{"not_picked":["SealNeedle:ReiMu","Magnetism","Armaments+1"],"picked":"SKIP","floor":46.0},{"not_picked":["GravityBeat","Reckless Charge+1","Prostrate"],"picked":"SKIP","floor":50.0}],"player_experience":357621,"relics_obtained":[{"floor":7.0,"key":"Art of War"},{"floor":9.0,"key":"Oddly Smooth Stone"},{"floor":14.0,"key":"Lantern"},{"floor":23.0,"key":"Juzu Bracelet"},{"floor":23.0,"key":"Omamori"},{"floor":25.0,"key":"Akabeko"},{"floor":25.0,"key":"Yang"},{"floor":26.0,"key":"Bag of Marbles"},{"floor":27.0,"key":"Ancient Tea Set"},{"floor":27.0,"key":"Ginger"},{"floor":30.0,"key":"Strawberry"},{"floor":30.0,"key":"White Beast Statue"},{"floor":35.0,"key":"CeramicFish"},{"floor":35.0,"key":"Letter Opener"},{"floor":35.0,"key":"Torii"},{"floor":39.0,"key":"Mercury Hourglass"},{"floor":44.0,"key":"Mummified Hand"},{"floor":44.0,"key":"Regal Pillow"},{"floor":45.0,"key":"Bottled Flame"},{"floor":46.0,"key":"War Paint"},{"floor":46.0,"key":"Darkstone Periapt"},{"floor":50.0,"key":"Gensokyo:ConquerorOfFear"}],"event_choices":[{"damage_healed":0.0,"max_hp_gain":0.0,"max_hp_loss":0.0,"gold_gain":0.0,"event_name":"Golden Idol","player_choice":"Take Damage","floor":3.0,"gold_loss":0.0,"damage_taken":17.0,"relics_obtained":["Golden Idol"]},{"damage_healed":0.0,"max_hp_gain":0.0,"max_hp_loss":0.0,"gold_gain":0.0,"event_name":"Shining Light","player_choice":"Entered Light","floor":8.0,"gold_loss":0.0,"damage_taken":14.0,"cards_upgraded":["Strike_P","Strike_P"]}],"is_beta":false,"boss_relics":[{"not_picked":["SlaversCollar","Tiny House"],"picked":"Black Star"},{"not_picked":["Snecko Eye","Coffee Dripper"],"picked":"Calling Bell"}],"items_purged_floors":[11,42],"is_endless":false,"potions_floor_spawned":[5,7,18,25,27,34,36,40,44,46,50],"killed_by":"Gensokyo:Eternal_Rivals","ascension_level":14}}