{"host":"x000krxjblg8jdg4","time":1612577487,"event":{"mods":["BaseMod","Downfall","Hermit","Minty Spire (QoL Compilation)","StSLib","The Cursed","The Runesmith","The Servant 0.9.4"],"gold_per_floor":[109,122,140,159,172,198,214,214,214,228,65,97,97,97,97,201,201,214,226,76,76,92,121,121,121],"floor_reached":24,"language":"ENG","playtime":1107,"items_purged":[],"score":280,"play_id":"2472bf6f-7a24-44c1-a0b1-0d3fa05c10cb","local_time":"20210206001127","is_ascension_mode":false,"campfire_choices":[{"floor":8,"key":"REST"},{"floor":13,"key":"REST"},{"floor":15,"key":"REST"}],"circlet_count":0,"master_deck":["Strike_R","Strike_R","Strike_R","Strike_R","Strike_R","Defend_R","Defend_R","Defend_R","Defend_R","Bash","Thunderclap","Iron Wave","Pummel","Sword Boomerang","Flex","Limit Break","Perfected Strike","Clash","Seeing Red","Dropkick","Jack Of All Trades","Shrug It Off","Rage","Clash","Bludgeon","Uppercut","Clothesline","Rampage","Shrug It Off","Flex","Blood for Blood","Rampage","Demon Form"],"relics":["Burning Blood","Anchor","Dream Catcher","Torii","Regal Pillow","Shuriken","Philosopher\u0027s Stone","FossilizedHelix"],"acts_visited":["Exordium","TheCity"],"potions_floor_usage":[23],"damage_taken":[{"damage":1,"enemies":"Cultist","floor":1,"turns":3},{"damage":0,"enemies":"Small Slimes","floor":2,"turns":4},{"damage":1,"enemies":"Jaw Worm","floor":3,"turns":3},{"damage":0,"enemies":"2 Fungi Beasts","floor":4,"turns":3},{"damage":16,"enemies":"Exordium Thugs","floor":5,"turns":6},{"damage":22,"enemies":"Gremlin Nob","floor":6,"turns":4},{"damage":8,"enemies":"Red Slaver","floor":7,"turns":3},{"damage":0,"enemies":"Exordium Wildlife","floor":10,"turns":3},{"damage":38,"enemies":"Lagavulin","floor":12,"turns":8},{"damage":0,"enemies":"Slime Boss","floor":16,"turns":5},{"damage":1,"enemies":"Chosen","floor":18,"turns":4},{"damage":10,"enemies":"3 Byrds","floor":19,"turns":6},{"damage":30,"enemies":"Snake Plant","floor":22,"turns":5},{"damage":31,"enemies":"Gremlin Leader","floor":23,"turns":7},{"damage":28,"enemies":"Shelled Parasite and Fungi","floor":24,"turns":2}],"seed_played":"8418936375006815059","potions_obtained":[{"floor":5,"key":"SteroidPotion"},{"floor":10,"key":"Energy Potion"},{"floor":16,"key":"Weak Potion"},{"floor":22,"key":"Energy Potion"}],"is_trial":false,"path_per_floor":["M","M","M","M","M","E","M","R","T","M","$","E","R","?","R","B",null,"M","M","$","?","M","E","M"],"character_chosen":"IRONCLAD","items_purchased":["Dropkick","Jack Of All Trades","Rampage","Shrug It Off","Flex"],"campfire_rested":3,"item_purchase_floors":[11,11,20,20,20],"current_hp_per_floor":[80,80,80,80,70,54,52,76,76,80,80,48,80,47,80,80,80,80,76,76,76,52,27,0,0],"gold":121,"neow_bonus":"RANDOM_COMMON_RELIC","is_daily":false,"chose_seed":false,"campfire_upgraded":0,"win_rate":0.0,"timestamp":1612577487,"path_taken":["M","M","M","M","M","E","M","R","T","?","$","E","R","?","R","BOSS","M","M","$","?","M","E","M"],"items_purchased_type":["Card","Card","Card","Card","Card"],"build_version":"2020-12-22","purchased_purges":0,"victory":false,"max_hp_per_floor":[80,80,80,80,80,80,80,80,80,80,80,80,80,80,80,80,80,80,80,80,80,80,80,80,80],"card_choices":[{"not_picked":["Twin Strike","Sword Boomerang"],"picked":"Thunderclap","floor":1},{"not_picked":["Clothesline","Battle Trance"],"picked":"Iron Wave","floor":2},{"not_picked":["Warcry","Carnage"],"picked":"Pummel","floor":3},{"not_picked":["Armaments","True Grit"],"picked":"Sword Boomerang","floor":4},{"not_picked":["Reckless Charge","Seeing Red"],"picked":"Flex","floor":5},{"not_picked":["Thunderclap","Seeing Red"],"picked":"Limit Break","floor":6},{"not_picked":["Bloodletting","Twin Strike"],"picked":"Perfected Strike","floor":7},{"not_picked":["Dropkick","Headbutt"],"picked":"Clash","floor":8},{"not_picked":["Thunderclap","Shockwave"],"picked":"Seeing Red","floor":10},{"not_picked":["Dark Embrace","Feel No Pain"],"picked":"Shrug It Off","floor":12},{"not_picked":["Twin Strike","Sword Boomerang"],"picked":"Rage","floor":13},{"not_picked":["Carnage","Spot Weakness"],"picked":"Clash","floor":15},{"not_picked":["Double Tap","Offering"],"picked":"Bludgeon","floor":16},{"not_picked":["Combust","Clash"],"picked":"Uppercut","floor":18},{"not_picked":["Hemokinesis","Thunderclap"],"picked":"Clothesline","floor":19},{"not_picked":["Bloodletting","Power Through"],"picked":"Rampage","floor":22},{"not_picked":["Fiend Fire","Juggernaut"],"picked":"Demon Form","floor":23}],"player_experience":56043,"relics_obtained":[{"floor":6,"key":"Dream Catcher"},{"floor":9,"key":"Torii"},{"floor":12,"key":"Regal Pillow"},{"floor":23,"key":"FossilizedHelix"}],"event_choices":[{"damage_healed":0,"gold_gain":0,"player_choice":"Success","damage_taken":33,"relics_obtained":["Shuriken"],"max_hp_gain":0,"max_hp_loss":0,"event_name":"Scrap Ooze","floor":14,"gold_loss":0},{"damage_healed":0,"gold_gain":0,"player_choice":"Read","damage_taken":0,"max_hp_gain":0,"max_hp_loss":0,"event_name":"The Library","floor":21,"gold_loss":0,"cards_obtained":["Blood for Blood"]}],"is_beta":false,"boss_relics":[{"not_picked":["Astrolabe","Cursed Key"],"picked":"Philosopher\u0027s Stone"}],"items_purged_floors":[],"is_endless":false,"potions_floor_spawned":[5,10,16,19,22],"killed_by":"Shelled Parasite and Fungi","ascension_level":0}}