{"host":"sav7uxregyirlf69","time":1612594198,"event":{"mods":["AchievementEnabler","BaseMod","Colored Map","DeckTracker","Keyboard Shortcuts","Minty Spire (QoL Compilation)","READ ME - Guardian Mod","StSLib","SuperFastMode"],"gold_per_floor":[112,127,144,162,237,263,263,263,334,334,355,355,111,124,124,217,217,230,230,244,244,260,293,307,320,320,320,96,96,111,11,11,100,100,116,137,137,137,156,177,177,218,218,232,232,232,232,232,232],"floor_reached":48,"language":"KOR","playtime":961,"items_purged":["Defend_G","Strike_G"],"score":968,"play_id":"3bc16264-77e3-4b70-80a1-8d52e201cd8d","local_time":"20210206154958","is_ascension_mode":true,"campfire_choices":[{"data":"Deadly Poison","floor":8,"key":"SMITH"},{"data":"Neutralize","floor":12,"key":"SMITH"},{"data":"Footwork","floor":15,"key":"SMITH"},{"floor":27,"key":"REST"},{"data":"Blade Dance","floor":29,"key":"SMITH"},{"data":"Accuracy","floor":32,"key":"SMITH"},{"floor":41,"key":"REST"},{"floor":45,"key":"REST"},{"data":"Blur","floor":47,"key":"SMITH"}],"circlet_count":0,"master_deck":["AscendersBane","Strike_G","Defend_G","Defend_G","Defend_G","Survivor","Neutralize+1","Blur+1","Backstab+1","Deadly Poison+1","Footwork+1","Burst+1","Riddle With Holes+1","Blade Dance+1","Backflip","Accuracy+1","Blade Dance","Flash of Steel+1","PiercingWail"],"relics":["Ring of the Snake","NeowsBlessing","Unceasing Top","Golden Idol","Shuriken","Bronze Scales","Astrolabe","MutagenicStrength","Regal Pillow","Ginger","TheAbacus","Black Star","MealTicket","Whetstone"],"acts_visited":["Exordium","TheCity","TheBeyond"],"potions_floor_usage":[6,6,14,16,23,25,33,39,42],"damage_taken":[{"damage":0,"enemies":"Jaw Worm","floor":1,"turns":1},{"damage":0,"enemies":"2 Louse","floor":2,"turns":1},{"damage":0,"enemies":"Cultist","floor":3,"turns":1},{"damage":10,"enemies":"3 Louse","floor":4,"turns":4},{"damage":12,"enemies":"Lagavulin","floor":6,"turns":5},{"damage":5,"enemies":"Large Slime","floor":11,"turns":8},{"damage":10,"enemies":"Gremlin Gang","floor":14,"turns":4},{"damage":4,"enemies":"Hexaghost","floor":16,"turns":9},{"damage":0,"enemies":"Shell Parasite","floor":18,"turns":3},{"damage":0,"enemies":"Chosen","floor":20,"turns":2},{"damage":14,"enemies":"Centurion and Healer","floor":22,"turns":6},{"damage":29,"enemies":"Slavers","floor":23,"turns":6},{"damage":5,"enemies":"Snecko","floor":24,"turns":5},{"damage":11,"enemies":"3 Cultists","floor":25,"turns":5},{"damage":15,"enemies":"Centurion and Healer","floor":30,"turns":5},{"damage":15,"enemies":"Automaton","floor":33,"turns":5},{"damage":8,"enemies":"3 Shapes","floor":35,"turns":8},{"damage":0,"enemies":"Orb Walker","floor":36,"turns":2},{"damage":21,"enemies":"Transient","floor":39,"turns":6},{"damage":6,"enemies":"Sphere and 2 Shapes","floor":40,"turns":3},{"damage":13,"enemies":"Giant Head","floor":42,"turns":6},{"damage":17,"enemies":"Writhing Mass","floor":44,"turns":4},{"damage":105,"enemies":"Reptomancer","floor":48,"turns":4}],"seed_played":"6101153263886107210","potions_obtained":[{"floor":2,"key":"AttackPotion"},{"floor":4,"key":"Fire Potion"},{"floor":6,"key":"AttackPotion"},{"floor":11,"key":"Poison Potion"},{"floor":22,"key":"Fire Potion"},{"floor":24,"key":"AttackPotion"},{"floor":25,"key":"CunningPotion"},{"floor":33,"key":"SpeedPotion"},{"floor":35,"key":"Swift Potion"},{"floor":36,"key":"Block Potion"},{"floor":38,"key":"GhostInAJar"},{"floor":40,"key":"FairyPotion"},{"floor":44,"key":"Ancient Potion"}],"is_trial":false,"path_per_floor":["M","M","M","M","?","E","?","R","T","?","M","R","$","M","R","B",null,"M","?","M","?","M","E","M","M","T","R","$","R","M","$","R","B",null,"M","M","?","?","M","M","R","E","T","M","R","?","R","E"],"character_chosen":"THE_SILENT","items_purchased":["Bronze Scales","Blade Dance","TheAbacus"],"campfire_rested":3,"item_purchase_floors":[13,28,28],"current_hp_per_floor":[59,59,59,49,38,26,26,26,26,26,21,21,21,11,11,7,47,47,47,47,70,56,27,22,11,11,47,47,47,32,32,32,17,57,49,49,49,49,28,22,58,45,45,28,64,64,64,0,0],"gold":232,"neow_bonus":"THREE_ENEMY_KILL","is_daily":false,"chose_seed":false,"campfire_upgraded":6,"win_rate":0.0,"timestamp":1612594198,"path_taken":["M","M","M","M","?","E","?","R","T","?","?","R","$","M","R","BOSS","M","?","M","?","M","E","M","?","T","R","$","R","M","?","R","BOSS","M","M","?","?","M","?","R","E","T","M","R","?","R","E"],"items_purchased_type":["Relic","Card","Relic"],"build_version":"2020-12-22","purchased_purges":2,"victory":false,"max_hp_per_floor":[66,66,66,66,66,66,60,60,60,60,60,60,60,60,60,60,60,60,60,60,70,70,70,70,70,70,70,70,70,70,70,70,70,70,70,70,70,70,70,70,70,70,70,70,70,70,70,70,70],"card_choices":[{"not_picked":["Flying Knee","Dodge and Roll"],"picked":"Blur","floor":1},{"not_picked":["Dash","Sucker Punch"],"picked":"Backstab","floor":2},{"not_picked":["Backflip","Underhanded Strike","Bane"],"picked":"SKIP","floor":3},{"not_picked":["Blur","Sucker Punch"],"picked":"Deadly Poison","floor":4},{"not_picked":["Infinite Blades","Distraction","Riddle With Holes"],"picked":"SKIP","floor":6},{"not_picked":["Finisher","Bouncing Flask","Deflect"],"picked":"SKIP","floor":11},{"not_picked":["Poisoned Stab","Choke"],"picked":"Footwork","floor":14},{"not_picked":["Storm of Steel","Malaise"],"picked":"Adrenaline","floor":16},{"not_picked":["Acrobatics+1","Backflip+1"],"picked":"Blade Dance","floor":18},{"not_picked":["Setup","Flying Knee","Masterful Stab"],"picked":"SKIP","floor":20},{"not_picked":["Outmaneuver","Catalyst+1"],"picked":"Backflip","floor":22},{"not_picked":["Well Laid Plans","Die Die Die"],"picked":"Accuracy","floor":23},{"not_picked":["Acrobatics+1","Poisoned Stab","Dodge and Roll"],"picked":"SKIP","floor":24},{"not_picked":["Slice","Leg Sweep","Flying Knee"],"picked":"SKIP","floor":25},{"not_picked":["Dagger Spray","Masterful Stab","Catalyst"],"picked":"SKIP","floor":30},{"not_picked":["Dagger Spray","Bane+1","Catalyst+1"],"picked":"SKIP","floor":35},{"not_picked":["Prepared","Flying Knee","Quick Slash"],"picked":"SKIP","floor":36},{"not_picked":["Blind","Thinking Ahead"],"picked":"Flash of Steel","floor":37},{"not_picked":["All Out Attack","Slice","Terror"],"picked":"SKIP","floor":39},{"not_picked":["Outmaneuver","Flying Knee+1","Poisoned Stab"],"picked":"SKIP","floor":40},{"not_picked":["Sucker Punch+1","Dagger Throw+1","Crippling Poison"],"picked":"SKIP","floor":42},{"not_picked":["Leg Sweep","Poisoned Stab+1"],"picked":"PiercingWail","floor":44}],"player_experience":1505501,"relics_obtained":[{"floor":6,"key":"Unceasing Top"},{"floor":9,"key":"Shuriken"},{"floor":23,"key":"Regal Pillow"},{"floor":26,"key":"Ginger"},{"floor":42,"key":"MealTicket"},{"floor":42,"key":"Whetstone"}],"event_choices":[{"damage_healed":0,"gold_gain":75,"player_choice":"Gather Gold","damage_taken":11,"max_hp_gain":0,"max_hp_loss":0,"event_name":"World of Goop","floor":5,"gold_loss":0},{"damage_healed":0,"gold_gain":0,"player_choice":"Lose Max HP","damage_taken":0,"relics_obtained":["Golden Idol"],"max_hp_gain":0,"max_hp_loss":6,"event_name":"Golden Idol","floor":7,"gold_loss":0},{"cards_removed":["Strike_G"],"damage_healed":0,"gold_gain":0,"player_choice":"Purged","damage_taken":0,"max_hp_gain":0,"max_hp_loss":0,"event_name":"Purifier","floor":10,"gold_loss":0},{"damage_healed":0,"gold_gain":0,"player_choice":"Inject Mutagens","damage_taken":0,"relics_obtained":["MutagenicStrength"],"max_hp_gain":0,"max_hp_loss":0,"event_name":"Drug Dealer","floor":19,"gold_loss":0},{"cards_removed":["Adrenaline"],"damage_healed":13,"gold_gain":0,"player_choice":"Offered Rare","damage_taken":0,"max_hp_gain":10,"max_hp_loss":0,"event_name":"Bonfire Elementals","floor":21,"gold_loss":0},{"damage_healed":0,"gold_gain":0,"player_choice":"Memory 1","damage_taken":0,"max_hp_gain":0,"max_hp_loss":0,"event_name":"SensoryStone","floor":37,"gold_loss":0},{"damage_healed":0,"gold_gain":0,"player_choice":"Got Potions","damage_taken":0,"max_hp_gain":0,"max_hp_loss":0,"event_name":"Lab","floor":38,"gold_loss":0},{"cards_removed":["Finisher"],"damage_healed":0,"gold_gain":0,"player_choice":"Removed Attack","damage_taken":0,"max_hp_gain":0,"max_hp_loss":0,"event_name":"Falling","floor":46,"gold_loss":0}],"is_beta":false,"boss_relics":[{"not_picked":["Fusion Hammer","Snecko Eye"],"picked":"Astrolabe"},{"not_picked":["Calling Bell","HoveringKite"],"picked":"Black Star"}],"items_purged_floors":[13,31],"is_endless":false,"potions_floor_spawned":[2,4,6,11,22,24,25,33,35,36,40,44],"killed_by":"Reptomancer","ascension_level":20}}