{"host":"5h6e4l6hpn0p5lap","time":1612579388,"event":{"mods":["AchievementEnabler","BaseMod","Better Altar","Better Match","Better Sensory Stone","Better Skull","Better Third Choice","Colored Map","Filter the Spire","Minty Spire (QoL Compilation)","StSLib"],"gold_per_floor":[119,119,131,148,164,164,197,197,277,50,112,112,132,157,157,254,304,320,320,346,358,122,122,154,154,179,199,211,161,180,192,192,291,291,304,304,315,331,350,350,360,360,360],"floor_reached":42,"language":"ENG","playtime":1975,"items_purged":["Defend_P","Defend_P+1"],"score":457,"play_id":"9007e37f-6c61-48ad-8f73-0996860346c3","local_time":"20210205214308","is_ascension_mode":false,"campfire_choices":[{"data":"EmptyBody","floor":6,"key":"SMITH"},{"data":"Consecrate","floor":8,"key":"SMITH"},{"floor":15,"key":"REST"},{"data":"Tantrum","floor":23,"key":"SMITH"},{"data":"Vault","floor":25,"key":"SMITH"},{"floor":32,"key":"REST"},{"floor":40,"key":"RECALL"}],"circlet_count":0,"master_deck":["Strike_P+1","Strike_P+1","Strike_P+1","Strike_P+1","Defend_P+1","Eruption","Vigilance","The Bomb","ClearTheMind","BattleHymn","Prostrate+1","EmptyBody+1","Consecrate+1","FlyingSleeves","Tantrum+1","Crescendo","DeceiveReality","Scrawl","Conclude","EmptyFist","Vault+1","Wallop","CutThroughFate","MentalFortress","Evaluate","FollowUp+1","Establishment","Protect","CutThroughFate","Scrawl","Prostrate+1","WheelKick","ThirdEye+1"],"relics":["PureWater","Ice Cream","PreservedInsect","Nunchaku","Meat on the Bone","Dream Catcher","Tiny House","Red Mask","Bottled Lightning","Bronze Scales","Sozu"],"acts_visited":["Exordium","TheCity","TheBeyond"],"potions_floor_usage":[7,7,11,20,24,33,35,41],"damage_taken":[{"damage":1,"enemies":"Jaw Worm","floor":1,"turns":3},{"damage":1,"enemies":"Cultist","floor":3,"turns":3},{"damage":0,"enemies":"Small Slimes","floor":4,"turns":3},{"damage":8,"enemies":"3 Louse","floor":5,"turns":4},{"damage":3,"enemies":"Gremlin Nob","floor":7,"turns":3},{"damage":14,"enemies":"3 Sentries","floor":11,"turns":4},{"damage":13,"enemies":"Lots of Slimes","floor":13,"turns":3},{"damage":0,"enemies":"Lagavulin","floor":14,"turns":3},{"damage":24,"enemies":"Hexaghost","floor":16,"turns":8},{"damage":2,"enemies":"Chosen","floor":18,"turns":3},{"damage":5,"enemies":"Masked Bandits","floor":20,"turns":3},{"damage":0,"enemies":"3 Byrds","floor":21,"turns":3},{"damage":9,"enemies":"Book of Stabbing","floor":24,"turns":4},{"damage":0,"enemies":"Snake Plant","floor":27,"turns":3},{"damage":5,"enemies":"Centurion and Healer","floor":28,"turns":3},{"damage":4,"enemies":"Snecko","floor":30,"turns":4},{"damage":8,"enemies":"Cultist and Chosen","floor":31,"turns":3},{"damage":7,"enemies":"Champ","floor":33,"turns":9},{"damage":6,"enemies":"3 Shapes","floor":35,"turns":4},{"damage":0,"enemies":"Orb Walker","floor":37,"turns":3},{"damage":24,"enemies":"Spire Growth","floor":38,"turns":4},{"damage":0,"enemies":"3 Darklings","floor":39,"turns":3},{"damage":11,"enemies":"4 Shapes","floor":41,"turns":4},{"damage":43,"enemies":"Nemesis","floor":42,"turns":3}],"seed_played":"-5535105161719355560","potions_obtained":[{"floor":3,"key":"BlessingOfTheForge"},{"floor":4,"key":"Fire Potion"},{"floor":7,"key":"PowerPotion"},{"floor":14,"key":"ColorlessPotion"},{"floor":17,"key":"ColorlessPotion"},{"floor":21,"key":"LiquidMemories"},{"floor":28,"key":"DistilledChaos"},{"floor":31,"key":"Explosive Potion"},{"floor":33,"key":"PowerPotion"}],"is_trial":false,"path_per_floor":["M","?","M","M","M","R","E","R","T","$","?","T","M","E","R","B",null,"M","?","?","M","$","R","E","R","T","M","M","?","M","M","R","B",null,"M","?","M","M","M","R","M","E"],"character_chosen":"WATCHER","items_purchased":["PreservedInsect","CutThroughFate","MentalFortress","FearPotion"],"campfire_rested":2,"item_purchase_floors":[10,22,22,22],"current_hp_per_floor":[64,64,63,63,55,55,52,52,52,52,38,38,37,37,56,44,70,68,68,63,63,63,63,54,54,54,54,49,49,45,37,58,51,70,64,64,64,40,40,40,41,0,0],"gold":360,"neow_bonus":"RANDOM_COLORLESS_2","is_daily":false,"chose_seed":false,"campfire_upgraded":4,"win_rate":0.0,"timestamp":1612579388,"path_taken":["M","?","M","M","?","R","E","R","T","?","?","?","M","E","R","BOSS","M","?","?","M","$","R","E","R","T","M","M","?","M","?","R","BOSS","M","?","M","M","M","R","M","E"],"items_purchased_type":["Relic","Card","Card","Potion"],"build_version":"2020-12-22","purchased_purges":2,"victory":false,"max_hp_per_floor":[65,65,65,65,65,65,65,65,65,65,65,65,65,65,65,65,70,70,70,70,70,70,70,70,70,70,70,70,70,70,70,70,70,70,70,70,70,70,70,70,70,70,70],"card_choices":[{"not_picked":["Mayhem","Secret Weapon"],"picked":"The Bomb","floor":0},{"not_picked":["Crescendo","WindmillStrike"],"picked":"ClearTheMind","floor":1},{"not_picked":["EmptyBody","FollowUp"],"picked":"BattleHymn","floor":3},{"not_picked":["Consecrate","Omniscience"],"picked":"Prostrate","floor":4},{"not_picked":["Consecrate","Wireheading"],"picked":"EmptyBody","floor":5},{"not_picked":["Pray","ClearTheMind"],"picked":"Consecrate","floor":7},{"not_picked":["LikeWater","ClearTheMind"],"picked":"FlyingSleeves","floor":11},{"not_picked":["Collect","SashWhip"],"picked":"Tantrum","floor":13},{"not_picked":["WindmillStrike","Evaluate"],"picked":"Crescendo","floor":14},{"not_picked":["Evaluate","FlyingSleeves"],"picked":"DeceiveReality","floor":15},{"not_picked":["Blasphemy","DevaForm"],"picked":"Scrawl","floor":16},{"not_picked":["BowlingBash","CrushJoints"],"picked":"Conclude","floor":17},{"not_picked":["Collect","FearNoEvil"],"picked":"EmptyFist","floor":18},{"not_picked":["Conclude","Study"],"picked":"Vault","floor":20},{"not_picked":["Swivel","ThirdEye+1"],"picked":"Wallop","floor":21},{"not_picked":["SashWhip","ClearTheMind","Wallop"],"picked":"SKIP","floor":24},{"not_picked":["Collect","FlurryOfBlows"],"picked":"Evaluate","floor":27},{"not_picked":["Conclude","FlyingSleeves+1"],"picked":"FollowUp+1","floor":28},{"not_picked":["Consecrate+1","FlyingSleeves"],"picked":"Establishment","floor":30},{"not_picked":["Prostrate","EmptyFist"],"picked":"Protect","floor":31},{"not_picked":["Perseverance+1","ClearTheMind"],"picked":"CutThroughFate","floor":32},{"not_picked":["Devotion","Alpha"],"picked":"Scrawl","floor":33},{"not_picked":["PathToVictory","MentalFortress"],"picked":"Prostrate+1","floor":35},{"not_picked":["CrushJoints+1","FollowUp","Protect"],"picked":"SKIP","floor":37},{"not_picked":["InnerPeace","Crescendo+1"],"picked":"WheelKick","floor":38},{"not_picked":["FollowUp+1","Omniscience","FearNoEvil+1"],"picked":"SKIP","floor":39},{"not_picked":["SandsOfTime+1","WindmillStrike"],"picked":"ThirdEye+1","floor":41}],"player_experience":1062968,"relics_obtained":[{"floor":7,"key":"Ice Cream"},{"floor":11,"key":"Nunchaku"},{"floor":12,"key":"Meat on the Bone"},{"floor":14,"key":"Dream Catcher"},{"floor":20,"key":"Red Mask"},{"floor":24,"key":"Bottled Lightning"},{"floor":26,"key":"Bronze Scales"}],"event_choices":[{"cards_removed":["Defend_P"],"damage_healed":0,"gold_gain":0,"player_choice":"Purged","damage_taken":0,"max_hp_gain":0,"max_hp_loss":0,"event_name":"Purifier","floor":2,"gold_loss":0},{"damage_healed":0,"gold_gain":0,"player_choice":"Searched \u00271\u0027 times","damage_taken":0,"max_hp_gain":0,"max_hp_loss":0,"event_name":"Dead Adventurer","floor":11,"gold_loss":0},{"damage_healed":0,"gold_gain":0,"player_choice":"Simplicity","damage_taken":0,"max_hp_gain":0,"max_hp_loss":6,"event_name":"betterThird:BetterWriting","floor":19,"gold_loss":0},{"damage_healed":0,"gold_gain":0,"player_choice":"Fought Bandits","damage_taken":0,"max_hp_gain":0,"max_hp_loss":0,"event_name":"Masked Bandits","floor":20,"gold_loss":0},{"damage_healed":0,"gold_gain":0,"player_choice":"Bet on Owner","damage_taken":0,"max_hp_gain":0,"max_hp_loss":0,"event_name":"The Joust","floor":29,"gold_loss":50},{"damage_healed":0,"gold_gain":0,"player_choice":"Ignored","damage_taken":0,"max_hp_gain":0,"max_hp_loss":0,"event_name":"NoteForYourself","floor":36,"gold_loss":0}],"is_beta":false,"boss_relics":[{"not_picked":["Velvet Choker","Coffee Dripper"],"picked":"Tiny House"},{"not_picked":["Astrolabe","Runic Dome"],"picked":"Sozu"}],"items_purged_floors":[10,22],"is_endless":false,"potions_floor_spawned":[3,4,7,14,21,28,31,33,39,41],"killed_by":"Nemesis","ascension_level":0}}