{"host":"j4nfyhit1dl35m08","time":1612583003,"event":{"mods":["BaseMod","Downfall","Highlight Path","Minty Spire (QoL Compilation)","StSLib"],"gold_per_floor":[99,116,129,149,13,13,13,13,31,48,48,83,83,110,138,243,243,243,266,280,49,72,113,139,179,215,231,249,249,285,285,307,415,415,415,436,436,461,14,51,105,130,151,167,67,126,163,163,178,178],"floor_reached":51,"language":"ENG","playtime":6712,"items_purged":["Parasite"],"score":1290,"play_id":"8a8614c5-efb9-4ead-aa8d-eaee05a10754","local_time":"20210205214323","is_ascension_mode":true,"campfire_choices":[{"data":"bronze:Goto","floor":1.0,"key":"SMITH"},{"floor":13.0,"key":"REST"},{"data":"bronze:Fortify","floor":18,"key":"SMITH"},{"data":"bronze:Optimize","floor":35,"key":"SMITH"},{"data":"bronze:ThunderWave","floor":45,"key":"SMITH"}],"circlet_count":0,"master_deck":["bronze:Replicate","bronze:Goto+1","bronze:Refactor","bronze:ForceShield","bronze:Mutator","bronze:InfiniteBeams","bronze:Flail","bronze:ClassDefault","bronze:DelayedGuard","bronze:ChosenStrike","bronze:FollowUp","bronze:Fortify+1","bronze:Constructor","bronze:Frontload","CurseOfTheBell","CurseOfTheBell","bronze:Format","bronze:Deprecate","bronze:SpaghettiCode","bronze:Frontload","bronze:Optimize+1","bronze:Overheat+1","bronze:Frontload+1","bronze:DigitalCarnage","bronze:Safeguard+1","bronze:ItsAFeature","bronze:ThunderWave+1","bronze:Branch+1","bronze:Terminator+1","bronze:Overheat+1","bronze:ThunderWave","bronze:Repair+1","bronze:Frontload+1","bronze:Frontload+1","bronze:Repulsor","bronze:FineTuning+1","bronze:Repulsor","bronze:Shell+1","bronze:FollowUp+1","bronze:MaxOutput+1"],"relics":["Pandora\u0027s Box","HornCleat","Strawberry","downfall:ExtraCursedBell","CeramicFish","Mummified Hand","Ginger","Letter Opener","Snecko Eye","Lantern","Centennial Puzzle","Toxic Egg 2","Ornamental Fan","bronze:MakeshiftBattery","Lee\u0027s Waffle","Regal Pillow","Potion Belt","Whetstone","downfall:HeartBlessingBlue","Shovel","Gremlin Horn"],"acts_visited":["Exordium","TheCity","TheBeyond"],"potions_floor_usage":[23,33,33,33,49,50,50],"damage_taken":[{"damage":0.0,"enemies":"Cultist","floor":2.0,"turns":3.0},{"damage":7.0,"enemies":"2 Louse","floor":3.0,"turns":2.0},{"damage":12.0,"enemies":"Jaw Worm","floor":4.0,"turns":2.0},{"damage":0.0,"enemies":"downfall:FleeingMerchant","floor":5.0,"turns":4.0},{"damage":10.0,"enemies":"3 Louse","floor":9.0,"turns":3.0},{"damage":6.0,"enemies":"Exordium Wildlife","floor":10.0,"turns":4.0},{"damage":8.0,"enemies":"Gremlin Nob","floor":12.0,"turns":4.0},{"damage":0.0,"enemies":"Lots of Slimes","floor":14.0,"turns":3.0},{"damage":0.0,"enemies":"3 Louse","floor":15.0,"turns":5.0},{"damage":4.0,"enemies":"WA_ARCHETYPE_RETAIN","floor":16.0,"turns":10.0},{"damage":0,"enemies":"Chosen","floor":19,"turns":3},{"damage":0,"enemies":"Spheric Guardian","floor":20,"turns":3},{"damage":0,"enemies":"downfall:FleeingMerchant","floor":21,"turns":4},{"damage":3,"enemies":"Centurion and Healer","floor":22,"turns":5},{"damage":20,"enemies":"Slavers","floor":23,"turns":5},{"damage":1,"enemies":"Gremlin Leader","floor":25,"turns":5},{"damage":10,"enemies":"Snecko","floor":27,"turns":4},{"damage":18,"enemies":"Book of Stabbing","floor":30,"turns":4},{"damage":0,"enemies":"Cultist and Chosen","floor":32,"turns":4},{"damage":16,"enemies":"IC_MUSHROOM_ARCHETYPE","floor":33,"turns":6},{"damage":26,"enemies":"3 Darklings","floor":36,"turns":4},{"damage":0,"enemies":"3 Shapes","floor":38,"turns":3},{"damage":0,"enemies":"downfall:FleeingMerchant","floor":39,"turns":4},{"damage":0,"enemies":"Giant Head","floor":40,"turns":7},{"damage":0,"enemies":"3 Darklings","floor":42,"turns":3},{"damage":0,"enemies":"Sphere and 2 Shapes","floor":43,"turns":3},{"damage":0,"enemies":"4 Shapes","floor":44,"turns":3},{"damage":0,"enemies":"4 Shapes","floor":46,"turns":5},{"damage":0,"enemies":"Reptomancer","floor":47,"turns":6},{"damage":19,"enemies":"Writhing Mass","floor":49,"turns":7},{"damage":62,"enemies":"SI_POISON_ARCHETYPE","floor":50,"turns":16}],"seed_played":"-7942173235363228539","potions_obtained":[{"floor":3.0,"key":"PowerPotion"},{"floor":9.0,"key":"Slimebound:ThreeZeroPotion"},{"floor":14.0,"key":"bronze:BurnAndBuffPotion"},{"floor":15.0,"key":"DistilledChaos"},{"floor":23,"key":"LiquidBronze"},{"floor":33,"key":"hexamod:SoulburnPotion"},{"floor":38,"key":"SpeedPotion"},{"floor":40,"key":"BlessingOfTheForge"},{"floor":44,"key":"Explosive Potion"},{"floor":46,"key":"EntropicBrew"},{"floor":49,"key":"SpeedPotion"}],"is_trial":false,"path_per_floor":["R","M","M","M","$","?","T","?","M","M","?","E","R","M","M","B",null,"R","M","M","$","M","E","T","E","?","M","?","?","E","?","M","B",null,"R","M","?","M","$","E","T","M","M","M","R","?","E","?","M","B",null],"character_chosen":"THE_AUTOMATON","items_purchased":["bronze:Fortify","bronze:Shield","Lantern","bronze:Optimize","Lee\u0027s Waffle","bronze:Repulsor","Regal Pillow"],"campfire_rested":1,"item_purchase_floors":[5,5,21,21,39,39,39],"current_hp_per_floor":[63,63,56,44,44,32,39,58,48,42,42,34,57,57,57,53,71,71,71,71,71,68,48,48,47,47,37,37,37,19,19,19,3,56,56,30,30,30,78,78,78,78,78,78,88,88,88,98,89,36],"gold":178,"neow_bonus":"BOSS_RELIC","is_daily":false,"chose_seed":false,"campfire_upgraded":4,"win_rate":0.0,"timestamp":1612583003,"path_taken":["R","M","?","M","$","?","T","?","M","?","?","E","R","M","M","BOSS","R","M","M","$","M","E","T","E","?","?","?","?","E","?","M","BOSS","R","M","?","M","$","E","T","M","M","M","R","?","E","?","M","BOSS"],"items_purchased_type":["Card","Card","Relic","Card","Relic","Card","Relic"],"build_version":"2020-12-22","purchased_purges":1,"victory":true,"max_hp_per_floor":[70,70,70,70,70,70,77,77,77,77,77,77,77,77,77,77,77,77,77,77,77,77,77,77,77,77,77,77,74,74,74,74,74,74,74,74,74,74,78,78,78,78,78,78,88,88,88,98,98,98],"card_choices":[{"not_picked":["bronze:WhirlingStrike","bronze:Invalidate"],"picked":"bronze:ClassDefault","floor":2.0},{"not_picked":["bronze:Invalidate","bronze:ForLoop"],"picked":"bronze:DelayedGuard","floor":3.0},{"not_picked":["bronze:Branch","bronze:BuggyMess"],"picked":"bronze:ChosenStrike","floor":4.0},{"not_picked":["bronze:Invalidate","bronze:FineTuning"],"picked":"bronze:FollowUp","floor":5.0},{"not_picked":["bronze:Shield","bronze:Invalidate"],"picked":"bronze:Constructor","floor":9.0},{"not_picked":["bronze:ChildClass","bronze:Invalidate"],"picked":"bronze:Frontload","floor":10.0},{"not_picked":["bronze:Frontload","bronze:Branch"],"picked":"bronze:Format","floor":12.0},{"not_picked":["bronze:ForceShield","bronze:Refactor"],"picked":"bronze:Deprecate","floor":14.0},{"not_picked":["bronze:Overheat","bronze:Frontload"],"picked":"bronze:Backtrace","floor":15.0},{"not_picked":["bronze:HyperBeam","bronze:CleanCode"],"picked":"bronze:SpaghettiCode","floor":16.0},{"not_picked":["bronze:BugBarrage+1","bronze:WhirlingStrike"],"picked":"bronze:Frontload","floor":19},{"not_picked":["bronze:Backtrace","bronze:BugBarrage","bronze:Allocate"],"picked":"SKIP","floor":20},{"not_picked":["bronze:Invalidate","bronze:Mutator","bronze:ChosenStrike+1"],"picked":"SKIP","floor":21},{"not_picked":["bronze:Overload","bronze:Separator"],"picked":"bronze:Overheat","floor":22},{"not_picked":["bronze:Deprecate","bronze:CutThrough"],"picked":"bronze:Frontload+1","floor":23},{"not_picked":["bronze:Constructor+1","bronze:GetLatest+1"],"picked":"bronze:DigitalCarnage","floor":25},{"not_picked":["bronze:Deprecate+1","bronze:GetLatest+1","bronze:BitShift+1"],"picked":"SKIP","floor":27},{"not_picked":["bronze:Branch","bronze:ForLoop+1"],"picked":"bronze:Terminator+1","floor":30},{"not_picked":["bronze:ChosenStrike+1","bronze:BugBarrage+1"],"picked":"bronze:Overheat+1","floor":32},{"not_picked":["bronze:Mutator","bronze:Hardcode"],"picked":"bronze:ThunderWave","floor":33},{"not_picked":["bronze:Shield+1","bronze:Philosophize+1"],"picked":"bronze:Repair+1","floor":36},{"not_picked":["bronze:CutThrough","bronze:RecursiveStrike"],"picked":"bronze:Frontload+1","floor":38},{"not_picked":["bronze:Backtrace","bronze:Invalidate+1"],"picked":"bronze:Frontload+1","floor":39},{"not_picked":["bronze:Refactor+1","bronze:DarkDash+1"],"picked":"bronze:FineTuning+1","floor":40},{"not_picked":["bronze:Iterate","bronze:BuggyMess+1"],"picked":"bronze:Repulsor","floor":42},{"not_picked":["bronze:DigitalCarnage+1","bronze:Repair+1"],"picked":"bronze:Shell+1","floor":43},{"not_picked":["bronze:Deprecate+1","bronze:BugBarrage+1","bronze:Shield+1"],"picked":"SKIP","floor":44},{"not_picked":["bronze:DelayedSlice","bronze:OilSpill"],"picked":"bronze:FollowUp+1","floor":46},{"not_picked":["bronze:BitShift+1","bronze:ShipIt"],"picked":"bronze:MaxOutput+1","floor":47},{"not_picked":["bronze:Frontload+1","bronze:FollowUp+1","bronze:Separator"],"picked":"SKIP","floor":49}],"player_experience":445502,"relics_obtained":[{"floor":7.0,"key":"Strawberry"},{"floor":11.0,"key":"CeramicFish"},{"floor":11.0,"key":"Mummified Hand"},{"floor":11.0,"key":"Ginger"},{"floor":12.0,"key":"Letter Opener"},{"floor":23,"key":"Centennial Puzzle"},{"floor":25,"key":"Toxic Egg 2"},{"floor":30,"key":"Ornamental Fan"},{"floor":40,"key":"Potion Belt"},{"floor":41,"key":"Whetstone"},{"floor":46,"key":"Shovel"},{"floor":47,"key":"Gremlin Horn"}],"event_choices":[{"damage_healed":0.0,"max_hp_gain":0.0,"max_hp_loss":0.0,"gold_gain":0.0,"event_name":"Scrap Ooze","player_choice":"Success","floor":6.0,"gold_loss":0.0,"damage_taken":12.0,"relics_obtained":["HornCleat"]},{"damage_healed":19.0,"max_hp_gain":0.0,"max_hp_loss":0.0,"gold_gain":0.0,"event_name":"Mushrooms","player_choice":"Healed and dodged fight","floor":8.0,"gold_loss":0.0,"damage_taken":0.0,"cards_obtained":["Parasite"]},{"damage_healed":0,"gold_gain":0,"cards_transformed":["bronze:Shield","bronze:Shield"],"player_choice":"Became Test Subject","damage_taken":0,"max_hp_gain":0,"max_hp_loss":0,"event_name":"Drug Dealer","floor":28,"gold_loss":0,"cards_obtained":["bronze:ThunderWave","bronze:Branch"]},{"damage_healed":0,"gold_gain":0,"player_choice":"Ignored","damage_taken":0,"max_hp_gain":0,"max_hp_loss":0,"event_name":"Vampires","floor":31,"gold_loss":0},{"damage_healed":0,"gold_gain":0,"player_choice":"Ignored","damage_taken":0,"max_hp_gain":0,"max_hp_loss":0,"event_name":"Mysterious Sphere","floor":37,"gold_loss":0}],"is_beta":false,"boss_relics":[{"not_picked":["Velvet Choker","Empty Cage"],"picked":"Snecko Eye"},{"not_picked":["Runic Dome","SacredBark"],"picked":"bronze:MakeshiftBattery"}],"items_purged_floors":[39],"is_endless":false,"potions_floor_spawned":[3,9,14,15,23,30,33,38,40,44,46,49],"ascension_level":9}}