{"host":"a3wpq7kyokchzawk","time":1612616599,"event":{"mods":["BaseMod","Colored Map","Highlight Path","Minty Spire (QoL Compilation)","Permanent Neow","Potion Indicator Mod","Relic Stats","Weighted Paths"],"gold_per_floor":[364,20,34,46,56,56,91,102,102,129,147,165,165,191,191,269,269,281,281,231,246,265,265,13,48,48,48,48],"floor_reached":27,"language":"ENG","playtime":5902,"items_purged":["Injury"],"score":510,"play_id":"73c1e3c0-6c92-4856-89ad-5dc6b377af38","local_time":"20210206110319","is_ascension_mode":true,"campfire_choices":[{"data":"Bash","floor":6.0,"key":"SMITH"},{"data":"Armaments","floor":13.0,"key":"SMITH"},{"floor":15.0,"key":"REST"},{"floor":23.0,"key":"REST"}],"circlet_count":0,"master_deck":["AscendersBane","Strike_R","Strike_R","Strike_R","Strike_R","Strike_R","Defend_R","Defend_R","Defend_R","Defend_R","Bash+1","Hemokinesis","Anger","Flame Barrier","Cleave","Armaments+1","Dropkick","True Grit","Whirlwind","Impervious","Warcry+1","Shrug It Off","Iron Wave+1"],"relics":["Burning Blood","Membership Card","Paper Frog","Bag of Preparation","Matryoshka","Singing Bowl","StoneCalendar","Philosopher\u0027s Stone","Ice Cream","Strange Spoon","Mercury Hourglass","Regal Pillow"],"acts_visited":["Exordium","TheCity"],"potions_floor_usage":[],"damage_taken":[{"damage":7.0,"enemies":"2 Louse","floor":1.0,"turns":3.0},{"damage":11.0,"enemies":"Small Slimes","floor":3.0,"turns":4.0},{"damage":2.0,"enemies":"Cultist","floor":4.0,"turns":2.0},{"damage":14.0,"enemies":"Exordium Thugs","floor":5.0,"turns":4.0},{"damage":12.0,"enemies":"Lagavulin","floor":7.0,"turns":5.0},{"damage":11.0,"enemies":"3 Louse","floor":8.0,"turns":3.0},{"damage":10.0,"enemies":"Gremlin Nob","floor":10.0,"turns":3.0},{"damage":9.0,"enemies":"Red Slaver","floor":11.0,"turns":2.0},{"damage":9.0,"enemies":"Exordium Thugs","floor":12.0,"turns":3.0},{"damage":22.0,"enemies":"3 Sentries","floor":14.0,"turns":8.0},{"damage":38.0,"enemies":"Slime Boss","floor":16.0,"turns":7.0},{"damage":26.0,"enemies":"2 Thieves","floor":18.0,"turns":5.0},{"damage":4.0,"enemies":"Chosen","floor":21.0,"turns":5.0},{"damage":23.0,"enemies":"3 Cultists","floor":22.0,"turns":5.0},{"damage":59.0,"enemies":"Book of Stabbing","floor":25.0,"turns":7.0},{"damage":20,"enemies":"Chosen and Byrds","floor":27,"turns":3}],"seed_played":"-5279387731161727991","potions_obtained":[{"floor":4.0,"key":"AttackPotion"},{"floor":8.0,"key":"FearPotion"},{"floor":11.0,"key":"Block Potion"},{"floor":14.0,"key":"EssenceOfSteel"},{"floor":16.0,"key":"BloodPotion"},{"floor":22.0,"key":"Energy Potion"},{"floor":25.0,"key":"ElixirPotion"}],"is_trial":false,"path_per_floor":["M","$","M","M","M","R","E","M","T","E","M","M","R","E","R","B",null,"M","?","?","M","M","R","$","E","T","M"],"character_chosen":"IRONCLAD","items_purchased":["Membership Card","Paper Frog","Ice Cream","Strange Spoon"],"campfire_rested":2,"item_purchase_floors":[2,2,24,24],"current_hp_per_floor":[67,67,62,66,58,58,52,47,47,43,40,37,37,21,43,11,59,39,39,39,43,26,49,49,11,11,0,0],"gold":48,"neow_bonus":"TWO_FIFTY_GOLD","is_daily":false,"chose_seed":false,"campfire_upgraded":2,"win_rate":0.0,"timestamp":1612616599,"path_taken":["M","$","M","M","M","R","E","M","T","E","M","M","R","E","R","BOSS","M","?","?","M","M","R","$","E","T","M"],"items_purchased_type":["Relic","Relic","Relic","Relic"],"build_version":"2020-12-22","purchased_purges":1,"victory":false,"max_hp_per_floor":[75,75,75,75,75,75,75,75,75,75,75,75,75,75,75,75,75,75,75,75,77,77,77,77,77,77,77,77],"relic_stats":{"Strange Spoon":[2],"Regal Pillow":0,"Singing Bowl":2,"counters":[16,69],"StoneCalendar":[56],"Bag of Preparation":[22],"obtain_stats":[{"Ice Cream":24,"Strange Spoon":24,"Regal Pillow":26,"Matryoshka":9,"Singing Bowl":10,"StoneCalendar":14,"Philosopher\u0027s Stone":17,"Bag of Preparation":7,"Membership Card":2,"Burning Blood":0,"Paper Frog":2,"Mercury Hourglass":25},{"Ice Cream":14,"Strange Spoon":14,"Regal Pillow":15,"Matryoshka":6,"Singing Bowl":7,"StoneCalendar":10,"Philosopher\u0027s Stone":11,"Bag of Preparation":5,"Membership Card":1,"Burning Blood":0,"Paper Frog":1,"Mercury Hourglass":15},{"Ice Cream":59,"Strange Spoon":59,"Regal Pillow":66,"Matryoshka":21,"Singing Bowl":24,"StoneCalendar":37,"Philosopher\u0027s Stone":44,"Bag of Preparation":18,"Membership Card":3,"Burning Blood":0,"Paper Frog":3,"Mercury Hourglass":66}],"Burning Blood":90,"Mercury Hourglass":[18]},"card_choices":[{"not_picked":["True Grit","Armaments"],"picked":"Hemokinesis","floor":1.0},{"not_picked":["Shrug It Off","Heavy Blade"],"picked":"Anger","floor":3.0},{"not_picked":["Flex","Havoc"],"picked":"Flame Barrier","floor":4.0},{"not_picked":["Thunderclap","Havoc"],"picked":"Cleave","floor":5.0},{"not_picked":["Havoc","Sentinel","Iron Wave"],"picked":"SKIP","floor":7.0},{"not_picked":["Sword Boomerang","Sentinel","Burning Pact"],"picked":"SKIP","floor":8.0},{"not_picked":["Cleave","Double Tap"],"picked":"Armaments","floor":10.0},{"not_picked":["Hemokinesis","Headbutt"],"picked":"Dropkick","floor":11.0},{"not_picked":["Power Through","Inflame"],"picked":"True Grit","floor":12.0},{"not_picked":["Thunderclap","Perfected Strike"],"picked":"Whirlwind","floor":14.0},{"not_picked":["Feed","Corruption"],"picked":"Impervious","floor":16.0},{"not_picked":["Rampage","Pommel Strike"],"picked":"Warcry+1","floor":18.0},{"not_picked":["Havoc","Second Wind","Anger"],"picked":"Singing Bowl","floor":21.0},{"not_picked":["Dual Wield","Whirlwind"],"picked":"Shrug It Off","floor":22.0},{"not_picked":["Feed","Heavy Blade"],"picked":"Iron Wave+1","floor":25.0}],"player_experience":2641791,"relics_obtained":[{"floor":7.0,"key":"Bag of Preparation"},{"floor":9.0,"key":"Matryoshka"},{"floor":10.0,"key":"Singing Bowl"},{"floor":14.0,"key":"StoneCalendar"},{"floor":25.0,"key":"Mercury Hourglass"},{"floor":26.0,"key":"Regal Pillow"}],"event_choices":[{"damage_healed":0.0,"max_hp_gain":0.0,"max_hp_loss":0.0,"gold_gain":0.0,"event_name":"Beggar","player_choice":"Ignored","floor":19.0,"gold_loss":0.0,"damage_taken":0.0},{"damage_healed":0.0,"max_hp_gain":0.0,"max_hp_loss":0.0,"gold_gain":0.0,"event_name":"The Joust","player_choice":"Bet on Owner","floor":20.0,"gold_loss":50.0,"damage_taken":0.0}],"is_beta":false,"boss_relics":[{"not_picked":["Runic Pyramid","Black Star"],"picked":"Philosopher\u0027s Stone"}],"items_purged_floors":[2],"is_endless":false,"potions_floor_spawned":[4,8,11,12,14,16,22,25],"killed_by":"Chosen and Byrds","ascension_level":20}}