{"host":"cmkyc3p4v2g7wnr3","time":1612644427,"event":{"mods":["AchievementEnabler","BaseMod","Better Match","Better Note","BetterRewards","Block Reminder","Colored Map","Colored Powertips","DeckTracker","Gold Saver","Hermit","Hubris","Infinite Spire","Jorbs\u0027s Wanderer Trilogy","Marked Mod","Minty Spire (QoL Compilation)","Potionbrewer","Prisma Mod","Quick Restart","Rare Cards Sparkle","Reliquary","Replay The Spire","Shop Mod","StSLib","Synergy Search","The Administrix","The Animator","The Bug Knight","The Construct","The Cursed","The Disciple","The Hierophant","The Marked","The Mystic","The Runesmith","The Servant 0.9.4","TheBandit"],"gold_per_floor":[30958,30149,30159,30170,30186,30220,30220,30275,30350,29384,29384,29397,29417,29433,29433,29528,29528,29547,28823,28843,28843,28843,28872,28168,28203,28227,28227,28241,28256,28275,28275,28275],"floor_reached":31,"language":"ENG","playtime":2529,"items_purged":["theMarked:Strike","theMarked:Strike","theMarked:Strike"],"score":279,"play_id":"803bfeb4-0806-4136-88c2-708f711819c3","local_time":"20210206214707","is_ascension_mode":false,"campfire_choices":[{"data":"theMarked:EmpowerWeapon","floor":7.0,"key":"SMITH"},{"floor":11.0,"key":"REST"},{"data":"theMarked:ParalyzingBlade","floor":15.0,"key":"SMITH"},{"data":"Apotheosis","floor":27,"key":"SMITH"}],"circlet_count":0,"master_deck":["theMarked:Strike","theMarked:Strike","theMarked:Defend","theMarked:Defend","theMarked:Defend","theMarked:Defend","theMarked:SoldierOfQuellstein","theMarked:Vacuum+1","theMarked:Electrocute","theMarked:WardOff","theMarked:Memento","theMarked:Frustration","theMarked:EmpowerWeapon+1","theMarked:WardOff","theMarked:Toughness","theMarked:HeightenedSenses","theMarked:SwordAndMagic","theMarked:Reabsorb","theMarked:ParalyzingBlade+1","theMarked:EmpowerWeapon","theMarked:MagusForm","theMarked:RogueSparks","Apotheosis+1","Outmaneuver","theMarked:RepellingDischarge"],"relics":["theMarked:ArtifactOfAir","MerchantsRug","reliquary:WeakTea","Gremlin Food","Lee\u0027s Waffle","Ancient Tea Set","construct:FoamFinger","infinitespire:Broken Mirror","reliquary:IridiumChain","hubris:EmptyBottle","Black Star","Happy Flower","hubris:DisguiseKit","hubris:Towel","Ice Cream","Simple Rune","hubris:DeckOfHolding","infinitespire:Lucky Rock","reliquary:Bookmark","reliquary:PartyBalloon","hubris:Metronome","Oddly Smooth Stone"],"acts_visited":["Exordium","TheCity"],"potions_floor_usage":[20,23,23,23,25],"damage_taken":[{"damage":2.0,"enemies":"Jaw Worm","floor":1.0,"turns":4.0},{"damage":0.0,"enemies":"Small Slimes","floor":3.0,"turns":3.0},{"damage":0.0,"enemies":"Cultist","floor":4.0,"turns":3.0},{"damage":0.0,"enemies":"2 Fungi Beasts","floor":5.0,"turns":3.0},{"damage":8.0,"enemies":"Gremlin Nob","floor":6.0,"turns":3.0},{"damage":15.0,"enemies":"Gremlin Nob","floor":8.0,"turns":4.0},{"damage":0.0,"enemies":"Exordium Wildlife","floor":12.0,"turns":2.0},{"damage":0.0,"enemies":"Large Slime","floor":13.0,"turns":4.0},{"damage":0.0,"enemies":"Blue Slaver","floor":14.0,"turns":2.0},{"damage":16.0,"enemies":"Slime Boss","floor":16.0,"turns":10.0},{"damage":0.0,"enemies":"Spheric Guardian","floor":18.0,"turns":3.0},{"damage":5,"enemies":"2 Thieves","floor":20,"turns":4},{"damage":13,"enemies":"HollowMod:Nosk","floor":23,"turns":7},{"damage":4,"enemies":"Book of Stabbing","floor":25,"turns":4},{"damage":19,"enemies":"3 Cultists","floor":28,"turns":5},{"damage":22,"enemies":"Snecko","floor":29,"turns":4},{"damage":17,"enemies":"Cultist and Chosen","floor":30,"turns":6},{"damage":10,"enemies":"Sentry and Sphere","floor":31,"turns":4}],"seed_played":"-1460944432411682928","potions_obtained":[{"floor":3.0,"key":"potionbrewer:NoxiousPotion"},{"floor":4.0,"key":"theMarked:ChargePotion"},{"floor":5.0,"key":"Swift Potion"},{"floor":6.0,"key":"PowerPotion"},{"floor":14.0,"key":"theMarked:ChargePotion"},{"floor":16.0,"key":"SkillPotion"},{"floor":20,"key":"DuplicationPotion"},{"floor":30,"key":"Swift Potion"}],"is_trial":false,"path_per_floor":["M","$","M","M","M","E","R","?","T","$","R","M","M","M","R","B",null,"M","$","M","?","?","E","$","E","T","R","M","M","M","M"],"character_chosen":"THE_DEFAULT","items_purchased":["MerchantsRug","reliquary:WeakTea","Gremlin Food","Lee\u0027s Waffle","theMarked:WardOff","theMarked:Memento","theMarked:Frustration","infinitespire:Broken Mirror","reliquary:IridiumChain","hubris:EmptyBottle","ColorlessPotion","theMarked:Reabsorb","theMarked:ParalyzingBlade","Happy Flower","hubris:DisguiseKit","Apotheosis","hubris:HerbalPaste","hubris:DeckOfHolding","infinitespire:Lucky Rock","reliquary:Bookmark","LiquidBronze"],"campfire_rested":1,"item_purchase_floors":[2,2,2,2,2,2,2,10,10,10,10,10,10,19,19,19,19,24,24,24,24],"current_hp_per_floor":[68,77,77,77,77,69,69,54,54,54,77,77,77,77,77,61,77,77,77,75,75,75,65,65,61,61,61,42,20,3,0,0],"gold":28275,"neow_bonus":"ONE_RANDOM_RARE_CARD","is_daily":false,"chose_seed":false,"campfire_upgraded":3,"win_rate":0.0,"timestamp":1612644427,"path_taken":["M","$","M","M","M","E","R","?","T","$","R","M","M","M","R","BOSS","M","$","M","?","?","E","?","E","T","R","M","M","M","M"],"items_purchased_type":["Relic","Relic","Relic","Relic","Card","Card","Card","Relic","Relic","Relic","Potion","Card","Card","Relic","Relic","Card","Relic","Relic","Relic","Relic","Potion"],"build_version":"2020-12-22","purchased_purges":3,"victory":false,"max_hp_per_floor":[70,77,77,77,77,77,77,77,77,77,77,77,77,77,77,77,77,77,77,77,77,77,77,77,77,77,77,77,77,77,77,77],"card_choices":[{"not_picked":["theMarked:Standoff","theMarked:Convert"],"picked":"theMarked:Electrocute","floor":1.0},{"not_picked":["theMarked:ElectricStrings","theMarked:WardOff"],"picked":"theMarked:EmpowerWeapon","floor":3.0},{"not_picked":["theMarked:TwofoldDefense","theMarked:Parkour"],"picked":"theMarked:WardOff","floor":4.0},{"not_picked":["theMarked:Parkour","theMarked:TakeCover"],"picked":"theMarked:Toughness","floor":5.0},{"not_picked":["theMarked:Generate","theMarked:TwofoldDefense"],"picked":"theMarked:HeightenedSenses","floor":6.0},{"not_picked":["theMarked:Parkour","theMarked:TakeCover"],"picked":"theMarked:SwordAndMagic","floor":8.0},{"not_picked":["theMarked:Memento","theMarked:ResourceFulStrike","theMarked:Frustration"],"picked":"SKIP","floor":12.0},{"not_picked":["theMarked:CreepingChasm","theMarked:SwordAndMagic"],"picked":"theMarked:EmpowerWeapon","floor":13.0},{"not_picked":["theMarked:KeepCalmAndFight","theMarked:EnhanceMovement","theMarked:PowerFlow"],"picked":"SKIP","floor":14.0},{"not_picked":["theMarked:TurnInvisible","theMarked:Levitate"],"picked":"theMarked:MagusForm","floor":16.0},{"not_picked":["theMarked:Improvise+1","theMarked:Frustration"],"picked":"theMarked:RogueSparks","floor":18.0},{"not_picked":["theMarked:ResourceFulStrike","theMarked:Aftermath","theMarked:ElectricStrings"],"picked":"Outmaneuver","floor":20},{"not_picked":["theMarked:Static","theMarked:Panic","theMarked:TwofoldDefense","Bane"],"picked":"SKIP","floor":23},{"not_picked":["theMarked:WastefulAttack","theMarked:ResourceFulStrike","theMarked:Panic+1","Reflex"],"picked":"SKIP","floor":25},{"not_picked":["theMarked:Standoff","theMarked:Aftermath","theMarked:Electrocute+1","Leg Sweep"],"picked":"SKIP","floor":28},{"not_picked":["theMarked:Memento+1","theMarked:ShockingTouch+1","Flechettes"],"picked":"theMarked:RepellingDischarge","floor":29},{"not_picked":["theMarked:TakeCover","theMarked:BanishingStrike","theMarked:Standoff","Acrobatics"],"picked":"SKIP","floor":30}],"player_experience":350772,"relics_obtained":[{"floor":6.0,"key":"Ancient Tea Set"},{"floor":9.0,"key":"construct:FoamFinger"},{"floor":23,"key":"Ice Cream"},{"floor":23,"key":"Simple Rune"},{"floor":25,"key":"reliquary:PartyBalloon"},{"floor":25,"key":"hubris:Metronome"},{"floor":26,"key":"Oddly Smooth Stone"}],"event_choices":[{"damage_healed":0.0,"max_hp_gain":0.0,"max_hp_loss":0.0,"gold_gain":0.0,"event_name":"Dead Adventurer","player_choice":"Searched \u00271\u0027 times","floor":8.0,"gold_loss":0.0,"damage_taken":0.0},{"damage_healed":0,"gold_gain":0,"player_choice":"Ignored","damage_taken":0,"max_hp_gain":0,"max_hp_loss":0,"event_name":"betterNote:BetterNote","floor":21,"gold_loss":0,"cards_obtained":["AdministrixMod:XianArts"]}],"is_beta":false,"boss_relics":[{"not_picked":["Empty Cage","Calling Bell"],"picked":"Black Star"}],"items_purged_floors":[2,10,24],"is_endless":false,"potions_floor_spawned":[3,4,5,6,14,16,20,30],"killed_by":"Sentry and Sphere","ascension_level":0}}