{"host":"kq5z4hx2798lxd5l","time":1612654644,"event":{"mods":["BaseMod","Better Note","BetterRewards","Colored Map","Colored Powertips","Downfall","Hermit","Hubris","Infinite Spire","Jorbs\u0027s Wanderer Trilogy","Marisa????????","Minty Spire (QoL Compilation)","Rare Cards Sparkle","Reliquary","Replay The Spire","StSLib","The Cursed","The Disciple","The Hierophant","The Necromancer","The Runesmith","The Servant 0.9.4"],"gold_per_floor":[113,130,146,164,40,40,67,80,80,80,80,97,122,132,132,233,233,250,350,350,360,52,52,52,82,161,161,24,40,40,72,72,177,177,205,205,205,44,63,101,101,133,133,21,21,21,0,0,105,105,96,96],"floor_reached":52,"language":"SPA","playtime":4358,"items_purged":["Runesmith:Strike_RS","Runesmith:Strike_RS","Runesmith:Strike_RS","Runesmith:Strike_RS","Runesmith:Defend_RS"],"score":1054,"play_id":"10c7c44c-ae75-4de7-9206-5a8850c5df5f","local_time":"20210206233724","is_ascension_mode":false,"campfire_choices":[{"data":"Runesmith:Fortify","floor":6,"key":"SMITH"},{"data":"Runesmith:Grindstone","floor":11,"key":"SMITH"},{"data":"Runesmith:CraftFirestone","floor":15,"key":"SMITH"},{"data":"Runesmith:ReplicatingBarrier","floor":23,"key":"SMITH"},{"data":"Runesmith:ArcReactor","floor":27,"key":"SMITH"},{"data":"Runesmith:ElementalConversion","floor":32,"key":"SMITH"},{"data":"Runesmith:GrandSlam","floor":41,"key":"SMITH"},{"floor":46,"key":"REST"},{"data":"Runesmith:PerfectChisel","floor":49,"key":"SMITH"}],"circlet_count":0,"master_deck":["Runesmith:Defend_RS","Runesmith:Defend_RS+1","Runesmith:Defend_RS+1","Runesmith:CraftFirestone+1","Runesmith:Fortify+1","Runesmith:Electrocute+1","Runesmith:Grindstone+1","Runesmith:RunicBlueprint","Runesmith:HeatedChisel","Runesmith:MakeshiftArmor","Runesmith:CraftIncendium+1","Runesmith:RuneHurl","Runesmith:ElementalConversion+1","Runesmith:EarthShield","Runesmith:ReplicatingBarrier+1","Runesmith:Malloc+1","Runesmith:EnergizedChisel","Runesmith:Firestorm+1","Runesmith:Discharge","Runesmith:RunicBlueprint+1","Runesmith:ArcReactor+1","Runesmith:CraftProtectio+1","Runesmith:FissionHammer+1","Runesmith:Accelerate+1","Runesmith:Augment","Runesmith:PerfectChisel+1","Runesmith:GrandSlam+1","Runesmith:PerfectChisel+1","Runesmith:PoweredAnvil+1","Runesmith:Duplicate+1"],"relics":["Runesmith:BrokenRuby","Ornamental Fan","infinitespire:EmpoweringShard","Replay:Bronze Core","Membership Card","War Paint","Black Star","Ginger","hubris:Teleporter","reliquary:Sideboard","reliquary:RoseTintedGlasses","hubris:Towel","reliquary:Buckler","infinitespire:EvilPickle","Sozu","hubris:EmptyBottle","reliquary:RedPaperclip","Mummified Hand","reliquary:ExpiredCoupon","PreservedInsect","Blue Doll","hubris:SlimyHat","Golden Egg","Guide Book","Red Mask","hubris:Backtick","Quantum Egg"],"acts_visited":["Exordium","TheCity","TheBeyond","Exordium"],"potions_floor_usage":[4,16,25,25,31],"damage_taken":[{"damage":11,"enemies":"infinitespire:Voidling","floor":1,"turns":5},{"damage":0,"enemies":"Small Slimes","floor":2,"turns":3},{"damage":4,"enemies":"2 Louse","floor":3,"turns":2},{"damage":4,"enemies":"Large Slime","floor":4,"turns":7},{"damage":8,"enemies":"Lagavulin","floor":7,"turns":7},{"damage":3,"enemies":"Blue Slaver","floor":8,"turns":3},{"damage":0,"enemies":"Exordium Wildlife","floor":12,"turns":2},{"damage":3,"enemies":"Replay:BlueRogue","floor":13,"turns":4},{"damage":1,"enemies":"2 Fungi Beasts","floor":14,"turns":3},{"damage":0,"enemies":"Slime Boss","floor":16,"turns":6},{"damage":10,"enemies":"Chosen","floor":18,"turns":6},{"damage":5,"enemies":"Spheric Guardian","floor":21,"turns":5},{"damage":19,"enemies":"Gremlin Leader","floor":25,"turns":7},{"damage":0,"enemies":"Cultist and Chosen","floor":29,"turns":3},{"damage":8,"enemies":"Replay:Snechameleon","floor":31,"turns":9},{"damage":24,"enemies":"Pondfish","floor":33,"turns":12},{"damage":2,"enemies":"3 Darklings","floor":35,"turns":3},{"damage":2,"enemies":"Orb Walker","floor":39,"turns":5},{"damage":27,"enemies":"Nightmare","floor":40,"turns":12},{"damage":9,"enemies":"R_Hoarder","floor":42,"turns":6},{"damage":0,"enemies":"hubris:GrandSnecko","floor":50,"turns":16},{"damage":7,"enemies":"Small Slimes","floor":52,"turns":3}],"seed_played":"8528489413760630592","potions_obtained":[{"floor":2,"key":"AttackPotion"},{"floor":3,"key":"Elixir"},{"floor":13,"key":"SkillPotion"},{"floor":16,"key":"Reflective Coating"},{"floor":18,"key":"Block Potion"},{"floor":21,"key":"DistilledChaos"},{"floor":33,"key":"Block Potion"}],"is_trial":false,"path_per_floor":["M","M","M","M","$","R","E","M","T","?","R","M","E","M","R","B",null,"M","?","?","M","$","R","AVR","E","T","R","$","M","?","E","R","B",null,"M","AVR","?","$","M","NM","R","E","T","$","R","?","?","R","B",null,"M"],"character_chosen":"RUNESMITH_CLASS","items_purchased":["Runesmith:ChiselStab","Membership Card","Runesmith:Firestorm+1","Runesmith:Discharge","Runesmith:RunicBlueprint","reliquary:RoseTintedGlasses","Runesmith:Augment","Mummified Hand","Guide Book","Runesmith:PoweredAnvil"],"campfire_rested":1,"item_purchase_floors":[5,22,22,22,22,28,38,38,44,44],"current_hp_per_floor":[75,75,71,67,67,67,59,56,56,56,56,56,53,52,52,52,77,67,67,67,62,62,62,62,43,43,43,43,43,43,35,35,11,77,75,75,75,75,73,46,46,37,37,37,60,60,60,60,60,77,70,70],"gold":96,"neow_bonus":"TEN_PERCENT_HP_BONUS","is_daily":false,"chose_seed":false,"campfire_upgraded":8,"win_rate":0.0,"timestamp":1612654644,"path_taken":["M","M","M","M","$","R","E","?","T","?","R","M","E","M","R","BOSS","M","?","?","M","?","R","AVR","E","T","R","$","M","?","E","R","BOSS","M","AVR","?","$","M","NM","R","E","T","$","R","?","?","R","BOSS","M"],"items_purchased_type":["Card","Relic","Card","Card","Card","Relic","Card","Relic","Relic","Card"],"build_version":"2020-12-22","purchased_purges":5,"victory":false,"max_hp_per_floor":[77,77,77,77,77,77,77,77,77,77,77,77,77,77,77,77,77,77,77,77,77,77,77,77,77,77,77,77,77,77,77,77,77,77,77,77,77,77,77,77,77,77,77,77,77,77,77,77,77,77,77,77],"card_choices":[{"not_picked":["Runesmith:Superposition","Runesmith:Repurpose"],"picked":"Runesmith:Electrocute","floor":1},{"not_picked":["Runesmith:CraftMagma","Runesmith:HammerTime"],"picked":"Runesmith:Grindstone","floor":2},{"not_picked":["Runesmith:HeatedChisel","Runesmith:Empowerment"],"picked":"Runesmith:RunicBlueprint","floor":3},{"not_picked":["Runesmith:HammerTime","Runesmith:HeatExchange"],"picked":"Runesmith:HeatedChisel","floor":4},{"not_picked":["Runesmith:Overpower","Runesmith:Grindstone"],"picked":"Runesmith:MakeshiftArmor","floor":7},{"not_picked":["Runesmith:EarthShield","Runesmith:Grindstone"],"picked":"Runesmith:CraftIncendium","floor":8},{"not_picked":["Runesmith:CraftVitae","Runesmith:Firewall"],"picked":"Runesmith:RuneHurl","floor":12},{"not_picked":["Runesmith:CraftProtectio","Runesmith:LastStand"],"picked":"Runesmith:ElementalConversion","floor":13},{"not_picked":["Runesmith:BackupBattery","Runesmith:LithiumIon"],"picked":"Runesmith:EarthShield","floor":14},{"not_picked":["Runesmith:Duplicate","Runesmith:ArcReactor"],"picked":"Runesmith:ReplicatingBarrier","floor":16},{"not_picked":["Runesmith:EarthShield","Runesmith:HeatExchange"],"picked":"Runesmith:Malloc+1","floor":18},{"not_picked":["Runesmith:HeatedChisel","Runesmith:HammerThrow"],"picked":"Runesmith:EnergizedChisel","floor":21},{"not_picked":["Runesmith:MakeshiftArmor","Runesmith:EarthShield+1"],"picked":"Runesmith:ArcReactor","floor":25},{"not_picked":["Runesmith:Grindstone","Runesmith:MakeshiftArmor"],"picked":"Runesmith:CraftProtectio+1","floor":29},{"not_picked":["Runesmith:EnergizedChisel","Runesmith:MakeshiftArmor+1","Runesmith:CraftProtectio+1"],"picked":"SKIP","floor":31},{"not_picked":["Runesmith:LastStand","Runesmith:DuctTape"],"picked":"Runesmith:FissionHammer","floor":33},{"not_picked":["Runesmith:HeatedChisel+1","Runesmith:Superposition"],"picked":"Runesmith:Accelerate+1","floor":35},{"not_picked":["Runesmith:UnstableHammer","Runesmith:Electrocute"],"picked":"Runesmith:PerfectChisel","floor":39},{"not_picked":["Runesmith:MakeshiftArmor+1","Runesmith:HeatExchange"],"picked":"Runesmith:GrandSlam","floor":40},{"not_picked":["Runesmith:RuneHurl+1","Runesmith:FieryHammer"],"picked":"Runesmith:PerfectChisel+1","floor":42},{"not_picked":["Runesmith:ReplicatingBarrier","Runesmith:GrandSlam"],"picked":"Runesmith:Duplicate","floor":50}],"player_experience":507442,"relics_obtained":[{"floor":7,"key":"hubris:ToyBattleship"},{"floor":9,"key":"Ornamental Fan"},{"floor":13,"key":"infinitespire:EmpoweringShard"},{"floor":25,"key":"Ginger"},{"floor":25,"key":"hubris:Teleporter"},{"floor":26,"key":"reliquary:Sideboard"},{"floor":31,"key":"reliquary:Buckler"},{"floor":31,"key":"reliquary:Firecrackers"},{"floor":40,"key":"reliquary:ExpiredCoupon"},{"floor":40,"key":"PreservedInsect"},{"floor":42,"key":"Blue Doll"},{"floor":42,"key":"hubris:SlimyHat"},{"floor":43,"key":"Golden Egg"}],"event_choices":[{"damage_healed":0,"gold_gain":100,"player_choice":"Pray","damage_taken":0,"max_hp_gain":0,"max_hp_loss":0,"event_name":"Golden Shrine","floor":19,"gold_loss":0},{"damage_healed":0,"gold_gain":0,"player_choice":"Ignored","damage_taken":0,"max_hp_gain":0,"max_hp_loss":0,"event_name":"betterNote:BetterNote","floor":20,"gold_loss":0,"cards_obtained":["hermit:Vantage"]},{"cards_removed":["Runesmith:ChiselStab"],"damage_healed":0,"gold_gain":0,"player_choice":"Removed Attack","damage_taken":0,"max_hp_gain":0,"max_hp_loss":0,"event_name":"Falling","floor":47,"gold_loss":0},{"damage_healed":0,"gold_gain":0,"player_choice":"Paid","damage_taken":0,"relics_obtained":["Red Mask"],"max_hp_gain":0,"max_hp_loss":0,"event_name":"Tomb of Lord Red Mask","floor":48,"gold_loss":21}],"is_beta":false,"boss_relics":[{"not_picked":["Fusion Hammer","Busted Crown"],"picked":"Replay:Bronze Core"},{"not_picked":["reliquary:KinkedSpring","infinitespire:Cupcake"],"picked":"Sozu"},{"not_picked":["Painkiller Herb","Replay:Wanted Poster"],"picked":"hubris:Backtick"}],"items_purged_floors":[5,22,24,28,36],"is_endless":true,"potions_floor_spawned":[2,3,13,16,18,21,33,35,40,50],"killed_by":"Small Slimes","ascension_level":0}}