{"host":"uhnh33uh34qot0et","time":1612648767,"event":{"mods":["BaseMod","Colored Map","Downfall","Hermit","Marisa????????","Minty Spire (QoL Compilation)","StSLib","The Bug Knight","The Cursed","The Servant 0.9.4"],"gold_per_floor":[112,112,130,130,144,188,188,231,257,277,277,300,321,337,337,456,456,475,119,144,158,158,158],"floor_reached":22,"language":"ENG","playtime":633,"items_purged":[],"score":200,"play_id":"07d6c2ed-cd7c-4f88-b8f1-496d886ef9ae","local_time":"20210206225927","is_ascension_mode":false,"campfire_choices":[{"floor":7,"key":"REST"},{"data":"Metallicize","floor":15,"key":"SMITH"}],"circlet_count":0,"master_deck":["Strike_R","Strike_R","Strike_R","Strike_R+1","Strike_R","Defend_R","Defend_R","Defend_R","Defend_R","Bash","Clash+1","Pummel+1","Pommel Strike+1","Clash","Metallicize+1","Sever Soul","Sever Soul","Sword Boomerang","Double Tap","Thunderclap","Fire Breathing","Sword Boomerang","Twin Strike"],"relics":["Burning Blood","NeowsBlessing","Golden Idol","Dream Catcher","Whetstone","HollowMod:PaleOreRelic","Philosopher\u0027s Stone","Ginger"],"acts_visited":["Exordium","TheCity"],"potions_floor_usage":[6,8,14,16,16],"damage_taken":[{"damage":0,"enemies":"Jaw Worm","floor":1,"turns":1},{"damage":0,"enemies":"Small Slimes","floor":3,"turns":1},{"damage":0,"enemies":"2 Louse","floor":5,"turns":1},{"damage":6,"enemies":"Gremlin Nob","floor":6,"turns":3},{"damage":12,"enemies":"3 Sentries","floor":8,"turns":6},{"damage":0,"enemies":"Gremlin Gang","floor":10,"turns":3},{"damage":9,"enemies":"Exordium Thugs","floor":12,"turns":5},{"damage":0,"enemies":"3 Louse","floor":13,"turns":2},{"damage":0,"enemies":"Large Slime","floor":14,"turns":3},{"damage":34,"enemies":"The Guardian","floor":16,"turns":16},{"damage":21,"enemies":"3 Byrds","floor":18,"turns":4},{"damage":20,"enemies":"Shell Parasite","floor":20,"turns":4},{"damage":30,"enemies":"Centurion and Healer","floor":21,"turns":4},{"damage":30,"enemies":"Shelled Parasite and Fungi","floor":22,"turns":3}],"seed_played":"5775675885235932612","potions_obtained":[{"floor":1,"key":"FearPotion"},{"floor":5,"key":"ColorlessPotion"},{"floor":8,"key":"LiquidMemories"},{"floor":12,"key":"LiquidMemories"},{"floor":13,"key":"EssenceOfSteel"},{"floor":21,"key":"sneckomod:MuddlingPotion"}],"is_trial":false,"path_per_floor":["M","?","M","?","M","E","R","E","T","M","?","M","M","M","R","B",null,"M","$","M","M","M"],"character_chosen":"IRONCLAD","items_purchased":["Ginger","Fire Breathing"],"campfire_rested":1,"item_purchase_floors":[19,19],"current_hp_per_floor":[80,60,66,50,56,56,80,74,74,80,72,69,75,80,80,52,80,65,65,51,27,0,0],"gold":158,"neow_bonus":"THREE_ENEMY_KILL","is_daily":false,"chose_seed":false,"campfire_upgraded":1,"win_rate":0.0,"timestamp":1612648767,"path_taken":["M","?","M","?","M","E","R","E","T","M","?","M","M","M","R","BOSS","M","$","?","M","M"],"items_purchased_type":["Relic","Card"],"build_version":"2020-12-22","purchased_purges":0,"victory":false,"max_hp_per_floor":[80,80,80,80,80,80,80,80,80,80,80,80,80,80,80,80,80,80,80,80,80,80,80],"card_choices":[{"not_picked":["Flame Barrier","Armaments"],"picked":"Clash","floor":1},{"not_picked":["Second Wind","Burning Pact"],"picked":"Pummel","floor":3},{"not_picked":["Bloodletting","Hemokinesis"],"picked":"Pommel Strike","floor":5},{"not_picked":["Flex","Dropkick"],"picked":"Clash","floor":6},{"not_picked":["Iron Wave","Headbutt"],"picked":"Metallicize","floor":8},{"not_picked":["Headbutt","Bloodletting","Body Slam"],"picked":"SKIP","floor":10},{"not_picked":["Whirlwind","True Grit"],"picked":"Sever Soul","floor":12},{"not_picked":["Warcry","Iron Wave"],"picked":"Sever Soul","floor":13},{"not_picked":["Corruption","Combust"],"picked":"Sword Boomerang","floor":14},{"not_picked":["Reaper","Impervious"],"picked":"Double Tap","floor":16},{"not_picked":["Shrug It Off+1","Flex"],"picked":"Thunderclap","floor":18},{"not_picked":["Sever Soul","Flex"],"picked":"Sword Boomerang","floor":20},{"not_picked":["Ghostly Armor","Second Wind"],"picked":"Twin Strike","floor":21}],"player_experience":20002,"relics_obtained":[{"floor":6,"key":"Dream Catcher"},{"floor":8,"key":"Whetstone"},{"floor":9,"key":"HollowMod:PaleOreRelic"}],"event_choices":[{"damage_healed":0,"gold_gain":0,"player_choice":"Take Damage","damage_taken":20,"relics_obtained":["Golden Idol"],"max_hp_gain":0,"max_hp_loss":0,"event_name":"Golden Idol","floor":2,"gold_loss":0},{"damage_healed":0,"gold_gain":0,"player_choice":"Entered Light","damage_taken":16,"max_hp_gain":0,"max_hp_loss":0,"event_name":"Shining Light","floor":4,"gold_loss":0,"cards_upgraded":["Pummel","Clash"]},{"damage_healed":0,"gold_gain":0,"player_choice":"Damaged","damage_taken":8,"max_hp_gain":0,"max_hp_loss":0,"event_name":"Wheel of Change","floor":11,"gold_loss":0}],"is_beta":false,"boss_relics":[{"not_picked":["bronze:MakeshiftBattery","Tiny House"],"picked":"Philosopher\u0027s Stone"}],"items_purged_floors":[],"is_endless":false,"potions_floor_spawned":[1,5,8,12,13,21],"killed_by":"Shelled Parasite and Fungi","ascension_level":0}}