{"host":"jvd5k9mqzerszifx","time":1612593286,"event":{"mods":["AchievementEnabler","Act Like it!","BaseMod","Bestiary","Better Note","Better Third Choice","Colored Map","Colored Powertips","Conspire","DeckTracker","Gensokyo","GungeonMod","Hallownest","Hermit","Hubris","Infinite Spire","Jorbs\u0027s Wanderer Trilogy","Koishi","Marisa（F雨　魔理沙）","Minty Spire (QoL Compilation)","MostiFishMod","Relic Stats","Replay The Spire","Reworked Bosses","Spicy Shops","StSLib","The Administrix","The Bug Knight","The Cursed","The Hierophant","The Jungle","The Servant 0.9.4","【功能Mod】聪明的最终Boss"],"gold_per_floor":[160,160,160,199,250,331,331,418,487,523,142,72,156,55,55,361,361,406,406,406,457,457,457,553,553,553,553,658,715,233,114,114,414,414,453,453,453,453,453,540,540,540,540,990,304,391,391,430,430,730,730,782,782,833,833,833,833,833],"floor_reached":55,"language":"ZHS","playtime":2013,"items_purged":["TheCursedMod:RapidMovement+1"],"score":1547,"play_id":"6e45a475-74ef-474f-9eac-4c6e32d1ba08","local_time":"20210206143446","is_ascension_mode":true,"campfire_choices":[{"data":"TheCursedMod:Strike_TheCursed","floor":7.0,"key":"PURGE"},{"data":"TheCursedMod:Strike_TheCursed","floor":7.0,"key":"PURGE"},{"data":"TheCursedMod:Strike_TheCursed","floor":7.0,"key":"PURGE"},{"data":"TheCursedMod:Defend_TheCursed","floor":7.0,"key":"PURGE"},{"data":"TheCursedMod:Defend_TheCursed","floor":7.0,"key":"PURGE"},{"data":"TheCursedMod:Defend_TheCursed","floor":7.0,"key":"PURGE"},{"data":"TheCursedMod:Strike_TheCursed","floor":7.0,"key":"SMITH"},{"data":"TheCursedMod:Defend_TheCursed","floor":7.0,"key":"SMITH"},{"data":"TheCursedMod:CursedWand","floor":7.0,"key":"SMITH"},{"data":"TheCursedMod:CleanUpWorkshop","floor":7.0,"key":"SMITH"},{"data":"TheCursedMod:CircleOfFlame","floor":7.0,"key":"SMITH"},{"data":"TheCursedMod:Hemoplague","floor":7.0,"key":"SMITH"},{"data":"TheCursedMod:RapidMovement","floor":7.0,"key":"SMITH"},{"data":"TheCursedMod:CursedRelics","floor":7.0,"key":"SMITH"},{"floor":7.0,"key":"REST"},{"floor":7.0,"key":"RECALL"},{"data":"TheCursedMod:HellfireBreathing","floor":15.0,"key":"SMITH"},{"data":"TheCursedMod:CircleOfFlame","floor":15.0,"key":"SMITH"},{"data":"TheCursedMod:ReleasedStrength","floor":15.0,"key":"SMITH"},{"data":"TheCursedMod:CursedShiv","floor":15.0,"key":"SMITH"},{"floor":15.0,"key":"REST"},{"data":"TheCursedMod:Strike_TheCursed+1","floor":23.0,"key":"PURGE"},{"data":"TheCursedMod:Defend_TheCursed+1","floor":23.0,"key":"PURGE"},{"floor":23.0,"key":"REST"},{"data":"TheCursedMod:CircleOfAbyss","floor":25.0,"key":"SMITH"},{"data":"TheCursedMod:CircleOfWindfury","floor":25.0,"key":"SMITH"},{"data":"TheCursedMod:Evocation","floor":25.0,"key":"SMITH"},{"data":"TheCursedMod:SurpriseAttack","floor":25.0,"key":"SMITH"},{"floor":25.0,"key":"REST"},{"data":"TheCursedMod:Stretching","floor":32.0,"key":"SMITH"},{"data":"TheCursedMod:CursedShiv","floor":32.0,"key":"SMITH"},{"floor":32.0,"key":"REST"},{"floor":41.0,"key":"REST"},{"data":"infinitespire:TheBestDefense","floor":49.0,"key":"SMITH"},{"floor":49.0,"key":"REST"}],"circlet_count":0,"master_deck":["ReplayTheSpireMod:Echoes of Time+1","TheCursedMod:CursedWand+1","TheCursedMod:CleanUpWorkshop+1","TheCursedMod:Dregs","Dramatic Entrance+1","TheCursedMod:CircleOfFlame+1","TheCursedMod:Hemoplague+1","TheCursedMod:CursedRelics+1","TheCursedMod:CircleOfFlame+1","TheCursedMod:HellfireBreathing+1","TheCursedMod:ReleasedStrength+1","TheCursedMod:CircleOfAbyss+1","TheCursedMod:CircleOfWindfury+1","TheCursedMod:Evocation+1","TheCursedMod:SurpriseAttack+1","TheCursedMod:Stretching+1","TheCursedMod:CursedShiv+1","TheCursedMod:Neurasthenia+1","TheCursedMod:CircleOfAmplification+1","Gensokyo:MedicineKit","TheCursedMod:SurpriseAttack+1","TheCursedMod:HellfireBreathing+1","TheCursedMod:ReleasedKnowledge+1","TheCursedMod:LuckyCharm+1","TheCursedMod:Hemoplague+1","TheCursedMod:DemonicPact+1","infinitespire:TheBestDefense+1"],"relics":["TheCursedMod:BlackMagic101","Peace Pipe","Ginger","Turnip","Unceasing Top","Omamori","Ice Cream","The Courier","Medical Kit","WingedGreaves","HandDrill","Frozen Eye","Blue Candle","CombinedTypeHook","DaveBox","Membership Card","hubris:TinFlute","hubris:CuriousFeather","Iron Hammer","DemoMod:WhiteGuonStone","Frozen Egg 2","Kunai","MostiFishMod:AdaptiveDefenses","BionicSphere","Smiling Mask","Regal Pillow","TakeMeEscape","infinitespire:Satchel","Calling Bell","Anchor","Meat on the Bone","TungstenRod","hubris:Icosahedron","infinitespire:Broken Mirror","Bottled Lightning","Replay:Bottled Steam","DemoMod:GlassGuonStoneRelic","Golden Egg","Replay:Lucky Slots","Tiny Chest","Molten Egg 2","Replay:Accelerometer","Centennial Puzzle","hubris:DuctTape","Counterbalance","hubris:HerbalPaste","Black Star","hubris:Towel","ImprovedEquipment","conspire:Flyswatter","Potion Belt","hubris:Potato","Civilization","ReplayTheSpireMod:CursedCoin","Toolbox","conspire:Dentures","Gremlin Horn","DemoMod:Metronome","Oddly Smooth Stone","PreservedInsect","TheCursedMod:PinkPellets","Bottled Tornado","infinitespire:EmpoweringShard","Gambling Chip","Darkstone Periapt","RhineCircuit","HollowMod:StagPassRelic"],"acts_visited":[],"potions_floor_usage":[],"damage_taken":[{"damage":0.0,"enemies":"Gensokyo:2_Kodama","floor":1.0,"turns":2.0},{"damage":0.0,"enemies":"Gensokyo:Gryphon","floor":4.0,"turns":2.0},{"damage":0.0,"enemies":"Gensokyo:3_Fairies","floor":5.0,"turns":3.0},{"damage":6.0,"enemies":"Gensokyo:Aya","floor":6.0,"turns":3.0},{"damage":0.0,"enemies":"Gensokyo:Cirno","floor":8.0,"turns":4.0},{"damage":0.0,"enemies":"Gensokyo:Kitsune","floor":10.0,"turns":2.0},{"damage":0.0,"enemies":"Gensokyo:Aya","floor":13.0,"turns":2.0},{"damage":0.0,"enemies":"Gensokyo:Reimu","floor":16.0,"turns":3.0},{"damage":0.0,"enemies":"3 Byrds","floor":18.0,"turns":2.0},{"damage":0.0,"enemies":"Sentry and Sphere","floor":21.0,"turns":1.0},{"damage":5.0,"enemies":"conspire:SneckoGhost","floor":24.0,"turns":3.0},{"damage":0.0,"enemies":"Nightmare","floor":28.0,"turns":2.0},{"damage":0.0,"enemies":"Snecko","floor":29.0,"turns":2.0},{"damage":0.0,"enemies":"conspire:MysteriousRune","floor":33.0,"turns":3.0},{"damage":0.0,"enemies":"Gensokyo:AncientGuardian","floor":35.0,"turns":1.0},{"damage":0.0,"enemies":"Gensokyo:Kasen","floor":40.0,"turns":2.0},{"damage":0.0,"enemies":"Gensokyo:Marisa","floor":46.0,"turns":1.0},{"damage":0.0,"enemies":"Gensokyo:3_Bats","floor":48.0,"turns":1.0},{"damage":0.0,"enemies":"Gensokyo:Yuyuko","floor":50.0,"turns":3.0},{"damage":0.0,"enemies":"Gensokyo:Gryphon","floor":52.0,"turns":2.0},{"damage":0.0,"enemies":"Gensokyo:2_Kodama","floor":54.0,"turns":1.0}],"seed_played":"7983367434462719595","potions_obtained":[{"floor":4.0,"key":"Energy Potion"},{"floor":13.0,"key":"Weak Potion"},{"floor":21.0,"key":"DemoMod:BlankPotion"},{"floor":24.0,"key":"Adrenaline Potion"},{"floor":46.0,"key":"TheCursedMod:DregsPotion"},{"floor":48.0,"key":"GamblersBrew"},{"floor":54.0,"key":"Toxic Potion"}],"is_trial":false,"path_per_floor":["M","?","$","M","M","E","R","E","T","M","$","?","E","$","R","B",null,"M","AVR","?","M","?","R","E","R","T","T","NM","M","$","$","R","B",null,"M","?","?","?","T","E","R","?","T","$","$","E","AVR","M","R","B",null,"M","T","M","$"],"character_chosen":"THE_CURSED","items_purchased":["hubris:TinFlute","Frozen Egg 2","Kunai","TheCursedMod:HellfireBreathing+1","MostiFishMod:AdaptiveDefenses","BionicSphere","TakeMeEscape","infinitespire:Satchel","TheCursedMod:CursedShiv","Replay:Lucky Slots","Tiny Chest","Molten Egg 2","Replay:Accelerometer","Centennial Puzzle","hubris:DuctTape","Counterbalance","hubris:HerbalPaste","hubris:Potato","Civilization","ReplayTheSpireMod:CursedCoin","Toolbox","conspire:Dentures","Gremlin Horn","DemoMod:Metronome","Oddly Smooth Stone","PreservedInsect","TheCursedMod:PinkPellets","Bottled Tornado","TheCursedMod:HellfireBreathing+1","TheCursedMod:ReleasedKnowledge","TheCursedMod:LuckyCharm+1","TheCursedMod:Hemoplague+1"],"campfire_rested":7,"item_purchase_floors":[3,11,11,11,11,11,14,14,14,30,30,30,30,30,30,31,31,44,44,44,45,45,45,45,45,45,45,45,45,45,45,45],"current_hp_per_floor":[68,68,52,52,52,46,68,68,68,68,68,68,68,68,75,75,75,75,75,69,69,69,75,70,75,75,75,75,75,75,75,75,75,75,75,75,75,75,75,75,75,75,75,45,45,46,46,47,77,77,78,79,79,80,80,80,80,80],"gold":833,"neow_bonus":"RANDOM_COLORLESS","is_daily":false,"chose_seed":false,"campfire_upgraded":19,"win_rate":0.0,"timestamp":1612593286,"path_taken":["M","?","?","?","M","E","R","E","T","?","$","?","E","?","R","BOSS","M","AVR","?","?","?","R","E","R","T","?","NM","?","$","$","R","BOSS","M","?","?","?","?","E","R","?","T","?","$","E","AVR","?","R","BOSS","M","?","M","?"],"items_purchased_type":["Relic","Relic","Relic","Card","Relic","Relic","Relic","Relic","Card","Relic","Relic","Relic","Relic","Relic","Relic","Relic","Relic","Relic","Relic","Relic","Relic","Relic","Relic","Relic","Relic","Relic","Relic","Relic","Card","Card","Card","Card"],"build_version":"2020-12-22","purchased_purges":1,"victory":false,"max_hp_per_floor":[75,75,75,75,75,75,75,75,75,75,75,75,75,75,75,75,75,75,75,75,75,75,75,75,75,75,75,75,75,75,75,75,75,75,75,75,75,75,75,75,75,75,75,75,75,76,76,77,77,78,78,79,79,80,80,80,80,80],"relic_stats":{"Darkstone Periapt":0,"Regal Pillow":7,"Gremlin Horn":[7,7],"counters":[21,40],"Blue Candle":[0],"PreservedInsect":63,"Ginger":[1],"Medical Kit":[0],"Smiling Mask":-20,"Peace Pipe":11,"Centennial Puzzle":[0],"Gambling Chip":[6],"Tiny Chest":2,"Turnip":[3],"HandDrill":[18],"Black Star":2,"Kunai":[11],"obtain_stats":[{"Ice Cream":0,"CombinedTypeHook":0,"Golden Egg":28,"Replay:Accelerometer":30,"Gremlin Horn":45,"MostiFishMod:AdaptiveDefenses":11,"DemoMod:GlassGuonStoneRelic":8,"Ginger":0,"Bottled Tornado":45,"HollowMod:StagPassRelic":53,"Centennial Puzzle":30,"hubris:HerbalPaste":31,"DemoMod:Metronome":45,"Iron Hammer":8,"HandDrill":0,"Kunai":11,"hubris:TinFlute":3,"Replay:Bottled Steam":27,"conspire:Dentures":45,"TheCursedMod:BlackMagic101":0,"hubris:DuctTape":30,"ReplayTheSpireMod:CursedCoin":44,"Blue Candle":0,"Counterbalance":31,"Oddly Smooth Stone":45,"RhineCircuit":51,"infinitespire:Broken Mirror":24,"BionicSphere":11,"Molten Egg 2":30,"Black Star":34,"infinitespire:EmpoweringShard":46,"Unceasing Top":0,"Meat on the Bone":17,"conspire:Flyswatter":40,"Darkstone Periapt":47,"Regal Pillow":13,"DaveBox":0,"DemoMod:WhiteGuonStone":9,"Smiling Mask":12,"Frozen Eye":0,"Civilization":44,"hubris:Icosahedron":22,"Gambling Chip":46,"Toolbox":45,"Tiny Chest":30,"WingedGreaves":0,"hubris:CuriousFeather":6,"Replay:Lucky Slots":30,"Potion Belt":40,"ImprovedEquipment":39,"TheCursedMod:PinkPellets":45,"The Courier":0,"PreservedInsect":45,"Omamori":0,"Frozen Egg 2":11,"hubris:Towel":36,"Medical Kit":0,"Peace Pipe":0,"Calling Bell":17,"Anchor":17,"TakeMeEscape":14,"infinitespire:Satchel":14,"Turnip":0,"Membership Card":0,"Bottled Lightning":26,"TungstenRod":19,"hubris:Potato":44},{"Ice Cream":0,"CombinedTypeHook":0,"Golden Egg":12,"Replay:Accelerometer":13,"Gremlin Horn":16,"MostiFishMod:AdaptiveDefenses":6,"DemoMod:GlassGuonStoneRelic":5,"Ginger":0,"Bottled Tornado":16,"HollowMod:StagPassRelic":20,"Centennial Puzzle":13,"hubris:HerbalPaste":13,"DemoMod:Metronome":16,"Iron Hammer":5,"HandDrill":0,"Kunai":6,"hubris:TinFlute":1,"Replay:Bottled Steam":11,"conspire:Dentures":16,"TheCursedMod:BlackMagic101":0,"hubris:DuctTape":13,"ReplayTheSpireMod:CursedCoin":16,"Blue Candle":0,"Counterbalance":13,"Oddly Smooth Stone":16,"RhineCircuit":19,"infinitespire:Broken Mirror":11,"BionicSphere":6,"Molten Egg 2":13,"Black Star":14,"infinitespire:EmpoweringShard":17,"Unceasing Top":0,"Meat on the Bone":8,"conspire:Flyswatter":16,"Darkstone Periapt":17,"Regal Pillow":7,"DaveBox":0,"DemoMod:WhiteGuonStone":5,"Smiling Mask":6,"Frozen Eye":0,"Civilization":16,"hubris:Icosahedron":10,"Gambling Chip":17,"Toolbox":16,"Tiny Chest":13,"WingedGreaves":0,"hubris:CuriousFeather":4,"Replay:Lucky Slots":13,"Potion Belt":16,"ImprovedEquipment":15,"TheCursedMod:PinkPellets":16,"The Courier":0,"PreservedInsect":16,"Omamori":0,"Frozen Egg 2":6,"hubris:Towel":15,"Medical Kit":0,"Peace Pipe":0,"Calling Bell":8,"Anchor":8,"TakeMeEscape":7,"infinitespire:Satchel":7,"Turnip":0,"Membership Card":0,"Bottled Lightning":11,"TungstenRod":9,"hubris:Potato":16},{"Ice Cream":0,"CombinedTypeHook":0,"Golden Egg":25,"Replay:Accelerometer":27,"Gremlin Horn":33,"MostiFishMod:AdaptiveDefenses":14,"DemoMod:GlassGuonStoneRelic":13,"Ginger":0,"Bottled Tornado":33,"HollowMod:StagPassRelic":39,"Centennial Puzzle":27,"hubris:HerbalPaste":27,"DemoMod:Metronome":33,"Iron Hammer":13,"HandDrill":0,"Kunai":14,"hubris:TinFlute":2,"Replay:Bottled Steam":24,"conspire:Dentures":33,"TheCursedMod:BlackMagic101":0,"hubris:DuctTape":27,"ReplayTheSpireMod:CursedCoin":33,"Blue Candle":0,"Counterbalance":27,"Oddly Smooth Stone":33,"RhineCircuit":38,"infinitespire:Broken Mirror":24,"BionicSphere":14,"Molten Egg 2":27,"Black Star":30,"infinitespire:EmpoweringShard":34,"Unceasing Top":0,"Meat on the Bone":19,"conspire:Flyswatter":33,"Darkstone Periapt":34,"Regal Pillow":16,"DaveBox":0,"DemoMod:WhiteGuonStone":13,"Smiling Mask":14,"Frozen Eye":0,"Civilization":33,"hubris:Icosahedron":21,"Gambling Chip":34,"Toolbox":33,"Tiny Chest":27,"WingedGreaves":0,"hubris:CuriousFeather":9,"Replay:Lucky Slots":27,"Potion Belt":33,"ImprovedEquipment":31,"TheCursedMod:PinkPellets":33,"The Courier":0,"PreservedInsect":33,"Omamori":0,"Frozen Egg 2":14,"hubris:Towel":31,"Medical Kit":0,"Peace Pipe":0,"Calling Bell":19,"Anchor":19,"TakeMeEscape":16,"infinitespire:Satchel":16,"Turnip":0,"Membership Card":0,"Bottled Lightning":24,"TungstenRod":20,"hubris:Potato":33}],"Unceasing Top":[5],"TungstenRod":2,"Meat on the Bone":0},"card_choices":[{"not_picked":["Finesse","Enlightenment"],"picked":"Dramatic Entrance","floor":0.0},{"not_picked":["TheCursedMod:CursedAmulet","TheCursedMod:StingEye"],"picked":"TheCursedMod:CircleOfFlame","floor":1.0},{"not_picked":["TheCursedMod:Mangle","TheCursedMod:DoubleShield"],"picked":"TheCursedMod:Hemoplague","floor":4.0},{"not_picked":["TheCursedMod:CircleOfFocus","TheCursedMod:SaltUponWound"],"picked":"TheCursedMod:RapidMovement","floor":5.0},{"not_picked":["TheCursedMod:SaltUponWound","TheCursedMod:CursedMace"],"picked":"TheCursedMod:CursedRelics","floor":6.0},{"not_picked":["TheCursedMod:EmpowerCircles","TheCursedMod:ReleasedKnowledge"],"picked":"TheCursedMod:HellfireBreathing","floor":8.0},{"not_picked":["TheCursedMod:ForbiddenAlchemy","TheCursedMod:RavingStaff"],"picked":"TheCursedMod:CircleOfFlame","floor":10.0},{"not_picked":["TheCursedMod:CursedBlade","TheCursedMod:CircleOfAmplification"],"picked":"TheCursedMod:ReleasedStrength","floor":13.0},{"not_picked":["TheCursedMod:ParallelWorld","TheCursedMod:ManaCirculation+1"],"picked":"TheCursedMod:CircleOfAbyss","floor":16.0},{"not_picked":["TheCursedMod:SpitefulStrike","TheCursedMod:CursedAmulet"],"picked":"TheCursedMod:CircleOfWindfury","floor":18.0},{"not_picked":["TheCursedMod:Torture","TheCursedMod:BlessingInDisguise"],"picked":"TheCursedMod:Evocation","floor":21.0},{"not_picked":["TheCursedMod:Stigma","TheCursedMod:CursedAmulet"],"picked":"TheCursedMod:SurpriseAttack","floor":24.0},{"not_picked":["TheCursedMod:CursedRelics","TheCursedMod:CircleOfFlame"],"picked":"TheCursedMod:Stretching","floor":28.0},{"not_picked":["TheCursedMod:Obscuration","TheCursedMod:FleshFromBone"],"picked":"TheCursedMod:CursedShiv","floor":29.0},{"not_picked":["TheCursedMod:CursedRelics+1","TheCursedMod:NeowsMight"],"picked":"TheCursedMod:Neurasthenia","floor":33.0},{"not_picked":["TheCursedMod:CursedMace+1","TheCursedMod:Wield+1"],"picked":"TheCursedMod:CircleOfAmplification+1","floor":35.0},{"not_picked":["TheCursedMod:Wield+1","TheCursedMod:RapidMovement"],"picked":"TheCursedMod:SurpriseAttack+1","floor":40.0},{"not_picked":["TheCursedMod:FleshFromBone+1","TheCursedMod:Mangle+1"],"picked":"TheCursedMod:DemonicPact+1","floor":46.0},{"not_picked":["TheCursedMod:CursedMace+1","TheCursedMod:TacticalStrike+1","TheCursedMod:Stigma+1"],"picked":"SKIP","floor":48.0},{"not_picked":["TheCursedMod:SpreadPlague","TheCursedMod:ParallelWorld","TheCursedMod:RavingStaff+1"],"picked":"SKIP","floor":52.0},{"not_picked":["TheCursedMod:Grudge","TheCursedMod:WearCloak","TheCursedMod:Stigma+1"],"picked":"SKIP","floor":54.0},{"not_picked":["TheCursedMod:Grudge","TheCursedMod:WearCloak","TheCursedMod:Stigma+1"],"picked":"SKIP","floor":54.0}],"player_experience":330419,"relics_obtained":[{"floor":6.0,"key":"hubris:CuriousFeather"},{"floor":8.0,"key":"Iron Hammer"},{"floor":9.0,"key":"DemoMod:WhiteGuonStone"},{"floor":13.0,"key":"Regal Pillow"},{"floor":17.0,"key":"Anchor"},{"floor":17.0,"key":"Meat on the Bone"},{"floor":24.0,"key":"infinitespire:Broken Mirror"},{"floor":26.0,"key":"Bottled Lightning"},{"floor":27.0,"key":"Replay:Bottled Steam"},{"floor":28.0,"key":"Golden Egg"},{"floor":39.0,"key":"ImprovedEquipment"},{"floor":40.0,"key":"conspire:Flyswatter"},{"floor":40.0,"key":"Potion Belt"},{"floor":46.0,"key":"infinitespire:EmpoweringShard"},{"floor":46.0,"key":"Gambling Chip"},{"floor":53.0,"key":"HollowMod:StagPassRelic"}],"event_choices":[{"damage_healed":0.0,"max_hp_gain":0.0,"max_hp_loss":0.0,"gold_gain":0.0,"event_name":"Wheel of Change","player_choice":"Damaged","floor":20.0,"gold_loss":0.0,"damage_taken":7.0}],"is_beta":false,"boss_relics":[{"not_picked":["GreenFoldingFan","Honey Jar"],"picked":"Calling Bell"},{"not_picked":["FixedStarFall","SlaversCollar"],"picked":"Black Star"},{"not_picked":["hubris:GrandSneckoEye","xbg"],"picked":"RhineCircuit"}],"items_purged_floors":[45],"is_endless":false,"potions_floor_spawned":[4,13,21,24,33,46,48,54],"ascension_level":7}}