{"host":"vyjryxuuuxkt43k4","time":1612629102,"event":{"mods":["AchievementEnabler","BaseMod","Colored Map","DeckTracker","Highlight Path","Keyboard Shortcuts","Minty Spire (QoL Compilation)","Permanent Neow","Quick Restart","StSLib","SuperFastMode","everything is the same but u backflip on backflip"],"gold_per_floor":[118,78,92,112,131,131,157,157,157,157,189,189,202,233,233,309,309,326,326,251,120,131,131,131],"floor_reached":23,"language":"KOR","playtime":748,"items_purged":["Strike_P"],"score":445,"play_id":"73edbb08-37cb-49ef-9fbd-9c57021d9556","local_time":"20210207013142","is_ascension_mode":true,"campfire_choices":[{"data":"Eruption","floor":6.0,"key":"SMITH"},{"floor":8.0,"key":"REST"},{"data":"ForeignInfluence","floor":10.0,"key":"SMITH"},{"floor":12.0,"key":"REST"},{"data":"SignatureMove","floor":15.0,"key":"SMITH"}],"circlet_count":0,"master_deck":["AscendersBane","Strike_P","Strike_P","Defend_P","Defend_P","Defend_P","Eruption+1","Vigilance","ForeignInfluence+1","Swivel","FearNoEvil","SignatureMove+1","EmptyBody","Scrawl","Adaptation"],"relics":["PureWater","NeowsBlessing","Boot","Blood Vial","TeardropLocket","Smiling Mask","Snecko Eye"],"acts_visited":["Exordium","TheCity"],"potions_floor_usage":[23],"damage_taken":[{"damage":0.0,"enemies":"Small Slimes","floor":1.0,"turns":1.0},{"damage":0.0,"enemies":"Cultist","floor":3.0,"turns":1.0},{"damage":0.0,"enemies":"Jaw Worm","floor":4.0,"turns":2.0},{"damage":18.0,"enemies":"3 Louse","floor":5.0,"turns":2.0},{"damage":40.0,"enemies":"3 Sentries","floor":7.0,"turns":6.0},{"damage":6.0,"enemies":"Gremlin Nob","floor":11.0,"turns":3.0},{"damage":10.0,"enemies":"Red Slaver","floor":13.0,"turns":3.0},{"damage":0.0,"enemies":"3 Sentries","floor":14.0,"turns":3.0},{"damage":23.0,"enemies":"Hexaghost","floor":16.0,"turns":9.0},{"damage":4,"enemies":"Shell Parasite","floor":18,"turns":2},{"damage":0,"enemies":"Chosen","floor":22,"turns":2},{"damage":59,"enemies":"Slavers","floor":23,"turns":5}],"seed_played":"5749130995822061102","potions_obtained":[{"floor":1.0,"key":"AttackPotion"},{"floor":2.0,"key":"PowerPotion"},{"floor":14.0,"key":"Block Potion"},{"floor":16.0,"key":"FearPotion"},{"floor":18,"key":"Swift Potion"}],"is_trial":false,"path_per_floor":["M","?","M","M","M","R","E","R","T","R","E","R","M","E","R","B",null,"M","?","?","$","M","E"],"character_chosen":"WATCHER","items_purchased":["Adaptation"],"campfire_rested":2,"item_purchase_floors":[21],"current_hp_per_floor":[61,61,61,61,43,43,3,23,23,23,19,39,31,33,33,12,54,52,52,52,52,54,0,0],"gold":131,"neow_bonus":"THREE_ENEMY_KILL","is_daily":false,"chose_seed":false,"campfire_upgraded":3,"win_rate":0.0,"timestamp":1612629102,"path_taken":["M","?","?","?","M","R","E","R","T","R","E","R","M","E","R","BOSS","M","?","?","$","M","E"],"items_purchased_type":["Card"],"build_version":"2020-12-22","purchased_purges":1,"victory":false,"max_hp_per_floor":[68,68,68,68,68,68,68,68,68,68,68,68,68,68,68,68,68,68,68,68,68,68,68,68],"card_choices":[{"not_picked":["PathToVictory","BowlingBash"],"picked":"ForeignInfluence","floor":1.0},{"not_picked":["FlurryOfBlows","Evaluate","BowlingBash"],"picked":"SKIP","floor":3.0},{"not_picked":["Evaluate","Crescendo"],"picked":"Swivel","floor":4.0},{"not_picked":["FlurryOfBlows","Collect","BattleHymn"],"picked":"SKIP","floor":5.0},{"not_picked":["EmptyFist","Omniscience"],"picked":"FearNoEvil","floor":7.0},{"not_picked":["Crescendo","FlyingSleeves","EmptyBody"],"picked":"SKIP","floor":11.0},{"not_picked":["Crescendo","FlyingSleeves","EmptyBody"],"picked":"SKIP","floor":11.0},{"not_picked":["FollowUp","JustLucky"],"picked":"SignatureMove","floor":13.0},{"not_picked":["ForeignInfluence","Wallop"],"picked":"EmptyBody","floor":14.0},{"not_picked":["Judgement","SpiritShield"],"picked":"Scrawl","floor":16.0},{"not_picked":["FollowUp","Consecrate","FlyingSleeves"],"picked":"SKIP","floor":18},{"not_picked":["Study","SandsOfTime","SashWhip"],"picked":"SKIP","floor":22}],"player_experience":810337,"relics_obtained":[{"floor":7.0,"key":"Boot"},{"floor":9.0,"key":"Blood Vial"},{"floor":11.0,"key":"TeardropLocket"},{"floor":14.0,"key":"Smiling Mask"}],"event_choices":[{"damage_healed":0.0,"max_hp_gain":0.0,"max_hp_loss":0.0,"gold_gain":0.0,"event_name":"The Woman in Blue","player_choice":"Bought 3 Potions","floor":2.0,"gold_loss":0.0,"damage_taken":0.0},{"cards_removed":["Strike_P"],"damage_healed":0,"gold_gain":0,"player_choice":"Elegance","damage_taken":0,"max_hp_gain":0,"max_hp_loss":0,"event_name":"Back to Basics","floor":19,"gold_loss":0},{"cards_removed":["Defend_P"],"damage_healed":0,"gold_gain":0,"player_choice":"Gave Gold","damage_taken":0,"max_hp_gain":0,"max_hp_loss":0,"event_name":"Beggar","floor":20,"gold_loss":75}],"is_beta":false,"boss_relics":[{"not_picked":["Sozu","Calling Bell"],"picked":"Snecko Eye"}],"items_purged_floors":[21],"is_endless":false,"potions_floor_spawned":[1,14,16,18],"killed_by":"Slavers","ascension_level":18}}