{"host":"syozzdlzcqop4jia","time":1612653965,"event":{"mods":["BaseMod","Colored Map","Colored Powertips","Minty Spire (QoL Compilation)","Quick Restart"],"gold_per_floor":[117,44,63,82,82,117,117,117,140,158,158,158,22,47,47,152,152,171,186,201,217,244,244,254,264,264,364,279,379,379,413,413,413,413],"floor_reached":33,"language":"ENG","playtime":2356,"items_purged":[],"score":369,"play_id":"96c152a8-ad58-458a-aead-40dc9759b800","local_time":"20210207002605","is_ascension_mode":true,"campfire_choices":[{"floor":7,"key":"REST"},{"data":"Seeing Red","floor":11,"key":"SMITH"},{"data":"Carnage","floor":15,"key":"SMITH"},{"floor":23,"key":"REST"},{"floor":30,"key":"REST"},{"floor":32,"key":"REST"}],"circlet_count":0,"master_deck":["Strike_R","Strike_R","Strike_R","Strike_R","Strike_R","Defend_R+1","Defend_R","Defend_R","Defend_R","Bash","Feed","Anger","Ghostly Armor+1","Anger","Pommel Strike","Carnage+1","Seeing Red+1","Reaper","Double Tap","Feed","Heavy Blade","Spot Weakness","Anger+1","Flex+1","Searing Blow","Ghostly Armor"],"relics":["Black Blood","War Paint","Orichalcum","Mummified Hand","Juzu Bracelet","Toy Ornithopter","Charon\u0027s Ashes","Ginger","Frozen Egg 2","Omamori"],"acts_visited":["Exordium","TheCity"],"potions_floor_usage":[6,20,21,24,25,29,29,29],"damage_taken":[{"damage":13,"enemies":"Cultist","floor":1,"turns":6},{"damage":7,"enemies":"Jaw Worm","floor":3,"turns":3},{"damage":0,"enemies":"2 Louse","floor":4,"turns":2},{"damage":26,"enemies":"Lagavulin","floor":6,"turns":6},{"damage":9,"enemies":"Red Slaver","floor":10,"turns":3},{"damage":8,"enemies":"Gremlin Nob","floor":14,"turns":4},{"damage":52,"enemies":"Hexaghost","floor":16,"turns":9},{"damage":7,"enemies":"Chosen","floor":18,"turns":4},{"damage":18,"enemies":"Spheric Guardian","floor":19,"turns":4},{"damage":32,"enemies":"Snake Plant","floor":20,"turns":5},{"damage":13,"enemies":"Snecko","floor":21,"turns":4},{"damage":39,"enemies":"Cultist and Chosen","floor":24,"turns":7},{"damage":15,"enemies":"Centurion and Healer","floor":25,"turns":5},{"damage":16,"enemies":"Colosseum Slavers","floor":29,"turns":4},{"damage":71,"enemies":"Colosseum Nobs","floor":29,"turns":6},{"damage":72,"enemies":"Book of Stabbing","floor":31,"turns":6},{"damage":51,"enemies":"Champ","floor":33,"turns":5}],"seed_played":"6921201014133765142","potions_obtained":[{"floor":1,"key":"Ancient Potion"},{"floor":3,"key":"Strength Potion"},{"floor":6,"key":"ColorlessPotion"},{"floor":10,"key":"AttackPotion"},{"floor":19,"key":"BlessingOfTheForge"},{"floor":20,"key":"BloodPotion"},{"floor":21,"key":"Fire Potion"},{"floor":24,"key":"EntropicBrew"},{"floor":29,"key":"Strength Potion"}],"is_trial":false,"path_per_floor":["M","$","M","M","?","E","R","?","T","M","R","?","$","E","R","B",null,"M","M","M","M","T","R","M","M","T","?","?","?","R","E","R","B"],"character_chosen":"IRONCLAD","items_purchased":["Ghostly Armor","Reaper"],"campfire_rested":4,"item_purchase_floors":[2,13],"current_hp_per_floor":[76,76,78,84,84,64,86,91,91,88,88,88,88,86,86,46,80,85,79,59,58,58,85,87,84,84,84,84,45,75,15,45,0,0],"gold":413,"neow_bonus":"ONE_RANDOM_RARE_CARD","is_daily":false,"chose_seed":false,"campfire_upgraded":2,"win_rate":0.0,"timestamp":1612653965,"path_taken":["M","$","M","?","?","E","R","?","T","M","R","?","$","E","R","BOSS","M","M","M","M","?","R","M","M","T","?","?","?","R","E","R","BOSS"],"items_purchased_type":["Card","Card"],"build_version":"2020-12-22","purchased_purges":0,"victory":false,"max_hp_per_floor":[83,83,86,86,86,86,86,91,91,91,91,91,91,91,91,91,91,91,91,91,91,91,91,97,97,97,97,97,103,103,103,103,103,103],"card_choices":[{"not_picked":["True Grit","Sentinel"],"picked":"Anger","floor":1},{"not_picked":["Infernal Blade","Warcry"],"picked":"Anger","floor":3},{"not_picked":["Disarm","Reckless Charge"],"picked":"Pommel Strike","floor":4},{"not_picked":["Bloodletting","True Grit"],"picked":"Carnage","floor":6},{"not_picked":["Perfected Strike","Clothesline"],"picked":"Seeing Red","floor":10},{"not_picked":["Headbutt","Perfected Strike"],"picked":"Double Tap","floor":14},{"not_picked":["Impervious","Immolate"],"picked":"Feed","floor":16},{"not_picked":["Power Through","Thunderclap"],"picked":"Heavy Blade","floor":18},{"not_picked":["Sword Boomerang","Reckless Charge"],"picked":"Spot Weakness","floor":19},{"not_picked":["Headbutt","Second Wind"],"picked":"Anger+1","floor":20},{"not_picked":["Iron Wave","Disarm+1","Armaments"],"picked":"SKIP","floor":21},{"not_picked":["Sword Boomerang+1","Disarm"],"picked":"Flex+1","floor":24},{"not_picked":["Fire Breathing","Iron Wave"],"picked":"Searing Blow","floor":25},{"not_picked":["Armaments","Clothesline+1"],"picked":"Ghostly Armor","floor":29},{"not_picked":["Offering","Thunderclap","Warcry"],"picked":"SKIP","floor":31}],"player_experience":568299,"relics_obtained":[{"floor":6,"key":"War Paint"},{"floor":9,"key":"Orichalcum"},{"floor":14,"key":"Mummified Hand"},{"floor":22,"key":"Juzu Bracelet"},{"floor":26,"key":"Toy Ornithopter"},{"floor":29,"key":"Ginger"},{"floor":29,"key":"Frozen Egg 2"},{"floor":31,"key":"Omamori"}],"event_choices":[{"damage_healed":0,"gold_gain":0,"player_choice":"Ignored","damage_taken":0,"max_hp_gain":0,"max_hp_loss":0,"event_name":"Golden Idol","floor":5,"gold_loss":0},{"damage_healed":0,"gold_gain":0,"player_choice":"Donut","damage_taken":0,"max_hp_gain":5,"max_hp_loss":0,"event_name":"Big Fish","floor":8,"gold_loss":0},{"damage_healed":0,"gold_gain":0,"player_choice":"0 cards matched","damage_taken":0,"max_hp_gain":0,"max_hp_loss":0,"event_name":"Match and Keep!","floor":12,"gold_loss":0,"cards_obtained":[]},{"damage_healed":0,"gold_gain":100,"player_choice":"Pray","damage_taken":0,"max_hp_gain":0,"max_hp_loss":0,"event_name":"Golden Shrine","floor":27,"gold_loss":0},{"damage_healed":0,"gold_gain":0,"player_choice":"Obtained Relic","damage_taken":0,"relics_obtained":["Charon\u0027s Ashes"],"max_hp_gain":0,"max_hp_loss":0,"event_name":"Addict","floor":28,"gold_loss":85},{"damage_healed":0,"gold_gain":0,"player_choice":"Fight","damage_taken":0,"max_hp_gain":0,"max_hp_loss":0,"event_name":"Colosseum","floor":29,"gold_loss":0},{"damage_healed":0,"gold_gain":0,"player_choice":"Fought Nobs","damage_taken":0,"max_hp_gain":0,"max_hp_loss":0,"event_name":"Colosseum","floor":29,"gold_loss":0}],"is_beta":false,"boss_relics":[{"not_picked":["Runic Cube","Black Star"],"picked":"Black Blood"}],"items_purged_floors":[],"is_endless":false,"potions_floor_spawned":[1,3,6,10,19,20,21,24,29],"killed_by":"Champ","ascension_level":5}}