{"host":"i2ntsfwoh5q5m216","time":1612655914,"event":{"mods":["BaseMod","Colored Map","Downfall","Minty Spire (QoL Compilation)","StSLib"],"gold_per_floor":[14,114,127,143,160,189,203,213,239,256,256,256,256,256,256,351,351,365,365,390,87,13,13,24,40,67,100,100,120,120,38,38,137,137,149,166,166,166,166],"floor_reached":38,"language":"ENG","playtime":1259,"items_purged":[],"score":396,"play_id":"dd6bc828-5317-41be-8865-823d59f45aed","local_time":"20210206175834","is_ascension_mode":false,"campfire_choices":[{"data":"Armaments","floor":11,"key":"SMITH"},{"floor":13,"key":"REST"},{"data":"Double Tap","floor":15,"key":"SMITH"},{"data":"Metallicize","floor":23,"key":"SMITH"},{"floor":30,"key":"REST"},{"data":"Panacea","floor":32,"key":"SMITH"}],"circlet_count":0,"master_deck":["Strike_R","Strike_R","Strike_R","Strike_R","Strike_R","Defend_R","Defend_R","Defend_R","Defend_R","Bash","Double Tap+1","Armaments+1","Iron Wave","Disarm+1","Clothesline","Iron Wave","Intimidate","Twin Strike","Impervious","Cleave+1","Flex","Metallicize+1","Dual Wield","Armaments","Panacea+1","Feed","Burning Pact+1","Twin Strike+1","Slimebound:FormOfPuddle"],"relics":["Black Blood","Boot","Regal Pillow","Centennial Puzzle","MawBank","Gremlin Horn","Blood Vial","Happy Flower","SacredBark"],"acts_visited":["Exordium","TheCity","TheBeyond"],"potions_floor_usage":[3,6,16,18,25,29,33,33,36],"damage_taken":[{"damage":0,"enemies":"2 Louse","floor":1,"turns":4},{"damage":6,"enemies":"Cultist","floor":3,"turns":3},{"damage":0,"enemies":"Small Slimes","floor":4,"turns":4},{"damage":45,"enemies":"Exordium Thugs","floor":5,"turns":9},{"damage":22,"enemies":"Lagavulin","floor":6,"turns":6},{"damage":9,"enemies":"Exordium Wildlife","floor":7,"turns":6},{"damage":0,"enemies":"2 Fungi Beasts","floor":8,"turns":4},{"damage":4,"enemies":"Exordium Thugs","floor":10,"turns":6},{"damage":19,"enemies":"Slime Boss","floor":16,"turns":11},{"damage":28,"enemies":"Spheric Guardian","floor":18,"turns":6},{"damage":7,"enemies":"3 Byrds","floor":24,"turns":5},{"damage":31,"enemies":"Sentry and Sphere","floor":25,"turns":6},{"damage":63,"enemies":"Gremlin Leader","floor":27,"turns":11},{"damage":14,"enemies":"Snake Plant","floor":29,"turns":9},{"damage":46,"enemies":"Automaton","floor":33,"turns":9},{"damage":3,"enemies":"3 Shapes","floor":35,"turns":10},{"damage":7,"enemies":"Orb Walker","floor":36,"turns":6},{"damage":95,"enemies":"Spire Growth","floor":38,"turns":8}],"seed_played":"1633102394907830528","potions_obtained":[{"floor":1,"key":"AttackPotion"},{"floor":4,"key":"Strength Potion"},{"floor":5,"key":"SteroidPotion"},{"floor":8,"key":"hexamod:SoulburnPotion"},{"floor":10,"key":"Fire Potion"},{"floor":16,"key":"DistilledChaos"},{"floor":25,"key":"bronze:BurnAndBuffPotion"},{"floor":27,"key":"Ancient Potion"},{"floor":29,"key":"Block Potion"},{"floor":33,"key":"Strength Potion"}],"is_trial":false,"path_per_floor":["M","?","M","M","M","E","M","M","T","M","R","?","R","?","R","B",null,"M","?","T","$","$","R","M","M","T","E","?","M","R","$","R","B",null,"M","M","?","M"],"character_chosen":"IRONCLAD","items_purchased":["Flex","Gremlin Horn","Metallicize","Panacea"],"campfire_rested":2,"item_purchase_floors":[21,21,22,31],"current_hp_per_floor":[80,80,80,80,41,25,22,28,28,30,30,30,69,69,69,56,80,64,64,64,64,64,64,76,57,57,23,17,24,63,63,63,67,80,87,91,91,0,0],"gold":166,"neow_bonus":"THREE_RARE_CARDS","is_daily":false,"chose_seed":false,"campfire_upgraded":4,"win_rate":0.0,"timestamp":1612655914,"path_taken":["M","?","M","M","M","E","M","?","T","M","R","?","R","?","R","BOSS","M","?","?","?","$","R","M","M","T","E","?","?","R","$","R","BOSS","M","M","?","M"],"items_purchased_type":["Card","Relic","Card","Card"],"build_version":"2020-12-22","purchased_purges":0,"victory":false,"max_hp_per_floor":[80,80,80,80,80,80,80,80,80,80,80,80,80,80,80,80,80,80,80,80,80,80,80,80,80,80,80,80,80,80,80,80,80,80,87,91,91,91,91],"card_choices":[{"not_picked":["Limit Break","Juggernaut"],"picked":"Double Tap","floor":0},{"not_picked":["Inflame","Entrench"],"picked":"Armaments","floor":1},{"not_picked":["Carnage","Searing Blow"],"picked":"Iron Wave","floor":3},{"not_picked":["Whirlwind","Shrug It Off"],"picked":"Disarm","floor":4},{"not_picked":["Sever Soul","Bloodletting"],"picked":"Clothesline","floor":5},{"not_picked":["Hemokinesis","Clothesline"],"picked":"Iron Wave","floor":6},{"not_picked":["Sword Boomerang","Shockwave"],"picked":"Intimidate","floor":7},{"not_picked":["Sever Soul","Hemokinesis"],"picked":"Twin Strike","floor":8},{"not_picked":["Bloodletting","Pommel Strike"],"picked":"Reaper","floor":10},{"not_picked":["Demon Form","Offering"],"picked":"Impervious","floor":16},{"not_picked":["Clash","Anger"],"picked":"Cleave+1","floor":18},{"not_picked":["Rampage","Clash+1"],"picked":"Dual Wield","floor":24},{"not_picked":["Anger","Reaper"],"picked":"Armaments","floor":25},{"not_picked":["Warcry","Pommel Strike","Sword Boomerang"],"picked":"SKIP","floor":27},{"not_picked":["Armaments","Shrug It Off","Sever Soul+1"],"picked":"SKIP","floor":29},{"not_picked":["Double Tap","Impervious"],"picked":"Feed","floor":33},{"not_picked":["Clash+1","Shrug It Off+1"],"picked":"Burning Pact+1","floor":35},{"not_picked":["Clothesline","Iron Wave"],"picked":"Twin Strike+1","floor":36}],"player_experience":33279,"relics_obtained":[{"floor":6,"key":"Boot"},{"floor":9,"key":"Regal Pillow"},{"floor":20,"key":"MawBank"},{"floor":26,"key":"Blood Vial"},{"floor":27,"key":"Happy Flower"}],"event_choices":[{"damage_healed":0,"gold_gain":100,"player_choice":"Pray","damage_taken":0,"max_hp_gain":0,"max_hp_loss":0,"event_name":"Golden Shrine","floor":2,"gold_loss":0},{"damage_healed":0,"gold_gain":0,"player_choice":"Grow","damage_taken":0,"max_hp_gain":0,"max_hp_loss":0,"event_name":"Living Wall","floor":12,"gold_loss":0,"cards_upgraded":["Disarm"]},{"damage_healed":0,"gold_gain":0,"player_choice":"Ignored","damage_taken":0,"max_hp_gain":0,"max_hp_loss":0,"event_name":"Liars Game","floor":14,"gold_loss":0},{"damage_healed":0,"gold_gain":0,"player_choice":"Opened","damage_taken":0,"relics_obtained":["Centennial Puzzle"],"max_hp_gain":0,"max_hp_loss":0,"event_name":"The Mausoleum","floor":19,"gold_loss":0},{"damage_healed":0,"gold_gain":0,"player_choice":"","damage_taken":6,"max_hp_gain":0,"max_hp_loss":0,"event_name":"Knowing Skull","floor":28,"potions_obtained":[],"gold_loss":0,"cards_obtained":[]},{"cards_removed":["Reaper"],"damage_healed":0,"gold_gain":0,"player_choice":"Took Card","damage_taken":0,"max_hp_gain":0,"max_hp_loss":0,"event_name":"NoteForYourself","floor":37,"gold_loss":0,"cards_obtained":["Slimebound:FormOfPuddle"]}],"is_beta":false,"boss_relics":[{"not_picked":["Cursed Key","Coffee Dripper"],"picked":"Black Blood"},{"not_picked":["Runic Cube","Philosopher\u0027s Stone"],"picked":"SacredBark"}],"items_purged_floors":[],"is_endless":false,"potions_floor_spawned":[1,4,5,8,10,16,25,27,29,33],"killed_by":"Spire Growth","ascension_level":0}}