{"host":"8d3fefv2347kqkpz","time":1612586274,"event":{"mods":["AchievementEnabler","Act Like it!","Aspiration","BaseMod","Better Vampires","Colored Map","Colored Powertips","Conspire","GifTheSpireLib","Highlight Path","Hubris","Mimic Mod","Minty Spire (QoL Compilation)","Quick Restart","Rare Cards Sparkle","Relic Stats","Replay The Spire","Spicy Shops","StSLib","The Jungle","Waifu the Spire"],"gold_per_floor":[117,42,53,53,69,69,95,95,95,123,137,137,147,158,158,258,258,270,45,45,45,57,57,75,75,101,101,51,77,94,106,106,209,209,227,6,0,0,0,0,0,0],"floor_reached":41,"language":"ZHS","playtime":1177,"items_purged":["Strike_B","Defend_B","Defend_B","Chill"],"score":465,"play_id":"de9e48d0-5bc3-4f37-a16d-b3ad54f6ed13","local_time":"20210206123754","is_ascension_mode":true,"campfire_choices":[{"data":"Zap","floor":6.0,"key":"SMITH"},{"floor":12.0,"key":"REST"},{"floor":15.0,"key":"REST"},{"data":"hubris:Ukulele","floor":23.0,"key":"SMITH"},{"floor":25.0,"key":"REST"},{"data":"Echo Form","floor":27.0,"key":"SMITH"},{"floor":32,"key":"REST"},{"floor":40,"key":"REST"}],"circlet_count":0,"master_deck":["Strike_B","Defend_B","Zap+1","Dualcast","Machine Learning","hubris:Ukulele+1","Leap","Auto Shields+1","Tempest+1","Echo Form+1","Defragment+1","Defragment","Finesse"],"relics":["Cracked Core","ReplayFunnel","hubris:Towel","Oddly Smooth Stone","Smiling Mask","Prayer Wheel","Pear","hubris:ToyBattleship","aspiration:FaultyCoupler","Empty Cage","Membership Card","Dream Catcher","Red Mask","Mango","Juzu Bracelet"],"acts_visited":["Exordium","TheCity","TheBeyond"],"potions_floor_usage":[31,33],"damage_taken":[{"damage":2.0,"enemies":"2 Louse","floor":1.0,"turns":3.0},{"damage":1.0,"enemies":"Jaw Worm","floor":3.0,"turns":3.0},{"damage":1.0,"enemies":"Cultist","floor":5.0,"turns":3.0},{"damage":11.0,"enemies":"Lagavulin","floor":7.0,"turns":6.0},{"damage":15.0,"enemies":"3 Sentries","floor":10.0,"turns":6.0},{"damage":0.0,"enemies":"2 Fungi Beasts","floor":11.0,"turns":3.0},{"damage":4.0,"enemies":"Large Slime","floor":13.0,"turns":6.0},{"damage":4.0,"enemies":"Gremlin Gang","floor":14.0,"turns":5.0},{"damage":28.0,"enemies":"The Guardian","floor":16.0,"turns":12.0},{"damage":0.0,"enemies":"Chosen","floor":18.0,"turns":6.0},{"damage":20.0,"enemies":"Spheric Guardian","floor":22.0,"turns":4.0},{"damage":17.0,"enemies":"Snake Plant","floor":24.0,"turns":4.0},{"damage":51,"enemies":"Slavers","floor":29,"turns":6},{"damage":5,"enemies":"Snecko","floor":30,"turns":5},{"damage":14,"enemies":"Sentry and Sphere","floor":31,"turns":5},{"damage":10,"enemies":"Champ","floor":33,"turns":8},{"damage":26,"enemies":"Orb Walker","floor":35,"turns":4},{"damage":76,"enemies":"Reptomancer","floor":41,"turns":4}],"seed_played":"-1985048075773722590","potions_obtained":[{"floor":1.0,"key":"Block Potion"},{"floor":7.0,"key":"Weak Potion"},{"floor":11.0,"key":"SkillPotion"}],"is_trial":false,"path_per_floor":["M","$","M","$","M","R","E","?","T","E","M","R","M","M","R","B",null,"M","$","?","?","M","R","M","R","T","R","$","E","M","M","R","B",null,"M","$","?","?","$","R","E"],"character_chosen":"DEFECT","items_purchased":["Pear","Membership Card","Dream Catcher","Mango","Juzu Bracelet"],"campfire_rested":5,"item_purchase_floors":[19,36,36,39,39],"current_hp_per_floor":[73,73,72,72,71,71,60,60,60,45,45,67,63,59,75,47,75,75,85,85,85,65,65,48,73,73,73,73,22,17,3,28,18,85,59,59,59,59,43,72,0,0],"gold":0,"neow_bonus":"RANDOM_EVENT","is_daily":false,"chose_seed":false,"campfire_upgraded":3,"win_rate":0.0,"timestamp":1612586274,"path_taken":["M","$","M","$","M","R","E","?","T","E","M","R","M","M","R","BOSS","M","$","?","?","M","R","M","R","T","R","$","E","M","M","R","BOSS","M","$","?","?","?","R","E"],"items_purchased_type":["Relic","Relic","Relic","Relic","Relic"],"build_version":"2020-12-22","purchased_purges":4,"victory":false,"max_hp_per_floor":[75,75,75,75,75,75,75,75,75,75,75,75,75,75,75,75,75,75,85,85,85,85,85,85,85,85,85,85,85,85,85,85,85,85,85,85,85,85,99,99,99,99],"relic_stats":{"Dream Catcher":1,"counters":[18,93],"Prayer Wheel":12,"Juzu Bracelet":0,"Smiling Mask":225,"obtain_stats":[{"ReplayFunnel":7,"Pear":19,"Oddly Smooth Stone":9,"Mango":39,"Juzu Bracelet":39,"hubris:Towel":8,"Smiling Mask":10,"Empty Cage":34,"Dream Catcher":36,"Prayer Wheel":18,"hubris:ToyBattleship":26,"Red Mask":37,"Membership Card":36,"Cracked Core":0,"aspiration:FaultyCoupler":29},{"ReplayFunnel":4,"Pear":10,"Oddly Smooth Stone":4,"Mango":17,"Juzu Bracelet":17,"hubris:Towel":4,"Smiling Mask":5,"Empty Cage":16,"Dream Catcher":17,"Prayer Wheel":10,"hubris:ToyBattleship":12,"Red Mask":17,"Membership Card":17,"Cracked Core":0,"aspiration:FaultyCoupler":13},{"ReplayFunnel":15,"Pear":53,"Oddly Smooth Stone":15,"Mango":89,"Juzu Bracelet":89,"hubris:Towel":15,"Smiling Mask":21,"Empty Cage":85,"Dream Catcher":89,"Prayer Wheel":49,"hubris:ToyBattleship":61,"Red Mask":89,"Membership Card":89,"Cracked Core":0,"aspiration:FaultyCoupler":67}]},"card_choices":[{"not_picked":["Ball Lightning","BootSequence"],"picked":"hubris:Ukulele","floor":1.0},{"not_picked":["Time Bomb","Leap","Redo"],"picked":"SKIP","floor":3.0},{"not_picked":["Darkness","Rip and Tear","Go for the Eyes"],"picked":"SKIP","floor":5.0},{"not_picked":["Cold Snap","Streamline"],"picked":"Leap","floor":7.0},{"not_picked":["Streamline","Steam"],"picked":"Storm","floor":10.0},{"not_picked":["Streamline","Leap","ReplayTheSpireMod:Reroute Power"],"picked":"SKIP","floor":11.0},{"not_picked":["Hologram","Self Repair","Melter"],"picked":"SKIP","floor":13.0},{"not_picked":["Hologram","Self Repair","Melter"],"picked":"SKIP","floor":13.0},{"not_picked":["Conserve Battery","ReplayTheSpireMod:Reroute Power","Lockon"],"picked":"SKIP","floor":14.0},{"not_picked":["Mirror Shield","Machine Learning"],"picked":"ReplayTheSpireMod:Fabricate Wheel","floor":16.0},{"not_picked":["Rebound","ReplayTheSpireMod:System Scan+1"],"picked":"Auto Shields+1","floor":18.0},{"not_picked":["Hologram+1","Turbo","Sweeping Beam"],"picked":"SKIP","floor":18.0},{"not_picked":["FTL","Ball Lightning"],"picked":"Tempest+1","floor":22.0},{"not_picked":["Go for the Eyes","ReplayRNGCard","Steam+1"],"picked":"SKIP","floor":22.0},{"not_picked":["Go for the Eyes","Conserve Battery"],"picked":"Echo Form","floor":24.0},{"not_picked":["Streamline","Beam Cell","conspire:Rain"],"picked":"SKIP","floor":24.0},{"not_picked":["Ball Lightning","Go for the Eyes+1","Compile Driver"],"picked":"SKIP","floor":29},{"not_picked":["Undo","Streamline"],"picked":"Defragment+1","floor":30},{"not_picked":["Go for the Eyes","FTL"],"picked":"Defragment","floor":30},{"not_picked":["Cold Snap","Melter","Rebound"],"picked":"SKIP","floor":31},{"not_picked":["Coolheaded","Leap","Turbo"],"picked":"SKIP","floor":31},{"not_picked":["Skim","Go for the Eyes+1","ReplayTheSpireMod:Dual Polarity+1"],"picked":"SKIP","floor":35},{"not_picked":["Consume","Compile Driver","ReplayTheSpireMod:Calculation Training+1"],"picked":"SKIP","floor":35},{"not_picked":["Thinking Ahead","Discovery"],"picked":"Finesse","floor":38}],"player_experience":266057,"relics_obtained":[{"floor":7.0,"key":"ReplayFunnel"},{"floor":9.0,"key":"Oddly Smooth Stone"},{"floor":10.0,"key":"Smiling Mask"},{"floor":26.0,"key":"hubris:ToyBattleship"},{"floor":29,"key":"aspiration:FaultyCoupler"}],"event_choices":[{"damage_healed":0.0,"max_hp_gain":0.0,"max_hp_loss":0.0,"gold_gain":0.0,"cards_transformed":["Strike_B"],"event_name":"Living Wall","player_choice":"Change","floor":0.0,"gold_loss":0.0,"damage_taken":0.0,"cards_obtained":["Machine Learning"]},{"damage_healed":0.0,"max_hp_gain":0.0,"max_hp_loss":0.0,"gold_gain":0.0,"cards_transformed":["Storm","Defend_B"],"event_name":"Drug Dealer","player_choice":"Became Test Subject","floor":20.0,"gold_loss":0.0,"damage_taken":0.0,"cards_obtained":["Chill","Chaos"]},{"damage_healed":0,"gold_gain":0,"player_choice":"Paid","damage_taken":0,"relics_obtained":["Red Mask"],"max_hp_gain":0,"max_hp_loss":0,"event_name":"Tomb of Lord Red Mask","floor":37,"gold_loss":6},{"damage_healed":0,"gold_gain":0,"player_choice":"Memory 1","damage_taken":0,"max_hp_gain":0,"max_hp_loss":0,"event_name":"SensoryStone","floor":38,"gold_loss":0}],"is_beta":false,"boss_relics":[{"not_picked":["Replay:Wanted Poster","aspiration:BursterCore","hubris:Stopwatch"]},{"not_picked":["aspiration:RitualDagger","hubris:Backtick"],"picked":"Empty Cage"}],"items_purged_floors":[2,19,19,28],"is_endless":false,"potions_floor_spawned":[1,7,11,13,18,29,31],"killed_by":"Reptomancer","ascension_level":1}}