{"host":"9z9bilz90zy1bfdt","time":1612579709,"event":{"mods":["BaseMod","Minty Spire (QoL Compilation)","StSLib","SuperFastMode"],"gold_per_floor":[113,113,125,125,139,165,165,198,223,248,248,283,24,44,44,141,141,154,166,166,346,356,356,356],"floor_reached":23,"language":"KOR","playtime":539,"items_purged":[],"score":339,"play_id":"871a957b-4d87-4d5b-a7ff-a2d57eb6e471","local_time":"20210206114829","is_ascension_mode":true,"campfire_choices":[{"floor":11.0,"key":"REST"},{"data":"Demon Form","floor":15.0,"key":"SMITH"}],"circlet_count":0,"master_deck":["AscendersBane","Strike_R+1","Strike_R+1","Strike_R+1","Strike_R+1","Strike_R+1","Defend_R+1","Defend_R+1","Defend_R+1","Defend_R+1","Bash+1","Perfected Strike+1","Wild Strike","Armaments","Dual Wield","Warcry","Thunderclap","True Grit","Evolve","Second Wind","Demon Form+1","Immolate","Uppercut","Perfected Strike","Corruption"],"relics":["Burning Blood","Omamori","Nunchaku","Orichalcum","Gremlin Horn","Eternal Feather","Medical Kit","Coffee Dripper"],"acts_visited":["Exordium","TheCity"],"potions_floor_usage":[16],"damage_taken":[{"damage":1.0,"enemies":"Cultist","floor":1.0,"turns":4.0},{"damage":0.0,"enemies":"Small Slimes","floor":3.0,"turns":3.0},{"damage":7.0,"enemies":"Jaw Worm","floor":5.0,"turns":2.0},{"damage":24.0,"enemies":"Lagavulin","floor":6.0,"turns":4.0},{"damage":46.0,"enemies":"3 Sentries","floor":8.0,"turns":12.0},{"damage":22.0,"enemies":"Lagavulin","floor":10.0,"turns":5.0},{"damage":14.0,"enemies":"Gremlin Nob","floor":12.0,"turns":4.0},{"damage":13.0,"enemies":"2 Fungi Beasts","floor":14.0,"turns":4.0},{"damage":28,"enemies":"The Guardian","floor":16,"turns":10},{"damage":4,"enemies":"Chosen","floor":18,"turns":4},{"damage":20,"enemies":"2 Thieves","floor":19,"turns":3},{"damage":15,"enemies":"Centurion and Healer","floor":22,"turns":5},{"damage":26,"enemies":"Book of Stabbing","floor":23,"turns":3}],"seed_played":"5111691637436973909","potions_obtained":[{"floor":1.0,"key":"SneckoOil"},{"floor":10.0,"key":"SpeedPotion"},{"floor":12.0,"key":"SkillPotion"},{"floor":16,"key":"Ancient Potion"}],"is_trial":false,"path_per_floor":["M","?","M","?","M","E","?","E","T","E","R","E","$","M","R","B",null,"M","M","?","?","M","E"],"character_chosen":"IRONCLAD","items_purchased":["Evolve","Medical Kit","Second Wind"],"campfire_rested":1,"item_purchase_floors":[13,13,13],"current_hp_per_floor":[77,61,67,67,66,48,74,34,34,18,42,34,34,27,39,17,64,66,52,52,33,24,0,0],"gold":356,"neow_bonus":"UPGRADE_CARD","is_daily":false,"chose_seed":false,"campfire_upgraded":1,"win_rate":0.0,"timestamp":1612579709,"path_taken":["M","?","M","?","?","E","?","E","T","E","R","E","$","M","R","BOSS","M","M","?","?","M","E"],"items_purchased_type":["Card","Relic","Card"],"build_version":"2020-12-22","purchased_purges":0,"victory":false,"max_hp_per_floor":[80,80,80,80,80,80,80,80,80,80,80,80,80,80,80,80,80,80,80,80,80,80,80,80],"card_choices":[{"not_picked":["Sever Soul","Anger"],"picked":"Perfected Strike","floor":1.0},{"not_picked":["Shrug It Off","Sever Soul"],"picked":"Wild Strike","floor":3.0},{"not_picked":["Sword Boomerang","Warcry"],"picked":"Armaments","floor":5.0},{"not_picked":["Clash","Heavy Blade"],"picked":"Dual Wield","floor":6.0},{"not_picked":["Spot Weakness","Cleave"],"picked":"Warcry","floor":8.0},{"not_picked":["Sword Boomerang","Anger"],"picked":"Thunderclap","floor":10.0},{"not_picked":["Entrench","Heavy Blade"],"picked":"True Grit","floor":12.0},{"not_picked":["Havoc","Bloodletting"],"picked":"Demon Form","floor":14.0},{"not_picked":["Juggernaut","Impervious"],"picked":"Immolate","floor":16},{"not_picked":["Havoc","True Grit+1"],"picked":"Uppercut","floor":18},{"not_picked":["Cleave","Shrug It Off"],"picked":"Perfected Strike","floor":19},{"not_picked":["Heavy Blade+1","Warcry"],"picked":"Corruption","floor":22}],"player_experience":344555,"relics_obtained":[{"floor":6.0,"key":"Omamori"},{"floor":8.0,"key":"Nunchaku"},{"floor":9.0,"key":"Orichalcum"},{"floor":10.0,"key":"Gremlin Horn"},{"floor":12.0,"key":"Eternal Feather"}],"event_choices":[{"damage_healed":0.0,"max_hp_gain":0.0,"max_hp_loss":0.0,"gold_gain":0.0,"event_name":"Shining Light","player_choice":"Entered Light","floor":2.0,"gold_loss":0.0,"damage_taken":16.0,"cards_upgraded":["Defend_R","Defend_R"]},{"damage_healed":0.0,"max_hp_gain":0.0,"max_hp_loss":0.0,"gold_gain":0.0,"event_name":"Accursed Blacksmith","player_choice":"Forge","floor":4.0,"gold_loss":0.0,"damage_taken":0.0,"cards_upgraded":["Perfected Strike"]},{"damage_healed":26.0,"max_hp_gain":0.0,"max_hp_loss":0.0,"gold_gain":0.0,"event_name":"Big Fish","player_choice":"Banana","floor":7.0,"gold_loss":0.0,"damage_taken":0.0},{"damage_healed":0,"gold_gain":0,"player_choice":"Simplicity","damage_taken":0,"max_hp_gain":0,"max_hp_loss":0,"event_name":"Back to Basics","floor":20,"gold_loss":0,"cards_upgraded":["Strike_R","Strike_R","Strike_R","Strike_R","Strike_R","Defend_R","Defend_R"]},{"damage_healed":0,"gold_gain":180,"player_choice":"GOLD GOLD ","damage_taken":19,"max_hp_gain":0,"max_hp_loss":0,"event_name":"Knowing Skull","floor":21,"potions_obtained":[],"gold_loss":0,"cards_obtained":[]}],"is_beta":false,"boss_relics":[{"not_picked":["Black Blood","Ectoplasm"],"picked":"Coffee Dripper"}],"items_purged_floors":[],"is_endless":false,"potions_floor_spawned":[1,10,12,16],"killed_by":"Book of Stabbing","ascension_level":11}}