{"host":"aj7el8l5kufbk20z","time":1612591022,"event":{"mods":["AchievementEnabler","BaseMod","Colored Map","Colored Powertips","Curses Come First","Highlight Path","Minty Spire (QoL Compilation)","Permanent Neow","Poor People Problems","Quick Restart","Rare Cards Sparkle","Relic Stats","StSLib","SuperFastMode","Waifu the Spire"],"gold_per_floor":[113,502,502,517,531,564,587,319,319,319,333,574,587,587,587,685,748,767,767,488,683,587,620,620,658,658,388,419,419,454,454,454,547,547,561,152,152,218,638,674,724,724,751,790,1123,1139,1172,1186,1186,1186,1186,1186,1186,748,777,777],"floor_reached":57,"language":"ZHS","playtime":4153,"items_purged":["Strike_B","Strike_B","Strike_B","Defend_B","Defend_B","Defend_B","Strike_B","Defend_B","Biased Cognition"],"score":2945,"play_id":"64e3de3c-74cc-41bd-af37-bed7d05ab91b","local_time":"20210206135702","is_ascension_mode":true,"campfire_choices":[{"data":"Echo Form","floor":10.0,"key":"SMITH"},{"data":"Streamline","floor":15.0,"key":"SMITH"},{"data":"Loop","floor":24.0,"key":"SMITH"},{"data":"Buffer","floor":29.0,"key":"SMITH"},{"data":"Stack","floor":32.0,"key":"SMITH"},{"data":"Amplify","floor":42.0,"key":"SMITH"},{"floor":49,"key":"RECALL"},{"data":"Skim","floor":53,"key":"SMITH"}],"circlet_count":0,"master_deck":["AscendersBane","Zap","Dualcast+1","Streamline+1","Steam+1","Electrodynamics","Echo Form+1","Glacier+1","BootSequence","Buffer+1","Skim+1","Loop+1","White Noise","Stack+1","Reboot","CurseOfTheBell","Amplify+1","Dark Shackles","Stack+1","White Noise","Force Field+1","Echo Form+1"],"relics":["Inserter","Lantern","Pen Nib","TheAbacus","Pocketwatch","Juzu Bracelet","WingedGreaves","Shovel","Membership Card","Vajra","Bottled Flame","Tiny House","PreservedInsect","Bag of Preparation","Mummified Hand","Question Card","Medical Kit","InkBottle","Unceasing Top","Art of War","Blue Candle","Potion Belt","Oddly Smooth Stone","MealTicket","Gremlin Horn","Calling Bell","Blood Vial","Frozen Egg 2","CaptainsWheel","Orichalcum","Strange Spoon","War Paint","Girya","Happy Flower","Whetstone","DataDisk","Toy Ornithopter","Torii","Lizard Tail","DollysMirror","Boot","Mercury Hourglass","Kunai"],"acts_visited":["Exordium","TheCity","TheBeyond","TheEnding"],"potions_floor_usage":[50,56,56,56],"damage_taken":[{"damage":16.0,"enemies":"Small Slimes","floor":1.0,"turns":5.0},{"damage":2.0,"enemies":"Jaw Worm","floor":4.0,"turns":4.0},{"damage":1.0,"enemies":"Cultist","floor":5.0,"turns":4.0},{"damage":40.0,"enemies":"3 Sentries","floor":6.0,"turns":10.0},{"damage":8.0,"enemies":"3 Louse","floor":7.0,"turns":3.0},{"damage":0.0,"enemies":"Gremlin Gang","floor":11.0,"turns":2.0},{"damage":9.0,"enemies":"Large Slime","floor":13.0,"turns":5.0},{"damage":28.0,"enemies":"The Guardian","floor":16.0,"turns":9.0},{"damage":3.0,"enemies":"3 Byrds","floor":18.0,"turns":4.0},{"damage":38.0,"enemies":"Slavers","floor":23.0,"turns":4.0},{"damage":6.0,"enemies":"Book of Stabbing","floor":25.0,"turns":5.0},{"damage":0.0,"enemies":"Gremlin Leader","floor":28.0,"turns":4.0},{"damage":17.0,"enemies":"Book of Stabbing","floor":30.0,"turns":6.0},{"damage":6.0,"enemies":"Automaton","floor":33.0,"turns":10.0},{"damage":19.0,"enemies":"3 Darklings","floor":35.0,"turns":4.0},{"damage":10.0,"enemies":"2 Orb Walkers","floor":38.0,"turns":4.0},{"damage":3.0,"enemies":"Reptomancer","floor":40.0,"turns":5.0},{"damage":0.0,"enemies":"Giant Head","floor":44.0,"turns":8.0},{"damage":0.0,"enemies":"3 Shapes","floor":46.0,"turns":3.0},{"damage":43,"enemies":"Reptomancer","floor":47,"turns":4},{"damage":1,"enemies":"Maw","floor":48,"turns":9},{"damage":18,"enemies":"Awakened One","floor":50,"turns":7},{"damage":15,"enemies":"Donu and Deca","floor":51,"turns":7},{"damage":3,"enemies":"Shield and Spear","floor":55,"turns":6},{"damage":51,"enemies":"The Heart","floor":56,"turns":13}],"seed_played":"-3566873195810655439","potions_obtained":[{"floor":1.0,"key":"Strength Potion"},{"floor":5.0,"key":"Dexterity Potion"},{"floor":16.0,"key":"EssenceOfSteel"},{"floor":28.0,"key":"Weak Potion"},{"floor":38.0,"key":"AttackPotion"},{"floor":46.0,"key":"Dexterity Potion"}],"is_trial":false,"path_per_floor":["M","$","?","M","M","E","M","$","T","R","M","$","M","T","R","B",null,"M","?","$","$","?","E","R","E","T","$","E","R","E","?","R","B",null,"M","$","?","?","$","E","?","R","T","E","?","M","E","M","R","B","B",null,"R","$","E","B",null],"character_chosen":"DEFECT","items_purchased":["Steam","Lantern","Pen Nib","TheAbacus","Juzu Bracelet","WingedGreaves","Echo Form","Glacier","FocusPotion","Membership Card","Vajra","Bottled Flame","FocusPotion","PreservedInsect","Bag of Preparation","Loop","Mummified Hand","Question Card","Medical Kit","Potion Belt","Oddly Smooth Stone","Orichalcum","Strange Spoon","Amplify","War Paint","Happy Flower","Whetstone","PowerPotion","DollysMirror","Boot","Mercury Hourglass"],"campfire_rested":0,"item_purchase_floors":[2,2,2,2,8,8,8,8,8,12,12,12,12,20,20,20,21,21,21,27,27,36,36,36,36,39,39,39,54,54,54],"current_hp_per_floor":[48,48,77,75,74,94,86,86,86,86,86,86,77,77,77,49,71,68,68,68,68,68,30,30,96,96,96,96,96,79,79,79,73,75,57,72,72,64,76,73,73,73,73,75,75,76,69,70,70,58,99,76,76,76,73,30],"gold":777,"neow_bonus":"BOSS_RELIC","is_daily":false,"chose_seed":false,"campfire_upgraded":7,"win_rate":0.0,"timestamp":1612591022,"path_taken":["M","$","?","M","M","E","M","$","T","R","M","$","M","?","R","BOSS","M","?","$","$","?","E","R","E","T","$","E","R","E","?","R","BOSS","M","$","?","?","$","E","?","R","T","E","?","M","E","M","R","BOSS","BOSS","R","$","E","BOSS"],"items_purchased_type":["Card","Relic","Relic","Relic","Relic","Relic","Card","Card","Potion","Relic","Relic","Relic","Potion","Relic","Relic","Card","Relic","Relic","Relic","Relic","Relic","Relic","Relic","Card","Relic","Relic","Relic","Potion","Relic","Relic","Relic"],"build_version":"2020-12-22","purchased_purges":9,"victory":true,"max_hp_per_floor":[71,71,71,71,71,71,71,71,71,71,71,71,71,71,71,71,76,76,76,76,76,76,76,76,76,76,76,76,76,76,76,76,76,76,76,76,76,76,76,76,76,76,76,76,76,76,76,76,76,76,76,76,76,76,76,76],"relic_stats":{"Gremlin Horn":[19,19],"Torii":11,"Juzu Bracelet":3,"Bag of Preparation":[32],"Whetstone":[],"Boot":[0],"Blood Vial":14,"Lizard Tail":0,"TheAbacus":[438],"Shovel":0,"Mummified Hand":[222],"MealTicket":27,"Kunai":[1],"InkBottle":[69],"Inserter":[69],"Happy Flower":[20],"counters":[25,144],"Blue Candle":[8],"Pen Nib":[11],"PreservedInsect":501,"Orichalcum":[36],"War Paint":["Dualcast","Glacier"],"Question Card":15,"Medical Kit":[23],"Mercury Hourglass":[63],"Strange Spoon":[46],"Art of War":[37],"obtain_stats":[{"Lantern":2,"Tiny House":17,"Gremlin Horn":30,"Torii":44,"Vajra":12,"Juzu Bracelet":8,"Bag of Preparation":20,"Whetstone":39,"Boot":54,"Blood Vial":34,"Lizard Tail":47,"TheAbacus":2,"Shovel":9,"Mummified Hand":21,"DollysMirror":54,"MealTicket":28,"WingedGreaves":8,"Kunai":55,"Cracked Core":0,"InkBottle":22,"Potion Belt":27,"Girya":38,"Inserter":0,"Happy Flower":39,"Golden Idol":3,"Blue Candle":26,"Oddly Smooth Stone":27,"Pen Nib":2,"PreservedInsect":20,"Frozen Egg 2":34,"Orichalcum":36,"War Paint":36,"Question Card":21,"Medical Kit":21,"Mercury Hourglass":54,"Calling Bell":34,"Strange Spoon":36,"Bottled Flame":12,"CaptainsWheel":34,"DataDisk":40,"Art of War":25,"Membership Card":12,"Unceasing Top":23,"Toy Ornithopter":43,"Pocketwatch":6},{"Lantern":1,"Tiny House":8,"Gremlin Horn":13,"Torii":18,"Vajra":6,"Juzu Bracelet":5,"Bag of Preparation":9,"Whetstone":16,"Boot":23,"Blood Vial":14,"Lizard Tail":20,"TheAbacus":1,"Shovel":5,"Mummified Hand":9,"DollysMirror":23,"MealTicket":12,"WingedGreaves":5,"Kunai":24,"Cracked Core":0,"InkBottle":9,"Potion Belt":11,"Girya":16,"Inserter":0,"Happy Flower":16,"Golden Idol":1,"Blue Candle":11,"Oddly Smooth Stone":11,"Pen Nib":1,"PreservedInsect":9,"Frozen Egg 2":14,"Orichalcum":15,"War Paint":15,"Question Card":9,"Medical Kit":9,"Mercury Hourglass":23,"Calling Bell":14,"Strange Spoon":15,"Bottled Flame":6,"CaptainsWheel":14,"DataDisk":17,"Art of War":11,"Membership Card":6,"Unceasing Top":10,"Toy Ornithopter":17,"Pocketwatch":4},{"Lantern":5,"Tiny House":42,"Gremlin Horn":65,"Torii":96,"Vajra":28,"Juzu Bracelet":26,"Bag of Preparation":46,"Whetstone":83,"Boot":126,"Blood Vial":75,"Lizard Tail":103,"TheAbacus":5,"Shovel":26,"Mummified Hand":46,"DollysMirror":126,"MealTicket":59,"WingedGreaves":26,"Kunai":131,"Cracked Core":0,"InkBottle":46,"Potion Belt":55,"Girya":83,"Inserter":0,"Happy Flower":83,"Golden Idol":5,"Blue Candle":55,"Oddly Smooth Stone":55,"Pen Nib":5,"PreservedInsect":46,"Frozen Egg 2":75,"Orichalcum":79,"War Paint":79,"Question Card":46,"Medical Kit":46,"Mercury Hourglass":126,"Calling Bell":75,"Strange Spoon":79,"Bottled Flame":28,"CaptainsWheel":75,"DataDisk":88,"Art of War":55,"Membership Card":28,"Unceasing Top":50,"Toy Ornithopter":88,"Pocketwatch":23}],"Unceasing Top":[4],"Toy Ornithopter":10,"Pocketwatch":[72]},"card_choices":[{"not_picked":["Capacitor","Heatsinks"],"picked":"Streamline","floor":1.0},{"not_picked":["Steam","Darkness","Cold Snap"],"picked":"SKIP","floor":4.0},{"not_picked":["Leap","Barrage","Redo"],"picked":"SKIP","floor":5.0},{"not_picked":["Cold Snap","Leap"],"picked":"Electrodynamics","floor":6.0},{"not_picked":["Gash","Streamline","Go for the Eyes"],"picked":"SKIP","floor":7.0},{"not_picked":["Gash","Cold Snap"],"picked":"BootSequence","floor":11.0},{"not_picked":["Fission","Turbo","Ball Lightning"],"picked":"SKIP","floor":13.0},{"not_picked":["Electrodynamics","Multi-Cast"],"picked":"Buffer","floor":16.0},{"not_picked":["Go for the Eyes","Sweeping Beam"],"picked":"Skim","floor":17.0},{"not_picked":["Leap+1","Static Discharge","Streamline"],"picked":"SKIP","floor":18.0},{"not_picked":["Conserve Battery","Ball Lightning","Hologram"],"picked":"White Noise","floor":23.0},{"not_picked":["Fission","Gash","Compile Driver+1"],"picked":"Stack","floor":25.0},{"not_picked":["Glacier","Steam","Hologram"],"picked":"Biased Cognition","floor":28.0},{"not_picked":["Sweeping Beam","Multi-Cast","Self Repair","Hologram"],"picked":"SKIP","floor":30.0},{"not_picked":["All For One","Electrodynamics","Thunder Strike"],"picked":"Reboot","floor":33.0},{"not_picked":["Aggregate","Storm+1","Streamline","Fusion+1"],"picked":"SKIP","floor":35.0},{"not_picked":["Panacea","Bandage Up","Forethought"],"picked":"Dark Shackles","floor":37.0},{"not_picked":["Redo+1","Conserve Battery+1","Meteor Strike"],"picked":"Stack+1","floor":38.0},{"not_picked":["Fission","Chaos","Steam","Doom and Gloom"],"picked":"SKIP","floor":40.0},{"not_picked":["Turbo+1","Leap","Tempest"],"picked":"White Noise","floor":44.0},{"not_picked":["Ball Lightning+1","Leap","Sweeping Beam","Blizzard"],"picked":"SKIP","floor":46.0},{"not_picked":["Coolheaded+1","Electrodynamics+1","Skim","Cold Snap+1"],"picked":"SKIP","floor":47},{"not_picked":["Gash","Stack","Sweeping Beam"],"picked":"Force Field+1","floor":48},{"not_picked":["Tempest","Glacier","Barrage+1","Cold Snap"],"picked":"SKIP","floor":55}],"player_experience":276800,"relics_obtained":[{"floor":6.0,"key":"Pocketwatch"},{"floor":9.0,"key":"Shovel"},{"floor":23.0,"key":"Unceasing Top"},{"floor":25.0,"key":"Art of War"},{"floor":26.0,"key":"Blue Candle"},{"floor":28.0,"key":"MealTicket"},{"floor":30.0,"key":"Gremlin Horn"},{"floor":34.0,"key":"Blood Vial"},{"floor":34.0,"key":"Frozen Egg 2"},{"floor":34.0,"key":"CaptainsWheel"},{"floor":38.0,"key":"Girya"},{"floor":40.0,"key":"DataDisk"},{"floor":43.0,"key":"Toy Ornithopter"},{"floor":44.0,"key":"Torii"},{"floor":47,"key":"Lizard Tail"},{"floor":55,"key":"Kunai"}],"event_choices":[{"damage_healed":0.0,"max_hp_gain":0.0,"max_hp_loss":0.0,"gold_gain":0.0,"event_name":"Golden Idol","player_choice":"Take Damage","floor":3.0,"gold_loss":0.0,"damage_taken":24.0,"relics_obtained":["Golden Idol"]},{"damage_healed":0.0,"max_hp_gain":0.0,"max_hp_loss":0.0,"gold_gain":0.0,"event_name":"Vampires","player_choice":"Ignored","floor":19.0,"gold_loss":0.0,"damage_taken":0.0},{"damage_healed":0.0,"max_hp_gain":0.0,"max_hp_loss":0.0,"gold_gain":0.0,"event_name":"WeMeetAgain","player_choice":"Paid Gold","floor":22.0,"gold_loss":96.0,"damage_taken":0.0,"relics_obtained":["InkBottle"]},{"damage_healed":0.0,"max_hp_gain":0.0,"max_hp_loss":0.0,"gold_gain":0.0,"event_name":"Ghosts","player_choice":"Ignored","floor":31.0,"gold_loss":0.0,"damage_taken":0.0},{"damage_healed":0.0,"max_hp_gain":0.0,"max_hp_loss":0.0,"gold_gain":0.0,"event_name":"SensoryStone","player_choice":"Memory 1","floor":37.0,"gold_loss":0.0,"damage_taken":0.0},{"damage_healed":0.0,"max_hp_gain":0.0,"max_hp_loss":0.0,"gold_gain":0.0,"event_name":"Mysterious Sphere","player_choice":"Fight","floor":38.0,"gold_loss":0.0,"damage_taken":0.0},{"damage_healed":0.0,"max_hp_gain":0.0,"max_hp_loss":0.0,"gold_gain":50.0,"event_name":"Golden Shrine","player_choice":"Pray","floor":41.0,"gold_loss":0.0,"damage_taken":0.0},{"damage_healed":0.0,"max_hp_gain":0.0,"max_hp_loss":0.0,"gold_gain":333.0,"event_name":"The Moai Head","player_choice":"Gave Idol","floor":45.0,"relics_lost":["Golden Idol"],"gold_loss":0.0,"damage_taken":0.0}],"is_beta":false,"boss_relics":[{"not_picked":["Ectoplasm","Sozu"],"picked":"Tiny House"},{"not_picked":["Runic Dome","Astrolabe"],"picked":"Calling Bell"}],"items_purged_floors":[2,8,12,20,21,27,36,39,54],"is_endless":false,"potions_floor_spawned":[1,5,13,16,18,28,38,46,47],"ascension_level":20}}