{"host":"630px4nyj50z5id8","time":1612598262,"event":{"mods":["BaseMod","Better Note","Colored Powertips","Good Game Mod","Minty Spire (QoL Compilation)","Quick Restart","Rare Cards Sparkle","Relic Filter Mod","Replay The Spire","StSLib","Waifu the Spire"],"gold_per_floor":[116,130,80,99,115,143,158,158,158],"floor_reached":8,"language":"ZHS","playtime":341,"items_purged":[],"score":81,"play_id":"1e63cf02-e241-4af8-87a3-c76fe0714607","local_time":"20210206155742","is_ascension_mode":true,"campfire_choices":[],"circlet_count":0,"master_deck":["Strike_R","Strike_R","Strike_R","Strike_R","Defend_R","Defend_R","Defend_R","Defend_R","Bash","Demon Form","Exhume","Second Wind","ReplayTheSpireMod:Limb From Limb","Flex","Shrug It Off","Power Through","Rupture"],"relics":["Burning Blood","REME:ComplimentaryCards","Replay:Bottled Flurry"],"acts_visited":["Exordium"],"potions_floor_usage":[8],"damage_taken":[{"damage":4.0,"enemies":"Jaw Worm","floor":1.0,"turns":5.0},{"damage":4.0,"enemies":"2 Louse","floor":2.0,"turns":4.0},{"damage":10.0,"enemies":"Small Slimes","floor":4.0,"turns":3.0},{"damage":27,"enemies":"Red Slaver","floor":5,"turns":4},{"damage":27,"enemies":"Lagavulin","floor":6,"turns":6},{"damage":9,"enemies":"Blue Slaver","floor":7,"turns":6},{"damage":17,"enemies":"3 Sentries","floor":8,"turns":5}],"seed_played":"-4337425603757939317","potions_obtained":[{"floor":4.0,"key":"CultistPotion"},{"floor":7,"key":"SpeedPotion"}],"is_trial":false,"path_per_floor":["M","M","?","M","M","E","M","E"],"character_chosen":"IRONCLAD","items_purchased":[],"campfire_rested":0,"item_purchase_floors":[],"current_hp_per_floor":[74,76,76,72,51,30,27,10,10],"gold":158,"neow_bonus":"ONE_RANDOM_RARE_CARD","is_daily":false,"chose_seed":false,"campfire_upgraded":0,"win_rate":0.0,"timestamp":1612598262,"path_taken":["M","M","?","M","M","E","M","E"],"items_purchased_type":[],"build_version":"2020-12-22","purchased_purges":0,"victory":false,"max_hp_per_floor":[80,80,80,80,80,80,80,80,80],"card_choices":[{"not_picked":["Searing Blow","Thunderclap"],"picked":"Second Wind","floor":1.0},{"not_picked":["Iron Wave","Armaments"],"picked":"ReplayTheSpireMod:Limb From Limb","floor":2.0},{"not_picked":["Pommel Strike","Cleave"],"picked":"Flex","floor":4.0},{"not_picked":["Anger","Cleave"],"picked":"Shrug It Off","floor":5},{"not_picked":["Warcry","Iron Wave"],"picked":"Power Through","floor":6},{"not_picked":["True Grit","Thunderclap"],"picked":"Rupture","floor":7}],"player_experience":400289,"relics_obtained":[{"floor":6,"key":"Replay:Bottled Flurry"}],"event_choices":[{"cards_removed":["Strike_R"],"damage_healed":0.0,"max_hp_gain":0.0,"max_hp_loss":0.0,"gold_gain":0.0,"event_name":"The Cleric","player_choice":"Card Removal","floor":3.0,"gold_loss":50.0,"damage_taken":0.0}],"is_beta":false,"boss_relics":[],"items_purged_floors":[],"is_endless":false,"potions_floor_spawned":[4,7],"killed_by":"3 Sentries","ascension_level":7}}