{"host":"kh6fvhxn285ncg0o","time":1612579292,"event":{"mods":["Act Like it!","BaseMod","Colored Map","Friendly Minions","Keyboard Shortcuts","Minty Spire (QoL Compilation)","Quick Restart","Relic Stats","StSLib","SuperFastMode","UnlockEverythingMod"],"gold_per_floor":[118,130,130,149,149,149,208,208,260,273,273,299,574,609,609,683,683,700,326,302,302,302,302,302],"floor_reached":23,"language":"KOR","playtime":639,"items_purged":["Strike_R"],"score":394,"play_id":"64f704ba-1312-4a8f-8ece-859cf2af2988","local_time":"20210206114132","is_ascension_mode":true,"campfire_choices":[{"data":"Inflame","floor":6.0,"key":"SMITH"},{"data":"Reckless Charge","floor":8.0,"key":"SMITH"},{"data":"Rage","floor":11.0,"key":"SMITH"},{"floor":15.0,"key":"REST"}],"circlet_count":0,"master_deck":["AscendersBane","Strike_R","Strike_R","Strike_R","Strike_R","Defend_R","Defend_R","Defend_R","Defend_R","Bash+1","Reckless Charge+1","Inflame+1","Dark Embrace","Battle Trance","Rage+1","Barricade","Burning Pact","Ghostly","Ghostly","Ghostly"],"relics":["Burning Blood","NeowsBlessing","Omamori","Happy Flower","Orichalcum","Toy Ornithopter","Bag of Marbles","Cursed Key","Membership Card","Nunchaku","Nloth\u0027s Gift"],"acts_visited":["Exordium","TheCity"],"potions_floor_usage":[20,23],"damage_taken":[{"damage":0.0,"enemies":"Cultist","floor":1.0,"turns":1.0},{"damage":0.0,"enemies":"Jaw Worm","floor":2.0,"turns":1.0},{"damage":0.0,"enemies":"2 Louse","floor":4.0,"turns":1.0},{"damage":30.0,"enemies":"3 Sentries","floor":7.0,"turns":10.0},{"damage":14.0,"enemies":"Large Slime","floor":10.0,"turns":5.0},{"damage":10.0,"enemies":"Lagavulin","floor":12.0,"turns":5.0},{"damage":26.0,"enemies":"3 Sentries","floor":14.0,"turns":7.0},{"damage":20.0,"enemies":"The Guardian","floor":16.0,"turns":9.0},{"damage":29.0,"enemies":"Shell Parasite","floor":18.0,"turns":4.0},{"damage":23,"enemies":"2 Thieves","floor":20,"turns":4},{"damage":37,"enemies":"Book of Stabbing","floor":23,"turns":6}],"seed_played":"-19705068398271474","potions_obtained":[{"floor":2.0,"key":"Energy Potion"},{"floor":4.0,"key":"Block Potion"},{"floor":10.0,"key":"PowerPotion"},{"floor":16.0,"key":"FearPotion"},{"floor":20,"key":"GamblersBrew"}],"is_trial":false,"path_per_floor":["M","M","?","M","?","R","?","R","T","M","R","E","?","E","R","B",null,"M","$","M","?","?","E"],"character_chosen":"IRONCLAD","items_purchased":["Membership Card","Regal Pillow","Nunchaku"],"campfire_rested":1,"item_purchase_floors":[19,19,19],"current_hp_per_floor":[74,75,75,75,75,75,51,51,51,43,43,39,39,19,41,27,63,40,40,28,28,28,0,0],"gold":302,"neow_bonus":"THREE_ENEMY_KILL","is_daily":false,"chose_seed":false,"campfire_upgraded":3,"win_rate":0.0,"timestamp":1612579292,"path_taken":["M","?","?","?","?","R","?","R","T","M","R","E","?","E","R","BOSS","M","$","?","?","?","E"],"items_purchased_type":["Relic","Relic","Relic"],"build_version":"2020-12-22","purchased_purges":1,"victory":false,"max_hp_per_floor":[75,75,75,75,75,75,75,75,75,75,75,75,75,75,75,75,75,75,75,75,37,37,37,37],"relic_stats":{"Nunchaku":[1],"Happy Flower":[13],"counters":[11,53],"Nloth\u0027s Gift":0,"Orichalcum":[132],"Cursed Key":0,"obtain_stats":[{"Regal Pillow":19,"Nunchaku":19,"NeowsBlessing":0,"Happy Flower":7,"Omamori":3,"Bag of Marbles":14,"Nloth\u0027s Gift":22,"Membership Card":19,"Orichalcum":9,"Cursed Key":17,"Burning Blood":0,"Toy Ornithopter":12},{"Regal Pillow":9,"Nunchaku":9,"NeowsBlessing":0,"Happy Flower":4,"Omamori":2,"Bag of Marbles":7,"Nloth\u0027s Gift":10,"Membership Card":9,"Orichalcum":4,"Cursed Key":8,"Burning Blood":0,"Toy Ornithopter":6},{"Regal Pillow":43,"Nunchaku":43,"NeowsBlessing":0,"Happy Flower":13,"Omamori":2,"Bag of Marbles":30,"Nloth\u0027s Gift":47,"Membership Card":43,"Orichalcum":13,"Cursed Key":39,"Burning Blood":0,"Toy Ornithopter":23}],"Burning Blood":49,"Toy Ornithopter":10},"card_choices":[{"not_picked":["Shrug It Off","Sentinel"],"picked":"Reckless Charge","floor":1.0},{"not_picked":["Clothesline","Heavy Blade"],"picked":"Inflame","floor":2.0},{"not_picked":["Iron Wave","Combust"],"picked":"Dark Embrace","floor":4.0},{"not_picked":["Pommel Strike","Clothesline"],"picked":"Battle Trance","floor":7.0},{"not_picked":["Burning Pact","Iron Wave"],"picked":"Rage","floor":10.0},{"not_picked":["Entrench","Pommel Strike","Cleave"],"picked":"SKIP","floor":14.0},{"not_picked":["Entrench","Pommel Strike","Cleave"],"picked":"SKIP","floor":14.0},{"not_picked":["Reaper","Exhume"],"picked":"Barricade","floor":16.0},{"not_picked":["Wild Strike+1","Rage","Inflame"],"picked":"SKIP","floor":18.0},{"not_picked":["Cleave","Shrug It Off"],"picked":"Burning Pact","floor":20}],"player_experience":1327913,"relics_obtained":[{"floor":3.0,"key":"Omamori"},{"floor":7.0,"key":"Happy Flower"},{"floor":9.0,"key":"Orichalcum"},{"floor":12.0,"key":"Toy Ornithopter"},{"floor":14.0,"key":"Bag of Marbles"}],"event_choices":[{"damage_healed":0.0,"max_hp_gain":0.0,"max_hp_loss":0.0,"gold_gain":0.0,"event_name":"Wheel of Change","player_choice":"Relic","floor":3.0,"gold_loss":0.0,"damage_taken":0.0},{"damage_healed":0.0,"max_hp_gain":0.0,"max_hp_loss":0.0,"gold_gain":0.0,"event_name":"Living Wall","player_choice":"Grow","floor":5.0,"gold_loss":0.0,"damage_taken":0.0,"cards_upgraded":["Bash"]},{"damage_healed":0.0,"max_hp_gain":0.0,"max_hp_loss":0.0,"gold_gain":0.0,"event_name":"Dead Adventurer","player_choice":"Searched \u00271\u0027 times","floor":7.0,"gold_loss":0.0,"damage_taken":0.0},{"damage_healed":0.0,"max_hp_gain":0.0,"max_hp_loss":0.0,"gold_gain":275.0,"event_name":"Golden Shrine","player_choice":"Desecrate","floor":13.0,"gold_loss":0.0,"damage_taken":0.0,"cards_obtained":["Regret"]},{"damage_healed":0,"gold_gain":0,"player_choice":"Became a Ghost","damage_taken":0,"max_hp_gain":0,"max_hp_loss":38,"event_name":"Ghosts","floor":21,"gold_loss":0,"cards_obtained":["Ghostly","Ghostly","Ghostly"]},{"damage_healed":0,"gold_gain":0,"player_choice":"Traded Relic","damage_taken":0,"relics_obtained":["Nloth\u0027s Gift"],"max_hp_gain":0,"max_hp_loss":0,"event_name":"N\u0027loth","floor":22,"relics_lost":["Regal Pillow"],"gold_loss":0}],"is_beta":false,"boss_relics":[{"not_picked":["SlaversCollar","Runic Cube"],"picked":"Cursed Key"}],"items_purged_floors":[19],"is_endless":false,"potions_floor_spawned":[2,4,10,16,20],"killed_by":"Book of Stabbing","ascension_level":20}}