{"host":"dcj2yvrgcvh5dl2s","time":1612602607,"event":{"mods":["BaseMod","Bestiary","Better Note","Block Reminder","Colored Powertips","Curses Come First","DeckTracker","Minty Spire (QoL Compilation)","Quick Restart","Rare Cards Sparkle","Relic Stats","StSLib"],"gold_per_floor":[115,115,127,139,64,97,97,97,97],"floor_reached":8,"language":"ENG","playtime":579,"items_purged":["Strike_R"],"score":112,"play_id":"bb00bfba-fdbf-414a-87d8-d0beabefc14e","local_time":"20210206191007","is_ascension_mode":true,"campfire_choices":[{"floor":7,"key":"REST"}],"circlet_count":0,"master_deck":["AscendersBane","Strike_R","Strike_R","Strike_R","Defend_R","Defend_R","Defend_R","Defend_R","Bash","Reaper","Thunderclap","Heavy Blade","Carnage"],"relics":["Burning Blood","MealTicket"],"acts_visited":["Exordium"],"potions_floor_usage":[6,8],"damage_taken":[{"damage":14,"enemies":"Jaw Worm","floor":1,"turns":4},{"damage":17,"enemies":"Cultist","floor":3,"turns":4},{"damage":17,"enemies":"Small Slimes","floor":4,"turns":4},{"damage":32,"enemies":"Gremlin Nob","floor":6,"turns":4},{"damage":50,"enemies":"3 Sentries","floor":8,"turns":8}],"seed_played":"9123269682802257714","potions_obtained":[{"floor":3,"key":"SpeedPotion"},{"floor":4,"key":"SkillPotion"}],"is_trial":false,"path_per_floor":["M","?","M","M","$","E","R","E"],"character_chosen":"IRONCLAD","items_purchased":[],"campfire_rested":1,"item_purchase_floors":[],"current_hp_per_floor":[48,48,41,36,36,10,32,0,0],"gold":97,"neow_bonus":"THREE_RARE_CARDS","is_daily":false,"chose_seed":false,"campfire_upgraded":0,"win_rate":0.0,"timestamp":1612602607,"path_taken":["M","?","?","M","$","E","R","E"],"items_purchased_type":[],"build_version":"2020-12-22","purchased_purges":1,"victory":false,"max_hp_per_floor":[75,75,75,75,75,75,75,75,75],"relic_stats":{"counters":[5,24],"MealTicket":0,"obtain_stats":[{"MealTicket":6,"Burning Blood":0},{"MealTicket":4,"Burning Blood":0},{"MealTicket":16,"Burning Blood":0}],"Burning Blood":24},"card_choices":[{"not_picked":["Barricade","Fiend Fire"],"picked":"Reaper","floor":0},{"not_picked":["Perfected Strike","Havoc"],"picked":"Thunderclap","floor":1},{"not_picked":["Burning Pact","Pommel Strike"],"picked":"Heavy Blade","floor":3},{"not_picked":["Reckless Charge","Clothesline"],"picked":"Carnage","floor":4},{"not_picked":["Wild Strike","Pommel Strike","Perfected Strike"],"picked":"SKIP","floor":6}],"player_experience":2325568,"relics_obtained":[{"floor":6,"key":"MealTicket"}],"event_choices":[{"cards_removed":["Strike_R"],"damage_healed":0,"gold_gain":0,"player_choice":"Purged","damage_taken":0,"max_hp_gain":0,"max_hp_loss":0,"event_name":"Purifier","floor":2,"gold_loss":0}],"is_beta":false,"boss_relics":[],"items_purged_floors":[5],"is_endless":false,"potions_floor_spawned":[3,4],"killed_by":"3 Sentries","ascension_level":20}}