{"host":"5njoj2zap3ickz2y","time":1612653457,"event":{"mods":["BaseMod","Colored Map","Downfall","Minty Spire (QoL Compilation)","Permanent Neow","Quick Restart","Relic Stats","StSLib","Unceasing Turn Reminder"],"gold_per_floor":[110,110,130,3,18,18,55,55,103,115,165,200,212,245,257,353,365,403,435,447,488,523,535,535],"floor_reached":23,"language":"ENG","playtime":1210,"items_purged":[],"score":388,"play_id":"5689387f-e8e4-46c7-a55a-019e1d636945","local_time":"20210206151737","is_ascension_mode":true,"campfire_choices":[{"data":"MentalFortress","floor":6,"key":"SMITH"},{"floor":10,"key":"REST"},{"data":"CrushJoints","floor":13,"key":"SMITH"},{"data":"SashWhip","floor":15,"key":"SMITH"}],"circlet_count":0,"master_deck":["AscendersBane","Strike_P+1","Strike_P+1","Strike_P+1","Strike_P+1","Defend_P+1","Defend_P+1","Defend_P+1","Eruption","Vigilance","Halt","JustLucky","FlurryOfBlows","MentalFortress+1","JustLucky","CrushJoints+1","FearNoEvil","FollowUp","SashWhip+1","DeusExMachina","Consecrate","Vengeance","FlurryOfBlows"],"relics":["Runic Pyramid","CeramicFish","Bag of Preparation","MawBank","Regal Pillow","Philosopher\u0027s Stone"],"acts_visited":["Exordium","TheCity"],"potions_floor_usage":[5,16,23],"damage_taken":[{"damage":7,"enemies":"Small Slimes","floor":1,"turns":3},{"damage":0,"enemies":"Cultist","floor":3,"turns":3},{"damage":0,"enemies":"2 Louse","floor":5,"turns":2},{"damage":43,"enemies":"Gremlin Nob","floor":7,"turns":5},{"damage":0,"enemies":"Lagavulin","floor":11,"turns":4},{"damage":1,"enemies":"Blue Slaver","floor":12,"turns":3},{"damage":6,"enemies":"Looter","floor":14,"turns":3},{"damage":14,"enemies":"The Guardian","floor":16,"turns":8},{"damage":0,"enemies":"Chosen","floor":18,"turns":3},{"damage":12,"enemies":"Shell Parasite","floor":19,"turns":3},{"damage":6,"enemies":"Shelled Parasite and Fungi","floor":21,"turns":3},{"damage":1,"enemies":"Snake Plant","floor":22,"turns":3},{"damage":53,"enemies":"Gremlin Leader","floor":23,"turns":4}],"seed_played":"-2401637410563747385","potions_obtained":[{"floor":3,"key":"DistilledChaos"},{"floor":14,"key":"Dexterity Potion"},{"floor":16,"key":"DuplicationPotion"},{"floor":21,"key":"EssenceOfSteel"}],"is_trial":false,"path_per_floor":["M","?","M","$","M","R","E","?","T","R","E","M","R","M","R","B",null,"M","M","?","M","M","E"],"character_chosen":"WATCHER","items_purchased":["FlurryOfBlows","MentalFortress"],"campfire_rested":1,"item_purchase_floors":[4,4],"current_hp_per_floor":[54,54,54,54,54,54,11,4,4,24,24,23,23,17,17,3,52,52,40,40,34,33,0,0],"gold":535,"neow_bonus":"BOSS_RELIC","is_daily":false,"chose_seed":false,"campfire_upgraded":3,"win_rate":0.0,"timestamp":1612653457,"path_taken":["M","?","?","?","M","R","E","?","T","R","E","M","R","M","R","BOSS","M","M","?","M","M","E"],"items_purchased_type":["Card","Card"],"build_version":"2020-12-22","purchased_purges":0,"victory":false,"max_hp_per_floor":[68,68,68,68,68,68,68,68,68,68,68,68,68,68,68,68,68,68,68,68,68,68,68,68],"relic_stats":{"Regal Pillow":0,"counters":[13,47],"CeramicFish":72,"Bag of Preparation":[18],"MawBank":168,"obtain_stats":[{"Regal Pillow":11,"CeramicFish":7,"Philosopher\u0027s Stone":17,"Bag of Preparation":8,"PureWater":0,"MawBank":9,"Runic Pyramid":0},{"Regal Pillow":5,"CeramicFish":4,"Philosopher\u0027s Stone":8,"Bag of Preparation":4,"PureWater":0,"MawBank":4,"Runic Pyramid":0},{"Regal Pillow":17,"CeramicFish":13,"Philosopher\u0027s Stone":31,"Bag of Preparation":13,"PureWater":0,"MawBank":13,"Runic Pyramid":0}]},"card_choices":[{"not_picked":["FollowUp","Consecrate"],"picked":"Halt","floor":1},{"not_picked":["Judgement","DeceiveReality"],"picked":"JustLucky","floor":3},{"not_picked":["EmptyFist","EmptyMind"],"picked":"JustLucky","floor":5},{"not_picked":["Fasting2","PathToVictory"],"picked":"CrushJoints","floor":7},{"not_picked":["Halt","BowlingBash"],"picked":"FearNoEvil","floor":11},{"not_picked":["PathToVictory","CrushJoints"],"picked":"FollowUp","floor":12},{"not_picked":["Halt","Protect"],"picked":"SashWhip","floor":14},{"not_picked":["Omniscience","Scrawl"],"picked":"DeusExMachina","floor":16},{"not_picked":["EmptyMind","Adaptation+1"],"picked":"Consecrate","floor":18},{"not_picked":["Halt","FlyingSleeves","Vengeance"],"picked":"SKIP","floor":19},{"not_picked":["Collect","DeceiveReality"],"picked":"Vengeance","floor":21},{"not_picked":["Halt","BowlingBash"],"picked":"FlurryOfBlows","floor":22}],"player_experience":1776583,"relics_obtained":[{"floor":7,"key":"CeramicFish"},{"floor":9,"key":"MawBank"},{"floor":11,"key":"Regal Pillow"}],"event_choices":[{"cards_removed":["Defend_P"],"damage_healed":0,"gold_gain":0,"player_choice":"Offered Basic","damage_taken":0,"max_hp_gain":0,"max_hp_loss":0,"event_name":"Bonfire Elementals","floor":2,"gold_loss":0},{"damage_healed":0,"gold_gain":0,"player_choice":"Success","damage_taken":7,"relics_obtained":["Bag of Preparation"],"max_hp_gain":0,"max_hp_loss":0,"event_name":"Scrap Ooze","floor":8,"gold_loss":0},{"damage_healed":0,"gold_gain":0,"player_choice":"Simplicity","damage_taken":0,"max_hp_gain":0,"max_hp_loss":0,"event_name":"Back to Basics","floor":20,"gold_loss":0,"cards_upgraded":["Strike_P","Strike_P","Strike_P","Strike_P","Defend_P","Defend_P","Defend_P"]}],"is_beta":false,"boss_relics":[{"not_picked":["SlaversCollar","Black Star"],"picked":"Philosopher\u0027s Stone"}],"items_purged_floors":[],"is_endless":false,"potions_floor_spawned":[3,14,16,21],"killed_by":"Gremlin Leader","ascension_level":14}}