{"host":"l4am8ae7vj09bp0g","time":1612600442,"event":{"mods":["Act Like it!","BaseMod","Colored Powertips","Conspire","LagranYue(¿≠∏Ò¿ °§‘¬)","Minty Spire (QoL Compilation)","Quick Restart","Relic Filter","Reliquary","Replay The Spire","Shop Mod","StSLib","SuperFastMode","TestMod"],"gold_per_floor":[117,72,84,96,96,106,106,131,131,131,161,141,167,167,167,266,266,276,28,48,63,63,63,63,63],"floor_reached":24,"language":"ZHS","playtime":1327,"items_purged":[],"score":356,"play_id":"1d5cb591-ec85-44d1-9db8-12e435a1eaa4","local_time":"20210206163402","daily_mods":["SealedDeck","Heirloom","Flight","DeadlyEvents","Cursed Run","Elite Swarm","Uncertain Future"],"is_ascension_mode":true,"campfire_choices":[{"data":"Armaments","floor":7,"key":"SMITH"},{"data":"Fire Breathing","floor":10,"key":"SMITH"},{"data":"Feed","floor":15,"key":"SMITH"},{"data":"Body Slam","floor":23,"key":"SMITH"}],"circlet_count":0,"master_deck":["Fire Breathing+1","Pommel Strike","Power Through","Ghostly Armor","Feel No Pain","Armaments+1","Metallicize","Sword Boomerang","Shrug It Off","Body Slam+1","Shrug It Off","Voices","Dark Embrace+1","Feed+1","Replay:Hysterical Blindness"],"relics":["Cursed Key","Darkstone Periapt","testmod-TestBox","LagranYue:RandomDrawCardRelic","Lizard Tail","Blood Vial","Prayer Wheel","MerchantsRug","ReplayTheSpireMod:Spearhead","reliquary:Sideboard"],"acts_visited":["Exordium","TheCity"],"potions_floor_usage":[16],"damage_taken":[{"damage":0,"enemies":"2 Louse","floor":1,"turns":3},{"damage":0,"enemies":"Small Slimes","floor":3,"turns":3},{"damage":0,"enemies":"Jaw Worm","floor":4,"turns":3},{"damage":0,"enemies":"Gremlin Gang","floor":6,"turns":4},{"damage":0,"enemies":"Replay:BlueRogue","floor":8,"turns":5},{"damage":0,"enemies":"Lagavulin","floor":11,"turns":5},{"damage":0,"enemies":"Gremlin Nob","floor":13,"turns":4},{"damage":0,"enemies":"Hexaghost","floor":16,"turns":9},{"damage":0,"enemies":"Shell Parasite","floor":18,"turns":5},{"damage":14,"enemies":"3 Byrds","floor":20,"turns":4},{"damage":8,"enemies":"Snake Plant","floor":21,"turns":4},{"damage":0,"enemies":"Replay:Snechameleon","floor":24,"turns":1}],"seed_played":"-2787945882784973441","potions_obtained":[{"floor":1,"key":"testmod-TimePotion"},{"floor":6,"key":"ColorlessPotion"},{"floor":8,"key":"Milkshake"},{"floor":16,"key":"Dexterity Potion"},{"floor":18,"key":"Strength Potion"},{"floor":21,"key":"Fire Potion"}],"is_trial":true,"path_per_floor":["M","?","M","M","?","M","R","E","T","R","E","$","E","?","R","B",null,"M","$","M","M","?","R","E"],"character_chosen":"IRONCLAD","items_purchased":["MerchantsRug","Dark Embrace","reliquary:Sideboard"],"campfire_rested":0,"item_purchase_floors":[12,12,19],"current_hp_per_floor":[1,1,1,1,1,1,1,1,7,7,7,7,7,7,7,13,13,13,13,10,4,4,4,6,6],"gold":63,"neow_bonus":"","is_daily":false,"chose_seed":false,"campfire_upgraded":4,"win_rate":0.0,"timestamp":1612600442,"path_taken":["M","?","M","M","?","M","R","E","T","R","E","$","E","?","R","BOSS","M","$","M","M","?","R","E"],"items_purchased_type":["Relic","Card","Relic"],"build_version":"2020-12-22","purchased_purges":0,"victory":false,"max_hp_per_floor":[1,1,1,1,1,1,1,1,7,7,7,7,7,7,7,13,13,13,13,17,17,17,17,17,17],"card_choices":[{"not_picked":["Rage","Sentinel","Clothesline"],"picked":"SKIP","floor":1},{"not_picked":["Life Link","Blood for Blood","Armaments"],"picked":"SKIP","floor":3},{"not_picked":["Body Slam","Armaments"],"picked":"Shrug It Off","floor":4},{"not_picked":["Anger","Flex","Spot Weakness"],"picked":"SKIP","floor":6},{"not_picked":["conspire:HitWhereItHurts","Limit Break","Offering"],"picked":"SKIP","floor":8},{"not_picked":["Fiend Fire","Double Tap","Berserk"],"picked":"SKIP","floor":11},{"not_picked":["Limit Break","Berserk"],"picked":"Feed","floor":13},{"not_picked":["ReplayTheSpireMod:Stacked","Replay:Undeath\u0027s Touch+1","Headbutt"],"picked":"SKIP","floor":18},{"not_picked":["Clash+1","Sentinel","Life Link"],"picked":"SKIP","floor":18},{"not_picked":["Shrug It Off","Heavy Blade+1","Iron Wave"],"picked":"SKIP","floor":20},{"not_picked":["Armaments","Blood for Blood","Twin Strike"],"picked":"SKIP","floor":20},{"not_picked":["Sword Boomerang","Second Wind","Bloodletting"],"picked":"SKIP","floor":21},{"not_picked":["Warcry+1","Shrug It Off","Twin Strike"],"picked":"SKIP","floor":21}],"player_experience":74309,"relics_obtained":[{"floor":8,"key":"Lizard Tail"},{"floor":9,"key":"Blood Vial"},{"floor":11,"key":"Prayer Wheel"},{"floor":13,"key":"ReplayTheSpireMod:Spearhead"}],"event_choices":[{"damage_healed":0,"gold_gain":0,"player_choice":"Left Gold","damage_taken":0,"max_hp_gain":0,"max_hp_loss":0,"event_name":"World of Goop","floor":2,"gold_loss":45},{"damage_healed":0,"gold_gain":0,"player_choice":"Leave","damage_taken":0,"max_hp_gain":0,"max_hp_loss":0,"event_name":"conspire:Investor","floor":5,"gold_loss":0},{"damage_healed":0,"gold_gain":0,"player_choice":"Agree","damage_taken":0,"max_hp_gain":0,"max_hp_loss":0,"event_name":"conspire:LoneGhost","floor":14,"gold_loss":0},{"damage_healed":0,"gold_gain":0,"player_choice":"Forge","damage_taken":0,"max_hp_gain":0,"max_hp_loss":0,"event_name":"Accursed Blacksmith","floor":22,"gold_loss":0,"cards_upgraded":["Dark Embrace"]}],"is_beta":false,"boss_relics":[{"not_picked":["Velvet Choker","testmod-IncinerationGenerator","Snecko Heart"]}],"items_purged_floors":[],"is_endless":true,"potions_floor_spawned":[1,6,8,11,16,18,21],"killed_by":"Replay:Snechameleon","ascension_level":1}}