{"host":"f5gffvlv6a66yqkd","time":1612637558,"event":{"mods":["2.2 Compatiblity","BaseMod","Colored Map","Custom Start","DeckTracker","Keyboard Shortcuts","Minty Spire (QoL Compilation)","Permanent Neow","Quick Restart","Relic Stats","StSLib","SuperFastMode"],"gold_per_floor":[119,269,269,194,1,1,28,28,28,53,67,117,131,151,151,226,226,244,244,118,133,133,23,23,23,23,39,55,55,75,92,92,165,165,184,196,196,214,214,248,52,65,143,143,158,168,168,168],"floor_reached":47,"language":"KOR","playtime":1228,"items_purged":["Strike_B","Defend_B","Defend_B"],"score":1134,"play_id":"f68abefe-e10f-4284-b61d-1f0a54e258ef","local_time":"20210207035238","is_ascension_mode":true,"campfire_choices":[{"data":"Zap","floor":6.0,"key":"SMITH"},{"data":"Thunder Strike","floor":8.0,"key":"SMITH"},{"data":"Beam Cell","floor":15.0,"key":"SMITH"},{"floor":24.0,"key":"REST"},{"data":"Dualcast","floor":29.0,"key":"SMITH"},{"data":"Aggregate","floor":32.0,"key":"SMITH"},{"floor":44,"key":"RECALL"}],"circlet_count":0,"master_deck":["AscendersBane","Zap+1","Dualcast+1","Ball Lightning","Conserve Battery","Thunder Strike+1","Beam Cell+1","Static Discharge+1","Coolheaded","Amplify+1","Biased Cognition+1","Heatsinks+1","Coolheaded","Buffer+1","Defragment+1","Reinforced Body","Sweeping Beam","Reboot","Capacitor+1","Aggregate+1","Seek","Blizzard","Coolheaded"],"relics":["Cracked Core","NeowsBlessing","Membership Card","Frozen Egg 2","StrikeDummy","Orichalcum","Astrolabe","ClockworkSouvenir","Sundial","Inserter","PreservedInsect","HornCleat","Pear"],"acts_visited":["Exordium","TheCity","TheBeyond"],"potions_floor_usage":[46],"damage_taken":[{"damage":0.0,"enemies":"Jaw Worm","floor":1.0,"turns":1.0},{"damage":0.0,"enemies":"Gremlin Nob","floor":7.0,"turns":1.0},{"damage":0.0,"enemies":"3 Sentries","floor":10.0,"turns":2.0},{"damage":0.0,"enemies":"Small Slimes","floor":11.0,"turns":2.0},{"damage":1.0,"enemies":"2 Louse","floor":13.0,"turns":2.0},{"damage":5.0,"enemies":"Red Slaver","floor":14.0,"turns":3.0},{"damage":18.0,"enemies":"Hexaghost","floor":16.0,"turns":4.0},{"damage":15.0,"enemies":"Shell Parasite","floor":18.0,"turns":3.0},{"damage":17.0,"enemies":"2 Thieves","floor":21.0,"turns":3.0},{"damage":3.0,"enemies":"Snake Plant","floor":27.0,"turns":4.0},{"damage":0.0,"enemies":"Chosen and Byrds","floor":28.0,"turns":5.0},{"damage":3.0,"enemies":"Centurion and Healer","floor":30.0,"turns":4.0},{"damage":0.0,"enemies":"Sentry and Sphere","floor":31.0,"turns":5.0},{"damage":0.0,"enemies":"Automaton","floor":33.0,"turns":8.0},{"damage":24.0,"enemies":"3 Darklings","floor":35.0,"turns":4.0},{"damage":0.0,"enemies":"3 Shapes","floor":36.0,"turns":7.0},{"damage":0.0,"enemies":"Sphere and 2 Shapes","floor":38.0,"turns":7.0},{"damage":14,"enemies":"Nemesis","floor":40,"turns":9},{"damage":0,"enemies":"Maw","floor":42,"turns":5},{"damage":0,"enemies":"Transient","floor":45,"turns":6},{"damage":23,"enemies":"Jaw Worm Horde","floor":46,"turns":5},{"damage":35,"enemies":"Reptomancer","floor":47,"turns":2}],"seed_played":"2087012246602064007","potions_obtained":[{"floor":7.0,"key":"Regen Potion"},{"floor":11.0,"key":"Explosive Potion"},{"floor":16.0,"key":"Ancient Potion"},{"floor":40,"key":"AttackPotion"}],"is_trial":false,"path_per_floor":["M","?","?","$","$","R","E","R","T","E","M","?","M","M","R","B",null,"M","?","$","M","?","$","R","?","T","M","M","R","M","M","R","B",null,"M","M","T","M","?","E","$","M","T","R","M","M","E"],"character_chosen":"DEFECT","items_purchased":["Membership Card","Conserve Battery","ClockworkSouvenir","Buffer+1","Defragment+1","Reinforced Body","HornCleat"],"campfire_rested":1,"item_purchase_floors":[5,5,20,20,23,23,41],"current_hp_per_floor":[64,64,64,64,64,64,64,64,64,64,64,57,56,51,51,33,62,47,47,47,30,30,30,51,51,51,48,48,48,45,45,45,45,65,41,41,41,56,56,42,42,42,52,52,52,29,0,0],"gold":168,"neow_bonus":"THREE_ENEMY_KILL","is_daily":false,"chose_seed":false,"campfire_upgraded":5,"win_rate":0.0,"timestamp":1612637558,"path_taken":["M","?","?","?","$","R","E","R","T","E","M","?","M","M","R","BOSS","M","?","$","M","?","$","R","?","T","M","M","R","M","?","R","BOSS","M","M","?","M","?","E","$","M","T","R","M","M","E"],"items_purchased_type":["Relic","Card","Relic","Card","Card","Card","Relic"],"build_version":"2020-12-22","purchased_purges":3,"victory":false,"max_hp_per_floor":[71,71,71,71,71,71,71,71,71,71,71,71,71,71,71,71,71,71,71,71,71,71,71,71,71,71,71,71,71,71,71,71,71,71,71,71,71,71,71,71,71,71,81,81,81,81,81,81],"relic_stats":{"Inserter":[21],"counters":[22,92],"Sundial":[20],"Astrolabe":["Amplify","Biased Cognition","Heatsinks"],"PreservedInsect":60,"Orichalcum":[234],"obtain_stats":[{"Inserter":34,"Pear":43,"NeowsBlessing":0,"Astrolabe":17,"PreservedInsect":40,"Frozen Egg 2":7,"Orichalcum":10,"ClockworkSouvenir":20,"HornCleat":41,"Sundial":26,"Membership Card":5,"Cracked Core":0,"StrikeDummy":9},{"Inserter":14,"Pear":19,"NeowsBlessing":0,"Astrolabe":7,"PreservedInsect":18,"Frozen Egg 2":2,"Orichalcum":3,"ClockworkSouvenir":8,"HornCleat":18,"Sundial":9,"Membership Card":1,"Cracked Core":0,"StrikeDummy":2},{"Inserter":47,"Pear":79,"NeowsBlessing":0,"Astrolabe":15,"PreservedInsect":74,"Frozen Egg 2":2,"Orichalcum":4,"ClockworkSouvenir":18,"HornCleat":74,"Sundial":21,"Membership Card":1,"Cracked Core":0,"StrikeDummy":2}]},"card_choices":[{"not_picked":["Barrage","Gash"],"picked":"Ball Lightning","floor":1.0},{"not_picked":["Sweeping Beam","BootSequence"],"picked":"Thunder Strike","floor":7.0},{"not_picked":["Streamline","Barrage"],"picked":"Beam Cell","floor":10.0},{"not_picked":["Darkness","Rebound"],"picked":"Static Discharge+1","floor":11.0},{"not_picked":["Darkness","Auto Shields"],"picked":"Coolheaded","floor":13.0},{"not_picked":["Beam Cell","Coolheaded","Stack"],"picked":"SKIP","floor":14.0},{"not_picked":["Reboot","Amplify"],"picked":"All For One","floor":16.0},{"not_picked":["Cold Snap","Gash"],"picked":"Coolheaded","floor":18.0},{"not_picked":["Amplify","Conserve Battery","FTL"],"picked":"SKIP","floor":21.0},{"not_picked":["Rip and Tear","Ball Lightning","Gash"],"picked":"SKIP","floor":27.0},{"not_picked":["Redo","Ball Lightning","Skim"],"picked":"SKIP","floor":28.0},{"not_picked":["Chaos","Chill"],"picked":"Capacitor+1","floor":30.0},{"not_picked":["All For One","Coolheaded"],"picked":"Aggregate","floor":31.0},{"not_picked":["Rainbow","Thunder Strike"],"picked":"Seek","floor":33.0},{"not_picked":["Hologram","Capacitor+1","FTL"],"picked":"SKIP","floor":35.0},{"not_picked":["Cold Snap","Auto Shields","Rebound"],"picked":"SKIP","floor":36.0},{"not_picked":["Redo+1","Cold Snap","Barrage"],"picked":"SKIP","floor":38.0},{"not_picked":["Compile Driver+1","Reinforced Body","Storm+1"],"picked":"SKIP","floor":40},{"not_picked":["Beam Cell","Compile Driver","Gash+1"],"picked":"SKIP","floor":42},{"not_picked":["Steam Power","Fission","Stack+1"],"picked":"SKIP","floor":45},{"not_picked":["Storm+1","Stack"],"picked":"Coolheaded","floor":46}],"player_experience":1691703,"relics_obtained":[{"floor":7.0,"key":"Frozen Egg 2"},{"floor":9.0,"key":"StrikeDummy"},{"floor":10.0,"key":"Orichalcum"},{"floor":26.0,"key":"Sundial"},{"floor":40,"key":"PreservedInsect"},{"floor":43,"key":"Pear"}],"event_choices":[{"damage_healed":0.0,"max_hp_gain":0.0,"max_hp_loss":0.0,"gold_gain":150.0,"event_name":"Liars Game","player_choice":"AGREE","floor":2.0,"gold_loss":0.0,"damage_taken":0.0,"cards_obtained":["Doubt"]},{"cards_removed":["Doubt"],"damage_healed":0.0,"max_hp_gain":0.0,"max_hp_loss":0.0,"gold_gain":0.0,"event_name":"Living Wall","player_choice":"Forget","floor":3.0,"gold_loss":0.0,"damage_taken":0.0},{"damage_healed":0.0,"max_hp_gain":0.0,"max_hp_loss":0.0,"gold_gain":50.0,"event_name":"FaceTrader","player_choice":"Touch","floor":12.0,"gold_loss":0.0,"damage_taken":7.0},{"damage_healed":0.0,"max_hp_gain":0.0,"max_hp_loss":0.0,"gold_gain":0.0,"event_name":"Ghosts","player_choice":"Ignored","floor":19.0,"gold_loss":0.0,"damage_taken":0.0},{"damage_healed":0.0,"max_hp_gain":0.0,"max_hp_loss":0.0,"gold_gain":0.0,"event_name":"Vampires","player_choice":"Ignored","floor":22.0,"gold_loss":0.0,"damage_taken":0.0},{"damage_healed":0.0,"max_hp_gain":0.0,"max_hp_loss":0.0,"gold_gain":0.0,"cards_transformed":["All For One","Defend_B"],"event_name":"Drug Dealer","player_choice":"Became Test Subject","floor":25.0,"gold_loss":0.0,"damage_taken":0.0,"cards_obtained":["Sweeping Beam","Reboot"]},{"damage_healed":0.0,"max_hp_gain":0.0,"max_hp_loss":0.0,"gold_gain":0.0,"cards_transformed":["Defend_B"],"event_name":"Transmorgrifier","player_choice":"Transformed","floor":39.0,"gold_loss":0.0,"damage_taken":0.0,"cards_obtained":["Blizzard"]}],"is_beta":false,"boss_relics":[{"not_picked":["Nuclear Battery","Coffee Dripper"],"picked":"Astrolabe"},{"not_picked":["Runic Pyramid","FrozenCore"],"picked":"Inserter"}],"items_purged_floors":[4,23,41],"is_endless":false,"potions_floor_spawned":[7,11,13,16,18,21,28,30,36,40,42],"killed_by":"Reptomancer","ascension_level":20}}