{"host":"FirstDane","time":1612586203,"event":{"mods":["BaseMod","Bestiary","Highlight Path","Minty Spire (QoL Compilation)","Relic Stats","Slay the Relics Exporter","StSLib"],"gold_per_floor":[11,23,23,43,58,58,85,85,132,69,81,112,124,168,180,266,278,305,242,254,27,46,46,46,46],"floor_reached":24,"language":"ENG","playtime":1990,"items_purged":["Strike_G"],"score":408,"play_id":"c3b2c596-8a33-4ded-841a-1f8b6c3aa812","local_time":"20210205223643","is_ascension_mode":true,"campfire_choices":[{"data":"Quick Slash","floor":6,"key":"SMITH"},{"data":"Wraith Form v2","floor":8,"key":"SMITH"},{"data":"Noxious Fumes","floor":11,"key":"SMITH"},{"floor":13,"key":"REST"},{"data":"Catalyst","floor":15,"key":"SMITH"},{"data":"Ghostly","floor":23,"key":"SMITH"}],"circlet_count":0,"master_deck":["AscendersBane","Strike_G","Defend_G","Defend_G","Defend_G","Defend_G","Survivor","Neutralize","Quick Slash+1","Dagger Spray+1","Noxious Fumes+1","Flying Knee","Wraith Form v2+1","Catalyst+1","Ghostly+1","Ghostly","Ghostly","Poisoned Stab+1"],"relics":["Ring of the Snake","Molten Egg 2","MawBank","Bag of Preparation","Coffee Dripper","Toy Ornithopter"],"acts_visited":["Exordium","TheCity"],"potions_floor_usage":[5,7,7,16,18,24],"damage_taken":[{"damage":1,"enemies":"2 Louse","floor":1,"turns":4},{"damage":0,"enemies":"Small Slimes","floor":2,"turns":6},{"damage":0,"enemies":"Jaw Worm","floor":4,"turns":4},{"damage":28,"enemies":"Exordium Thugs","floor":5,"turns":5},{"damage":14,"enemies":"3 Sentries","floor":7,"turns":6},{"damage":1,"enemies":"2 Fungi Beasts","floor":12,"turns":3},{"damage":6,"enemies":"Lagavulin","floor":14,"turns":8},{"damage":16,"enemies":"Slime Boss","floor":16,"turns":9},{"damage":0,"enemies":"Spheric Guardian","floor":18,"turns":5},{"damage":4,"enemies":"Shell Parasite","floor":22,"turns":7},{"damage":49,"enemies":"Gremlin Leader","floor":24,"turns":4}],"seed_played":"-7839455941251809743","potions_obtained":[{"floor":2,"key":"GamblersBrew"},{"floor":4,"key":"SneckoOil"},{"floor":5,"key":"PowerPotion"},{"floor":7,"key":"Strength Potion"},{"floor":16,"key":"Weak Potion"},{"floor":18,"key":"Dexterity Potion"}],"is_trial":false,"path_per_floor":["M","M","?","M","M","R","E","R","T","?","R","M","R","E","R","B",null,"M","?","?","$","M","R","E"],"character_chosen":"THE_SILENT","items_purchased":["Toy Ornithopter"],"campfire_rested":1,"item_purchase_floors":[21],"current_hp_per_floor":[58,58,58,58,30,30,16,16,16,16,16,15,34,28,28,12,53,53,53,33,33,29,29,0,0],"gold":46,"neow_bonus":"REMOVE_TWO","is_daily":false,"chose_seed":false,"campfire_upgraded":5,"win_rate":0.0,"timestamp":1612586203,"path_taken":["M","M","?","M","M","R","E","R","T","?","R","M","R","E","R","BOSS","M","?","?","?","M","R","E"],"items_purchased_type":["Relic"],"build_version":"2020-12-18","purchased_purges":1,"victory":false,"max_hp_per_floor":[66,66,66,66,66,66,66,66,66,66,66,66,66,66,66,66,66,66,66,33,33,33,33,33,33],"relic_stats":{"counters":[11,61],"Bag of Preparation":[8],"MawBank":144,"obtain_stats":[{"Molten Egg 2":7,"Bag of Preparation":14,"Coffee Dripper":17,"MawBank":9,"Toy Ornithopter":21,"Ring of the Snake":0},{"Molten Egg 2":5,"Bag of Preparation":7,"Coffee Dripper":8,"MawBank":5,"Toy Ornithopter":9,"Ring of the Snake":0},{"Molten Egg 2":25,"Bag of Preparation":36,"Coffee Dripper":45,"MawBank":25,"Toy Ornithopter":50,"Ring of the Snake":0}],"Toy Ornithopter":5,"Ring of the Snake":[22]},"card_choices":[{"not_picked":["Acrobatics","Bane"],"picked":"Quick Slash","floor":1},{"not_picked":["Bane","Reflex"],"picked":"Dagger Spray","floor":2},{"not_picked":["Setup","All Out Attack"],"picked":"Noxious Fumes","floor":4},{"not_picked":["Eviscerate","Footwork"],"picked":"Flying Knee","floor":5},{"not_picked":["Riddle With Holes+1","Skewer+1"],"picked":"Wraith Form v2","floor":7},{"not_picked":["Deflect","Flying Knee+1"],"picked":"Catalyst","floor":12},{"not_picked":["Escape Plan","Deflect","Heel Hook+1"],"picked":"SKIP","floor":14},{"not_picked":["Escape Plan","Deflect","Heel Hook+1"],"picked":"SKIP","floor":14},{"not_picked":["Flying Knee+1","Setup","Quick Slash+1"],"picked":"SKIP","floor":18},{"not_picked":["Calculated Gamble","Reflex"],"picked":"Poisoned Stab+1","floor":22}],"player_experience":4045423,"relics_obtained":[{"floor":7,"key":"Molten Egg 2"},{"floor":9,"key":"MawBank"},{"floor":14,"key":"Bag of Preparation"}],"event_choices":[{"damage_healed":0,"gold_gain":0,"player_choice":"Grow","damage_taken":0,"max_hp_gain":0,"max_hp_loss":0,"event_name":"Living Wall","floor":3,"gold_loss":0,"cards_upgraded":["Dagger Spray"]},{"cards_removed":["Strike_G"],"damage_healed":0,"gold_gain":0,"player_choice":"Card Removal","damage_taken":0,"max_hp_gain":0,"max_hp_loss":0,"event_name":"The Cleric","floor":10,"gold_loss":75},{"cards_removed":["Strike_G"],"damage_healed":0,"gold_gain":0,"player_choice":"Gave Gold","damage_taken":0,"max_hp_gain":0,"max_hp_loss":0,"event_name":"Beggar","floor":19,"gold_loss":75},{"damage_healed":0,"gold_gain":0,"player_choice":"Became a Ghost","damage_taken":0,"max_hp_gain":0,"max_hp_loss":33,"event_name":"Ghosts","floor":20,"gold_loss":0,"cards_obtained":["Ghostly","Ghostly","Ghostly"]}],"is_beta":true,"boss_relics":[{"not_picked":["Ectoplasm","Calling Bell"],"picked":"Coffee Dripper"}],"items_purged_floors":[21],"is_endless":false,"potions_floor_spawned":[2,4,5,7,16,18],"killed_by":"Gremlin Leader","ascension_level":20}}