{"host":"jksa5rawk3m4gilz","time":1612611231,"event":{"mods":["BaseMod","Colored Map","Highlight Path","Minty Spire (QoL Compilation)","Quick Restart"],"gold_per_floor":[111,76,76,91,91,131,131,166,220,259,285,285,308,319,319,403,403,423,284,305,305,322,322,322],"floor_reached":23,"language":"ENG","playtime":724,"items_purged":["Strike_R"],"score":398,"play_id":"cf619872-18cc-46a2-ad22-2153a869a1e4","local_time":"20210206123351","is_ascension_mode":true,"campfire_choices":[{"data":"Fire Breathing","floor":7,"key":"SMITH"},{"data":"Flex","floor":12,"key":"SMITH"},{"data":"Bash","floor":15,"key":"SMITH"}],"circlet_count":0,"master_deck":["AscendersBane","Strike_R","Strike_R","Strike_R","Strike_R","Defend_R","Defend_R","Defend_R","Defend_R+1","Bash+1","Flex+1","Fire Breathing+1","Anger","Reckless Charge","Shockwave+1","Battle Trance","Anger","Immolate","Armaments","Evolve","Rage+1"],"relics":["Burning Blood","NeowsBlessing","CeramicFish","Blood Vial","Omamori","Ancient Tea Set","Pen Nib","War Paint","Black Star"],"acts_visited":["Exordium","TheCity"],"potions_floor_usage":[8,10],"damage_taken":[{"damage":0,"enemies":"Jaw Worm","floor":1,"turns":1},{"damage":0,"enemies":"2 Louse","floor":4,"turns":2},{"damage":0,"enemies":"Lagavulin","floor":6,"turns":1},{"damage":30,"enemies":"3 Sentries","floor":8,"turns":5},{"damage":15,"enemies":"Lagavulin","floor":10,"turns":7},{"damage":0,"enemies":"Cultist","floor":13,"turns":3},{"damage":0,"enemies":"Exordium Thugs","floor":14,"turns":3},{"damage":15,"enemies":"Hexaghost","floor":16,"turns":7},{"damage":22,"enemies":"Spheric Guardian","floor":18,"turns":4},{"damage":13,"enemies":"Shell Parasite","floor":20,"turns":5},{"damage":23,"enemies":"Centurion and Healer","floor":22,"turns":7},{"damage":25,"enemies":"Gremlin Leader","floor":23,"turns":5}],"seed_played":"1037761892703235748","potions_obtained":[{"floor":4,"key":"PowerPotion"},{"floor":6,"key":"AttackPotion"},{"floor":10,"key":"SteroidPotion"},{"floor":18,"key":"GamblersBrew"}],"is_trial":false,"path_per_floor":["M","$","?","M","?","E","R","E","T","E","T","R","M","M","R","B",null,"M","$","M","?","M","E"],"character_chosen":"IRONCLAD","items_purchased":["Fire Breathing","Evolve"],"campfire_rested":0,"item_purchase_floors":[2,19],"current_hp_per_floor":[74,74,79,80,62,68,68,46,46,39,39,39,47,55,55,48,72,58,58,53,38,23,0,0],"gold":322,"neow_bonus":"THREE_ENEMY_KILL","is_daily":false,"chose_seed":false,"campfire_upgraded":3,"win_rate":0.0,"timestamp":1612611231,"path_taken":["M","$","?","M","?","E","R","E","T","E","?","R","?","M","R","BOSS","M","$","M","?","M","E"],"items_purchased_type":["Card","Card"],"build_version":"2020-12-22","purchased_purges":1,"victory":false,"max_hp_per_floor":[75,75,80,80,80,80,80,80,80,80,80,80,80,80,80,80,80,80,80,80,85,85,85,85],"card_choices":[{"not_picked":["Heavy Blade","Pommel Strike"],"picked":"Flex","floor":1},{"not_picked":["Warcry","Impervious"],"picked":"Anger","floor":4},{"not_picked":["Wild Strike","Intimidate"],"picked":"Reckless Charge","floor":6},{"not_picked":["Feel No Pain","True Grit"],"picked":"Shockwave","floor":8},{"not_picked":["Iron Wave","Dark Embrace"],"picked":"Battle Trance","floor":10},{"not_picked":["Warcry","Cleave"],"picked":"Anger","floor":13},{"not_picked":["Warcry","Anger","Body Slam"],"picked":"SKIP","floor":14},{"not_picked":["Juggernaut","Brutality"],"picked":"Immolate","floor":16},{"not_picked":["Pummel","Heavy Blade"],"picked":"Armaments","floor":18},{"not_picked":["True Grit","Cleave"],"picked":"Rage+1","floor":20},{"not_picked":["Headbutt+1","Thunderclap","Dark Embrace"],"picked":"SKIP","floor":22}],"player_experience":1813676,"relics_obtained":[{"floor":6,"key":"Blood Vial"},{"floor":8,"key":"Omamori"},{"floor":9,"key":"Ancient Tea Set"},{"floor":10,"key":"Pen Nib"},{"floor":11,"key":"War Paint"}],"event_choices":[{"damage_healed":0,"gold_gain":0,"player_choice":"Donut","damage_taken":0,"max_hp_gain":5,"max_hp_loss":0,"event_name":"Big Fish","floor":3,"gold_loss":0},{"damage_healed":0,"gold_gain":0,"player_choice":"Success","damage_taken":18,"relics_obtained":["CeramicFish"],"max_hp_gain":0,"max_hp_loss":0,"event_name":"Scrap Ooze","floor":5,"gold_loss":0},{"damage_healed":0,"gold_gain":0,"player_choice":"Shed Blood","damage_taken":20,"max_hp_gain":5,"max_hp_loss":0,"event_name":"Forgotten Altar","floor":21,"gold_loss":0}],"is_beta":false,"boss_relics":[{"not_picked":["Runic Pyramid","Ectoplasm"],"picked":"Black Star"}],"items_purged_floors":[19],"is_endless":false,"potions_floor_spawned":[4,6,10,18,22],"killed_by":"Gremlin Leader","ascension_level":14}}