{"host":"f5gffvlv6a66yqkd","time":1612587803,"event":{"mods":["2.2 Compatiblity","BaseMod","Colored Map","Custom Start","DeckTracker","Keyboard Shortcuts","Minty Spire (QoL Compilation)","Permanent Neow","Quick Restart","Relic Stats","StSLib","SuperFastMode"],"gold_per_floor":[119,136,136,136,136,165,165,165,165,165,193,28,45,58,58,130,130,144,69,87,87,11,11,25,25,75,75,75],"floor_reached":27,"language":"KOR","playtime":1265,"items_purged":["Strike_R"],"score":438,"play_id":"1930a135-a2fb-4676-9bb0-c677497d0674","local_time":"20210206140323","is_ascension_mode":true,"campfire_choices":[{"data":"Fiend Fire","floor":8.0,"key":"SMITH"},{"data":"Clothesline","floor":10.0,"key":"SMITH"},{"data":"True Grit","floor":15.0,"key":"SMITH"},{"data":"Feel No Pain","floor":23.0,"key":"SMITH"},{"data":"Double Tap","floor":25,"key":"SMITH"}],"circlet_count":0,"master_deck":["AscendersBane","Strike_R","Defend_R","Defend_R","Defend_R","Defend_R","Bash","Fiend Fire+1","True Grit+1","Clothesline+1","Shockwave","Evolve","Metallicize","Armaments","Intimidate","Impervious","Blood for Blood+1","Double Tap+1","Burning Pact","Feel No Pain+1","Headbutt"],"relics":["Burning Blood","Akabeko","PreservedInsect","Sundial","Mark of Pain","Happy Flower"],"acts_visited":["Exordium","TheCity"],"potions_floor_usage":[],"damage_taken":[{"damage":10.0,"enemies":"2 Louse","floor":1.0,"turns":3.0},{"damage":10.0,"enemies":"Small Slimes","floor":2.0,"turns":4.0},{"damage":24.0,"enemies":"Gremlin Nob","floor":6.0,"turns":4.0},{"damage":20.0,"enemies":"3 Sentries","floor":11.0,"turns":7.0},{"damage":0.0,"enemies":"Jaw Worm","floor":13.0,"turns":3.0},{"damage":4.0,"enemies":"2 Fungi Beasts","floor":14.0,"turns":3.0},{"damage":27.0,"enemies":"The Guardian","floor":16.0,"turns":15.0},{"damage":11.0,"enemies":"2 Thieves","floor":18.0,"turns":4.0},{"damage":25.0,"enemies":"3 Byrds","floor":20.0,"turns":10.0},{"damage":5,"enemies":"Sentry and Sphere","floor":24,"turns":7},{"damage":19,"enemies":"Centurion and Healer","floor":27,"turns":2}],"seed_played":"1560641781378922101","potions_obtained":[{"floor":2.0,"key":"Energy Potion"},{"floor":6.0,"key":"PowerPotion"},{"floor":13.0,"key":"ElixirPotion"}],"is_trial":false,"path_per_floor":["M","M","?","?","T","E","?","R","T","R","E","$","M","M","R","B",null,"M","?","M","?","$","R","M","R","T","M"],"character_chosen":"IRONCLAD","items_purchased":["Metallicize","Feel No Pain"],"campfire_rested":0,"item_purchase_floors":[12,22],"current_hp_per_floor":[64,60,65,58,58,40,40,40,40,40,26,26,32,34,34,13,63,58,58,39,39,39,39,40,40,40,21,21],"gold":75,"neow_bonus":"THREE_RARE_CARDS","is_daily":false,"chose_seed":false,"campfire_upgraded":5,"win_rate":0.0,"timestamp":1612587803,"path_taken":["M","M","?","?","?","E","?","R","T","R","E","$","M","M","R","BOSS","M","?","M","?","$","R","?","R","T","M"],"items_purchased_type":["Card","Card"],"build_version":"2020-12-22","purchased_purges":1,"victory":false,"max_hp_per_floor":[75,75,80,80,80,80,80,80,80,80,80,80,80,80,80,80,80,80,80,80,80,80,80,80,80,80,80,80],"relic_stats":{"Happy Flower":[0],"counters":[11,62],"Sundial":[10],"PreservedInsect":32,"obtain_stats":[{"Happy Flower":26,"Sundial":11,"PreservedInsect":6,"Mark of Pain":17,"Burning Blood":0,"Akabeko":5},{"Happy Flower":10,"Sundial":4,"PreservedInsect":3,"Mark of Pain":7,"Burning Blood":0,"Akabeko":2},{"Happy Flower":60,"Sundial":18,"PreservedInsect":11,"Mark of Pain":39,"Burning Blood":0,"Akabeko":7}],"Burning Blood":60},"card_choices":[{"not_picked":["Exhume","Corruption"],"picked":"Fiend Fire","floor":0.0},{"not_picked":["Dark Embrace","Power Through"],"picked":"True Grit","floor":1.0},{"not_picked":["Iron Wave","Bloodletting"],"picked":"Clothesline","floor":2.0},{"not_picked":["Perfected Strike","Burning Pact"],"picked":"Shockwave","floor":6.0},{"not_picked":["Flex","Juggernaut"],"picked":"Evolve","floor":11.0},{"not_picked":["Heavy Blade","Cleave"],"picked":"Armaments","floor":13.0},{"not_picked":["Rage","Perfected Strike"],"picked":"Intimidate","floor":14.0},{"not_picked":["Juggernaut","Brutality"],"picked":"Impervious","floor":16.0},{"not_picked":["Metallicize","Rampage","Flex"],"picked":"SKIP","floor":18.0},{"not_picked":["True Grit","Anger"],"picked":"Blood for Blood+1","floor":20.0},{"not_picked":["Flex","Perfected Strike+1"],"picked":"Headbutt","floor":24}],"player_experience":1661361,"relics_obtained":[{"floor":5.0,"key":"Akabeko"},{"floor":6.0,"key":"PreservedInsect"},{"floor":11.0,"key":"Sundial"},{"floor":26,"key":"Happy Flower"}],"event_choices":[{"damage_healed":0.0,"max_hp_gain":5.0,"max_hp_loss":0.0,"gold_gain":0.0,"event_name":"Big Fish","player_choice":"Donut","floor":3.0,"gold_loss":0.0,"damage_taken":0.0},{"cards_removed":["Pain"],"damage_healed":0.0,"max_hp_gain":0.0,"max_hp_loss":0.0,"gold_gain":0.0,"event_name":"Golden Wing","player_choice":"Card Removal","floor":4.0,"gold_loss":0.0,"damage_taken":7.0},{"damage_healed":0.0,"max_hp_gain":0.0,"max_hp_loss":0.0,"gold_gain":0.0,"event_name":"Liars Game","player_choice":"Ignored","floor":7.0,"gold_loss":0.0,"damage_taken":0.0},{"cards_removed":["Strike_R"],"damage_healed":0.0,"max_hp_gain":0.0,"max_hp_loss":0.0,"gold_gain":0.0,"event_name":"Beggar","player_choice":"Gave Gold","floor":19.0,"gold_loss":75.0,"damage_taken":0.0},{"damage_healed":0.0,"max_hp_gain":0.0,"max_hp_loss":0.0,"gold_gain":0.0,"cards_transformed":["Strike_R","Strike_R"],"event_name":"Drug Dealer","player_choice":"Became Test Subject","floor":21.0,"gold_loss":0.0,"damage_taken":0.0,"cards_obtained":["Double Tap","Burning Pact"]}],"is_beta":false,"boss_relics":[{"not_picked":["Fusion Hammer","SlaversCollar"],"picked":"Mark of Pain"}],"items_purged_floors":[12],"is_endless":false,"potions_floor_spawned":[2,6,13],"killed_by":"Centurion and Healer","ascension_level":20}}