{"host":"zj59u6rib3fz4c79","time":1612582382,"event":{"mods":["AchievementEnabler","BaseMod","Bestiary","Colored Map","Colored Powertips","Highlight Path","Minty Spire (QoL Compilation)","StSLib"],"gold_per_floor":[117,117,136,147,196,196,196,121,121,121,148,148,158,171,171,274,274,291,291,302,314,145,145,158,158,158,158,158,174,49,64,64,161,161,178,28,42,60,71,71,102,102,102,102,0,14,25,25,25,25,25,25,25,50,50,50],"floor_reached":55,"language":"ENG","playtime":3528,"items_purged":["Defend_P","Strike_P","Writhe","Defend_P"],"score":681,"play_id":"16e8373f-5a9c-4f2a-82b2-0673518c8e90","local_time":"20210205213302","is_ascension_mode":true,"campfire_choices":[{"data":"1","floor":7.0,"key":"LIFT"},{"floor":10.0,"key":"REST"},{"data":"2","floor":12.0,"key":"LIFT"},{"floor":15.0,"key":"REST"},{"data":"Adaptation","floor":23.0,"key":"SMITH"},{"data":"3","floor":25.0,"key":"LIFT"},{"data":"FlurryOfBlows","floor":28.0,"key":"SMITH"},{"floor":32.0,"key":"REST"},{"floor":40.0,"key":"REST"},{"floor":42,"key":"REST"},{"floor":49,"key":"RECALL"},{"data":"Vigilance","floor":52,"key":"SMITH"}],"circlet_count":0,"master_deck":["Strike_P+1","Defend_P","Eruption+1","Vigilance+1","FlurryOfBlows+1","EmptyFist","Adaptation+1","ClearTheMind+1","FlurryOfBlows+1"],"relics":["PureWater","Girya","Bronze Scales","Shuriken","Empty Cage","NlothsMask","InkBottle","Runic Pyramid","TungstenRod","Bottled Flame","Red Mask","Blood Vial"],"acts_visited":["Exordium","TheCity","TheBeyond","TheEnding"],"potions_floor_usage":[41,47,55,55],"damage_taken":[{"damage":4.0,"enemies":"2 Louse","floor":1.0,"turns":3.0},{"damage":1.0,"enemies":"Cultist","floor":3.0,"turns":4.0},{"damage":0.0,"enemies":"Jaw Worm","floor":4.0,"turns":4.0},{"damage":31.0,"enemies":"Lagavulin","floor":11.0,"turns":5.0},{"damage":2.0,"enemies":"Exordium Wildlife","floor":13.0,"turns":3.0},{"damage":4.0,"enemies":"Blue Slaver","floor":14.0,"turns":3.0},{"damage":20.0,"enemies":"Hexaghost","floor":16.0,"turns":6.0},{"damage":12.0,"enemies":"2 Thieves","floor":18.0,"turns":3.0},{"damage":0.0,"enemies":"Spheric Guardian","floor":20.0,"turns":1.0},{"damage":0.0,"enemies":"Cultist and Chosen","floor":21.0,"turns":3.0},{"damage":6.0,"enemies":"Centurion and Healer","floor":24.0,"turns":3.0},{"damage":10.0,"enemies":"Chosen and Byrds","floor":29.0,"turns":3.0},{"damage":6.0,"enemies":"Shelled Parasite and Fungi","floor":31.0,"turns":2.0},{"damage":1.0,"enemies":"Champ","floor":33.0,"turns":6.0},{"damage":7.0,"enemies":"Orb Walker","floor":35.0,"turns":2.0},{"damage":17.0,"enemies":"3 Darklings","floor":37.0,"turns":3.0},{"damage":10.0,"enemies":"Maw","floor":38.0,"turns":4.0},{"damage":9.0,"enemies":"Writhing Mass","floor":39.0,"turns":4.0},{"damage":13,"enemies":"Reptomancer","floor":41,"turns":3},{"damage":0,"enemies":"Spire Growth","floor":46,"turns":2},{"damage":4,"enemies":"Sphere and 2 Shapes","floor":47,"turns":1},{"damage":33,"enemies":"Awakened One","floor":50,"turns":5},{"damage":21,"enemies":"Shield and Spear","floor":54,"turns":4},{"damage":60,"enemies":"The Heart","floor":55,"turns":2}],"seed_played":"8816892328969651935","potions_obtained":[{"floor":1.0,"key":"Dexterity Potion"},{"floor":13.0,"key":"Regen Potion"},{"floor":16.0,"key":"GamblersBrew"},{"floor":18.0,"key":"Energy Potion"},{"floor":20.0,"key":"Explosive Potion"},{"floor":31.0,"key":"Fire Potion"},{"floor":33.0,"key":"BottledMiracle"},{"floor":37.0,"key":"PowerPotion"},{"floor":38.0,"key":"Strength Potion"},{"floor":39.0,"key":"EssenceOfSteel"},{"floor":46,"key":"SneckoOil"}],"is_trial":false,"path_per_floor":["M","?","M","M","T","?","R","$","T","R","E","R","M","M","R","B",null,"M","?","M","M","$","R","M","R","T","?","R","M","$","M","R","B",null,"M","$","M","M","M","R","E","R","T","$","?","M","M","?","R","B",null,"R","$","E","B"],"character_chosen":"WATCHER","items_purchased":["Adaptation"],"campfire_rested":5,"item_purchase_floors":[22],"current_hp_per_floor":[47,47,46,46,46,32,32,32,32,53,22,22,20,28,49,29,72,60,60,60,60,60,60,54,54,54,54,54,44,44,38,59,58,72,65,65,48,38,29,50,37,58,58,58,58,58,54,54,54,21,72,72,72,51,0,0],"gold":50,"neow_bonus":"ONE_RARE_RELIC","is_daily":false,"chose_seed":false,"campfire_upgraded":3,"win_rate":0.0,"timestamp":1612582382,"path_taken":["M","?","?","?","?","?","R","$","T","R","E","R","M","M","R","BOSS","M","?","M","?","$","R","M","R","T","?","R","M","$","M","R","BOSS","M","$","M","M","M","R","E","R","T","$","?","M","M","?","R","BOSS","R","$","E","BOSS"],"items_purchased_type":["Card"],"build_version":"2020-12-22","purchased_purges":4,"victory":false,"max_hp_per_floor":[72,72,72,72,72,72,72,72,72,72,72,72,72,72,72,72,72,72,72,72,72,72,72,72,72,72,72,72,72,72,72,72,72,72,72,72,72,72,72,72,72,72,72,72,72,72,72,72,72,72,72,72,72,72,72,72],"card_choices":[{"not_picked":["Meditate","SashWhip","FearNoEvil"],"picked":"SKIP","floor":1.0},{"not_picked":["EmptyFist","Halt"],"picked":"FlurryOfBlows","floor":3.0},{"not_picked":["BattleHymn","CrushJoints","Conclude"],"picked":"SKIP","floor":4.0},{"not_picked":["ThirdEye","WaveOfTheHand"],"picked":"EmptyFist","floor":11.0},{"not_picked":["Evaluate","PathToVictory","FollowUp"],"picked":"SKIP","floor":13.0},{"not_picked":["ForeignInfluence","SignatureMove","Nirvana"],"picked":"SKIP","floor":14.0},{"not_picked":["CrushJoints","Wireheading","Evaluate"],"picked":"SKIP","floor":18.0},{"not_picked":["Prostrate","CutThroughFate","SandsOfTime"],"picked":"SKIP","floor":20.0},{"not_picked":["Crescendo+1","FollowUp","WaveOfTheHand+1"],"picked":"SKIP","floor":21.0},{"not_picked":["CutThroughFate","JustLucky","ClearTheMind"],"picked":"SKIP","floor":24.0},{"not_picked":["FearNoEvil","EmptyFist+1","Vengeance"],"picked":"SKIP","floor":29.0},{"not_picked":["Conclude+1","Evaluate","CutThroughFate"],"picked":"SKIP","floor":31.0},{"not_picked":["ReachHeaven","PathToVictory+1","Adaptation"],"picked":"SKIP","floor":35.0},{"not_picked":["Crescendo+1","Prostrate+1","WindmillStrike+1"],"picked":"SKIP","floor":37.0},{"not_picked":["Wireheading","Crescendo","JustLucky+1"],"picked":"SKIP","floor":38.0},{"not_picked":["Prostrate","ReachHeaven"],"picked":"ClearTheMind+1","floor":39.0},{"not_picked":["PathToVictory","Fasting2","WreathOfFlame"],"picked":"SKIP","floor":41},{"not_picked":["Halt","Evaluate+1","FlyingSleeves+1"],"picked":"SKIP","floor":46},{"not_picked":["JustLucky","Consecrate","Evaluate"],"picked":"SKIP","floor":47},{"not_picked":["DeceiveReality+1","EmptyFist+1","ClearTheMind"],"picked":"SKIP","floor":54}],"player_experience":78578,"relics_obtained":[{"floor":5.0,"key":"Bronze Scales"},{"floor":11.0,"key":"Shuriken"},{"floor":41,"key":"TungstenRod"},{"floor":43,"key":"Bottled Flame"},{"floor":54,"key":"Blood Vial"}],"event_choices":[{"cards_removed":["Strike_P"],"damage_healed":0.0,"max_hp_gain":0.0,"max_hp_loss":0.0,"gold_gain":0.0,"event_name":"Bonfire Elementals","player_choice":"Offered Basic","floor":2.0,"gold_loss":0.0,"damage_taken":0.0},{"damage_healed":0.0,"max_hp_gain":0.0,"max_hp_loss":0.0,"gold_gain":0.0,"event_name":"Shining Light","player_choice":"Entered Light","floor":6.0,"gold_loss":0.0,"damage_taken":14.0,"cards_upgraded":["Strike_P","Eruption"]},{"damage_healed":0.0,"max_hp_gain":0.0,"max_hp_loss":0.0,"gold_gain":0.0,"event_name":"FaceTrader","player_choice":"Trade","floor":19.0,"gold_loss":0.0,"damage_taken":0.0,"relics_obtained":["NlothsMask"]},{"damage_healed":0.0,"max_hp_gain":0.0,"max_hp_loss":0.0,"gold_gain":0.0,"event_name":"The Mausoleum","player_choice":"Opened","floor":27.0,"gold_loss":0.0,"damage_taken":0.0,"relics_obtained":["InkBottle"],"cards_obtained":["Writhe"]},{"damage_healed":0,"gold_gain":0,"player_choice":"Paid","damage_taken":0,"relics_obtained":["Red Mask"],"max_hp_gain":0,"max_hp_loss":0,"event_name":"Tomb of Lord Red Mask","floor":45,"gold_loss":102},{"damage_healed":0,"gold_gain":0,"player_choice":"Copied","damage_taken":0,"max_hp_gain":0,"max_hp_loss":0,"event_name":"Duplicator","floor":48,"gold_loss":0,"cards_obtained":["FlurryOfBlows"]}],"is_beta":false,"boss_relics":[{"not_picked":["Ectoplasm","Snecko Eye"],"picked":"Empty Cage"},{"not_picked":["Black Star","Cursed Key"],"picked":"Runic Pyramid"}],"items_purged_floors":[8,22,30,36],"is_endless":false,"potions_floor_spawned":[1,13,16,18,20,31,33,37,38,39,46],"killed_by":"The Heart","ascension_level":1}}