{"host":"timevagabond","time":1612572605,"event":{"mods":["BaseMod","Bestiary","Colored Map","Filter the Spire","Minty Spire (QoL Compilation)"],"gold_per_floor":[112,131,141,154,173,173,205,217,229,252,295,63,43,62,62,157,157,177,177,197,212,14,44,44,64,64,163,51,82,101,133,133,237,237,256,268,285,285,106,134,134,162,212,244,589,589,589,605,605,605,605,605,18,51,51,51],"floor_reached":55,"language":"ENG","playtime":5779,"items_purged":["Strike_B","Doubt","Doubt"],"score":1224,"play_id":"96e0d609-3b3d-4514-8960-2bf4942d56b6","local_time":"20210205195005","is_ascension_mode":true,"campfire_choices":[{"data":"Sweeping Beam","floor":6.0,"key":"SMITH"},{"data":"Echo Form","floor":15.0,"key":"SMITH"},{"floor":24.0,"key":"REST"},{"data":"Echo Form","floor":32.0,"key":"SMITH"},{"floor":41.0,"key":"RECALL"},{"data":"Ghostly","floor":46.0,"key":"SMITH"},{"data":"Ghostly","floor":49.0,"key":"SMITH"},{"data":"Ghostly","floor":52.0,"key":"SMITH"}],"circlet_count":0,"master_deck":["Strike_B","Strike_B","Strike_B","Defend_B","Defend_B","Defend_B","Defend_B","Zap","Dualcast+1","Conserve Battery","Sweeping Beam+1","Ball Lightning","Reinforced Body","Echo Form+1","Gash","Go for the Eyes","Conserve Battery","Echo Form+1","Cold Snap","Capacitor","Amplify","Consume","Ghostly+1","Ghostly","Ghostly","Ghostly+1","Ghostly+1","Ball Lightning","Leap","Coolheaded","Coolheaded","Capacitor","Glacier","Seek","Lockon","Compile Driver","Ball Lightning+1","Aggregate+1","Defragment+1","Purity+1","Skim","Coolheaded+1","Conserve Battery+1","Static Discharge+1","Seek","Stack","Coolheaded"],"relics":["Cracked Core","MawBank","Pocketwatch","Incense Burner","Cursed Key","Strange Spoon","Eternal Feather","Thread and Needle","Shuriken","Pen Nib","Inserter","HornCleat","Smiling Mask","Frozen Egg 2","Old Coin","Bottled Tornado","DollysMirror","War Paint"],"acts_visited":["Exordium","TheCity","TheBeyond","TheEnding"],"potions_floor_usage":[55],"damage_taken":[{"damage":2.0,"enemies":"Jaw Worm","floor":1.0,"turns":4.0},{"damage":0.0,"enemies":"Small Slimes","floor":2.0,"turns":3.0},{"damage":1.0,"enemies":"Cultist","floor":3.0,"turns":3.0},{"damage":5.0,"enemies":"Looter","floor":4.0,"turns":3.0},{"damage":12.0,"enemies":"Exordium Wildlife","floor":5.0,"turns":5.0},{"damage":25.0,"enemies":"Lagavulin","floor":7.0,"turns":7.0},{"damage":1.0,"enemies":"Blue Slaver","floor":10.0,"turns":4.0},{"damage":23.0,"enemies":"3 Sentries","floor":11.0,"turns":5.0},{"damage":5.0,"enemies":"Large Slime","floor":14.0,"turns":4.0},{"damage":2.0,"enemies":"Hexaghost","floor":16.0,"turns":9.0},{"damage":18.0,"enemies":"Shell Parasite","floor":18.0,"turns":5.0},{"damage":8.0,"enemies":"Chosen","floor":20.0,"turns":6.0},{"damage":7.0,"enemies":"Shelled Parasite and Fungi","floor":21.0,"turns":6.0},{"damage":12.0,"enemies":"Slavers","floor":23.0,"turns":7.0},{"damage":0.0,"enemies":"Centurion and Healer","floor":25.0,"turns":10.0},{"damage":0.0,"enemies":"Gremlin Leader","floor":29.0,"turns":10.0},{"damage":0.0,"enemies":"Sentry and Sphere","floor":30.0,"turns":8.0},{"damage":0.0,"enemies":"Book of Stabbing","floor":31.0,"turns":8.0},{"damage":0.0,"enemies":"Collector","floor":33.0,"turns":11.0},{"damage":0.0,"enemies":"3 Shapes","floor":35.0,"turns":9.0},{"damage":2.0,"enemies":"3 Darklings","floor":36.0,"turns":9.0},{"damage":0.0,"enemies":"Spire Growth","floor":37.0,"turns":10.0},{"damage":0.0,"enemies":"Nemesis","floor":40.0,"turns":9.0},{"damage":7.0,"enemies":"Giant Head","floor":42.0,"turns":11.0},{"damage":0.0,"enemies":"Nemesis","floor":44.0,"turns":9.0},{"damage":11.0,"enemies":"2 Orb Walkers","floor":45.0,"turns":10.0},{"damage":3.0,"enemies":"Writhing Mass","floor":48.0,"turns":6.0},{"damage":0.0,"enemies":"Donu and Deca","floor":50.0,"turns":11.0},{"damage":29.0,"enemies":"Shield and Spear","floor":54.0,"turns":13.0},{"damage":8,"enemies":"The Heart","floor":55,"turns":6}],"seed_played":"3397492244334997246","potions_obtained":[{"floor":3.0,"key":"Swift Potion"},{"floor":4.0,"key":"EssenceOfDarkness"},{"floor":10.0,"key":"BlessingOfTheForge"},{"floor":11.0,"key":"Explosive Potion"},{"floor":13.0,"key":"LiquidMemories"},{"floor":14.0,"key":"PowerPotion"},{"floor":18.0,"key":"AttackPotion"},{"floor":21.0,"key":"FocusPotion"},{"floor":31.0,"key":"BlessingOfTheForge"},{"floor":36.0,"key":"LiquidMemories"}],"is_trial":false,"path_per_floor":["M","M","M","M","M","R","E","?","T","M","E","$","?","M","R","B",null,"M","?","M","M","$","E","R","M","T","?","$","E","M","E","R","B",null,"M","M","M","?","$","E","R","E","T","E","?","R","T","M","R","B",null,"R","$","E","B"],"character_chosen":"DEFECT","items_purchased":["Conserve Battery","Echo Form","Cold Snap","Strange Spoon","Leap","Capacitor","Glacier","Skim","Bottled Tornado","DollysMirror","Stack","FocusPotion","Coolheaded"],"campfire_rested":1,"item_purchase_floors":[12,12,12,22,22,28,28,39,53,53,53,53,53],"current_hp_per_floor":[73,73,72,67,55,55,30,55,55,54,31,31,31,26,26,24,75,57,37,29,22,22,10,37,37,37,37,37,37,37,37,37,37,37,37,35,35,35,35,35,37,30,30,30,19,37,37,34,37,37,37,37,37,8,0,0],"gold":51,"neow_bonus":"THREE_CARDS","is_daily":false,"chose_seed":false,"campfire_upgraded":6,"win_rate":0.0,"timestamp":1612572605,"path_taken":["M","M","M","M","M","R","E","?","T","M","E","$","?","M","R","BOSS","M","?","M","M","$","E","R","M","T","?","?","E","M","E","R","BOSS","M","M","M","?","$","E","R","E","T","E","?","R","?","M","R","BOSS","R","$","E","BOSS"],"items_purchased_type":["Card","Card","Card","Relic","Card","Card","Card","Card","Relic","Relic","Card","Potion","Card"],"build_version":"2020-12-18","purchased_purges":3,"victory":false,"max_hp_per_floor":[75,75,75,75,75,75,75,75,75,75,75,75,75,75,75,75,75,75,37,37,37,37,37,37,37,37,37,37,37,37,37,37,37,37,37,37,37,37,37,37,37,37,37,37,37,37,37,37,37,37,37,37,37,37,37,37],"card_choices":[{"not_picked":["Steam","Go for the Eyes"],"picked":"Conserve Battery","floor":0.0},{"not_picked":["Conserve Battery","Doom and Gloom"],"picked":"Sweeping Beam","floor":1.0},{"not_picked":["Go for the Eyes","Hologram"],"picked":"Ball Lightning","floor":2.0},{"not_picked":["Hello World","Force Field"],"picked":"Reinforced Body","floor":3.0},{"not_picked":["Steam","Scrape","Force Field"],"picked":"SKIP","floor":4.0},{"not_picked":["Steam","Streamline"],"picked":"Echo Form","floor":5.0},{"not_picked":["Conserve Battery","Thunder Strike"],"picked":"Gash","floor":7.0},{"not_picked":["Scrape","Sunder","Streamline"],"picked":"SKIP","floor":10.0},{"not_picked":["Beam Cell","Stack"],"picked":"Go for the Eyes","floor":11.0},{"not_picked":["Redo","Coolheaded"],"picked":"Capacitor","floor":14.0},{"not_picked":["Meteor Strike","All For One"],"picked":"Amplify","floor":16.0},{"not_picked":["Barrage+1","Streamline"],"picked":"Consume","floor":18.0},{"not_picked":["Redo","Beam Cell+1","Turbo"],"picked":"SKIP","floor":20.0},{"not_picked":["Sweeping Beam","Static Discharge"],"picked":"Ball Lightning","floor":21.0},{"not_picked":["Hello World","Meteor Strike"],"picked":"Coolheaded","floor":23.0},{"not_picked":["Compile Driver","Reprogram"],"picked":"Coolheaded","floor":25.0},{"not_picked":["Undo","Rainbow"],"picked":"Seek","floor":29.0},{"not_picked":["Turbo","Redo"],"picked":"Lockon","floor":30.0},{"not_picked":["Beam Cell","Fusion"],"picked":"Compile Driver","floor":31.0},{"not_picked":["Turbo","Redo"],"picked":"Ball Lightning+1","floor":35.0},{"not_picked":["Sweeping Beam+1","Stack"],"picked":"Aggregate+1","floor":36.0},{"not_picked":["Hologram","Chaos"],"picked":"Defragment+1","floor":37.0},{"not_picked":["Chrysalis","Finesse"],"picked":"Purity","floor":38.0},{"not_picked":["Turbo+1","Redo+1","Ball Lightning+1"],"picked":"SKIP","floor":40.0},{"not_picked":["Leap","Ball Lightning"],"picked":"Coolheaded+1","floor":42.0},{"not_picked":["Sunder","Force Field"],"picked":"Conserve Battery+1","floor":44.0},{"not_picked":["Beam Cell+1","Barrage"],"picked":"Static Discharge+1","floor":45.0},{"not_picked":["Hyperbeam","Storm+1","Turbo"],"picked":"SKIP","floor":48.0},{"not_picked":["Steam","Multi-Cast","Go for the Eyes+1"],"picked":"SKIP","floor":54.0}],"player_experience":189309,"relics_obtained":[{"floor":7.0,"key":"MawBank"},{"floor":9.0,"key":"Pocketwatch"},{"floor":11.0,"key":"Incense Burner"},{"floor":23.0,"key":"Eternal Feather"},{"floor":26.0,"key":"Thread and Needle"},{"floor":29.0,"key":"Shuriken"},{"floor":31.0,"key":"Pen Nib"},{"floor":40.0,"key":"HornCleat"},{"floor":42.0,"key":"Smiling Mask"},{"floor":44.0,"key":"Frozen Egg 2"},{"floor":45.0,"key":"Old Coin"},{"floor":54.0,"key":"War Paint"}],"event_choices":[{"damage_healed":25.0,"max_hp_gain":0.0,"max_hp_loss":0.0,"gold_gain":0.0,"event_name":"Big Fish","player_choice":"Banana","floor":8.0,"gold_loss":0.0,"damage_taken":0.0},{"damage_healed":0.0,"max_hp_gain":0.0,"max_hp_loss":0.0,"gold_gain":0.0,"event_name":"The Woman in Blue","player_choice":"Bought 1 Potion","floor":13.0,"gold_loss":0.0,"damage_taken":0.0},{"damage_healed":0.0,"max_hp_gain":0.0,"max_hp_loss":38.0,"gold_gain":0.0,"event_name":"Ghosts","player_choice":"Became a Ghost","floor":19.0,"gold_loss":0.0,"damage_taken":0.0,"cards_obtained":["Ghostly","Ghostly","Ghostly","Ghostly","Ghostly"]},{"damage_healed":0.0,"max_hp_gain":0.0,"max_hp_loss":0.0,"gold_gain":99.0,"event_name":"Nest","player_choice":"Stole From Cult","floor":27.0,"gold_loss":0.0,"damage_taken":0.0},{"damage_healed":0.0,"max_hp_gain":0.0,"max_hp_loss":0.0,"gold_gain":0.0,"event_name":"SensoryStone","player_choice":"Memory 1","floor":38.0,"gold_loss":0.0,"damage_taken":0.0},{"damage_healed":0.0,"max_hp_gain":0.0,"max_hp_loss":0.0,"gold_gain":0.0,"event_name":"Mysterious Sphere","player_choice":"Fight","floor":45.0,"gold_loss":0.0,"damage_taken":0.0}],"is_beta":true,"boss_relics":[{"not_picked":["Coffee Dripper","Busted Crown"],"picked":"Cursed Key"},{"not_picked":["Velvet Choker","Black Star"],"picked":"Inserter"}],"items_purged_floors":[12,39,53],"is_endless":false,"potions_floor_spawned":[3,4,10,11,14,16,18,21,31,36,42,44,45],"killed_by":"The Heart","ascension_level":3}}