{"host":"tj6tjcyqgbd0xj5u","time":1612575500,"event":{"mods":["Aspiration","BaseMod","Better Match","BetterRewards","Challenge The Spire","Conspire","Defuse TimeMaze Blight","Downfall","Energized Spire","Evolution","GifTheSpireLib","Halation","Hubris","Infinite Spire","Minty Spire (QoL Compilation)","Replay The Spire","Reworked Bosses","Spikes Relics","StS++","StSLib","Stuff the Spire"],"gold_per_floor":[112,112,112,127,127,127,137,171,171,190,190,190,203,228,228,331,331,346,356,406,406,423,423,423,423],"floor_reached":24,"language":"ENG","playtime":896,"items_purged":[],"score":283,"play_id":"97bc28db-2300-4894-a640-9ca7f0fe6c45","local_time":"20210205213820","is_ascension_mode":true,"campfire_choices":[{"data":"Replay:Undeath\u0027s Touch","floor":6,"key":"SMITH"},{"data":"Twin Strike","floor":12,"key":"SMITH"},{"floor":15,"key":"REST"},{"floor":23,"key":"REST"}],"circlet_count":0,"master_deck":["Iron Wave","Iron Wave","Iron Wave","Iron Wave","Defend_R+1","Defend_R","Defend_R","Defend_R","Bash","Replay:Undeath\u0027s Touch+1","Heavy Blade","Twin Strike+1","StuffTheSpire:Incineration","Rampage","ReplayTheSpireMod:Muscle Training+1"],"relics":["StuffTheSpire:OccultApparatus","Ring of Chaos","NlothsMask","ReplayTheSpireMod:Spearhead","StSpp:TwinEgg","halation:MonkeysPaw","War Paint","Oddly Smooth Stone"],"acts_visited":["Exordium","TheCity"],"potions_floor_usage":[8,19,22],"damage_taken":[{"damage":7,"enemies":"Jaw Worm","floor":1,"turns":4},{"damage":1,"enemies":"2 Louse","floor":4,"turns":3},{"damage":0,"enemies":"Small Slimes","floor":7,"turns":4},{"damage":10,"enemies":"3 Sentries","floor":8,"turns":10},{"damage":4,"enemies":"Exordium Thugs","floor":10,"turns":4},{"damage":4,"enemies":"Red Slaver","floor":13,"turns":3},{"damage":11,"enemies":"Gremlin Nob","floor":14,"turns":3},{"damage":28,"enemies":"Hexaghost","floor":16,"turns":7},{"damage":7,"enemies":"Spheric Guardian","floor":18,"turns":3},{"damage":29,"enemies":"Shell Parasite","floor":19,"turns":5},{"damage":24,"enemies":"conspire:HollyBat","floor":22,"turns":9},{"damage":39,"enemies":"Slavers","floor":24,"turns":2}],"seed_played":"4700895416800536238","potions_obtained":[{"floor":7,"key":"Adrenaline Potion"},{"floor":16,"key":"ColorlessPotion"},{"floor":18,"key":"Languid Potion"}],"is_trial":false,"path_per_floor":["M","?","?","M","?","R","M","E","T","M","$","R","M","E","R","B",null,"M","M","T","?","M","R","E"],"character_chosen":"IRONCLAD","items_purchased":[],"campfire_rested":2,"item_purchase_floors":[],"current_hp_per_floor":[73,73,66,65,65,65,65,55,55,51,51,51,47,36,60,32,68,61,32,32,32,8,32,0,0],"gold":423,"neow_bonus":"BOSS_RELIC","is_daily":false,"chose_seed":false,"campfire_upgraded":2,"win_rate":0.0,"timestamp":1612575500,"path_taken":["M","?","?","M","?","R","M","E","T","M","$","R","?","E","R","BOSS","M","M","?","?","M","R","E"],"items_purchased_type":[],"build_version":"2020-12-22","purchased_purges":0,"victory":false,"max_hp_per_floor":[80,80,80,80,80,80,80,80,80,80,80,80,80,80,80,80,80,80,80,80,80,80,80,80,80],"card_choices":[{"not_picked":["Headbutt","Shrug It Off","Battle Trance"],"picked":"SKIP","floor":1},{"not_picked":["Warcry","Anger"],"picked":"Replay:Undeath\u0027s Touch","floor":4},{"not_picked":["StSpp:Succumb","Barricade"],"picked":"Heavy Blade","floor":7},{"not_picked":["Body Slam","Immolate"],"picked":"Twin Strike","floor":8},{"not_picked":["conspire:ExplosiveBarrier","Defy Death"],"picked":"StuffTheSpire:Incineration","floor":10},{"not_picked":["StSpp:Sprint","Anger"],"picked":"Rampage","floor":13},{"not_picked":["Sentinel","Havoc"],"picked":"ReplayTheSpireMod:Muscle Training","floor":14},{"not_picked":["True Grit+1","Armaments","Twin Strike+1"],"picked":"SKIP","floor":18},{"not_picked":["Armaments+1","Searing Blow","Warcry"],"picked":"SKIP","floor":19},{"not_picked":["Clothesline","Immolate","Anger"],"picked":"SKIP","floor":22}],"player_experience":114135,"relics_obtained":[{"floor":8,"key":"ReplayTheSpireMod:Spearhead"},{"floor":14,"key":"StSpp:TwinEgg"},{"floor":20,"key":"War Paint"}],"event_choices":[{"cards_removed":["Strike_R"],"damage_healed":0,"gold_gain":0,"player_choice":"Card Removal","damage_taken":7,"max_hp_gain":0,"max_hp_loss":0,"event_name":"Golden Wing","floor":3,"gold_loss":0},{"damage_healed":0,"gold_gain":0,"player_choice":"Trade","damage_taken":0,"relics_obtained":["NlothsMask"],"max_hp_gain":0,"max_hp_loss":0,"event_name":"FaceTrader","floor":5,"gold_loss":0},{"damage_healed":0,"gold_gain":0,"player_choice":"Opened","damage_taken":0,"relics_obtained":["Oddly Smooth Stone"],"max_hp_gain":0,"max_hp_loss":0,"event_name":"The Mausoleum","floor":21,"gold_loss":0}],"is_beta":false,"boss_relics":[{"not_picked":["energizedSpire:StickyHand","aspiration:PoetsPen_weak"],"picked":"halation:MonkeysPaw"}],"items_purged_floors":[],"is_endless":false,"potions_floor_spawned":[7,16,18],"killed_by":"Slavers","ascension_level":5}}