{"host":"0clp59ii0fcmlcyr","time":1612641562,"event":{"mods":["AchievementEnabler","BaseMod","Better Altar","Better Match","Better Sensory Stone","Better Skull","Better Third Choice","BetterRewards","Bossed Relics","Colored Powertips","Highlight Path","Minty Spire (QoL Compilation)","Permanent Neow","RNG Fix","Shop Mod","Spicy Shops","StSLib"],"gold_per_floor":[114,133,133,133,133,161,161,5,5,5,21,32,63,79,79,175,175,185,185,185,196,209,241,241,254,254,283,283,300,250,276,276,375,375,394,407,242,262,50,50,80,80,107,132,132,161,161,171,171,171],"floor_reached":51,"language":"ENG","playtime":2302,"items_purged":["Sweeping Beam","FTL","Hologram","Trip"],"score":1284,"play_id":"8f4f93ba-a469-4180-89eb-67e34c61e925","local_time":"20210206205922","daily_mods":["SealedDeck","Colorless Cards","Heirloom","DeadlyEvents","Elite Swarm"],"is_ascension_mode":true,"campfire_choices":[{"floor":7,"key":"DIG"},{"floor":15,"key":"DIG"},{"floor":24,"key":"DIG"},{"floor":28,"key":"DIG"},{"floor":32,"key":"DIG"},{"floor":40,"key":"DIG"},{"floor":42,"key":"DIG"},{"floor":45,"key":"DIG"},{"floor":49,"key":"DIG"}],"circlet_count":0,"master_deck":["Dark Shackles","Hologram","Hologram","Bandage Up","Dramatic Entrance+1","Gash+1","Gash","Purity","Panache","Purity","Apotheosis","Panacea","Panache+1"],"relics":["Unceasing Top","Shovel","TungstenRod","Bronze Scales","Gremlin Horn","PreservedInsect","Empty Cage","The Courier","Ornamental Fan","Pantograph","Meat on the Bone","Smiling Mask","InkBottle","Question Card","Black Star","TheAbacus","MerchantsRug","Pen Nib","Frozen Egg 2","Bottled Lightning","Darkstone Periapt","Nunchaku","Shuriken","Toxic Egg 2","Ice Cream","Turnip","Sundial","Whetstone"],"acts_visited":["Exordium","TheCity","TheBeyond"],"potions_floor_usage":[6,29,46],"damage_taken":[{"damage":7,"enemies":"Small Slimes","floor":1,"turns":3},{"damage":0,"enemies":"Cultist","floor":2,"turns":2},{"damage":27,"enemies":"3 Sentries","floor":6,"turns":4},{"damage":0,"enemies":"Jaw Worm","floor":11,"turns":2},{"damage":0,"enemies":"Blue Slaver","floor":12,"turns":2},{"damage":0,"enemies":"Gremlin Nob","floor":13,"turns":2},{"damage":7,"enemies":"Gremlin Gang","floor":14,"turns":2},{"damage":0,"enemies":"Slime Boss","floor":16,"turns":4},{"damage":0,"enemies":"Spheric Guardian","floor":18,"turns":2},{"damage":0,"enemies":"Chosen","floor":21,"turns":1},{"damage":0,"enemies":"Centurion and Healer","floor":22,"turns":1},{"damage":0,"enemies":"Gremlin Leader","floor":23,"turns":1},{"damage":0,"enemies":"Chosen and Byrds","floor":25,"turns":1},{"damage":0,"enemies":"Book of Stabbing","floor":27,"turns":1},{"damage":0,"enemies":"Sentry and Sphere","floor":29,"turns":1},{"damage":0,"enemies":"Gremlin Leader","floor":31,"turns":1},{"damage":0,"enemies":"Champ","floor":33,"turns":1},{"damage":0,"enemies":"Orb Walker","floor":35,"turns":2},{"damage":0,"enemies":"3 Shapes","floor":36,"turns":1},{"damage":0,"enemies":"Maw","floor":38,"turns":2},{"damage":0,"enemies":"Nemesis","floor":41,"turns":3},{"damage":0,"enemies":"Giant Head","floor":44,"turns":2},{"damage":42,"enemies":"Nemesis","floor":46,"turns":5},{"damage":10,"enemies":"Transient","floor":48,"turns":5},{"damage":0,"enemies":"Donu and Deca","floor":50,"turns":1}],"seed_played":"-8359769426470513800","potions_obtained":[{"floor":1,"key":"SpeedPotion"},{"floor":2,"key":"AttackPotion"},{"floor":11,"key":"PotionOfCapacity"},{"floor":16,"key":"DuplicationPotion"},{"floor":22,"key":"Fruit Juice"},{"floor":29,"key":"PowerPotion"},{"floor":44,"key":"SteroidPotion"},{"floor":48,"key":"DistilledChaos"}],"is_trial":true,"path_per_floor":["M","M","?","?","?","E","R","$","T","$","M","M","E","M","R","B",null,"M","?","?","M","M","E","R","M","T","E","R","M","$","E","R","B",null,"M","M","$","M","$","R","E","R","T","E","R","E","?","M","R","B",null],"character_chosen":"DEFECT","items_purchased":["FTL","TheAbacus","Panacea","MerchantsRug"],"campfire_rested":0,"item_purchase_floors":[8,37,39,39],"current_hp_per_floor":[68,72,72,77,77,53,53,53,53,53,57,61,65,66,66,70,80,80,80,80,80,80,80,80,80,80,80,80,85,85,85,85,85,85,85,85,85,85,85,85,85,85,85,85,85,43,43,49,49,78],"gold":171,"neow_bonus":"","is_daily":false,"chose_seed":false,"campfire_upgraded":0,"win_rate":0.0,"timestamp":1612641562,"path_taken":["M","M","?","?","?","E","R","$","T","$","M","M","E","M","R","BOSS","M","?","?","?","M","E","R","M","T","E","R","M","$","E","R","BOSS","M","M","$","M","$","R","E","R","T","E","R","E","?","M","R","BOSS"],"items_purchased_type":["Card","Relic","Card","Relic"],"build_version":"2020-12-22","purchased_purges":4,"victory":true,"max_hp_per_floor":[75,75,75,80,80,80,80,80,80,80,80,80,80,80,80,80,80,80,80,80,80,80,80,80,80,80,80,80,85,85,85,85,85,85,85,85,85,85,85,85,85,85,85,85,85,85,85,85,85,85],"card_choices":[{"not_picked":["Leap","Heatsinks","Dramatic Entrance"],"picked":"SKIP","floor":1},{"not_picked":["Cold Snap","Double Energy","Tempest"],"picked":"SKIP","floor":2},{"not_picked":["Creative AI","Rainbow"],"picked":"Echo Form","floor":6},{"not_picked":["Coolheaded","Streamline","Conserve Battery"],"picked":"SKIP","floor":11},{"not_picked":["Biased Cognition","Hologram","Turbo"],"picked":"SKIP","floor":12},{"not_picked":["Transmutation","Machine Learning","All For One"],"picked":"SKIP","floor":13},{"not_picked":["Swift Strike","Aggregate"],"picked":"Gash","floor":14},{"not_picked":["Sweeping Beam","Ball Lightning"],"picked":"Purity","floor":18},{"not_picked":["Steam","Barrage+1","Go for the Eyes"],"picked":"SKIP","floor":21},{"not_picked":["Turbo","Stack","Melter"],"picked":"SKIP","floor":22},{"not_picked":["Rainbow","Creative AI"],"picked":"Panache","floor":23},{"not_picked":["Barrage+1","Leap","Chill"],"picked":"SKIP","floor":25},{"not_picked":["Magnetism","Apotheosis","Metamorphosis"],"picked":"SKIP","floor":27},{"not_picked":["Ball Lightning+1","Cold Snap"],"picked":"Purity","floor":29},{"not_picked":["Violence","All For One","Amplify"],"picked":"SKIP","floor":31},{"not_picked":["Biased Cognition","HandOfGreed","Master of Strategy"],"picked":"Apotheosis","floor":33},{"not_picked":["Undo","Sunder","Storm"],"picked":"Trip","floor":35},{"not_picked":["Sweeping Beam","Go for the Eyes+1","Leap","Beam Cell+1"],"picked":"SKIP","floor":36},{"not_picked":["Compile Driver+1","Melter+1","Hello World+1","Streamline"],"picked":"SKIP","floor":38},{"not_picked":["Meteor Strike","Thunder Strike","Core Surge","Multi-Cast"],"picked":"SKIP","floor":41},{"not_picked":["Mayhem+1","HandOfGreed","Fission+1"],"picked":"Panache+1","floor":44},{"not_picked":["Metamorphosis+1","Rainbow+1","The Bomb+1","Machine Learning+1"],"picked":"SKIP","floor":46},{"not_picked":["Forethought+1","Barrage","Coolheaded+1","Enlightenment+1"],"picked":"SKIP","floor":48}],"player_experience":114802,"relics_obtained":[{"floor":6,"key":"TungstenRod"},{"floor":7,"key":"DataDisk"},{"floor":9,"key":"Bronze Scales"},{"floor":13,"key":"Gremlin Horn"},{"floor":15,"key":"PreservedInsect"},{"floor":23,"key":"The Courier"},{"floor":24,"key":"Ornamental Fan"},{"floor":26,"key":"Pantograph"},{"floor":27,"key":"Meat on the Bone"},{"floor":28,"key":"Smiling Mask"},{"floor":31,"key":"InkBottle"},{"floor":32,"key":"Question Card"},{"floor":40,"key":"Pen Nib"},{"floor":41,"key":"Frozen Egg 2"},{"floor":41,"key":"Bottled Lightning"},{"floor":42,"key":"Darkstone Periapt"},{"floor":43,"key":"Nunchaku"},{"floor":44,"key":"Shuriken"},{"floor":44,"key":"Toxic Egg 2"},{"floor":45,"key":"Ice Cream"},{"floor":46,"key":"Turnip"},{"floor":46,"key":"Sundial"},{"floor":49,"key":"Whetstone"}],"event_choices":[{"damage_healed":0,"gold_gain":1,"player_choice":"1","damage_taken":0,"max_hp_gain":0,"max_hp_loss":0,"event_name":"betterStone:BetterStone","floor":3,"gold_loss":0},{"damage_healed":0,"gold_gain":0,"player_choice":"Donut","damage_taken":0,"max_hp_gain":5,"max_hp_loss":0,"event_name":"Big Fish","floor":4,"gold_loss":0},{"damage_healed":0,"gold_gain":0,"player_choice":"Ignored","damage_taken":133,"max_hp_gain":0,"max_hp_loss":0,"event_name":"betterThird:BetterSerpent","floor":5,"gold_loss":0},{"damage_healed":0,"gold_gain":0,"player_choice":"Ignored","damage_taken":0,"max_hp_gain":0,"max_hp_loss":0,"event_name":"Ghosts","floor":19,"gold_loss":0},{"cards_removed":["Heatsinks"],"damage_healed":0,"gold_gain":0,"player_choice":"Purged","damage_taken":0,"max_hp_gain":0,"max_hp_loss":0,"event_name":"Purifier","floor":20,"gold_loss":0},{"damage_healed":0,"gold_gain":0,"player_choice":"Ignored","damage_taken":0,"max_hp_gain":0,"max_hp_loss":0,"event_name":"Tomb of Lord Red Mask","floor":47,"gold_loss":0}],"is_beta":false,"boss_relics":[{"not_picked":["Inserter","Ectoplasm"],"picked":"Empty Cage"},{"not_picked":["Coffee Dripper","Busted Crown"],"picked":"Black Star"}],"items_purged_floors":[8,30,37,39],"is_endless":false,"potions_floor_spawned":[1,2,11,16,21,22,27,29,31,36,44,48],"ascension_level":1}}