{"host":"4eao2pkwlmv012cz","time":1612582358,"event":{"mods":["BaseMod","Colored Powertips","Minty Spire (QoL Compilation)","Permanent Neow","Quick Restart","Random Character Button","StSLib"],"gold_per_floor":[20,20,32,32,49,74,74,104,104,138,138,138,138,151,151,224,224,235,246,10,28,28,53,53,53,53,73,86,86,121,134,134,211,211,231,249,249,269,3,37,37,72,127,127,16,43,43,63,63,63,63],"floor_reached":52,"language":"ENG","playtime":2045,"items_purged":["Strike_B"],"score":2121,"play_id":"9b9e4d26-43d5-4f9c-9889-e8a2d392745f","local_time":"20210205223238","is_ascension_mode":true,"campfire_choices":[{"data":"Zap","floor":7,"key":"SMITH"},{"data":"Rainbow","floor":11,"key":"SMITH"},{"data":"Biased Cognition","floor":13,"key":"SMITH"},{"data":"Barrage","floor":15,"key":"SMITH"},{"data":"Capacitor","floor":25,"key":"SMITH"},{"data":"Consume","floor":29,"key":"SMITH"},{"data":"Darkness","floor":32,"key":"SMITH"},{"data":"Meteor Strike","floor":41,"key":"SMITH"},{"floor":44,"key":"REST"},{"floor":47,"key":"REST"},{"data":"Capacitor","floor":49,"key":"SMITH"}],"circlet_count":0,"master_deck":["AscendersBane","Strike_B","Strike_B","Defend_B","Defend_B","Defend_B","Defend_B","Zap+1","Dualcast","Hyperbeam+1","Barrage+1","Ball Lightning","Ball Lightning","Glacier","Biased Cognition+1","Rainbow+1","Cold Snap","Biased Cognition","Capacitor+1","Meteor Strike+1","Reinforced Body+1","Consume+1","Sunder+1","Undo","Darkness+1","Aggregate","Electrodynamics","Leap+1","Glacier","Coolheaded","Streamline","Turbo+1","Capacitor+1","Consume+1","Doom and Gloom+1"],"relics":["Cracked Core","Bag of Preparation","Du-Vu Doll","Cables","Nunchaku","Snecko Eye","Oddly Smooth Stone","Gremlin Horn","Pantograph","Black Star","Mummified Hand","Dead Branch","Orichalcum","Toxic Egg 2","Blue Candle","Juzu Bracelet","Potion Belt","Omamori"],"acts_visited":["Exordium","TheCity","TheBeyond"],"potions_floor_usage":[16,23,33,35,40,50],"damage_taken":[{"damage":0,"enemies":"2 Louse","floor":1,"turns":1},{"damage":0,"enemies":"Jaw Worm","floor":3,"turns":1},{"damage":1,"enemies":"Cultist","floor":5,"turns":3},{"damage":8,"enemies":"Gremlin Nob","floor":6,"turns":3},{"damage":6,"enemies":"Lagavulin","floor":8,"turns":6},{"damage":0,"enemies":"Gremlin Nob","floor":10,"turns":2},{"damage":0,"enemies":"Large Slime","floor":14,"turns":3},{"damage":19,"enemies":"Hexaghost","floor":16,"turns":6},{"damage":11,"enemies":"Shell Parasite","floor":18,"turns":2},{"damage":12,"enemies":"3 Byrds","floor":19,"turns":2},{"damage":0,"enemies":"3 Cultists","floor":21,"turns":3},{"damage":6,"enemies":"Book of Stabbing","floor":23,"turns":4},{"damage":0,"enemies":"Snecko","floor":27,"turns":2},{"damage":0,"enemies":"Cultist and Chosen","floor":28,"turns":3},{"damage":0,"enemies":"Gremlin Leader","floor":30,"turns":4},{"damage":0,"enemies":"Chosen and Byrds","floor":31,"turns":3},{"damage":15,"enemies":"Champ","floor":33,"turns":7},{"damage":3,"enemies":"3 Darklings","floor":35,"turns":3},{"damage":0,"enemies":"3 Shapes","floor":36,"turns":1},{"damage":13,"enemies":"Maw","floor":38,"turns":7},{"damage":7,"enemies":"Giant Head","floor":40,"turns":8},{"damage":39,"enemies":"Nemesis","floor":42,"turns":7},{"damage":8,"enemies":"Reptomancer","floor":46,"turns":5},{"damage":11,"enemies":"Writhing Mass","floor":48,"turns":4},{"damage":49,"enemies":"Time Eater","floor":50,"turns":10},{"damage":30,"enemies":"Awakened One","floor":51,"turns":12}],"seed_played":"-9117910242549171657","potions_obtained":[{"floor":3,"key":"FairyPotion"},{"floor":14,"key":"PotionOfCapacity"},{"floor":16,"key":"Fire Potion"},{"floor":21,"key":"Regen Potion"},{"floor":30,"key":"AttackPotion"},{"floor":33,"key":"Fire Potion"},{"floor":35,"key":"PotionOfCapacity"},{"floor":40,"key":"SteroidPotion"},{"floor":48,"key":"Regen Potion"}],"is_trial":false,"path_per_floor":["M","$","M","?","M","E","R","E","T","E","R","?","R","M","R","B",null,"M","M","$","M","?","E","$","R","T","M","M","R","E","M","R","B",null,"M","M","?","M","$","E","R","E","T","R","$","E","R","M","R","B","B",null],"character_chosen":"DEFECT","items_purchased":["Meteor Strike","Mummified Hand","Capacitor","Consume+1"],"campfire_rested":2,"item_purchase_floors":[20,39,45,45],"current_hp_per_floor":[64,64,64,64,63,55,55,49,49,49,49,49,49,49,49,30,61,50,38,38,38,38,44,44,44,44,44,44,44,44,44,44,54,67,64,64,64,51,51,44,44,5,5,26,26,18,39,28,28,19,14],"gold":63,"neow_bonus":"THREE_RARE_CARDS","is_daily":false,"chose_seed":false,"campfire_upgraded":9,"win_rate":0.0,"timestamp":1612582358,"path_taken":["M","$","M","?","M","E","R","E","T","E","R","?","R","M","R","BOSS","M","M","$","?","?","E","$","R","T","?","M","R","E","M","R","BOSS","M","M","?","M","$","E","R","E","T","R","?","E","R","M","R","BOSS","BOSS"],"items_purchased_type":["Card","Relic","Card","Card"],"build_version":"2020-12-22","purchased_purges":1,"victory":true,"max_hp_per_floor":[71,71,71,71,71,71,71,71,71,71,71,71,71,71,71,71,71,71,71,71,71,71,71,71,71,71,71,71,71,71,71,71,71,71,71,71,71,71,71,71,71,71,71,71,71,71,71,71,71,71,71],"card_choices":[{"not_picked":["Core Surge","Seek"],"picked":"Hyperbeam","floor":0},{"not_picked":["Coolheaded","Gash"],"picked":"Barrage","floor":1},{"not_picked":["Stack","White Noise"],"picked":"Ball Lightning","floor":3},{"not_picked":["Go for the Eyes","Steam"],"picked":"Ball Lightning","floor":5},{"not_picked":["Turbo","BootSequence"],"picked":"Glacier","floor":6},{"not_picked":["Conserve Battery","Gash"],"picked":"Biased Cognition","floor":8},{"not_picked":["Cold Snap","Compile Driver"],"picked":"Rainbow","floor":10},{"not_picked":["Leap","Hologram"],"picked":"Cold Snap","floor":14},{"not_picked":["Meteor Strike","Machine Learning"],"picked":"Biased Cognition","floor":16},{"not_picked":["Conserve Battery","Tempest"],"picked":"Capacitor","floor":18},{"not_picked":["Ball Lightning","Stack"],"picked":"Steam","floor":19},{"not_picked":["Multi-Cast","Redo+1"],"picked":"Reinforced Body+1","floor":21},{"not_picked":["Redo","Streamline"],"picked":"Consume","floor":23},{"not_picked":["Steam Power","Sunder","Stack"],"picked":"SKIP","floor":27},{"not_picked":["Steam Power","Stack"],"picked":"Sunder","floor":27},{"not_picked":["Recycle","Steam"],"picked":"Undo","floor":28},{"not_picked":["Ball Lightning","Beam Cell+1"],"picked":"Darkness","floor":30},{"not_picked":["White Noise","Cold Snap"],"picked":"Aggregate","floor":31},{"not_picked":["Amplify","Machine Learning"],"picked":"Electrodynamics","floor":33},{"not_picked":["Hologram","Streamline+1"],"picked":"Leap+1","floor":35},{"not_picked":["Redo+1","Ball Lightning"],"picked":"Glacier","floor":36},{"not_picked":["Sweeping Beam","Conserve Battery"],"picked":"Coolheaded","floor":38},{"not_picked":["Sweeping Beam","Ball Lightning"],"picked":"Streamline","floor":40},{"not_picked":["Hello World","Gash"],"picked":"Turbo+1","floor":42},{"not_picked":["Hyperbeam","Beam Cell","Cold Snap"],"picked":"SKIP","floor":46},{"not_picked":["Heatsinks","Sweeping Beam"],"picked":"Doom and Gloom+1","floor":48}],"player_experience":2886325,"relics_obtained":[{"floor":6,"key":"Bag of Preparation"},{"floor":8,"key":"Du-Vu Doll"},{"floor":9,"key":"Cables"},{"floor":10,"key":"Nunchaku"},{"floor":23,"key":"Oddly Smooth Stone"},{"floor":26,"key":"Gremlin Horn"},{"floor":30,"key":"Pantograph"},{"floor":40,"key":"Dead Branch"},{"floor":40,"key":"Orichalcum"},{"floor":42,"key":"Toxic Egg 2"},{"floor":42,"key":"Blue Candle"},{"floor":43,"key":"Juzu Bracelet"},{"floor":46,"key":"Potion Belt"},{"floor":46,"key":"Omamori"}],"event_choices":[{"damage_healed":0,"gold_gain":0,"player_choice":"Grow","damage_taken":0,"max_hp_gain":0,"max_hp_loss":0,"event_name":"Living Wall","floor":4,"gold_loss":0,"cards_upgraded":["Hyperbeam"]},{"cards_removed":["Strike_B"],"damage_healed":0,"gold_gain":0,"player_choice":"Purged","damage_taken":0,"max_hp_gain":0,"max_hp_loss":0,"event_name":"Purifier","floor":12,"gold_loss":0},{"cards_removed":["Steam"],"damage_healed":0,"gold_gain":0,"player_choice":"Purged","damage_taken":0,"max_hp_gain":0,"max_hp_loss":0,"event_name":"Purifier","floor":22,"gold_loss":0},{"damage_healed":0,"gold_gain":0,"player_choice":"Upgraded","damage_taken":0,"max_hp_gain":0,"max_hp_loss":0,"event_name":"Upgrade Shrine","floor":37,"gold_loss":0,"cards_upgraded":["Sunder"]}],"is_beta":false,"boss_relics":[{"not_picked":["Coffee Dripper","Runic Pyramid"],"picked":"Snecko Eye"},{"not_picked":["Runic Dome","Astrolabe"],"picked":"Black Star"}],"items_purged_floors":[20],"is_endless":false,"potions_floor_spawned":[3,14,16,21,30,31,33,35,40,42,48],"ascension_level":20}}