{"host":"m1r1dnnd0bbi4qb9","time":1612649090,"event":{"mods":["BaseMod","Minty Spire (QoL Compilation)","SuperFastMode"],"gold_per_floor":[113,113,188,200,214,214,242,242,321,199,199,214,267,36,36,137,137,147,147,147,147,165,165,177,177,177],"floor_reached":25,"language":"ENG","playtime":1510,"items_purged":["Defend_G"],"score":299,"play_id":"219e900f-de8d-43c6-b21e-e7e862025050","local_time":"20210206200450","is_ascension_mode":true,"campfire_choices":[{"data":"Distraction","floor":6.0,"key":"SMITH"},{"data":"Caltrops","floor":8.0,"key":"SMITH"},{"data":"Distraction","floor":11.0,"key":"SMITH"},{"floor":15.0,"key":"REST"},{"floor":23.0,"key":"REST"}],"circlet_count":0,"master_deck":["AscendersBane","Strike_G+1","Strike_G","Strike_G","Strike_G+1","Defend_G","Defend_G","Defend_G","Defend_G","Survivor","Neutralize+1","Flying Knee","Distraction+1","Caltrops+1","Distraction+1","Dodge and Roll","Endless Agony","Caltrops+1","Blade Dance","Dash","Night Terror","Cloak And Dagger","Decay","Glass Knife","Backflip"],"relics":["Ring of the Snake","Bag of Preparation","StrikeDummy","Whetstone","DollysMirror","Fusion Hammer"],"acts_visited":["Exordium","TheCity"],"potions_floor_usage":[],"damage_taken":[{"damage":0.0,"enemies":"Jaw Worm","floor":1.0,"turns":6.0},{"damage":0.0,"enemies":"2 Louse","floor":4.0,"turns":3.0},{"damage":0.0,"enemies":"Cultist","floor":5.0,"turns":4.0},{"damage":32.0,"enemies":"Lagavulin","floor":7.0,"turns":9.0},{"damage":5.0,"enemies":"Exordium Thugs","floor":12.0,"turns":7.0},{"damage":6.0,"enemies":"Hexaghost","floor":16.0,"turns":9.0},{"damage":26.0,"enemies":"2 Thieves","floor":18.0,"turns":3.0},{"damage":0.0,"enemies":"3 Byrds","floor":22.0,"turns":1.0},{"damage":46.0,"enemies":"Shelled Parasite and Fungi","floor":24.0,"turns":5.0},{"damage":16,"enemies":"Slavers","floor":25,"turns":1}],"seed_played":"-4119862920232084268","potions_obtained":[{"floor":5.0,"key":"SteroidPotion"},{"floor":12.0,"key":"Explosive Potion"},{"floor":16.0,"key":"CunningPotion"},{"floor":24.0,"key":"Ancient Potion"}],"is_trial":false,"path_per_floor":["M","?","?","M","M","R","E","R","T","$","R","M","T","$","R","B",null,"M","?","?","?","M","R","M","E"],"character_chosen":"THE_SILENT","items_purchased":["Dodge and Roll","DollysMirror","Blade Dance","Dash"],"campfire_rested":2,"item_purchase_floors":[10,14,14,14],"current_hp_per_floor":[63,63,56,56,56,56,24,24,24,24,24,19,19,19,40,34,61,35,35,35,35,35,56,10,0,0],"gold":177,"neow_bonus":"UPGRADE_CARD","is_daily":false,"chose_seed":false,"campfire_upgraded":3,"win_rate":0.0,"timestamp":1612649090,"path_taken":["M","?","?","M","M","R","E","R","T","$","R","?","?","$","R","BOSS","M","?","?","?","M","R","M","E"],"items_purchased_type":["Card","Relic","Card","Card"],"build_version":"2020-12-22","purchased_purges":1,"victory":false,"max_hp_per_floor":[70,70,70,70,70,70,70,70,70,70,70,70,70,70,70,70,70,70,70,70,70,70,70,70,70,70],"card_choices":[{"not_picked":["Finisher","Poisoned Stab"],"picked":"Flying Knee","floor":1.0},{"not_picked":["Setup","Eviscerate"],"picked":"Distraction","floor":4.0},{"not_picked":["Deadly Poison","Setup"],"picked":"Caltrops","floor":5.0},{"not_picked":["Outmaneuver","Acrobatics"],"picked":"Distraction","floor":7.0},{"not_picked":["Prepared","Distraction"],"picked":"Endless Agony","floor":12.0},{"not_picked":["Corpse Explosion","Glass Knife"],"picked":"Night Terror","floor":16.0},{"not_picked":["Slice","Calculated Gamble"],"picked":"Cloak And Dagger","floor":18.0},{"not_picked":["Underhanded Strike","Bane"],"picked":"Glass Knife","floor":22.0},{"not_picked":["Dodge and Roll","Dagger Throw"],"picked":"Backflip","floor":24.0}],"player_experience":594261,"relics_obtained":[{"floor":7.0,"key":"Bag of Preparation"},{"floor":9.0,"key":"StrikeDummy"},{"floor":13.0,"key":"Whetstone"}],"event_choices":[{"cards_removed":["Strike_G"],"damage_healed":0.0,"max_hp_gain":0.0,"max_hp_loss":0.0,"gold_gain":0.0,"event_name":"Living Wall","player_choice":"Forget","floor":2.0,"gold_loss":0.0,"damage_taken":0.0},{"damage_healed":0.0,"max_hp_gain":0.0,"max_hp_loss":0.0,"gold_gain":75.0,"event_name":"FaceTrader","player_choice":"Touch","floor":3.0,"gold_loss":0.0,"damage_taken":7.0},{"damage_healed":0.0,"max_hp_gain":0.0,"max_hp_loss":0.0,"gold_gain":0.0,"event_name":"Forgotten Altar","player_choice":"Smashed Altar","floor":19.0,"gold_loss":0.0,"damage_taken":0.0,"cards_obtained":["Decay"]},{"damage_healed":0.0,"max_hp_gain":0.0,"max_hp_loss":0.0,"gold_gain":0.0,"event_name":"Ghosts","player_choice":"Ignored","floor":20.0,"gold_loss":0.0,"damage_taken":0.0},{"damage_healed":0.0,"max_hp_gain":0.0,"max_hp_loss":0.0,"gold_gain":0.0,"event_name":"Cursed Tome","player_choice":"Ignored","floor":21.0,"gold_loss":0.0,"damage_taken":0.0}],"is_beta":false,"boss_relics":[{"not_picked":["Philosopher\u0027s Stone","Ectoplasm"],"picked":"Fusion Hammer"}],"items_purged_floors":[10],"is_endless":false,"potions_floor_spawned":[5,12,16,24],"killed_by":"Slavers","ascension_level":10}}