{"host":"hka8b3f4pkvnp4ei","time":1612614077,"event":{"mods":["BaseMod","Minty Spire (QoL Compilation)","Quick Restart","Replay The Spire","StSLib"],"gold_per_floor":[117,196,196,215,215,246,260,260,260,292,305,317,349,274,274,372,372,391,391,391,402,402,429,429,459,459,459,478,506,333,352,352,450,450,466,466,480,499,519,545,420,438,462,490,490,503,521,151,151,151,151,151,54,83,83],"floor_reached":56,"language":"ZHS","playtime":2496,"items_purged":["Strike_G","Strike_G","Defend_G","Defend_G"],"score":2096,"play_id":"8798d78e-2475-4653-a698-826e8b54d2ac","local_time":"20210206202117","is_ascension_mode":true,"campfire_choices":[{"data":"Calculated Gamble","floor":8.0,"key":"SMITH"},{"data":"Concentrate","floor":15.0,"key":"SMITH"},{"data":"Prepared","floor":24.0,"key":"SMITH"},{"floor":27.0,"key":"RECALL"},{"data":"Strike_G","floor":32.0,"key":"PURGE"},{"floor":45.0,"key":"REST"},{"data":"Strike_G","floor":49.0,"key":"PURGE"},{"floor":52.0,"key":"REST"}],"circlet_count":0,"master_deck":["Defend_G","Defend_G","Survivor","Neutralize","Reflex","Calculated Gamble+1","Prepared+1","Concentrate+1","Reflex","Footwork","Backflip","Tactician","Choke","Terror+1","Eviscerate+1","Panacea"],"relics":["Ring of the Snake","NeowsBlessing","Omamori","Ice Cream","InkBottle","Iron Hammer","Dream Catcher","Philosopher\u0027s Stone","MutagenicStrength","Ancient Tea Set","Bag of Preparation","Gambling Chip","Runic Dome","Ninja Scroll","Toy Ornithopter","Molten Egg 2","Lee\u0027s Waffle","Blue Candle"],"acts_visited":["Exordium","TheCity","TheBeyond","TheEnding"],"potions_floor_usage":[55,55,55],"damage_taken":[{"damage":0.0,"enemies":"Cultist","floor":1.0,"turns":1.0},{"damage":0.0,"enemies":"2 Louse","floor":4.0,"turns":1.0},{"damage":0.0,"enemies":"3 Sentries","floor":6.0,"turns":1.0},{"damage":0.0,"enemies":"Small Slimes","floor":7.0,"turns":4.0},{"damage":21.0,"enemies":"Gremlin Nob","floor":10.0,"turns":4.0},{"damage":7.0,"enemies":"Exordium Thugs","floor":11.0,"turns":7.0},{"damage":0.0,"enemies":"Large Slime","floor":12.0,"turns":4.0},{"damage":10.0,"enemies":"3 Sentries","floor":13.0,"turns":10.0},{"damage":0.0,"enemies":"Slime Boss","floor":16.0,"turns":5.0},{"damage":4.0,"enemies":"2 Thieves","floor":18.0,"turns":4.0},{"damage":0.0,"enemies":"3 Byrds","floor":21.0,"turns":2.0},{"damage":0.0,"enemies":"Gremlin Leader","floor":23.0,"turns":1.0},{"damage":0.0,"enemies":"Replay:Snechameleon","floor":25.0,"turns":1.0},{"damage":0.0,"enemies":"Centurion and Healer","floor":28.0,"turns":2.0},{"damage":0.0,"enemies":"Gremlin Leader","floor":29.0,"turns":1.0},{"damage":0.0,"enemies":"Snake Plant","floor":31.0,"turns":1.0},{"damage":0.0,"enemies":"Pondfish","floor":33.0,"turns":2.0},{"damage":0.0,"enemies":"3 Darklings","floor":35.0,"turns":1.0},{"damage":0.0,"enemies":"Orb Walker","floor":37.0,"turns":1.0},{"damage":0.0,"enemies":"Maw","floor":38.0,"turns":1.0},{"damage":0.0,"enemies":"Spire Growth","floor":39.0,"turns":1.0},{"damage":0.0,"enemies":"Giant Head","floor":40.0,"turns":1.0},{"damage":0.0,"enemies":"Writhing Mass","floor":42.0,"turns":1.0},{"damage":27.0,"enemies":"R_Hoarder","floor":44.0,"turns":4.0},{"damage":0.0,"enemies":"Jaw Worm Horde","floor":46.0,"turns":1.0},{"damage":23.0,"enemies":"Maw","floor":47.0,"turns":3.0},{"damage":0.0,"enemies":"Awakened One","floor":50.0,"turns":2.0},{"damage":0.0,"enemies":"Shield and Spear","floor":54.0,"turns":1.0},{"damage":0,"enemies":"The Heart","floor":55,"turns":4}],"seed_played":"-1180425800933041418","potions_obtained":[{"floor":1.0,"key":"Block Potion"},{"floor":2.0,"key":"ColorlessPotion"},{"floor":7.0,"key":"Poison Potion"},{"floor":11.0,"key":"Strength Potion"},{"floor":16.0,"key":"LifebloodPotion"},{"floor":21.0,"key":"Dexterity Potion"},{"floor":31.0,"key":"Adrenaline Potion"},{"floor":35.0,"key":"DistilledChaos"},{"floor":44.0,"key":"BlessingOfTheForge"}],"is_trial":false,"path_per_floor":["M","?","?","M","?","E","M","R","T","E","M","M","E","$","R","B",null,"M","?","?","M","?","E","R","E","T","R","M","E","$","M","R","B",null,"M","?","M","M","M","E","$","M","T","E","R","M","M","$","R","B",null,"R","$","E","B",null],"character_chosen":"THE_SILENT","items_purchased":["Choke","Lee\u0027s Waffle","Ancient Potion","Panacea"],"campfire_rested":2,"item_purchase_floors":[30,48,48,53],"current_hp_per_floor":[70,70,63,63,63,63,63,63,63,42,35,35,25,25,25,25,70,66,66,66,66,66,66,66,66,66,66,66,66,66,66,66,66,70,70,70,70,70,70,70,70,70,70,48,69,69,46,77,77,77,77,77,77,77,77],"gold":83,"neow_bonus":"THREE_ENEMY_KILL","is_daily":false,"chose_seed":false,"campfire_upgraded":3,"win_rate":0.0,"timestamp":1612614077,"path_taken":["M","?","?","?","?","E","M","R","T","E","M","M","E","?","R","BOSS","M","?","?","M","?","E","R","E","T","R","?","E","?","M","R","BOSS","M","?","M","M","M","E","$","M","T","E","R","M","M","$","R","BOSS","R","$","E","BOSS"],"items_purchased_type":["Card","Relic","Potion","Card"],"build_version":"2020-12-22","purchased_purges":4,"victory":true,"max_hp_per_floor":[70,70,70,70,70,70,70,70,70,70,70,70,70,70,70,70,70,70,70,70,70,70,70,70,70,70,70,70,70,70,70,70,70,70,70,70,70,70,70,70,70,70,70,70,70,70,70,77,77,77,77,77,77,77,77],"card_choices":[{"not_picked":["Toxin Wave","Flying Knee","Backstab"],"picked":"SKIP","floor":1.0},{"not_picked":["Bouncing Flask","Sucker Punch"],"picked":"Reflex","floor":2.0},{"not_picked":["Blur","Replay:Poison Smokescreen"],"picked":"Calculated Gamble","floor":4.0},{"not_picked":["Dodge and Roll","Hidden Blade","Heel Hook"],"picked":"SKIP","floor":6.0},{"not_picked":["Deadly Poison","Quick Slash","Sucker Punch"],"picked":"SKIP","floor":7.0},{"not_picked":["Deadly Poison","Quick Slash","Sucker Punch"],"picked":"SKIP","floor":7.0},{"not_picked":["Acrobatics","Dodge and Roll"],"picked":"Prepared","floor":10.0},{"not_picked":["Dagger Throw","Bane","Escape Plan"],"picked":"SKIP","floor":11.0},{"not_picked":["Acrobatics","Fluid Movement","Prepared"],"picked":"SKIP","floor":12.0},{"not_picked":["Footwork","Flying Knee"],"picked":"Concentrate","floor":13.0},{"not_picked":["ReplayTheSpireMod:Exploit Weakness+1","Dodge and Roll+1"],"picked":"Reflex","floor":18.0},{"not_picked":["Flying Knee","Cloak And Dagger","Quick Slash"],"picked":"SKIP","floor":21.0},{"not_picked":["Reflex+1","Dagger Throw","Cloak And Dagger"],"picked":"SKIP","floor":23.0},{"not_picked":["ReplayTheSpireMod:Shiv Toss+1","Bullet Time"],"picked":"Footwork","floor":25.0},{"not_picked":["Backflip","Crippling Poison","Acrobatics"],"picked":"SKIP","floor":28.0},{"not_picked":["Crippling Poison","Acrobatics"],"picked":"Backflip","floor":28.0},{"not_picked":["Outmaneuver+1","PiercingWail"],"picked":"Tactician","floor":29.0},{"not_picked":["ReplayTheSpireMod:Scrap Shanks+1","Flying Knee","Outmaneuver"],"picked":"SKIP","floor":31.0},{"not_picked":["Flying Knee+1","ReplayTheSpireMod:Speed Training","Endless Agony"],"picked":"SKIP","floor":35.0},{"not_picked":["Draining Mist+1","Dagger Throw+1"],"picked":"Terror+1","floor":37.0},{"not_picked":["Flying Knee+1","Dagger Throw+1","Hidden Blade+1"],"picked":"SKIP","floor":38.0},{"not_picked":["Deadly Poison","Dagger Spray+1","Outmaneuver+1"],"picked":"SKIP","floor":39.0},{"not_picked":["Tools of the Trade","ReplayTheSpireMod:Speed Training+1","ReplayTheSpireMod:Exploit Weakness"],"picked":"SKIP","floor":40.0},{"not_picked":["ReplayTheSpireMod:Shiv Toss+1","Cloak And Dagger","Slice"],"picked":"SKIP","floor":42.0},{"not_picked":["ReplayTheSpireMod:Exploit Weakness+1","Prepared+1","Flying Knee+1"],"picked":"SKIP","floor":44.0},{"not_picked":["Distraction+1","ReplayTheSpireMod:From All Sides+1"],"picked":"Eviscerate+1","floor":45.0},{"not_picked":["Draining Mist","Backflip","Sucker Punch+1"],"picked":"SKIP","floor":46.0},{"not_picked":["Caltrops+1","Predator+1","Concentrate"],"picked":"SKIP","floor":47.0},{"not_picked":["ReplayTheSpireMod:Shiv Toss+1","ReplayTheSpireMod:Necrosis","Choke+1"],"picked":"SKIP","floor":54.0}],"player_experience":445534,"relics_obtained":[{"floor":2.0,"key":"Omamori"},{"floor":6.0,"key":"Ice Cream"},{"floor":9.0,"key":"InkBottle"},{"floor":10.0,"key":"Iron Hammer"},{"floor":13.0,"key":"Dream Catcher"},{"floor":23.0,"key":"Ancient Tea Set"},{"floor":25.0,"key":"Bag of Preparation"},{"floor":29.0,"key":"Gambling Chip"},{"floor":40.0,"key":"Ninja Scroll"},{"floor":43.0,"key":"Toy Ornithopter"},{"floor":44.0,"key":"Molten Egg 2"},{"floor":54.0,"key":"Blue Candle"}],"event_choices":[{"cards_removed":["Strike_G"],"damage_healed":0.0,"max_hp_gain":0.0,"max_hp_loss":0.0,"gold_gain":0.0,"event_name":"Golden Wing","player_choice":"Card Removal","floor":3.0,"gold_loss":0.0,"damage_taken":7.0},{"damage_healed":0.0,"max_hp_gain":0.0,"max_hp_loss":0.0,"gold_gain":0.0,"event_name":"Shining Light","player_choice":"Ignored","floor":5.0,"gold_loss":0.0,"damage_taken":0.0},{"damage_healed":0.0,"max_hp_gain":0.0,"max_hp_loss":0.0,"gold_gain":0.0,"event_name":"Vampires","player_choice":"Ignored","floor":19.0,"gold_loss":0.0,"damage_taken":0.0},{"cards_removed":["Defend_G"],"damage_healed":0.0,"max_hp_gain":0.0,"max_hp_loss":0.0,"gold_gain":0.0,"event_name":"Back to Basics","player_choice":"Elegance","floor":20.0,"gold_loss":0.0,"damage_taken":0.0},{"damage_healed":0.0,"max_hp_gain":0.0,"max_hp_loss":0.0,"gold_gain":0.0,"event_name":"Drug Dealer","player_choice":"Inject Mutagens","floor":22.0,"gold_loss":0.0,"damage_taken":0.0,"relics_obtained":["MutagenicStrength"]},{"damage_healed":0.0,"max_hp_gain":0.0,"max_hp_loss":0.0,"gold_gain":0.0,"event_name":"Tomb of Lord Red Mask","player_choice":"Ignored","floor":36.0,"gold_loss":0.0,"damage_taken":0.0}],"is_beta":false,"boss_relics":[{"not_picked":["Fusion Hammer","Sozu"],"picked":"Philosopher\u0027s Stone"},{"not_picked":["ReplayTheSpireMod:Onyx Gauntlets","Kintsugi"],"picked":"Runic Dome"}],"items_purged_floors":[14,30,41,48],"is_endless":false,"potions_floor_spawned":[1,7,11,16,21,25,31,33,35,42,44,46,54],"ascension_level":2}}