{"host":"zjc1tzo4ovig5lll","time":1612618526,"event":{"mods":["AchievementEnabler","Aspiration","BaseMod","Beaked The Cultist","Better Altar","Better Match","Better Note","Better Sensory Stone","Colored Map","Colored Powertips","Conspire","Energized Spire","Friendly Minions","GifTheSpireLib","Halation","Hermit","Hubris","Minty Spire (QoL Compilation)","Rare Cards Sparkle","Reliquary","Replay The Spire","StSLib","The Blue Laboratory","The Bug Knight","The Construct","The Jungle","everything is the same but u backflip on backflip"],"gold_per_floor":[112,128,128,138,158,172,200,200,200,200,200,200,213,232,232,232,232],"floor_reached":16,"language":"ENG","playtime":447,"items_purged":[],"score":127,"play_id":"8732ee1b-b747-4106-b789-9b21df952a6b","local_time":"20210206153526","is_ascension_mode":true,"campfire_choices":[{"data":"FIFO Queue","floor":10,"key":"SMITH"},{"floor":12,"key":"REST"},{"floor":15,"key":"REST"}],"circlet_count":0,"master_deck":["Strike_B","Strike_B","Strike_B","Defend_B","Defend_B","Defend_B","Defend_B","Zap","Dualcast","Coolheaded","FIFO Queue+1","Machine Learning"],"relics":["Cracked Core","NeowsBlessing","StrikeDummy","conspire:Dentures"],"acts_visited":["Exordium"],"potions_floor_usage":[8],"damage_taken":[{"damage":0.0,"enemies":"conspire:RoseBush","floor":1.0,"turns":1.0},{"damage":0.0,"enemies":"2 Louse","floor":2.0,"turns":1.0},{"damage":0.0,"enemies":"Cultist","floor":4.0,"turns":1.0},{"damage":8.0,"enemies":"2 Fungi Beasts","floor":5.0,"turns":5.0},{"damage":6.0,"enemies":"Red Slaver","floor":6.0,"turns":4.0},{"damage":21.0,"enemies":"Lagavulin","floor":7.0,"turns":11.0},{"damage":0,"enemies":"Gremlin Gang","floor":8,"turns":1},{"damage":13,"enemies":"Large Slime","floor":13,"turns":7},{"damage":18,"enemies":"2 Fungi Beasts","floor":14,"turns":4},{"damage":61,"enemies":"Slime Boss","floor":16,"turns":9}],"seed_played":"7360241073464506834","potions_obtained":[{"floor":4.0,"key":"SmokeBomb"},{"floor":11,"key":"EntropicBrew"},{"floor":11,"key":"EssenceOfDarkness"},{"floor":11,"key":"blueLaboratory:SavagePotion"}],"is_trial":false,"path_per_floor":["M","M","?","M","M","M","E","M","T","R","?","R","M","M","R","B"],"character_chosen":"DEFECT","items_purchased":[],"campfire_rested":2,"item_purchase_floors":[],"current_hp_per_floor":[75,75,75,75,67,61,40,40,40,40,40,62,49,31,53,0,0],"gold":232,"neow_bonus":"THREE_ENEMY_KILL","is_daily":false,"chose_seed":false,"campfire_upgraded":1,"win_rate":0.0,"timestamp":1612618526,"path_taken":["M","?","?","?","M","M","E","M","T","R","?","R","?","M","R","BOSS"],"items_purchased_type":[],"build_version":"2020-12-22","purchased_purges":0,"victory":false,"max_hp_per_floor":[75,75,75,75,75,75,75,75,75,75,75,75,75,75,75,75,75],"card_choices":[{"not_picked":["ReplayTheSpireMod:Reroute Power","Go for the Eyes"],"picked":"Coolheaded","floor":1.0},{"not_picked":["ReplayTheSpireMod:Reroute Power","Darkness","Sunder"],"picked":"SKIP","floor":2.0},{"not_picked":["Coolheaded","Gash","Panic Button"],"picked":"SKIP","floor":4.0},{"not_picked":["Rebound","Conserve Battery"],"picked":"FIFO Queue","floor":5.0},{"not_picked":["Turbo","Streamline","Ball Lightning"],"picked":"SKIP","floor":6.0},{"not_picked":["Rebound","Stack"],"picked":"Machine Learning","floor":7.0},{"not_picked":["Lockon","Go for the Eyes","Ball Lightning"],"picked":"SKIP","floor":13},{"not_picked":["ReplayTheSpireMod:System Scan","Rebound","Redo"],"picked":"SKIP","floor":14}],"player_experience":701682,"relics_obtained":[{"floor":7.0,"key":"StrikeDummy"},{"floor":9,"key":"conspire:Dentures"}],"event_choices":[{"cards_removed":["Strike_B"],"damage_healed":0.0,"max_hp_gain":0.0,"max_hp_loss":0.0,"gold_gain":0.0,"event_name":"Bonfire Elementals","player_choice":"Offered Basic","floor":3.0,"gold_loss":0.0,"damage_taken":0.0},{"damage_healed":0,"gold_gain":0,"player_choice":"Got Potions","damage_taken":0,"max_hp_gain":0,"max_hp_loss":0,"event_name":"Lab","floor":11,"gold_loss":0}],"is_beta":false,"boss_relics":[],"items_purged_floors":[],"is_endless":false,"potions_floor_spawned":[4,5,7,8],"killed_by":"Slime Boss","ascension_level":4}}