{"host":"6to8m083wj0ro91z","time":1612643127,"event":{"mods":["BaseMod","Better Third Choice","BetterRewards","CatGirl Mod","ChefMod","Friendly Minions","Hubris","Mad Scientist","Marisa????????","Minty Spire (QoL Compilation)","Robot Space Explorer","Shade Mod","Spicy Shops","StSLib","The Blackbeard","The Death Knight","The Forsaken","The Gatherer","The Marked","The Mystic","The Necromancer","The Runesmith","The Servant 0.9.4","The Showman","The Vixen","Yohane!"],"gold_per_floor":[113,132,132,151,151,185,195,221,267,285,285,303,303,330,330,427,427],"floor_reached":16,"language":"ENG","playtime":841,"items_purged":["Runesmith:Strike_RS"],"score":338,"play_id":"74b30329-1562-48ea-a5e9-a6245804d018","local_time":"20210206212527","is_ascension_mode":true,"campfire_choices":[{"data":"Runesmith:BackupBattery","floor":11,"key":"SMITH"},{"data":"Runesmith:ChaoticBlast","floor":13,"key":"SMITH"},{"floor":15,"key":"REST"}],"circlet_count":0,"master_deck":["Runesmith:Strike_RS","Runesmith:Strike_RS","Runesmith:Defend_RS","Runesmith:Defend_RS+1","Runesmith:Defend_RS+1","Runesmith:Defend_RS","Runesmith:CraftFirestone","Runesmith:Fortify","Runesmith:Permafrost+1","Runesmith:BackupBattery+1","Runesmith:ChaoticBlast+1","Runesmith:UnlimitedPower+1"],"relics":["Runesmith:BrokenRuby","hubris:PeanutButter","Frozen Egg 2","Membership Card","War Paint","Bottled Tornado","Boot","White Beast Statue"],"acts_visited":["Exordium"],"potions_floor_usage":[8],"damage_taken":[{"damage":0.0,"enemies":"2 Louse","floor":1.0,"turns":3.0},{"damage":0.0,"enemies":"Cultist","floor":2.0,"turns":4.0},{"damage":0.0,"enemies":"Jaw Worm","floor":4.0,"turns":5.0},{"damage":0,"enemies":"Lagavulin","floor":6,"turns":8},{"damage":0,"enemies":"2 Fungi Beasts","floor":7,"turns":3},{"damage":6,"enemies":"3 Sentries","floor":8,"turns":7},{"damage":0,"enemies":"Gremlin Gang","floor":10,"turns":1},{"damage":9,"enemies":"3 Louse","floor":12,"turns":4},{"damage":0,"enemies":"Lagavulin","floor":14,"turns":7},{"damage":35,"enemies":"Slime Boss","floor":16,"turns":8}],"seed_played":"-520090359158453255","potions_obtained":[{"floor":1.0,"key":"Fire Potion"},{"floor":10,"key":"FairyPotion"},{"floor":12,"key":"DuplicationPotion"},{"floor":14,"key":"DuplicationPotion"}],"is_trial":false,"path_per_floor":["M","M","?","M","?","E","M","E","T","M","R","M","R","E","R","B"],"character_chosen":"RUNESMITH_CLASS","items_purchased":["hubris:PeanutButter","Frozen Egg 2","Runesmith:Permafrost+1","Membership Card","War Paint"],"campfire_rested":1,"item_purchase_floors":[0,0,0,0,0],"current_hp_per_floor":[38,38,31,31,31,31,31,25,25,25,25,16,16,16,37,2,2],"gold":427,"neow_bonus":"","is_daily":false,"chose_seed":false,"campfire_upgraded":2,"win_rate":0.0,"timestamp":1612643127,"path_taken":["M","M","?","M","?","E","?","E","T","M","R","M","R","E","R","BOSS"],"items_purchased_type":["Relic","Relic","Card","Relic","Relic"],"build_version":"2020-12-22","purchased_purges":1,"victory":false,"max_hp_per_floor":[70,70,70,70,70,70,70,70,70,70,70,70,70,70,70,70,70],"card_choices":[{"not_picked":["Runesmith:PoweredAnvil+1","Runesmith:HammerThrow","Runesmith:ShiftingStrike"],"picked":"SKIP","floor":1.0},{"not_picked":["Runesmith:BackupBattery","Runesmith:CraftReservo","Runesmith:ShiftingStrike"],"picked":"SKIP","floor":2.0},{"not_picked":["Runesmith:CraftReservo","Runesmith:ShiftingStrike"],"picked":"Runesmith:BackupBattery","floor":2.0},{"not_picked":["Runesmith:UnstableHammer","Runesmith:EnergizedChisel","Runesmith:Overpower"],"picked":"SKIP","floor":4.0},{"not_picked":["Runesmith:Grindstone","Runesmith:Supernova"],"picked":"Runesmith:ChaoticBlast","floor":6},{"not_picked":["Runesmith:MakeshiftArmor","Runesmith:CraftObretio","Runesmith:FieryHammer"],"picked":"SKIP","floor":7},{"not_picked":["Runesmith:Empowerment","Runesmith:Discharge","Runesmith:UnstableHammer"],"picked":"SKIP","floor":8},{"not_picked":["Runesmith:Reinforce","Runesmith:MakeshiftArmor","Runesmith:CraftMagma"],"picked":"SKIP","floor":10},{"not_picked":["Runesmith:ShiftingStrike","Runesmith:Refine","Runesmith:Prism"],"picked":"SKIP","floor":12},{"not_picked":["Runesmith:DoubleUp","Runesmith:Overpower"],"picked":"Runesmith:UnlimitedPower+1","floor":14}],"player_experience":1111661,"relics_obtained":[{"floor":6,"key":"Bottled Tornado"},{"floor":8,"key":"Boot"},{"floor":14,"key":"White Beast Statue"}],"event_choices":[{"cards_removed":["Runesmith:Strike_RS"],"damage_healed":0.0,"max_hp_gain":0.0,"max_hp_loss":0.0,"gold_gain":0.0,"event_name":"Golden Wing","player_choice":"Card Removal","floor":3.0,"gold_loss":0.0,"damage_taken":7.0},{"damage_healed":0,"gold_gain":0,"player_choice":"Ignored","damage_taken":0,"max_hp_gain":0,"max_hp_loss":0,"event_name":"Transmorgrifier","floor":5,"gold_loss":0}],"is_beta":false,"boss_relics":[],"items_purged_floors":[0],"is_endless":false,"potions_floor_spawned":[1,10,12,14,16],"killed_by":"Slime Boss","ascension_level":1}}