{"host":"ewn058xs2vaj5uc6","time":1612623385,"event":{"mods":["Act Like it!","Aspiration","BaseMod","BetterRewards","Colored Map","Colored Powertips","Dota2Spire","Downfall","Energized Spire","Highlight Path","Minty Spire (QoL Compilation)","MostiFishMod","Quarter Circle Forward PUNCH!","Quick Restart","Relic Filter Mod","Reliquary","Replay The Spire","Shop Mod","StSLib","SuperFastMode","TestMod","UnlockEverythingMod","????"],"gold_per_floor":[99,88888,88906,88250,88250,86687,86687,86687,86537,86286,85923,85933,85963,85982,85992,86097,86097,85440,85453,85082,85082,85082,84321,84346,84380,84380,84380,84396,84431,83565,83597,83616,83714,83714,83394,83394,83394,83394,83394,83069,83069,82736,82736,82189,82218,81918,81918,81934,81934,81934,81934,81934,81786,81392,81392,81392],"floor_reached":57,"language":"ZHS","playtime":2407,"items_purged":["Slimebound:Tackle","Slimebound:Defend_Slimebound","expansioncontent:PolyBeam","Slimebound:Defend_Slimebound","Slimebound:Defend_Slimebound","Slimebound:Defend_Slimebound","Slimebound:CorrosiveSpit","expansioncontent:InvincibleStrength","MostiFishMod:PerfectForm+1","expansioncontent:QuickStudy","MostiFishMod:EE1D"],"score":1777,"play_id":"387de719-55b5-4ee9-8e61-afaa5ab28560","local_time":"20210206225625","is_ascension_mode":true,"campfire_choices":[{"floor":1,"key":"RECALL"}],"circlet_count":0,"master_deck":["MostiFishMod:TheEndOfMoonlight","MostiFishMod:SparklingWater","MostiFishMod:NightSea","Thinking Ahead+1","testmod-WeaknessCounterattack+1","MostiFishMod:EE1D","MostiFishMod:EE1D","testmod-WeaknessCounterattack+1"],"relics":["DaveBox","testmod-TestBox","testmod-SaigiyounoYou","JellyFishMachine","qcfpunch:Chain_With_Nametags","MerchantsRug","downfall:HeartBlessingRed","BirthdayGift-Tetrahedron","testmod-IndustrialRevolution","Medical Kit","downfall:HeartBlessingBlue","EE1DDrone","downfall:HeartBlessingGreen","Bag of Marbles","ReplayTheSpireMod:Lightbulb","Dodecahedron","Frozen Egg 2","Bag of Marbles","Omamori","testmod-IntensifyImprint","reliquary:BallBearing","Dota2Spire:Desolator","Strange Spoon","Guide Book","FossilizedHelix","reliquary:NewFriend","Bottled Flame","Onion Ring","PreservedInsect","Sling","testmod-Charity","Blood Vial","DollysMirror","Dota2Spire:PhaseBoots","Garlic"],"acts_visited":["Exordium","TheCity","TheBeyond","TheEnding"],"potions_floor_usage":[14,55,55,55],"damage_taken":[{"damage":3,"enemies":"2 Louse","floor":2,"turns":2},{"damage":0,"enemies":"Small Slimes","floor":3,"turns":2},{"damage":3,"enemies":"downfall:FleeingMerchant","floor":4,"turns":4},{"damage":1,"enemies":"downfall:FleeingMerchant","floor":10,"turns":4},{"damage":0,"enemies":"Cultist","floor":12,"turns":1},{"damage":6,"enemies":"Replay:BlueRogue","floor":13,"turns":2},{"damage":0,"enemies":"3 Louse","floor":14,"turns":1},{"damage":0,"enemies":"2 Fungi Beasts","floor":15,"turns":1},{"damage":4,"enemies":"DF_ARCHETYPE_STREAMLINE","floor":16,"turns":4},{"damage":0,"enemies":"Spheric Guardian","floor":19,"turns":1},{"damage":0,"enemies":"Shell Parasite","floor":22,"turns":1},{"damage":0,"enemies":"Gremlin Leader","floor":25,"turns":1},{"damage":0,"enemies":"3 Cultists","floor":28,"turns":1},{"damage":0,"enemies":"Book of Stabbing","floor":29,"turns":1},{"damage":0,"enemies":"Replay:Snechameleon","floor":31,"turns":1},{"damage":0,"enemies":"Centurion and Healer","floor":32,"turns":1},{"damage":0,"enemies":"WA_ARCHETYPE_CALM","floor":33,"turns":1},{"damage":0,"enemies":"Orb Walker","floor":36,"turns":1},{"damage":0,"enemies":"3 Darklings","floor":37,"turns":1},{"damage":0,"enemies":"3 Darklings","floor":38,"turns":1},{"damage":0,"enemies":"Jaw Worm Horde","floor":39,"turns":1},{"damage":0,"enemies":"R_Hoarder","floor":45,"turns":1},{"damage":0,"enemies":"Maw","floor":48,"turns":1},{"damage":0,"enemies":"3 Darklings","floor":49,"turns":1},{"damage":0,"enemies":"IC_BLOCK_ARCHETYPE","floor":50,"turns":2},{"damage":0,"enemies":"downfall:CharBossMerchant","floor":52,"turns":1},{"damage":0,"enemies":"downfall:NeowBoss","floor":55,"turns":8},{"damage":3,"enemies":"downfall:NeowBossFinal","floor":56,"turns":3}],"seed_played":"2016369151964384883","potions_obtained":[{"floor":2,"key":"Strength Potion"},{"floor":16,"key":"SpeedPotion"}],"is_trial":false,"path_per_floor":["R_BF","M","M","$","?","R","T","?","?","$","R","M","E","M","M","B",null,"R","M","$","?","M","R","T","E","?","?","M","E","R","E","M","B",null,"R","M","M","?","M","$","T","?","?","R","E","R","?","M","M","B",null,"E","$","R","B","B",null],"character_chosen":"SLIMEBOUND","items_purchased":["qcfpunch:Chain_With_Nametags","EssenceOfSteel","Explosive Potion","Thinking Ahead","MerchantsRug","BirthdayGift-Tetrahedron","expansioncontent:QuickStudy","Flash of Steel","testmod-IndustrialRevolution","Medical Kit","testmod-WeaknessCounterattack","Bag of Marbles","ReplayTheSpireMod:Lightbulb","Dodecahedron","Frozen Egg 2","reliquary:SculptingSteel","reliquary:BallBearing","Dota2Spire:Desolator","Strange Spoon","Guide Book","Onion Ring","PreservedInsect","Sling","testmod-Charity","Blood Vial","DollysMirror","Dota2Spire:PhaseBoots","Garlic"],"campfire_rested":0,"item_purchase_floors":[4,4,4,4,4,6,6,6,10,10,11,18,18,20,23,23,30,30,30,35,44,44,44,46,46,53,54,54],"current_hp_per_floor":[65,62,65,65,65,65,65,70,80,80,90,90,90,90,90,90,90,90,90,90,90,90,90,90,90,74,74,85,90,90,90,90,90,90,90,90,90,90,90,90,90,101,101,101,101,101,101,102,102,102,102,102,102,102,102,102],"gold":81392,"neow_bonus":"BOSS_RELIC","is_daily":false,"chose_seed":false,"campfire_upgraded":0,"win_rate":0.0,"timestamp":1612623385,"path_taken":["R_BF","M","M","$","?","R","T","?","?","$","R","?","E","M","M","BOSS","R","M","$","?","M","R","T","E","?","?","M","E","R","E","M","BOSS","R","M","M","?","M","$","T","?","?","R","E","R","?","M","M","BOSS","E","$","R","BOSS","BOSS"],"items_purchased_type":["Relic","Potion","Potion","Card","Relic","Relic","Card","Card","Relic","Relic","Card","Relic","Relic","Relic","Relic","Relic","Relic","Relic","Relic","Relic","Relic","Relic","Relic","Relic","Relic","Relic","Relic","Relic"],"build_version":"2020-12-22","purchased_purges":11,"victory":true,"max_hp_per_floor":[65,65,65,65,65,65,65,70,80,80,90,90,90,90,90,90,90,90,90,90,90,90,90,90,90,90,90,90,90,90,90,90,90,90,90,90,90,90,90,90,90,101,101,101,101,101,101,102,102,102,102,102,102,102,102,102],"card_choices":[{"not_picked":["Slimebound:BestDefense","Slimebound:FlameTackle","Slimebound:ItLooksTasty"],"picked":"SKIP","floor":2},{"not_picked":["Slimebound:GoopTackle","Slimebound:FormOfPuddle","Slimebound:LivingWall"],"picked":"SKIP","floor":3},{"not_picked":["Slimebound:SlimeSpikes","Slimebound:SlimeBrawl","Slimebound:SamplingLick"],"picked":"SKIP","floor":4},{"not_picked":["Slimebound:SlimeSlap","Slimebound:Schlurp","Slimebound:SamplingLick"],"picked":"SKIP","floor":10},{"not_picked":["Slimebound:SplitBruiser","Slimebound:SplitMire","Slimebound:ViciousTackle"],"picked":"SKIP","floor":12},{"not_picked":["Slimebound:ForwardTackle","Slimebound:Dissolve","Slimebound:LeechEnergy"],"picked":"SKIP","floor":13},{"not_picked":["Slimebound:ComboTackle","Slimebound:PressTheAttack","Slimebound:FormOfPuddle"],"picked":"SKIP","floor":14},{"not_picked":["Slimebound:SlimeBarrage","Slimebound:SlimeBrawl","Slimebound:RollThrough"],"picked":"SKIP","floor":15},{"not_picked":["Slimebound:SplitAcid","Slimebound:ItLooksTasty","Slimebound:SamplingLick"],"picked":"SKIP","floor":19},{"not_picked":["Slimebound:ViciousTackle+1","Slimebound:Schlurp","Slimebound:LeechingTouch+1"],"picked":"SKIP","floor":22},{"not_picked":["Slimebound:SplitAcid","Slimebound:GrowthPunch","Slimebound:SplitBruiser+1"],"picked":"SKIP","floor":25},{"not_picked":["Slimebound:SlimeBarrage","Slimebound:Grow+1","Slimebound:FinishingTackle"],"picked":"SKIP","floor":28},{"not_picked":["Slimebound:SamplingLick","Slimebound:SlimeSpikes+1","Slimebound:SplitAcid+1"],"picked":"SKIP","floor":29},{"not_picked":["Slimebound:SplitAcid","Slimebound:LivingWall","Slimebound:HungryTackle"],"picked":"SKIP","floor":31},{"not_picked":["Slimebound:Overexert+1","Slimebound:HauntingLick","Slimebound:SplitLeeching"],"picked":"SKIP","floor":32},{"not_picked":["Slimebound:LeechEnergy+1","Slimebound:SlimeBarrage+1","Slimebound:ProtectTheBoss+1"],"picked":"SKIP","floor":36},{"not_picked":["Slimebound:ItLooksTasty+1","Slimebound:FlameTackle+1","Slimebound:FinishingTackle+1"],"picked":"SKIP","floor":37},{"not_picked":["Slimebound:SplitBruiser","Slimebound:FlameTackle+1","Slimebound:SlimeBrawl"],"picked":"SKIP","floor":39},{"not_picked":["Slimebound:SplitLeeching+1","Slimebound:LeadByExample+1","Slimebound:RollThrough+1"],"picked":"SKIP","floor":45},{"not_picked":["Slimebound:HauntingLick","Slimebound:SlimeSpikes+1","Slimebound:Repurpose"],"picked":"SKIP","floor":48},{"not_picked":["Slimebound:Schlurp","Slimebound:ComboTackle+1","Slimebound:Recollect"],"picked":"SKIP","floor":49},{"not_picked":["Slimebound:SplitAcid+1","Slimebound:MassFeed","Slimebound:GoopTackle+1"],"picked":"SKIP","floor":52}],"player_experience":109831,"relics_obtained":[{"floor":24,"key":"Omamori"},{"floor":25,"key":"testmod-IntensifyImprint"},{"floor":26,"key":"Nilry\u0027s Codex"},{"floor":38,"key":"FossilizedHelix"},{"floor":41,"key":"reliquary:NewFriend"},{"floor":43,"key":"Bottled Flame"}],"event_choices":[{"damage_healed":0,"gold_gain":0,"player_choice":"Donut","damage_taken":0,"max_hp_gain":5,"max_hp_loss":0,"event_name":"Big Fish","floor":8,"gold_loss":0},{"damage_healed":0,"gold_gain":0,"cards_transformed":["MostiFishMod:FantasySummer","MostiFishMod:Neptune"],"player_choice":"Became Test Subject","damage_taken":0,"max_hp_gain":0,"max_hp_loss":0,"event_name":"Drug Dealer","floor":27,"gold_loss":0,"cards_obtained":["testmod-TemporaryDeletion","MostiFishMod:PerfectForm"]}],"is_beta":false,"boss_relics":[{"not_picked":["energizedSpire:StickyHand","Painkiller Herb"],"picked":"EE1DDrone"},{"not_picked":["testmod-EnergyCheck","energizedSpire:SpiderWeb"],"picked":"Kintsugi"}],"items_purged_floors":[4,6,10,10,11,18,20,23,30,35,40],"is_endless":false,"potions_floor_spawned":[2,12,15,16,19,25,33,36,38,39,45],"ascension_level":1}}