{"host":"cc4cmsu5r64i8uf4","time":1612595071,"event":{"mods":["BaseMod","Good Game Mod","Hermit","Lobotomy","LobotomyExtend","Minty Spire (QoL Compilation)","MostiFishMod","StSLib"],"gold_per_floor":[117,130,145,320,395,395,405,436,436,366,384,384,191,202,202,304,304,314,314,314,314,25,60,60,92,116,128,142,162,162,192,204,313,325,352,414,49,64,79,109,126,151,224,235,281,281,299,0,0,0,0,0,0,32,32,32],"floor_reached":55,"language":"ZHS","playtime":1909,"items_purged":["Doubt"],"score":1296,"play_id":"3105e1b1-9806-4379-9fdc-a497188e9ef4","local_time":"20210206150431","is_ascension_mode":true,"campfire_choices":[{"data":"Bash","floor":6,"key":"SMITH"},{"data":"Finisher","floor":12,"key":"SMITH"},{"data":"Seeing Red","floor":15,"key":"SMITH"},{"data":"Anger","floor":24,"key":"SMITH"},{"data":"Thunderclap","floor":32,"key":"SMITH"},{"floor":46,"key":"RECALL"},{"data":"Rampage","floor":49,"key":"SMITH"},{"data":"Flex","floor":52,"key":"SMITH"}],"circlet_count":0,"master_deck":["Strike_R","Strike_R","Strike_R","Strike_R","Strike_R+1","Defend_R","Defend_R","Defend_R","Defend_R","Bash+1","Finisher+1","Anger+1","Heavy Blade","Flex+1","Thunderclap+1","Flex","Iron Wave+1","Flex+1","Seeing Red+1","Reaper","Rampage+1","Bloodletting","Cleave+1","Feed","Anger+1","Flex","Inflame+1"],"relics":["Burning Blood","DaveBox","REME:ComplimentaryCards","ExusiaiGun","SynthV:TestCard","LetterFromLob","Pear","Sundial","SynthV:C4","GuanYuAspect","Bottled Flame","Nloth\u0027s Gift","CombinedTypeHook","Red Skull","InkBottle","Pen Nib","MawBank","Coffee Dripper","Gambling Chip","Whetstone","SynthV","Anchor","Oddly Smooth Stone","CaptainsWheel","Red Mask","BionicSphere"],"acts_visited":["Exordium","TheCity","TheBeyond","TheEnding"],"potions_floor_usage":[50,50,55],"damage_taken":[{"damage":0,"enemies":"Jaw Worm","floor":1,"turns":1},{"damage":0,"enemies":"Cultist","floor":2,"turns":1},{"damage":0,"enemies":"Small Slimes","floor":3,"turns":1},{"damage":3,"enemies":"3 Louse","floor":7,"turns":2},{"damage":0,"enemies":"Lagavulin","floor":8,"turns":2},{"damage":1,"enemies":"Lots of Slimes","floor":11,"turns":2},{"damage":5,"enemies":"Gremlin Gang","floor":14,"turns":2},{"damage":0,"enemies":"Hexaghost","floor":16,"turns":2},{"damage":7,"enemies":"Chosen","floor":18,"turns":2},{"damage":0,"enemies":"Slavers","floor":23,"turns":2},{"damage":7,"enemies":"Book of Stabbing","floor":25,"turns":2},{"damage":0,"enemies":"Shell Parasite","floor":27,"turns":1},{"damage":0,"enemies":"Shelled Parasite and Fungi","floor":28,"turns":1},{"damage":0,"enemies":"Chosen and Byrds","floor":29,"turns":1},{"damage":0,"enemies":"Gremlin Leader","floor":31,"turns":1},{"damage":3,"enemies":"Automaton","floor":33,"turns":2},{"damage":7,"enemies":"3 Shapes","floor":35,"turns":2},{"damage":0,"enemies":"Mind Bloom Boss Battle","floor":36,"turns":1},{"damage":0,"enemies":"3 Darklings","floor":38,"turns":1},{"damage":37,"enemies":"Transient","floor":39,"turns":5},{"damage":0,"enemies":"Nemesis","floor":40,"turns":1},{"damage":0,"enemies":"Spire Growth","floor":41,"turns":2},{"damage":0,"enemies":"Giant Head","floor":42,"turns":2},{"damage":0,"enemies":"Jaw Worm Horde","floor":44,"turns":1},{"damage":0,"enemies":"2 Orb Walkers","floor":45,"turns":1},{"damage":14,"enemies":"4 Shapes","floor":47,"turns":2},{"damage":0,"enemies":"Awakened One","floor":50,"turns":2},{"damage":0,"enemies":"Shield and Spear","floor":54,"turns":1},{"damage":103,"enemies":"The Heart","floor":55,"turns":5}],"seed_played":"1313884677519998818","potions_obtained":[{"floor":2,"key":"FearPotion"},{"floor":3,"key":"SteroidPotion"}],"is_trial":false,"path_per_floor":["M","M","M","?","?","R","M","E","T","$","M","R","$","M","R","B",null,"M","T","?","?","$","E","R","E","T","M","M","M","?","E","R","B",null,"M","?","$","M","M","E","M","E","T","M","?","R","M","?","R","B",null,"R","$","E","B"],"character_chosen":"IRONCLAD","items_purchased":["Flex","Iron Wave","SynthV:C4","BlessingOfTheForge","CombinedTypeHook","Whetstone","SynthV"],"campfire_rested":0,"item_purchase_floors":[10,10,13,13,22,37,37],"current_hp_per_floor":[80,80,80,80,69,69,72,88,88,88,90,90,90,90,90,90,45,45,45,37,37,37,50,50,50,50,50,50,50,50,50,50,50,50,49,53,53,53,33,53,56,59,59,62,62,62,62,62,62,66,66,66,66,66,0,0],"gold":32,"neow_bonus":"THREE_ENEMY_KILL","is_daily":false,"chose_seed":false,"campfire_upgraded":7,"win_rate":0.0,"timestamp":1612595071,"path_taken":["M","M","M","?","?","R","M","E","T","?","M","R","$","M","R","BOSS","M","?","?","?","$","E","R","E","T","M","?","?","?","E","R","BOSS","M","?","$","M","M","E","M","E","T","M","?","R","M","?","R","BOSS","R","$","E","BOSS"],"items_purchased_type":["Card","Card","Relic","Potion","Relic","Relic","Relic"],"build_version":"2020-12-22","purchased_purges":1,"victory":false,"max_hp_per_floor":[80,80,80,80,80,80,80,90,90,90,90,90,90,90,90,90,45,45,45,50,50,50,50,50,50,50,50,50,50,50,50,50,50,50,50,53,53,53,53,53,56,59,59,62,62,62,66,66,66,66,66,66,66,66,66,66],"card_choices":[{"not_picked":["Ghostly Armor","Infernal Blade"],"picked":"Anger","floor":1},{"not_picked":["Clash","Spot Weakness","Rage","Ghostly Armor"],"picked":"Heavy Blade","floor":2},{"not_picked":["Carnage","True Grit","Clothesline","Pommel Strike"],"picked":"Flex","floor":3},{"not_picked":["Armaments","Havoc","Rage","Burning Pact","Warcry"],"picked":"SKIP","floor":7},{"not_picked":["MostiFishMod:FireWorks","Shockwave","Offering","Flame Barrier"],"picked":"Thunderclap","floor":8},{"not_picked":["MostiFishMod:BrandingRite","Body Slam","Pommel Strike","Thunderclap"],"picked":"Flex","floor":11},{"not_picked":["Iron Wave","Body Slam","Sword Boomerang","Reckless Charge"],"picked":"Seeing Red","floor":14},{"not_picked":["Barricade","MostiFishMod:WingOfPhoenix","MostiFishMod:404NotFound","Bludgeon"],"picked":"Reaper","floor":16},{"not_picked":["Sword Boomerang+1","True Grit","Flex","Metallicize+1","Perfected Strike"],"picked":"SKIP","floor":18},{"not_picked":["Dark Embrace","Feel No Pain","Burning Pact","MostiFishMod:WingOfPhoenix","Impervious"],"picked":"SKIP","floor":23},{"not_picked":["MostiFishMod:PerfectStrikeMKII","Dark Embrace","Cleave","Pommel Strike"],"picked":"Rampage","floor":25},{"not_picked":["Searing Blow","Entrench","Twin Strike","Dual Wield"],"picked":"Bloodletting","floor":27},{"not_picked":["Thunderclap+1","Burning Pact","Headbutt","Battle Trance","Havoc"],"picked":"SKIP","floor":28},{"not_picked":["Thunderclap","Sever Soul","Wild Strike","Fire Breathing","Uppercut"],"picked":"SKIP","floor":29},{"not_picked":["Whirlwind","Hemokinesis","Seeing Red","Immolate"],"picked":"Cleave+1","floor":31},{"not_picked":["MostiFishMod:RainCloud","MostiFishMod:HellRitual","Reaper","MostiFishMod:Chiaki"],"picked":"Feed","floor":33},{"not_picked":["Combust+1","Cleave+1","Searing Blow","True Grit","Twin Strike"],"picked":"SKIP","floor":35},{"not_picked":["Pommel Strike","Clash","True Grit+1","Havoc"],"picked":"Anger+1","floor":38},{"not_picked":["Twin Strike+1","Shrug It Off+1","MostiFishMod:WingOfPhoenix","Headbutt+1","Cleave+1"],"picked":"SKIP","floor":39},{"not_picked":["Dark Embrace+1","Inflame+1","Pummel+1","Seeing Red+1"],"picked":"Flex","floor":40},{"not_picked":["Iron Wave","Rage","Headbutt","Perfected Strike","Sword Boomerang"],"picked":"SKIP","floor":41},{"not_picked":["Dark Embrace","Bloodletting+1","Body Slam","MostiFishMod:TemporaryOutbreak","Feel No Pain"],"picked":"SKIP","floor":42},{"not_picked":["Sever Soul+1","MostiFishMod:#F4004+1","Perfected Strike+1","Dual Wield","Havoc"],"picked":"SKIP","floor":44},{"not_picked":["Dropkick+1","Cleave","Clothesline+1","Seeing Red","Barricade"],"picked":"SKIP","floor":47},{"not_picked":["Carnage","Second Wind","MostiFishMod:#F4004","Whirlwind"],"picked":"Inflame+1","floor":54}],"player_experience":109817,"relics_obtained":[{"floor":1,"key":"SynthV:TestCard"},{"floor":1,"key":"LetterFromLob"},{"floor":8,"key":"Pear"},{"floor":9,"key":"Sundial"},{"floor":19,"key":"Bottled Flame"},{"floor":23,"key":"Red Skull"},{"floor":25,"key":"InkBottle"},{"floor":26,"key":"Pen Nib"},{"floor":31,"key":"MawBank"},{"floor":36,"key":"Gambling Chip"},{"floor":40,"key":"Anchor"},{"floor":42,"key":"Oddly Smooth Stone"},{"floor":45,"key":"CaptainsWheel"},{"floor":54,"key":"BionicSphere"}],"event_choices":[{"damage_healed":0,"gold_gain":175,"player_choice":"AGREE","damage_taken":0,"max_hp_gain":0,"max_hp_loss":0,"event_name":"Liars Game","floor":4,"gold_loss":0,"cards_obtained":["Doubt"]},{"damage_healed":0,"gold_gain":75,"player_choice":"Gather Gold","damage_taken":11,"max_hp_gain":0,"max_hp_loss":0,"event_name":"World of Goop","floor":5,"gold_loss":0},{"damage_healed":0,"gold_gain":0,"player_choice":"Shed Blood","damage_taken":11,"max_hp_gain":5,"max_hp_loss":0,"event_name":"Forgotten Altar","floor":20,"gold_loss":0},{"damage_healed":0,"gold_gain":0,"player_choice":"Traded Relic","damage_taken":0,"relics_obtained":["Nloth\u0027s Gift"],"max_hp_gain":0,"max_hp_loss":0,"event_name":"N\u0027loth","floor":21,"relics_lost":["NeowsBlessing"],"gold_loss":0},{"damage_healed":0,"gold_gain":0,"player_choice":"Upgraded","damage_taken":0,"max_hp_gain":0,"max_hp_loss":0,"event_name":"Upgrade Shrine","floor":30,"gold_loss":0,"cards_upgraded":["Flex"]},{"damage_healed":0,"gold_gain":0,"player_choice":"Fight","damage_taken":0,"max_hp_gain":0,"max_hp_loss":0,"event_name":"MindBloom","floor":36,"gold_loss":0},{"damage_healed":0,"gold_gain":0,"player_choice":"Fight","damage_taken":0,"max_hp_gain":0,"max_hp_loss":0,"event_name":"Mysterious Sphere","floor":45,"gold_loss":0},{"damage_healed":0,"gold_gain":0,"player_choice":"Paid","damage_taken":0,"relics_obtained":["Red Mask"],"max_hp_gain":0,"max_hp_loss":0,"event_name":"Tomb of Lord Red Mask","floor":48,"gold_loss":299}],"is_beta":false,"boss_relics":[{"not_picked":["FixedStarFall","Sozu"],"picked":"GuanYuAspect"},{"not_picked":["RhineFirstAidKit","Mark of Pain"],"picked":"Coffee Dripper"}],"items_purged_floors":[37],"is_endless":false,"potions_floor_spawned":[2,3,16,23,28,29,33,35,36,40,41,45],"killed_by":"The Heart","ascension_level":2}}