{"host":"FirstDane","time":1612577416,"event":{"mods":["BaseMod","Bestiary","Highlight Path","Minty Spire (QoL Compilation)","Relic Stats","Slay the Relics Exporter","StSLib"],"gold_per_floor":[119,129,147,159,159,191,191,224,236,298,310,342,373,36,36,110,110,110,121,146,164,176,176,176,176,176],"floor_reached":25,"language":"ENG","playtime":3802,"items_purged":[],"score":480,"play_id":"d8c8ad92-b3b2-4eab-9b0e-f916c7b6d4e4","local_time":"20210205201016","is_ascension_mode":true,"campfire_choices":[{"floor":7,"key":"REST"},{"floor":11,"key":"REST"},{"data":"Terror","floor":15,"key":"SMITH"},{"floor":23,"key":"REST"}],"circlet_count":0,"master_deck":["AscendersBane","Survivor","Neutralize","Envenom","Poisoned Stab","Bane","Dagger Throw","Crippling Poison","Terror+1","Noxious Fumes+1","Malaise","Bouncing Flask","Terror","Choke","Doppelganger","Prepared","Poisoned Stab","Infinite Blades+1","Corpse Explosion","Leg Sweep","Backstab+1","Blur","Ghostly","Ghostly","Ghostly"],"relics":["Ring of the Snake","Bag of Preparation","MawBank","Frozen Egg 2","Kunai","Pandora\u0027s Box"],"acts_visited":["Exordium","TheCity"],"potions_floor_usage":[4,6,16,18,22,25,25],"damage_taken":[{"damage":3,"enemies":"Cultist","floor":1,"turns":4},{"damage":4,"enemies":"Small Slimes","floor":2,"turns":3},{"damage":0,"enemies":"2 Louse","floor":3,"turns":2},{"damage":7,"enemies":"Looter","floor":4,"turns":3},{"damage":17,"enemies":"Lagavulin","floor":6,"turns":7},{"damage":29,"enemies":"Gremlin Nob","floor":8,"turns":4},{"damage":8,"enemies":"Large Slime","floor":12,"turns":6},{"damage":1,"enemies":"Blue Slaver","floor":13,"turns":6},{"damage":14,"enemies":"The Guardian","floor":16,"turns":10},{"damage":0,"enemies":"2 Thieves","floor":18,"turns":1},{"damage":17,"enemies":"3 Byrds","floor":19,"turns":4},{"damage":14,"enemies":"Cultist and Chosen","floor":21,"turns":6},{"damage":15,"enemies":"Centurion and Healer","floor":22,"turns":6},{"damage":24,"enemies":"Book of Stabbing","floor":25,"turns":5}],"seed_played":"-1099119233122284803","potions_obtained":[{"floor":2,"key":"EssenceOfSteel"},{"floor":3,"key":"Energy Potion"},{"floor":12,"key":"SmokeBomb"},{"floor":13,"key":"DuplicationPotion"},{"floor":19,"key":"Block Potion"},{"floor":21,"key":"GamblersBrew"},{"floor":22,"key":"FearPotion"}],"is_trial":false,"path_per_floor":["M","M","M","M","?","E","R","E","T","?","R","M","M","$","R","B",null,"M","M","T","M","M","R","?","E"],"character_chosen":"THE_SILENT","items_purchased":["Kunai","Noxious Fumes+1"],"campfire_rested":3,"item_purchase_floors":[14,14],"current_hp_per_floor":[56,52,52,45,34,17,36,7,7,7,26,18,17,17,17,3,50,50,33,33,19,4,23,23,0,0],"gold":176,"neow_bonus":"TRANSFORM_CARD","is_daily":false,"chose_seed":false,"campfire_upgraded":1,"win_rate":0.0,"timestamp":1612577416,"path_taken":["M","M","M","M","?","E","R","E","T","?","R","M","?","?","R","BOSS","M","M","?","M","M","R","?","E"],"items_purchased_type":["Relic","Card"],"build_version":"2020-12-18","purchased_purges":0,"victory":false,"max_hp_per_floor":[66,66,66,66,66,66,66,66,66,66,66,66,66,66,66,66,66,66,66,66,66,66,66,33,33,33],"relic_stats":{"counters":[14,67],"Pandora\u0027s Box":["Bouncing Flask","Terror","Choke","Doppelganger","Prepared","Poisoned Stab","Infinite Blades","Corpse Explosion","Leg Sweep"],"Bag of Preparation":[18],"Kunai":[10],"MawBank":72,"obtain_stats":[{"Pandora\u0027s Box":17,"Bag of Preparation":6,"Kunai":14,"Frozen Egg 2":9,"MawBank":8,"Ring of the Snake":0},{"Pandora\u0027s Box":9,"Bag of Preparation":5,"Kunai":8,"Frozen Egg 2":6,"MawBank":6,"Ring of the Snake":0},{"Pandora\u0027s Box":45,"Bag of Preparation":19,"Kunai":35,"Frozen Egg 2":23,"MawBank":23,"Ring of the Snake":0}],"Ring of the Snake":[28]},"card_choices":[{"not_picked":["Cloak And Dagger","Underhanded Strike"],"picked":"Poisoned Stab","floor":1},{"not_picked":["Flying Knee","Well Laid Plans"],"picked":"Bane","floor":2},{"not_picked":["Tactician","Outmaneuver"],"picked":"Dagger Throw","floor":3},{"not_picked":["Slice","Sucker Punch","Distraction"],"picked":"SKIP","floor":4},{"not_picked":["Outmaneuver","Grand Finale"],"picked":"Crippling Poison","floor":6},{"not_picked":["Tactician","Predator","Crippling Poison"],"picked":"SKIP","floor":8},{"not_picked":["Underhanded Strike","Poisoned Stab"],"picked":"Terror","floor":12},{"not_picked":["Prepared","Outmaneuver","Terror"],"picked":"SKIP","floor":13},{"not_picked":["Tools of the Trade+1","Doppelganger"],"picked":"Malaise","floor":16},{"not_picked":["All Out Attack","Dagger Spray","Prepared"],"picked":"SKIP","floor":19},{"not_picked":["Well Laid Plans+1","Footwork+1"],"picked":"Backstab+1","floor":21},{"not_picked":["Dagger Throw","Predator"],"picked":"Blur","floor":22}],"player_experience":4036185,"relics_obtained":[{"floor":6,"key":"Bag of Preparation"},{"floor":8,"key":"MawBank"},{"floor":9,"key":"Frozen Egg 2"}],"event_choices":[{"damage_healed":0,"gold_gain":0,"player_choice":"Fled","damage_taken":11,"max_hp_gain":0,"max_hp_loss":0,"event_name":"Scrap Ooze","floor":5,"gold_loss":0},{"damage_healed":0,"gold_gain":50,"player_choice":"Pray","damage_taken":0,"max_hp_gain":0,"max_hp_loss":0,"event_name":"Golden Shrine","floor":10,"gold_loss":0},{"damage_healed":0,"gold_gain":0,"player_choice":"Became a Ghost","damage_taken":0,"max_hp_gain":0,"max_hp_loss":33,"event_name":"Ghosts","floor":24,"gold_loss":0,"cards_obtained":["Ghostly","Ghostly","Ghostly"]}],"is_beta":true,"boss_relics":[{"not_picked":["Fusion Hammer","Sozu"],"picked":"Pandora\u0027s Box"}],"items_purged_floors":[],"is_endless":false,"potions_floor_spawned":[2,3,12,13,19,21,22],"killed_by":"Book of Stabbing","ascension_level":20}}