{"host":"nvi7eteh2xa5cf87","time":1612571557,"event":{"mods":["BaseMod","Custom Start","Downfall","Hermit","Hubris","Lobotomy","Minty Spire (QoL Compilation)","StSLib","The Animator","The Jungle","The Necromancer","The Poker Player","The Runesmith","The Servant 0.9.4"],"gold_per_floor":[99,117,109,109,132,32,108,108,151,151,177,205,105,131,151,263,263,263,285,297,321,30,30,30,30,52,84,112,112,12,46,61,167,167,167,189,79,91,58,86,86,18,18,18,18,18,29,44,60,60,60,60],"floor_reached":50,"language":"ENG","playtime":3570,"items_purged":[],"score":516,"play_id":"72324b84-7a6e-4d26-ba0f-fd1454ef2b56","local_time":"20210205193237","is_ascension_mode":false,"campfire_choices":[{"floor":1,"key":"RECALL"},{"floor":6,"key":"REST"},{"floor":10,"key":"REST"},{"data":"hexamod:GhostOfSpirePast","floor":13,"key":"SMITH"},{"data":"hexamod:Rewind","floor":18,"key":"SMITH"},{"floor":23,"key":"REST"},{"data":"expansioncontent:Chronoboost","floor":25,"key":"SMITH"},{"floor":30,"key":"REST"},{"data":"hexamod:HexaLevel","floor":35,"key":"SMITH"},{"data":"Apotheosis","floor":45,"key":"SMITH"}],"circlet_count":0,"master_deck":["hexamod:Strike+1","hexamod:Strike+1","hexamod:Strike+1","hexamod:Strike+1","hexamod:Defend","hexamod:Defend","hexamod:Defend","hexamod:Defend","hexamod:Sear+1","hexamod:Float","hexamod:Rewind+1","hexamod:FirstSeal","hexamod:SecondSeal","hexamod:FourthSeal","hexamod:SwordOfDarkness","hexamod:Firestarter+1","hexamod:GhostOfSpirePast+1","hexamod:SoulSteal","hexamod:CatchUp","hexamod:NightmareGuise","hexamod:SixthSeal","hexamod:BacktrackSmack","hexamod:NightmareStrike+1","hexamod:ExtraCrispy+1","hexamod:HauntingEcho","expansioncontent:Chronoboost+1","hexamod:Hexaguard","hexamod:GhostflameBarrier+1","hexamod:PhantomFireball+1","hexamod:FastForward","hexamod:UnleashSpirits","hexamod:HeatShield","hexamod:HexaLevel+1","hexamod:GhostShield+1","hexamod:ShieldOfDarkness","hexamod:ThermalTransfer","hexamod:AdvancingGuard","hexamod:AdvancingGuard+1","hexamod:SpectersWail","hexamod:BurningTouch","hexamod:RadiantFlame+1","hexamod:BacktrackSmack","Apotheosis+1","expansioncontent:YouAreMine","hexamod:GhostLash+1","hexamod:HauntingEcho+1","hexamod:PhantomCloak+1"],"relics":["hexamod:SpiritBrand","hubris:SlimyHat","downfall:HeartBlessingRed","HornCleat","Oddly Smooth Stone","Vajra","downfall:HeartBlessingGreen","hubris:RunicObelisk","Whetstone","Red Mask","downfall:HeartBlessingBlue","Meat on the Bone","SacredBark","Runesmith:Nanobots","Ornamental Fan"],"acts_visited":["Exordium","TheCity","TheBeyond"],"potions_floor_usage":[48],"damage_taken":[{"damage":0,"enemies":"Small Slimes","floor":2,"turns":3},{"damage":0,"enemies":"Jaw Worm","floor":5,"turns":4},{"damage":26,"enemies":"Gremlin Nob","floor":9,"turns":5},{"damage":7,"enemies":"2 Louse","floor":11,"turns":2},{"damage":11,"enemies":"Large Slime","floor":12,"turns":4},{"damage":17,"enemies":"Exordium Thugs","floor":14,"turns":4},{"damage":1,"enemies":"2 Fungi Beasts","floor":15,"turns":4},{"damage":27,"enemies":"SI_SHIV_ARCHETYPE","floor":16,"turns":10},{"damage":11,"enemies":"3 Byrds","floor":19,"turns":6},{"damage":8,"enemies":"Chosen and Byrds","floor":20,"turns":4},{"damage":20,"enemies":"Sentry and Sphere","floor":21,"turns":5},{"damage":0,"enemies":"downfall:FleeingMerchant","floor":22,"turns":4},{"damage":11,"enemies":"Shelled Parasite and Fungi","floor":26,"turns":5},{"damage":21,"enemies":"Masked Bandits","floor":27,"turns":4},{"damage":8,"enemies":"Snake Plant","floor":28,"turns":4},{"damage":20,"enemies":"Book of Stabbing","floor":31,"turns":6},{"damage":0,"enemies":"Chosen and Byrds","floor":32,"turns":6},{"damage":45,"enemies":"DF_ARCHETYPE_CLAW","floor":33,"turns":7},{"damage":20,"enemies":"3 Darklings","floor":36,"turns":4},{"damage":0,"enemies":"downfall:FleeingMerchant","floor":37,"turns":4},{"damage":11,"enemies":"3 Shapes","floor":38,"turns":6},{"damage":0,"enemies":"downfall:FleeingMerchant","floor":39,"turns":4},{"damage":58,"enemies":"Writhing Mass","floor":40,"turns":7},{"damage":0,"enemies":"downfall:FleeingMerchant","floor":42,"turns":4},{"damage":30,"enemies":"Transient","floor":47,"turns":5},{"damage":46,"enemies":"Jaw Worm Horde","floor":48,"turns":7},{"damage":18,"enemies":"Sphere and 2 Shapes","floor":49,"turns":6},{"damage":36,"enemies":"IC_BLOCK_ARCHETYPE","floor":50,"turns":2}],"seed_played":"-8055499090653690666","potions_obtained":[{"floor":2,"key":"Swift Potion"},{"floor":5,"key":"SteroidPotion"},{"floor":9,"key":"DistilledChaos"},{"floor":9,"key":"EssenceOfSteel"},{"floor":14,"key":"SkillPotion"},{"floor":16,"key":"PowerPotion"},{"floor":48,"key":"SkillPotion"}],"is_trial":false,"path_per_floor":["R","M","?","?","M","R","T","T","E","R","M","M","R","M","M","B",null,"R","M","M","M","$","R","T","R","M","?","M","?","R","E","M","B",null,"R","M","$","M","$","M","T","$","?","?","R","?","M","M","M","B"],"character_chosen":"THE_SPIRIT","items_purchased":["Whetstone","expansioncontent:Chronoboost","hexamod:Hexaguard","hexamod:ThermalTransfer","hexamod:AdvancingGuard","hexamod:BurningTouch","Ornamental Fan","Apotheosis"],"campfire_rested":4,"item_purchase_floors":[22,22,22,37,37,39,42,42],"current_hp_per_floor":[77,77,70,67,74,77,77,77,58,77,70,66,66,49,55,35,77,77,66,65,52,59,77,77,77,73,52,51,43,76,63,70,37,87,87,74,74,70,77,38,38,50,50,76,76,76,53,26,27,0,0,0],"gold":60,"neow_bonus":"TEN_PERCENT_HP_BONUS","is_daily":false,"chose_seed":false,"campfire_upgraded":5,"win_rate":0.0,"timestamp":1612571557,"path_taken":["R","M","?","?","M","R","T","?","E","R","?","M","R","M","M","BOSS","R","M","M","M","$","R","T","R","M","?","M","?","R","E","M","BOSS","R","M","$","M","$","M","T","$","?","?","R","?","M","M","M","BOSS"],"items_purchased_type":["Relic","Card","Card","Card","Card","Card","Relic","Card"],"build_version":"2020-12-22","purchased_purges":0,"victory":false,"max_hp_per_floor":[77,77,77,77,77,77,77,77,77,77,77,77,77,77,77,77,77,77,77,77,77,77,77,77,77,77,77,77,77,87,87,87,87,87,87,87,87,87,87,87,87,87,87,76,76,76,76,76,76,76,76,76],"card_choices":[{"not_picked":["hexamod:HeatMetal","hexamod:NecessarySacrifice"],"picked":"hexamod:Rewind","floor":2},{"not_picked":["hexamod:Incineration","hexamod:NightmareGuise"],"picked":"hexamod:SwordOfDarkness","floor":5},{"not_picked":["hexamod:Incineration","hexamod:VolcanoVisage"],"picked":"hexamod:Firestarter","floor":9},{"not_picked":["hexamod:ChargedBarrage","hexamod:DynamicBlow"],"picked":"hexamod:GhostOfSpirePast","floor":11},{"not_picked":["hexamod:ThermalTransfer","hexamod:ChargedBarrage"],"picked":"hexamod:SoulSteal","floor":12},{"not_picked":["hexamod:SpectersWail","hexamod:GhostLash"],"picked":"hexamod:CatchUp","floor":14},{"not_picked":["hexamod:Hexaguard","hexamod:RetreatToShadows"],"picked":"hexamod:NightmareGuise","floor":15},{"not_picked":["hexamod:TimeOfNeed","hexamod:WildfireWeapon"],"picked":"hexamod:SixthSeal","floor":16},{"not_picked":["hexamod:GhostShield","hexamod:SoulSteal"],"picked":"hexamod:BacktrackSmack","floor":19},{"not_picked":["hexamod:GhostShield+1","hexamod:EmpoweredFlame"],"picked":"hexamod:NightmareStrike","floor":20},{"not_picked":["hexamod:FastForward+1","hexamod:SecondSeal"],"picked":"hexamod:ExtraCrispy","floor":21},{"not_picked":["hexamod:FastForward","hexamod:GhostShield"],"picked":"hexamod:HauntingEcho","floor":22},{"not_picked":["hexamod:RecurringNightmare","hexamod:BurningTouch"],"picked":"hexamod:GhostflameBarrier","floor":26},{"not_picked":["hexamod:SpectersWail","hexamod:BacktrackSmack"],"picked":"hexamod:PhantomFireball","floor":27},{"not_picked":["hexamod:Haunt+1","hexamod:NightmareGuise"],"picked":"hexamod:FastForward","floor":28},{"not_picked":["hexamod:NightmareGuise+1","hexamod:HauntingEcho"],"picked":"hexamod:UnleashSpirits","floor":31},{"not_picked":["hexamod:HauntingEcho+1","hexamod:Haunt+1"],"picked":"hexamod:HeatShield","floor":32},{"not_picked":["hexamod:TurnItUp","hexamod:TimeWarp"],"picked":"hexamod:HexaLevel","floor":33},{"not_picked":["hexamod:HeatMetal","hexamod:BacktrackSmack+1"],"picked":"hexamod:GhostShield+1","floor":36},{"not_picked":["hexamod:SpectersWail+1","hexamod:Firestarter+1"],"picked":"hexamod:ShieldOfDarkness","floor":37},{"not_picked":["hexamod:FastForward","hexamod:Hexaguard+1"],"picked":"hexamod:AdvancingGuard+1","floor":38},{"not_picked":["hexamod:HauntingEcho","hexamod:UnlimitedPower"],"picked":"hexamod:SpectersWail","floor":39},{"not_picked":["hexamod:NightmareStrike+1","hexamod:BacktrackSmack"],"picked":"hexamod:RadiantFlame+1","floor":40},{"not_picked":["hexamod:UnlimitedPower","hexamod:RainOfEmbers+1"],"picked":"hexamod:BacktrackSmack","floor":42},{"not_picked":["expansioncontent:Chronoboost","expansioncontent:LastStand"],"picked":"expansioncontent:YouAreMine","floor":43},{"not_picked":["hexamod:GhostflameBarrier","hexamod:SwordOfDarkness"],"picked":"hexamod:GhostLash","floor":47},{"not_picked":["hexamod:AdvancingGuard+1","hexamod:FastForward+1"],"picked":"hexamod:HauntingEcho+1","floor":48},{"not_picked":["hexamod:SwordOfDarkness","hexamod:ShieldOfDarkness"],"picked":"hexamod:PhantomCloak+1","floor":49}],"player_experience":97321,"relics_obtained":[{"floor":7,"key":"HornCleat"},{"floor":8,"key":"Oddly Smooth Stone"},{"floor":9,"key":"Vajra"},{"floor":27,"key":"Red Mask"},{"floor":31,"key":"Meat on the Bone"},{"floor":41,"key":"Runesmith:Nanobots"}],"event_choices":[{"damage_healed":0,"gold_gain":0,"player_choice":"Success","damage_taken":3,"relics_obtained":["hubris:SlimyHat"],"max_hp_gain":0,"max_hp_loss":0,"event_name":"Scrap Ooze","floor":4,"gold_loss":0},{"damage_healed":0,"gold_gain":0,"player_choice":"Fought Bandits","damage_taken":0,"max_hp_gain":0,"max_hp_loss":0,"event_name":"Masked Bandits","floor":27,"gold_loss":0}],"is_beta":false,"boss_relics":[{"not_picked":["Velvet Choker","hubris:CrackedHourglass"],"picked":"hubris:RunicObelisk"},{"not_picked":["hubris:BlackHole","hubris:GrandSneckoEye"],"picked":"SacredBark"}],"items_purged_floors":[],"is_endless":false,"potions_floor_spawned":[2,9,11,15,16,20,26,31,32,33,40,47,48,49],"killed_by":"IC_BLOCK_ARCHETYPE","ascension_level":0}}