{"host":"63nbeequuhdffoms","time":1612574554,"event":{"mods":["BaseMod","Card Forge","Hermit","Minty Spire (QoL Compilation)","Quick Restart","Relic Stats","StSLib","The Cursed","The Hierophant"],"gold_per_floor":[113,133,133,133,146,146,4,18,18,18,30,45,45,45,45,144,144,161,161,180,180,180,180,215,215,215,179,190,204,229,241,241,241,241],"floor_reached":33,"language":"ENG","playtime":1223,"items_purged":[],"score":257,"play_id":"d1ab1442-a49d-4621-b22c-d21c6785ce44","local_time":"20210205202234","is_ascension_mode":false,"campfire_choices":[{"data":"Chill","floor":6,"key":"SMITH"},{"data":"Zap","floor":15,"key":"SMITH"},{"data":"Electrodynamics","floor":23,"key":"SMITH"},{"floor":32,"key":"REST"}],"circlet_count":0,"master_deck":["Strike_B+1","Strike_B","Strike_B","Strike_B","Defend_B","Defend_B","Defend_B","Defend_B","Zap+1","Dualcast","Chill+1","Consume+1","Coolheaded","All For One","Compile Driver","Ball Lightning+1","Coolheaded","Electrodynamics+1","CurseOfTheBell","Undo","Redo","Self Repair+1","Writhe","Tempest","Tempest","Sweeping Beam+1","Biased Cognition+1"],"relics":["Cracked Core","Hammer of Thor","Seething Fire","Anvil of the Gods","NeowsBlessing","Pear","Calling Bell","Orichalcum","Eternal Feather","TungstenRod","Frozen Egg 2","HornCleat","Thread and Needle","Whetstone"],"acts_visited":["Exordium","TheCity"],"potions_floor_usage":[24,28,28,29,33],"damage_taken":[{"damage":0,"enemies":"Jaw Worm","floor":1,"turns":1},{"damage":0,"enemies":"2 Louse","floor":2,"turns":1},{"damage":0,"enemies":"Cultist","floor":5,"turns":1},{"damage":4,"enemies":"3 Louse","floor":8,"turns":4},{"damage":5,"enemies":"Looter","floor":11,"turns":4},{"damage":6,"enemies":"Exordium Wildlife","floor":12,"turns":4},{"damage":8,"enemies":"Slime Boss","floor":16,"turns":9},{"damage":11,"enemies":"Shell Parasite","floor":18,"turns":7},{"damage":0,"enemies":"3 Byrds","floor":20,"turns":2},{"damage":36,"enemies":"Book of Stabbing","floor":24,"turns":6},{"damage":40,"enemies":"Cultist and Chosen","floor":28,"turns":7},{"damage":9,"enemies":"Sentry and Sphere","floor":29,"turns":4},{"damage":8,"enemies":"Snake Plant","floor":31,"turns":4},{"damage":46,"enemies":"Collector","floor":33,"turns":6}],"seed_played":"6546525148282715727","potions_obtained":[{"floor":1,"key":"Block Potion"},{"floor":8,"key":"Strength Potion"},{"floor":16,"key":"LiquidMemories"},{"floor":28,"key":"LiquidBronze"},{"floor":31,"key":"LiquidBronze"}],"is_trial":false,"path_per_floor":["M","M","?","?","M","R","$","M","T","$","M","M","?","$","R","B",null,"M","?","M","?","$","R","E","?","T","$","M","M","T","M","R","B"],"character_chosen":"DEFECT","items_purchased":["All For One","Tempest"],"campfire_rested":1,"item_purchase_floors":[7,27],"current_hp_per_floor":[75,75,75,75,75,75,75,71,81,81,76,70,70,70,70,62,85,74,74,74,74,74,85,49,49,49,49,19,10,10,2,42,0,0],"gold":241,"neow_bonus":"THREE_ENEMY_KILL","is_daily":false,"chose_seed":false,"campfire_upgraded":3,"win_rate":0.0,"timestamp":1612574554,"path_taken":["M","M","?","?","M","R","$","?","T","$","M","M","?","$","R","BOSS","M","?","M","?","$","R","E","?","T","$","M","M","?","M","R","BOSS"],"items_purchased_type":["Card","Card"],"build_version":"2020-12-22","purchased_purges":0,"victory":false,"max_hp_per_floor":[75,75,75,75,75,75,75,75,85,85,85,85,85,85,85,85,85,85,85,85,85,85,85,85,85,85,85,85,85,85,85,85,85,85],"relic_stats":{"counters":[14,60],"Eternal Feather":26,"Whetstone":["Ball Lightning","Strike_B"],"Orichalcum":[42],"obtain_stats":[{"Pear":9,"NeowsBlessing":0,"Eternal Feather":17,"Thread and Needle":26,"Hammer of Thor":0,"Seething Fire":0,"Whetstone":30,"Orichalcum":17,"Frozen Egg 2":24,"Calling Bell":17,"HornCleat":25,"Anvil of the Gods":0,"Cracked Core":0,"TungstenRod":17},{"Pear":4,"NeowsBlessing":0,"Eternal Feather":7,"Thread and Needle":10,"Hammer of Thor":0,"Seething Fire":0,"Whetstone":12,"Orichalcum":7,"Frozen Egg 2":10,"Calling Bell":7,"HornCleat":10,"Anvil of the Gods":0,"Cracked Core":0,"TungstenRod":7},{"Pear":7,"NeowsBlessing":0,"Eternal Feather":24,"Thread and Needle":39,"Hammer of Thor":0,"Seething Fire":0,"Whetstone":50,"Orichalcum":24,"Frozen Egg 2":39,"Calling Bell":24,"HornCleat":39,"Anvil of the Gods":0,"Cracked Core":0,"TungstenRod":24}],"TungstenRod":23},"card_choices":[{"not_picked":["Force Field","Gash"],"picked":"Chill","floor":1},{"not_picked":["Conserve Battery","Auto Shields"],"picked":"Consume","floor":2},{"not_picked":["Compile Driver","Blizzard"],"picked":"Coolheaded","floor":5},{"not_picked":["Barrage","Scrape"],"picked":"Compile Driver","floor":8},{"not_picked":["Turbo","Stack"],"picked":"Ball Lightning","floor":11},{"not_picked":["Rebound","Barrage"],"picked":"Coolheaded","floor":12},{"not_picked":["Fission","Rainbow"],"picked":"Electrodynamics","floor":16},{"not_picked":["Turbo","Leap+1"],"picked":"Undo","floor":18},{"not_picked":["Barrage","Compile Driver"],"picked":"Redo","floor":20},{"not_picked":["Coolheaded","Darkness"],"picked":"Self Repair+1","floor":24},{"not_picked":["Coolheaded+1","Chaos+1"],"picked":"Tempest","floor":28},{"not_picked":["Steam Power","Skim"],"picked":"Sweeping Beam+1","floor":29},{"not_picked":["Stack","Beam Cell+1"],"picked":"Biased Cognition+1","floor":31}],"player_experience":35859,"relics_obtained":[{"floor":9,"key":"Pear"},{"floor":17,"key":"Orichalcum"},{"floor":17,"key":"Eternal Feather"},{"floor":17,"key":"TungstenRod"},{"floor":24,"key":"Frozen Egg 2"},{"floor":26,"key":"Thread and Needle"},{"floor":30,"key":"Whetstone"}],"event_choices":[{"damage_healed":0,"gold_gain":0,"player_choice":"Grow","damage_taken":0,"max_hp_gain":0,"max_hp_loss":0,"event_name":"Living Wall","floor":3,"gold_loss":0,"cards_upgraded":["Consume"]},{"damage_healed":0,"gold_gain":0,"player_choice":"Ignored","damage_taken":0,"max_hp_gain":0,"max_hp_loss":0,"event_name":"NoteForYourself","floor":4,"gold_loss":0},{"damage_healed":0,"gold_gain":0,"player_choice":"Ignored","damage_taken":0,"max_hp_gain":0,"max_hp_loss":0,"event_name":"Liars Game","floor":13,"gold_loss":0},{"damage_healed":0,"gold_gain":0,"player_choice":"Ignored","damage_taken":0,"max_hp_gain":0,"max_hp_loss":0,"event_name":"Beggar","floor":19,"gold_loss":0},{"damage_healed":0,"gold_gain":0,"player_choice":"Ignored","damage_taken":0,"max_hp_gain":0,"max_hp_loss":0,"event_name":"Ghosts","floor":21,"gold_loss":0},{"damage_healed":0,"gold_gain":0,"player_choice":"Opened","damage_taken":0,"relics_obtained":["HornCleat"],"max_hp_gain":0,"max_hp_loss":0,"event_name":"The Mausoleum","floor":25,"gold_loss":0,"cards_obtained":["Writhe"]}],"is_beta":false,"boss_relics":[{"not_picked":["Sozu","Philosopher\u0027s Stone"],"picked":"Calling Bell"}],"items_purged_floors":[],"is_endless":false,"potions_floor_spawned":[1,8,16,28,31],"killed_by":"Collector","ascension_level":0}}