{"host":"mo4d2vii2wc3uyp7","time":1612599000,"event":{"mods":["AchievementEnabler","BaseMod","Colored Map","Highlight Path","Keyboard Shortcuts","Minty Spire (QoL Compilation)","Permanent Neow","Quick Restart","Shop Mod","StSLib","SuperFastMode","everything is the same but u backflip on backflip"],"gold_per_floor":[12,12,27,40,57,84,84,117,117,128,147,18,46,58,58,157,157,169,189,189,189],"floor_reached":20,"language":"KOR","playtime":753,"items_purged":["Strike_R"],"score":279,"play_id":"42558815-a051-4a9f-9a08-8b507bb0cd96","local_time":"20210206171000","is_ascension_mode":true,"campfire_choices":[{"data":"Hemokinesis","floor":7,"key":"SMITH"},{"data":"Battle Trance","floor":15,"key":"SMITH"}],"circlet_count":0,"master_deck":["Strike_R","Strike_R","Strike_R","Strike_R","Defend_R","Defend_R","Defend_R","Defend_R","Bash","Reaper","Hemokinesis+1","Shrug It Off","Headbutt","Anger","Thunderclap","Battle Trance+1","Twin Strike","Evolve","Body Slam","Feed"],"relics":["Burning Blood","Anchor","Smiling Mask","Lantern","Mummified Hand"],"acts_visited":["Exordium","TheCity"],"potions_floor_usage":[6,13,14,16,16,19],"damage_taken":[{"damage":10,"enemies":"Small Slimes","floor":1,"turns":4},{"damage":8,"enemies":"Cultist","floor":3,"turns":3},{"damage":2,"enemies":"2 Louse","floor":4,"turns":2},{"damage":11,"enemies":"Looter","floor":5,"turns":3},{"damage":31,"enemies":"Lagavulin","floor":6,"turns":6},{"damage":26,"enemies":"3 Sentries","floor":8,"turns":6},{"damage":17,"enemies":"2 Fungi Beasts","floor":10,"turns":3},{"damage":2,"enemies":"Red Slaver","floor":11,"turns":2},{"damage":0,"enemies":"Gremlin Nob","floor":13,"turns":2},{"damage":7,"enemies":"Blue Slaver","floor":14,"turns":3},{"damage":41,"enemies":"Hexaghost","floor":16,"turns":8},{"damage":19,"enemies":"2 Thieves","floor":18,"turns":4},{"damage":18,"enemies":"3 Byrds","floor":19,"turns":4},{"damage":64,"enemies":"Snake Plant","floor":20,"turns":5}],"seed_played":"-1319483467509034087","potions_obtained":[{"floor":4,"key":"SkillPotion"},{"floor":5,"key":"Dexterity Potion"},{"floor":6,"key":"DuplicationPotion"},{"floor":8,"key":"AttackPotion"},{"floor":13,"key":"DuplicationPotion"},{"floor":14,"key":"BloodPotion"},{"floor":18,"key":"Explosive Potion"}],"is_trial":false,"path_per_floor":["M","?","M","M","M","E","R","E","T","M","M","$","E","M","R","B",null,"M","M","M"],"character_chosen":"IRONCLAD","items_purchased":["Evolve"],"campfire_rested":0,"item_purchase_floors":[12],"current_hp_per_floor":[80,80,80,80,79,54,54,46,46,41,45,45,51,66,66,37,69,63,58,0,0],"gold":189,"neow_bonus":"THREE_RARE_CARDS","is_daily":false,"chose_seed":false,"campfire_upgraded":2,"win_rate":0.0,"timestamp":1612599000,"path_taken":["M","?","M","M","M","E","R","E","T","M","M","$","E","M","R","BOSS","M","M","M"],"items_purchased_type":["Card"],"build_version":"2020-12-22","purchased_purges":1,"victory":false,"max_hp_per_floor":[80,80,80,80,80,80,80,80,80,80,80,80,80,80,80,80,80,83,86,86,86],"card_choices":[{"not_picked":["Limit Break","Exhume"],"picked":"Reaper","floor":0},{"not_picked":["Heavy Blade","Feel No Pain"],"picked":"Hemokinesis","floor":1},{"not_picked":["Sever Soul","Searing Blow"],"picked":"Shrug It Off","floor":3},{"not_picked":["Warcry","Hemokinesis"],"picked":"Headbutt","floor":4},{"not_picked":["Sever Soul","Headbutt"],"picked":"Anger","floor":5},{"not_picked":["Warcry","Armaments","Exhume"],"picked":"SKIP","floor":6},{"not_picked":["Heavy Blade","True Grit"],"picked":"Thunderclap","floor":8},{"not_picked":["Heavy Blade","Anger"],"picked":"Battle Trance","floor":10},{"not_picked":["Power Through","Reaper"],"picked":"Twin Strike","floor":11},{"not_picked":["Second Wind","Flex","Metallicize"],"picked":"SKIP","floor":13},{"not_picked":["Metallicize","Twin Strike"],"picked":"Body Slam","floor":14},{"not_picked":["Immolate","Corruption"],"picked":"Feed","floor":16},{"not_picked":["Warcry","Perfected Strike","Uppercut"],"picked":"SKIP","floor":18},{"not_picked":["Whirlwind","Searing Blow","Twin Strike+1"],"picked":"SKIP","floor":19}],"player_experience":602628,"relics_obtained":[{"floor":6,"key":"Anchor"},{"floor":8,"key":"Smiling Mask"},{"floor":9,"key":"Lantern"},{"floor":13,"key":"Mummified Hand"}],"event_choices":[{"damage_healed":0,"gold_gain":0,"player_choice":"Full Heal","damage_taken":0,"max_hp_gain":0,"max_hp_loss":0,"event_name":"Wheel of Change","floor":2,"gold_loss":0}],"is_beta":false,"boss_relics":[{"not_picked":["Coffee Dripper","Philosopher\u0027s Stone","Calling Bell"]}],"items_purged_floors":[12],"is_endless":false,"potions_floor_spawned":[4,5,6,8,10,13,14,18],"killed_by":"Snake Plant","ascension_level":5}}