{"host":"hr6qo4jjm4ge1z5l","time":1612612595,"event":{"mods":["BaseMod","Highlight Path","Minty Spire (QoL Compilation)","Relic Stats","ojb\u0027s Info Mod"],"gold_per_floor":[117,127,146,160,180,214,214,226,251,251,32,32,51,69,69,146,146,160,160,160,54,64,95,95,95,118,118,128,128,128],"floor_reached":29,"language":"ENG","playtime":7181,"items_purged":["Defend_B"],"score":457,"play_id":"8b561628-eef1-4700-8ea7-32fb41ea29c7","local_time":"20210206125635","is_ascension_mode":true,"campfire_choices":[{"data":"Machine Learning","floor":7.0,"key":"SMITH"},{"floor":10.0,"key":"REST"},{"data":"Reinforced Body","floor":15.0,"key":"SMITH"},{"data":"Bandage Up","floor":24.0,"key":"SMITH"},{"floor":27.0,"key":"REST"}],"circlet_count":0,"master_deck":["AscendersBane","Strike_B","Strike_B","Strike_B","Strike_B","Defend_B","Defend_B","Defend_B","Zap","Dualcast","Tempest","Conserve Battery","BootSequence","Chill","Ball Lightning","Machine Learning+1","Reinforced Body+1","Creative AI","Conserve Battery","Compile Driver","Glacier","Seek","Barrage","Bandage Up+1","Fusion","Writhe","Compile Driver"],"relics":["Cracked Core","Art of War","Regal Pillow","Snecko Eye","HornCleat","Anchor","Omamori","Smiling Mask"],"acts_visited":["Exordium","TheCity"],"potions_floor_usage":[],"damage_taken":[{"damage":7.0,"enemies":"Cultist","floor":1.0,"turns":4.0},{"damage":4.0,"enemies":"Jaw Worm","floor":2.0,"turns":4.0},{"damage":0.0,"enemies":"2 Louse","floor":3.0,"turns":2.0},{"damage":12.0,"enemies":"Looter","floor":4.0,"turns":3.0},{"damage":12.0,"enemies":"Lots of Slimes","floor":5.0,"turns":5.0},{"damage":25.0,"enemies":"Gremlin Nob","floor":6.0,"turns":4.0},{"damage":4.0,"enemies":"Exordium Thugs","floor":8.0,"turns":5.0},{"damage":6.0,"enemies":"3 Louse","floor":13.0,"turns":4.0},{"damage":5.0,"enemies":"Looter","floor":14.0,"turns":3.0},{"damage":9.0,"enemies":"Hexaghost","floor":16.0,"turns":10.0},{"damage":23.0,"enemies":"Shell Parasite","floor":18.0,"turns":7.0},{"damage":0.0,"enemies":"Chosen","floor":22.0,"turns":5.0},{"damage":24.0,"enemies":"Slavers","floor":23.0,"turns":7.0},{"damage":19,"enemies":"Snake Plant","floor":28,"turns":6},{"damage":52,"enemies":"Book of Stabbing","floor":29,"turns":7}],"seed_played":"-5253968748448125675","potions_obtained":[{"floor":1.0,"key":"ColorlessPotion"},{"floor":2.0,"key":"FocusPotion"},{"floor":6.0,"key":"Swift Potion"},{"floor":12.0,"key":"PotionOfCapacity"},{"floor":16.0,"key":"Regen Potion"},{"floor":22.0,"key":"PowerPotion"}],"is_trial":false,"path_per_floor":["M","M","M","M","M","E","R","M","T","R","$","?","M","M","R","B",null,"M","T","?","$","M","E","R","?","T","R","M","E"],"character_chosen":"DEFECT","items_purchased":["Creative AI","Conserve Battery","Bandage Up"],"campfire_rested":2,"item_purchase_floors":[11,11,21],"current_hp_per_floor":[64,60,60,48,36,11,11,7,7,45,45,45,39,34,34,25,65,57,57,35,35,39,19,19,19,19,58,45,0,0],"gold":128,"neow_bonus":"TEN_PERCENT_HP_BONUS","is_daily":false,"chose_seed":false,"campfire_upgraded":3,"win_rate":0.0,"timestamp":1612612595,"path_taken":["M","M","M","M","M","E","R","M","T","R","$","?","M","M","R","BOSS","M","?","?","$","M","E","R","?","T","R","M","E"],"items_purchased_type":["Card","Card","Card"],"build_version":"2020-12-22","purchased_purges":1,"victory":false,"max_hp_per_floor":[78,78,78,78,78,78,78,78,78,78,78,78,78,78,78,78,78,78,78,83,83,83,83,83,83,83,83,83,83,83],"relic_stats":{"Regal Pillow":30,"counters":[15,76],"Snecko Eye":[53,56,48,50],"Art of War":[18],"Smiling Mask":0,"obtain_stats":[{"Regal Pillow":9,"Anchor":23,"HornCleat":19,"Snecko Eye":17,"Art of War":6,"Omamori":25,"Cracked Core":0,"Smiling Mask":26},{"Regal Pillow":7,"Anchor":13,"HornCleat":11,"Snecko Eye":10,"Art of War":6,"Omamori":13,"Cracked Core":0,"Smiling Mask":13},{"Regal Pillow":27,"Anchor":63,"HornCleat":51,"Snecko Eye":44,"Art of War":22,"Omamori":63,"Cracked Core":0,"Smiling Mask":63}]},"card_choices":[{"not_picked":["Aggregate","Redo"],"picked":"Tempest","floor":1.0},{"not_picked":["Steam","Steam Power"],"picked":"Conserve Battery","floor":2.0},{"not_picked":["Redo","Streamline"],"picked":"BootSequence","floor":3.0},{"not_picked":["Beam Cell","Tempest"],"picked":"Chill","floor":4.0},{"not_picked":["Tempest","Meteor Strike"],"picked":"Ball Lightning","floor":5.0},{"not_picked":["Barrage","BootSequence"],"picked":"Machine Learning","floor":6.0},{"not_picked":["Streamline","Leap"],"picked":"Reinforced Body","floor":8.0},{"not_picked":["Recycle","White Noise"],"picked":"Compile Driver","floor":13.0},{"not_picked":["Go for the Eyes","Hello World"],"picked":"Glacier","floor":14.0},{"not_picked":["Multi-Cast","Reboot"],"picked":"Seek","floor":16.0},{"not_picked":["Compile Driver","Turbo"],"picked":"Barrage","floor":18.0},{"not_picked":["Beam Cell","Steam Power+1"],"picked":"Fusion","floor":22.0},{"not_picked":["Steam Power","Rebound","Streamline"],"picked":"SKIP","floor":23.0},{"not_picked":["Gash","Stack+1"],"picked":"Compile Driver","floor":28}],"player_experience":544833,"relics_obtained":[{"floor":6.0,"key":"Art of War"},{"floor":9.0,"key":"Regal Pillow"},{"floor":19.0,"key":"HornCleat"},{"floor":23.0,"key":"Anchor"},{"floor":26.0,"key":"Smiling Mask"}],"event_choices":[{"damage_healed":0.0,"max_hp_gain":0.0,"max_hp_loss":0.0,"gold_gain":0.0,"event_name":"Lab","player_choice":"Got Potions","floor":12.0,"gold_loss":0.0,"damage_taken":0.0},{"damage_healed":0.0,"max_hp_gain":5.0,"max_hp_loss":0.0,"gold_gain":0.0,"event_name":"Forgotten Altar","player_choice":"Shed Blood","floor":20.0,"gold_loss":0.0,"damage_taken":27.0},{"damage_healed":0.0,"max_hp_gain":0.0,"max_hp_loss":0.0,"gold_gain":0.0,"event_name":"The Mausoleum","player_choice":"Opened","floor":25.0,"gold_loss":0.0,"damage_taken":0.0,"relics_obtained":["Omamori"],"cards_obtained":["Writhe"]}],"is_beta":false,"boss_relics":[{"not_picked":["Black Star","Nuclear Battery"],"picked":"Snecko Eye"}],"items_purged_floors":[11],"is_endless":false,"potions_floor_spawned":[1,2,6,13,16,22],"killed_by":"Book of Stabbing","ascension_level":17}}