{"host":"awrw1gk2acwismlg","time":1612620946,"event":{"mods":["Arknights","Aspiration","BaseMod","Bestiary","Challenge The Spire","Conspire","Downfall","Energized Spire","Hermit","Jedi Mod","Marked Mod","Minty Spire (QoL Compilation)","Morshu Shopkeeper","Morshu Shopkeeper - ENHANCED","Nova Terra(诺娃・泰拉)","Quarter Circle Forward PUNCH!","Reliquary","Remilia_Scarlet Moed（蕾米莉亚・斯卡雷特）3.3.5","Replay The Spire","Shop Mod","Small Relic Pack","Spicy Shops","StSLib","The Cursed","Warlord Emblem","Wide Potions","Yakumo Yukari mod","【遗物卡牌】REMEMod","篝火指南"],"gold_per_floor":[114,155,167,187,167,196,196,208,255,265,265,540,540,223,223,321,321,308,318,337,337,348,348,348,364,446,23,23,41,41,41],"floor_reached":30,"language":"ZHS","playtime":1822,"items_purged":["Regret","Defend_G"],"score":294,"play_id":"8da12778-02f5-4814-ab76-5195f6805835","local_time":"20210206221546","is_ascension_mode":true,"campfire_choices":[{"floor":7,"key":"DIG"},{"data":"1","floor":11,"key":"LIFT"},{"data":"2","floor":13,"key":"LIFT"},{"floor":23,"key":"DIG"},{"data":"3","floor":28,"key":"LIFT"}],"circlet_count":0,"master_deck":["Defend_G","Defend_G","Defend_G","Defend_G","Survivor","Neutralize","Blade Dance","Hidden Blade","Infinite Blades","Accuracy","Defend_G","Accuracy","Accuracy","Bandage Up+1","Doppelganger","Accuracy","Hidden Blade","Transmutation","Bite","Bite","Bite","Bite","Bite","Accuracy"],"relics":["Ring of the Snake","REME_ComplimentaryCards","aspiration:Nostalgia","sneckomod:SneckoSoul","Shovel","Ancient Tea Set","Girya","qcfpunch:Army_Boots","REME_LowDesire","reliquary:TuningFork","Replay:Mystery Machine","NlothsMask","jedi:matchstick","relicPack:InfinityGauntlet","Pantograph"],"acts_visited":["Exordium","TheCity"],"potions_floor_usage":[4,8,10,16,19,30],"damage_taken":[{"damage":0,"enemies":"Cultist","floor":1,"turns":4},{"damage":18,"enemies":"conspire:MimicChest","floor":2,"turns":6},{"damage":0,"enemies":"2 Louse","floor":3,"turns":3},{"damage":2,"enemies":"Small Slimes","floor":4,"turns":2},{"damage":32,"enemies":"Replay:BlueRogue","floor":6,"turns":6},{"damage":0,"enemies":"Exordium Thugs","floor":8,"turns":3},{"damage":3,"enemies":"Blue Slaver","floor":10,"turns":4},{"damage":35,"enemies":"Slime Boss","floor":16,"turns":4},{"damage":17,"enemies":"2 Thieves","floor":18,"turns":4},{"damage":7,"enemies":"Shell Parasite","floor":19,"turns":4},{"damage":37,"enemies":"Snecko","floor":20,"turns":7},{"damage":24,"enemies":"conspire:HollyBat","floor":22,"turns":7},{"damage":8,"enemies":"Centurion and Healer","floor":25,"turns":4},{"damage":18,"enemies":"Cultist and Chosen","floor":29,"turns":5},{"damage":42,"enemies":"Book of Stabbing","floor":30,"turns":3}],"seed_played":"-9150270021826207080","potions_obtained":[{"floor":1,"key":"PowerPotion"},{"floor":3,"key":"LiquidMemories"},{"floor":5,"key":"Guardian:BlockOnCardUsePotion"},{"floor":6,"key":"Toxic Potion"},{"floor":18,"key":"AttackPotion"},{"floor":22,"key":"Poison Potion"}],"is_trial":false,"path_per_floor":["M","?","M","M","?","E","R","M","T","M","R","?","R","$","R","B",null,"M","M","M","?","M","R","?","M","T","$","R","M","E"],"character_chosen":"THE_SILENT","items_purchased":["Accuracy","Bandage Up","relicPack:InfinityGauntlet","Pantograph"],"campfire_rested":0,"item_purchase_floors":[14,14,27,27],"current_hp_per_floor":[70,52,52,50,50,18,18,18,18,15,15,15,15,15,36,7,70,59,58,33,33,15,15,15,30,30,30,30,28,0,0],"gold":41,"neow_bonus":"NOSTALGIA","is_daily":false,"chose_seed":false,"campfire_upgraded":0,"win_rate":0.0,"timestamp":1612620946,"path_taken":["M","?","M","M","?","E","R","?","T","M","R","?","R","$","R","BOSS","M","?","M","?","?","R","?","M","T","$","R","M","E"],"items_purchased_type":["Card","Card","Relic","Relic"],"build_version":"2020-12-22","purchased_purges":2,"victory":false,"max_hp_per_floor":[70,70,70,70,70,70,70,70,70,70,70,70,70,70,70,70,70,70,70,70,70,70,70,49,49,49,49,49,49,49,49],"card_choices":[{"not_picked":["Hidden Blade","Underhanded Strike"],"picked":"Blade Dance","floor":1},{"not_picked":["Acrobatics","Dash"],"picked":"Hidden Blade","floor":2},{"not_picked":["Masterful Stab","PiercingWail"],"picked":"Infinite Blades","floor":3},{"not_picked":["ReplayTheSpireMod:Exploit Weakness","jedi:poisonivy","Skewer"],"picked":"SKIP","floor":4},{"not_picked":["Bane","Dagger Throw","Eviscerate"],"picked":"SKIP","floor":6},{"not_picked":["PiercingWail","Underhanded Strike"],"picked":"Accuracy","floor":8},{"not_picked":["Dodge and Roll","Backflip"],"picked":"Accuracy","floor":10},{"not_picked":["REME_GrazeFinale","ReplayTheSpireMod:Necrosis"],"picked":"Doppelganger","floor":16},{"not_picked":["Underhanded Strike","Footwork","ReplayTheSpireMod:Necrogeddon"],"picked":"Accuracy","floor":18},{"not_picked":["PiercingWail","Dagger Spray","REME_BodyOfCthun"],"picked":"Hidden Blade","floor":19},{"not_picked":["Dodge and Roll","Fluid Movement+1","jedi:pocketpoison","ReplayUltimateDefense"],"picked":"SKIP","floor":20},{"not_picked":["Underhanded Strike+1","Backflip","Sucker Punch"],"picked":"Transmutation","floor":22},{"not_picked":["Outmaneuver","Noxious Fumes","REME_Flogging"],"picked":"Accuracy","floor":25},{"not_picked":["jedi:poisonivy+1","ReplayTheSpireMod:Scrap Shanks","Slice+1","Survey Options+1"],"picked":"SKIP","floor":29}],"player_experience":63018,"relics_obtained":[{"floor":2,"key":"Shovel"},{"floor":6,"key":"Ancient Tea Set"},{"floor":7,"key":"Girya"},{"floor":9,"key":"qcfpunch:Army_Boots"},{"floor":17,"key":"reliquary:TuningFork"},{"floor":17,"key":"Replay:Mystery Machine"},{"floor":23,"key":"jedi:matchstick"}],"event_choices":[{"damage_healed":0,"gold_gain":0,"player_choice":"Bought 1 Potion","damage_taken":0,"max_hp_gain":0,"max_hp_loss":0,"event_name":"The Woman in Blue","floor":5,"gold_loss":0},{"damage_healed":0,"gold_gain":275,"player_choice":"Desecrate","damage_taken":0,"max_hp_gain":0,"max_hp_loss":0,"event_name":"Golden Shrine","floor":12,"gold_loss":0,"cards_obtained":["Regret"]},{"damage_healed":0,"gold_gain":0,"player_choice":"Trade","damage_taken":0,"relics_obtained":["NlothsMask"],"max_hp_gain":0,"max_hp_loss":0,"event_name":"FaceTrader","floor":21,"gold_loss":0},{"damage_healed":0,"gold_gain":0,"player_choice":"Became a vampire","damage_taken":0,"max_hp_gain":0,"max_hp_loss":21,"event_name":"Vampires","floor":24,"gold_loss":0,"cards_obtained":["Bite","Bite","Bite","Bite","Bite"]}],"is_beta":false,"boss_relics":[{"not_picked":["energizedSpire:DeadBattery","aspiration:SecretTechniqueScroll"],"picked":"REME_LowDesire"}],"items_purged_floors":[14,27],"is_endless":false,"potions_floor_spawned":[1,3,6,18,22],"killed_by":"Book of Stabbing","ascension_level":1}}