{"host":"1q02rw1wpi0nrsss","time":1612645891,"event":{"mods":["AchievementEnabler","BaseMod","Better Note","Better Third Choice","Bossed Relics","Custom Start","Dark Map","DeckTracker","Disable Question Mark Monsters","Minty Spire (QoL Compilation)","Permanent Neow","Quick Restart","Rare Cards Sparkle","Relic Stats","StSLib","??????REMEMod"],"gold_per_floor":[110,126,126,51,72,72,72],"floor_reached":6,"language":"ENG","playtime":189,"items_purged":["Strike_G"],"score":45,"play_id":"c9352a47-35f9-4e56-9bc3-46217eb99109","local_time":"20210206131131","is_ascension_mode":true,"campfire_choices":[],"circlet_count":0,"master_deck":["Strike_G","Strike_G","Strike_G","Strike_G","Defend_G","Defend_G","Defend_G","Defend_G","Defend_G","Survivor","Neutralize","Sadistic Nature","Poisoned Stab","Backflip","Dagger Spray"],"relics":["Ring of the Snake","REME_ComplimentaryCards","Golden Idol"],"acts_visited":["Exordium"],"potions_floor_usage":[],"damage_taken":[{"damage":2,"enemies":"Small Slimes","floor":1,"turns":5},{"damage":0,"enemies":"Cultist","floor":2,"turns":3},{"damage":4,"enemies":"Jaw Worm","floor":5,"turns":3},{"damage":22,"enemies":"Lagavulin","floor":6,"turns":7}],"seed_played":"-2244603745764248359","potions_obtained":[],"is_trial":false,"path_per_floor":["M","M","?","$","M","E"],"character_chosen":"THE_SILENT","items_purchased":[],"campfire_rested":0,"item_purchase_floors":[],"current_hp_per_floor":[68,68,51,51,47,25,25],"gold":72,"neow_bonus":"THREE_CARDS","is_daily":false,"chose_seed":false,"campfire_upgraded":0,"win_rate":0.0,"timestamp":1612645891,"path_taken":["M","M","?","$","M","E"],"items_purchased_type":[],"build_version":"2020-12-22","purchased_purges":1,"victory":false,"max_hp_per_floor":[70,70,70,70,70,70,70],"relic_stats":{"counters":[4,17],"Golden Idol":4,"obtain_stats":[{"Golden Idol":3,"Ring of the Snake":0,"REME_ComplimentaryCards":0},{"Golden Idol":2,"Ring of the Snake":0,"REME_ComplimentaryCards":0},{"Golden Idol":8,"Ring of the Snake":0,"REME_ComplimentaryCards":0}],"Ring of the Snake":[8]},"card_choices":[{"not_picked":["Dagger Throw","Quick Slash"],"picked":"Poisoned Stab","floor":1},{"not_picked":["Endless Agony","Flying Knee"],"picked":"Backflip","floor":2},{"not_picked":["Underhanded Strike","All Out Attack"],"picked":"Dagger Spray","floor":5}],"player_experience":98103,"relics_obtained":[],"event_choices":[{"damage_healed":0,"gold_gain":0,"player_choice":"Take Damage","damage_taken":17,"relics_obtained":["Golden Idol"],"max_hp_gain":0,"max_hp_loss":0,"event_name":"Golden Idol","floor":3,"gold_loss":0}],"is_beta":false,"boss_relics":[],"items_purged_floors":[4],"is_endless":false,"potions_floor_spawned":[],"killed_by":"Lagavulin","ascension_level":5}}