{"host":"r91i8wii3z9p67t1","time":1612640834,"event":{"mods":["BaseMod","Minty Spire (QoL Compilation)","Relic Stats","Reliquary","StSLib"],"gold_per_floor":[112,122,122,139,157,157,188,188,188,188,188,213,213,248,248,353,353,373,373,373,53,53,53,79,99,99,99,99],"floor_reached":27,"language":"ENG","playtime":1125,"items_purged":[],"score":396,"play_id":"e37d3f1c-c086-4110-aabb-1c597910b04d","local_time":"20210207034714","is_ascension_mode":true,"campfire_choices":[{"data":"Vigilance","floor":6.0,"key":"SMITH"},{"data":"TalkToTheHand","floor":8.0,"key":"SMITH"},{"floor":10.0,"key":"REST"},{"floor":15.0,"key":"REST"},{"data":"Wallop","floor":23.0,"key":"SMITH"}],"circlet_count":0,"master_deck":["AscendersBane","Defend_P","Defend_P","Defend_P","Defend_P","Eruption","Vigilance+1","FollowUp+1","EmptyBody","ReachHeaven","TalkToTheHand+1","MentalFortress+1","Swivel","Devotion+1","RitualDagger","Wallop+1","Flash of Steel+1","Bite","Bite","Bite","Bite","Bite"],"relics":["PureWater","Frozen Egg 2","reliquary:Aerogel","Matryoshka","reliquary:PurpleTingedLeaf","Singing Bowl","Blue Candle","SlaversCollar","reliquary:Buckler","StoneCalendar","reliquary:SharkskinSheath","The Courier"],"acts_visited":["Exordium","TheCity"],"potions_floor_usage":[27],"damage_taken":[{"damage":7.0,"enemies":"Cultist","floor":1.0,"turns":3.0},{"damage":0.0,"enemies":"2 Louse","floor":2.0,"turns":1.0},{"damage":0.0,"enemies":"Small Slimes","floor":4.0,"turns":2.0},{"damage":12.0,"enemies":"3 Louse","floor":5.0,"turns":3.0},{"damage":20.0,"enemies":"3 Sentries","floor":7.0,"turns":8.0},{"damage":3.0,"enemies":"Gremlin Nob","floor":12.0,"turns":3.0},{"damage":7.0,"enemies":"3 Sentries","floor":14.0,"turns":11.0},{"damage":31.0,"enemies":"The Guardian","floor":16.0,"turns":14.0},{"damage":27.0,"enemies":"Spheric Guardian","floor":18.0,"turns":8.0},{"damage":51.0,"enemies":"Book of Stabbing","floor":24.0,"turns":8.0},{"damage":11,"enemies":"Chosen","floor":25,"turns":4},{"damage":9,"enemies":"Centurion and Healer","floor":27,"turns":1}],"seed_played":"-4552496245127182169","potions_obtained":[{"floor":1.0,"key":"Fruit Juice"},{"floor":7.0,"key":"FearPotion"},{"floor":16.0,"key":"Strength Potion"},{"floor":24.0,"key":"Dexterity Potion"}],"is_trial":false,"path_per_floor":["M","M","T","M","M","R","E","R","T","R","?","E","?","E","R","B",null,"M","?","?","$","?","R","E","M","T","M"],"character_chosen":"WATCHER","items_purchased":["reliquary:Buckler","Wallop","Flash of Steel"],"campfire_rested":2,"item_purchase_floors":[21,21,21],"current_hp_per_floor":[70,70,70,70,58,58,38,38,38,63,56,53,28,23,48,20,68,44,38,38,38,38,38,8,8,8,0,0],"gold":99,"neow_bonus":"TEN_PERCENT_HP_BONUS","is_daily":false,"chose_seed":false,"campfire_upgraded":3,"win_rate":0.0,"timestamp":1612640834,"path_taken":["M","M","?","M","M","R","E","R","T","R","?","E","?","E","R","BOSS","M","?","?","$","?","R","E","M","T","M"],"items_purchased_type":["Relic","Card","Card"],"build_version":"2020-12-22","purchased_purges":0,"victory":false,"max_hp_per_floor":[84,84,84,84,84,84,84,84,84,84,84,84,84,84,84,84,84,86,86,86,86,60,60,62,64,64,64,64],"relic_stats":{"Singing Bowl":6,"counters":[12,66],"Blue Candle":[0],"StoneCalendar":[0],"obtain_stats":[{"SlaversCollar":17,"Matryoshka":9,"Singing Bowl":13,"reliquary:Aerogel":7,"Blue Candle":14,"reliquary:Buckler":21,"StoneCalendar":24,"The Courier":26,"PureWater":0,"Frozen Egg 2":3,"reliquary:PurpleTingedLeaf":12,"reliquary:SharkskinSheath":26},{"SlaversCollar":8,"Matryoshka":5,"Singing Bowl":6,"reliquary:Aerogel":5,"Blue Candle":7,"reliquary:Buckler":9,"StoneCalendar":10,"The Courier":11,"PureWater":0,"Frozen Egg 2":2,"reliquary:PurpleTingedLeaf":6,"reliquary:SharkskinSheath":11},{"SlaversCollar":45,"Matryoshka":17,"Singing Bowl":20,"reliquary:Aerogel":17,"Blue Candle":31,"reliquary:Buckler":53,"StoneCalendar":61,"The Courier":65,"PureWater":0,"Frozen Egg 2":4,"reliquary:PurpleTingedLeaf":20,"reliquary:SharkskinSheath":65}]},"card_choices":[{"not_picked":["SandsOfTime","Halt"],"picked":"FollowUp","floor":1.0},{"not_picked":["CrushJoints","WindmillStrike"],"picked":"EmptyBody","floor":2.0},{"not_picked":["BowlingBash","FlyingSleeves"],"picked":"Nirvana+1","floor":4.0},{"not_picked":["FlyingSleeves","FollowUp"],"picked":"ReachHeaven","floor":5.0},{"not_picked":["Brilliance","FlyingSleeves"],"picked":"TalkToTheHand","floor":7.0},{"not_picked":["Protect","EmptyFist"],"picked":"MentalFortress+1","floor":12.0},{"not_picked":["SashWhip","FearNoEvil"],"picked":"Swivel","floor":14.0},{"not_picked":["Blasphemy","Ragnarok"],"picked":"Devotion+1","floor":16.0},{"not_picked":["SashWhip+1","Consecrate","Prostrate"],"picked":"Singing Bowl","floor":18.0},{"not_picked":["SashWhip","Prostrate","FlurryOfBlows+1"],"picked":"Singing Bowl","floor":24.0},{"not_picked":["ThirdEye","EmptyBody","Consecrate"],"picked":"Singing Bowl","floor":25}],"player_experience":1023598,"relics_obtained":[{"floor":3.0,"key":"Frozen Egg 2"},{"floor":7.0,"key":"reliquary:Aerogel"},{"floor":9.0,"key":"Matryoshka"},{"floor":12.0,"key":"reliquary:PurpleTingedLeaf"},{"floor":14.0,"key":"Blue Candle"},{"floor":24.0,"key":"StoneCalendar"},{"floor":26,"key":"reliquary:SharkskinSheath"},{"floor":26,"key":"The Courier"}],"event_choices":[{"cards_removed":["Nirvana"],"damage_healed":0.0,"max_hp_gain":0.0,"max_hp_loss":0.0,"gold_gain":0.0,"event_name":"Golden Wing","player_choice":"Card Removal","floor":11.0,"gold_loss":0.0,"damage_taken":7.0},{"damage_healed":0.0,"max_hp_gain":0.0,"max_hp_loss":0.0,"gold_gain":0.0,"event_name":"Scrap Ooze","player_choice":"Success","floor":13.0,"gold_loss":0.0,"damage_taken":25.0,"relics_obtained":["Singing Bowl"]},{"damage_healed":0.0,"max_hp_gain":0.0,"max_hp_loss":0.0,"gold_gain":0.0,"event_name":"Nest","player_choice":"Joined the Cult","floor":19.0,"gold_loss":0.0,"damage_taken":6.0,"cards_obtained":["RitualDagger"]},{"damage_healed":0.0,"max_hp_gain":0.0,"max_hp_loss":0.0,"gold_gain":0.0,"event_name":"Ghosts","player_choice":"Ignored","floor":20.0,"gold_loss":0.0,"damage_taken":0.0},{"damage_healed":0.0,"max_hp_gain":0.0,"max_hp_loss":26.0,"gold_gain":0.0,"event_name":"Vampires","player_choice":"Became a vampire","floor":22.0,"gold_loss":0.0,"damage_taken":0.0,"cards_obtained":["Bite","Bite","Bite","Bite","Bite"]}],"is_beta":false,"boss_relics":[{"not_picked":["Astrolabe","Black Star"],"picked":"SlaversCollar"}],"items_purged_floors":[],"is_endless":false,"potions_floor_spawned":[1,7,16,24],"killed_by":"Centurion and Healer","ascension_level":10}}