{"host":"22ezjknwheybwqtz","time":1612609618,"event":{"mods":["BaseMod","Downfall","Minty Spire (QoL Compilation)","Shop Mod","StSLib","The Dragon Tamer"],"gold_per_floor":[118,129,129,150,250,250,291,291,291,291,307,328,352,371,371,495,495,513,137,137,155,170,170,170,184,208,208,232,83,83,83,83,202,202,225,243,30,30,30,64,64,84,84,84,84,99,99,120,120,120,120,120],"floor_reached":50,"language":"ENG","playtime":1808,"items_purged":["downfall:Bewildered","downfall:Haunted"],"score":574,"play_id":"92c53c17-3d3c-4bc4-afd7-2529fe68669f","local_time":"20210206190658","is_ascension_mode":false,"metric_token":403,"campfire_choices":[{"data":"DTMod:ComboAttack","floor":6,"key":"SMITH"},{"floor":10,"key":"REST"},{"data":"DTMod:ComboAttack","floor":15,"key":"SMITH"},{"data":"DTMod:CleansingStrike","floor":23,"key":"SMITH"},{"data":"DTMod:ForkedFire","floor":27,"key":"SMITH"},{"floor":30,"key":"REST"},{"floor":32,"key":"REST"},{"data":"DTMod:SealedStrike","floor":41,"key":"SMITH"},{"data":"DTMod:SealedStrike+1","floor":45,"key":"SMITH"},{"floor":47,"key":"REST"},{"floor":49,"key":"REST"}],"dtmod_dragon_data":[0,50,1,1,8,9],"circlet_count":0,"master_deck":["DTMod:Strike","DTMod:Strike","DTMod:Strike","DTMod:Strike","DTMod:DoubleHit","DTMod:TargetDefense","DTMod:TargetDefense","DTMod:TargetDefense","DTMod:SwitchingTactic","DTMod:Feint","DTMod:HeatWave","DTMod:ComboAttack+1","downfall:Haunted","DTMod:GearUp","Clumsy","DTMod:ShadowImage","DTMod:ComboAttack+1","DTMod:FlameSlash","DTMod:TauntingStrike","DTMod:FierySynthesis","DTMod:CleansingStrike+1","DTMod:ForkedFire+1","DTMod:BlazingStrike+1","DTMod:BlazingStrike","DTMod:Dissolve","DTMod:SealedStrike+2","CurseOfTheBell","DTMod:CalculatedDefense+1","DTMod:BlazingStrike","DTMod:Harmonize","DTMod:BurningForce","Madness","Madness","DTMod:BurningForce+1","DTMod:Training+1","DTMod:Training+1"],"relics":["DTMod:PactStone","NeowsBlessing","Golden Idol","Darkstone Periapt","StoneCalendar","WarpedTongs","HornCleat","SacredBark","Torii","sneckomod:BabySnecko","Calling Bell","Nunchaku","InkBottle","DTMod:SolidMemories","Pocketwatch","DTMod:DragonFood"],"acts_visited":["Exordium","TheCity","TheBeyond"],"potions_floor_usage":[16,16,16,22,25,33,40,40,40],"damage_taken":[{"damage":0,"enemies":"Cultist","floor":1,"turns":1},{"damage":0,"enemies":"2 Louse","floor":2,"turns":1},{"damage":0,"enemies":"Small Slimes","floor":4,"turns":1},{"damage":14,"enemies":"Gremlin Nob","floor":7,"turns":7},{"damage":2,"enemies":"Looter","floor":11,"turns":4},{"damage":10,"enemies":"Exordium Thugs","floor":12,"turns":4},{"damage":1,"enemies":"Blue Slaver","floor":13,"turns":4},{"damage":0,"enemies":"Gremlin Gang","floor":14,"turns":3},{"damage":53,"enemies":"The Guardian","floor":16,"turns":9},{"damage":31,"enemies":"Spheric Guardian","floor":18,"turns":6},{"damage":0,"enemies":"3 Byrds","floor":21,"turns":5},{"damage":0,"enemies":"3 Cultists","floor":22,"turns":4},{"damage":0,"enemies":"Snake Plant","floor":25,"turns":1},{"damage":14,"enemies":"Shelled Parasite and Fungi","floor":28,"turns":5},{"damage":35,"enemies":"Champ","floor":33,"turns":13},{"damage":0,"enemies":"3 Shapes","floor":35,"turns":2},{"damage":0,"enemies":"Orb Walker","floor":36,"turns":2},{"damage":0,"enemies":"Reptomancer","floor":40,"turns":2},{"damage":16,"enemies":"Transient","floor":42,"turns":5},{"damage":11,"enemies":"Jaw Worm Horde","floor":46,"turns":5},{"damage":83,"enemies":"4 Shapes","floor":48,"turns":4},{"damage":42,"enemies":"Time Eater","floor":50,"turns":5}],"seed_played":"2346340012501910145","potions_obtained":[{"floor":2,"key":"sneckomod:MuddlingPotion"},{"floor":11,"key":"SkillPotion"},{"floor":12,"key":"Strength Potion"},{"floor":16,"key":"FearPotion"},{"floor":18,"key":"ColorlessPotion"},{"floor":33,"key":"Fruit Juice"},{"floor":35,"key":"FearPotion"},{"floor":36,"key":"SkillPotion"},{"floor":46,"key":"SkillPotion"},{"floor":48,"key":"Energy Potion"}],"is_trial":false,"path_per_floor":["M","M","?","M","?","R","E","?","T","R","M","M","M","M","R","B",null,"M","$","?","M","M","R","?","M","T","R","M","$","R","?","R","B",null,"M","M","$","?","?","E","R","M","T","?","R","M","R","M","R","B"],"character_chosen":"THE_DT","items_purchased":["Torii","AttackPotion","DTMod:Harmonize","DTMod:BurningForce"],"campfire_rested":5,"item_purchase_floors":[19,29,37,37],"current_hp_per_floor":[45,45,34,34,69,69,55,61,61,86,84,74,73,73,73,20,86,55,55,55,55,55,55,55,55,55,55,41,41,66,72,92,57,98,98,98,98,98,86,86,86,70,70,70,70,59,88,5,34,0,0,0],"gold":120,"neow_bonus":"THREE_ENEMY_KILL","is_daily":false,"chose_seed":false,"campfire_upgraded":6,"win_rate":0.0,"timestamp":1612609618,"path_taken":["M","?","?","M","?","R","E","?","T","R","M","M","M","?","R","BOSS","M","$","?","?","M","R","?","?","T","R","M","$","R","?","R","BOSS","M","M","$","?","?","E","R","M","T","?","R","?","R","M","R","BOSS"],"items_purchased_type":["Relic","Potion","Card","Card"],"build_version":"2020-12-22","purchased_purges":2,"victory":false,"max_hp_per_floor":[45,45,45,45,80,80,80,86,86,86,86,86,86,86,86,86,86,86,86,86,86,86,86,86,86,86,86,86,86,86,92,92,92,98,98,98,98,98,98,98,98,98,98,98,98,98,98,98,98,98,98,98],"card_choices":[{"not_picked":["DTMod:Threaten","DTMod:Conduct"],"picked":"DTMod:Feint","floor":1},{"not_picked":["DTMod:Coolant","DTMod:Feint"],"picked":"DTMod:HeatWave","floor":2},{"not_picked":["DTMod:CleansingStrike","DTMod:Punisher"],"picked":"DTMod:ComboAttack","floor":4},{"not_picked":["DTMod:WarmUp","DTMod:MagicField"],"picked":"DTMod:ShadowImage","floor":7},{"not_picked":["DTMod:Dissolve","DTMod:BizarreTactic"],"picked":"DTMod:ComboAttack","floor":11},{"not_picked":["DTMod:Threaten","DTMod:BurningEnergy","DTMod:DeepFocus"],"picked":"SKIP","floor":12},{"not_picked":["DTMod:Shift","DTMod:QuickFly"],"picked":"DTMod:FlameSlash","floor":13},{"not_picked":["DTMod:Astonish","DTMod:Haste"],"picked":"DTMod:TauntingStrike","floor":14},{"not_picked":["DTMod:OpeningTactic","DTMod:ExcessFootwork"],"picked":"DTMod:FierySynthesis","floor":16},{"not_picked":["DTMod:MagicField+1","DTMod:BuildUp"],"picked":"DTMod:CleansingStrike","floor":18},{"not_picked":["DTMod:HeatWave","DTMod:BreakAttack+1"],"picked":"DTMod:ForkedFire","floor":21},{"not_picked":["DTMod:Cover+1","DTMod:Astonish"],"picked":"DTMod:BlazingStrike+1","floor":22},{"not_picked":["DTMod:Punisher","DTMod:BizarreTactic"],"picked":"DTMod:BlazingStrike","floor":25},{"not_picked":["DTMod:BurningEnergy","DTMod:TriAttack"],"picked":"DTMod:Dissolve","floor":28},{"not_picked":["DTMod:TriAttack","DTMod:HeadStart"],"picked":"DTMod:SealedStrike","floor":33},{"not_picked":["DTMod:DeepFocus+1","DTMod:ForkedFire+1"],"picked":"DTMod:CalculatedDefense+1","floor":35},{"not_picked":["DTMod:FlameSlash+1","DTMod:BurningEnergy+1"],"picked":"DTMod:BlazingStrike","floor":36},{"not_picked":["DTMod:Dissolve","DTMod:BreakAttack+1"],"picked":"DTMod:BurningForce+1","floor":40},{"not_picked":["DTMod:BlazingStrike+1","DTMod:BizarreTactic"],"picked":"DTMod:Training+1","floor":42},{"not_picked":["DTMod:HeadStart","DTMod:Weaken","DTMod:Punisher"],"picked":"SKIP","floor":46},{"not_picked":["DTMod:QuickFly+1","DTMod:Hide+1"],"picked":"DTMod:Training+1","floor":48}],"player_experience":101355,"relics_obtained":[{"floor":7,"key":"StoneCalendar"},{"floor":9,"key":"HornCleat"},{"floor":34,"key":"Nunchaku"},{"floor":34,"key":"InkBottle"},{"floor":34,"key":"DTMod:SolidMemories"},{"floor":40,"key":"Pocketwatch"},{"floor":43,"key":"DTMod:DragonFood"}],"event_choices":[{"damage_healed":0,"gold_gain":0,"player_choice":"Take Damage","damage_taken":11,"relics_obtained":["Golden Idol"],"max_hp_gain":0,"max_hp_loss":0,"event_name":"Golden Idol","floor":3,"gold_loss":0},{"damage_healed":0,"gold_gain":0,"player_choice":"Rummage","damage_taken":0,"relics_obtained":["WarpedTongs"],"max_hp_gain":0,"max_hp_loss":0,"event_name":"Accursed Blacksmith","floor":8,"gold_loss":0,"cards_obtained":["Pain"]},{"cards_removed":["Pain"],"damage_healed":0,"gold_gain":0,"player_choice":"Card Removal","damage_taken":0,"max_hp_gain":0,"max_hp_loss":0,"event_name":"Wheel of Change","floor":20,"gold_loss":0},{"cards_removed":["Writhe"],"damage_healed":0,"gold_gain":0,"player_choice":"Purged","damage_taken":0,"max_hp_gain":0,"max_hp_loss":0,"event_name":"Purifier","floor":24,"gold_loss":0},{"cards_removed":["DTMod:TargetDefense"],"damage_healed":0,"gold_gain":0,"player_choice":"Removed Skill","damage_taken":0,"max_hp_gain":0,"max_hp_loss":0,"event_name":"Falling","floor":38,"gold_loss":0},{"damage_healed":0,"gold_gain":0,"player_choice":"Embrace Madness","damage_taken":12,"max_hp_gain":0,"max_hp_loss":0,"event_name":"Winding Halls","floor":39,"gold_loss":0,"cards_obtained":["Madness","Madness"]},{"cards_removed":["downfall:Bewildered"],"damage_healed":0,"gold_gain":0,"player_choice":"Purged","damage_taken":0,"max_hp_gain":0,"max_hp_loss":0,"event_name":"Purifier","floor":44,"gold_loss":0}],"is_beta":false,"boss_relics":[{"not_picked":["Runic Dome","Snecko Eye"],"picked":"SacredBark"},{"not_picked":["Sozu","Cursed Key"],"picked":"Calling Bell"}],"items_purged_floors":[19,29],"is_endless":false,"potions_floor_spawned":[2,11,12,14,16,18,33,35,36,46,48],"killed_by":"Time Eater","ascension_level":0}}