{"host":"o3b7ow6d1xe49css","time":1612592365,"event":{"mods":["Act Like it!","Aspiration","BaseMod","Bestiary","Better Altar","Better Match","Better Note","Better Sensory Stone","Better Skull","Better Third Choice","Colored Powertips","Conspire","Energized Spire","Force Act Four","GifTheSpireLib","Halation","Hermit","Hubris","Infinite Spire","Lobotomy","Minty Spire (QoL Compilation)","Quick Restart","Rare Cards Sparkle","Relic Filter Mod","Reliquary","Replay The Spire","Spicy Shops","Spikes Relics","Spire Arcade","StSLib","Stuff the Spire","The Blue Laboratory","Wandering Minibosses"],"gold_per_floor":[116,132,151,161,161,204,239,239,290,290,61,102,133,133,133,254,254,272,37,50,14,14,14,50,81,81,121,121,161,199,212,212,349,349,365,39,39,39,55,55,55],"floor_reached":40,"language":"ENG","playtime":2582,"items_purged":["Injury","Defend_B","Strike_B"],"score":810,"play_id":"84d3d619-fc3e-4c90-bf99-a5c58b731158","local_time":"20210205211925","daily_mods":["Heirloom","Flight"],"is_ascension_mode":true,"campfire_choices":[{"floor":8,"key":"REST"},{"floor":10,"key":"REST"},{"data":"StuffTheSpire:Ambrosia","floor":15,"key":"SMITH"},{"data":"Capacitor","floor":23,"key":"SMITH"},{"floor":28,"key":"DIG"},{"data":"hubris:PowerSurge","floor":32,"key":"SMITH"}],"circlet_count":0,"master_deck":["Strike_B","Strike_B","Strike_B","Defend_B","Defend_B","Defend_B","Zap","Dualcast","Beam Cell","UniverseFragment","hubris:Ukulele","Sweeping Beam","Glacier","Sweeping Beam","Master of Strategy","Capacitor+1","Cold Snap","StuffTheSpire:Ambrosia+1","Glacier+1","Clumsy","hubris:PowerSurge+1","infinitespire:DeathsTouch","infinitespire:Fortify","Gash","Capacitor","Loop+1"],"relics":["Cracked Core","Ring of Chaos","SuspiciousGoo","CogitoBucket","Golden Idol","reliquary:NewFriend","Shovel","PreservedInsect","energizedSpire:DeadBattery","LuminousBracelet","Membership Card","hubris:PeanutButter","Toolbox","Thread and Needle","InkBottle","reliquary:OuijaBoard","aspiration:AnachronicSnailShell","reliquary:TatteredRug","SpikesRelics:DaevaFist","Oddly Smooth Stone","BehaviorAdjustment","Black Star","infinitespire:BottledMercury","StuffTheSpire:OldFever","Omamori","halation:PapillonHeart"],"acts_visited":["Exordium","TheCity","TheBeyond"],"potions_floor_usage":[4,6,16,18,30,31,33,33],"damage_taken":[{"damage":1,"enemies":"Cultist","floor":1,"turns":3},{"damage":4,"enemies":"Jaw Worm","floor":2,"turns":7},{"damage":7,"enemies":"Small Slimes","floor":3,"turns":2},{"damage":8,"enemies":"3 Louse","floor":4,"turns":2},{"damage":17,"enemies":"Lagavulin","floor":6,"turns":7},{"damage":25,"enemies":"Gremlin Nob","floor":7,"turns":5},{"damage":14,"enemies":"Lagavulin","floor":12,"turns":7},{"damage":19,"enemies":"Gremlin Nob","floor":13,"turns":4},{"damage":4,"enemies":"The Guardian","floor":16,"turns":14},{"damage":5,"enemies":"Shell Parasite","floor":18,"turns":3},{"damage":22,"enemies":"3 Byrds","floor":20,"turns":12},{"damage":9,"enemies":"Slavers","floor":24,"turns":5},{"damage":0,"enemies":"Nightmare","floor":25,"turns":6},{"damage":0,"enemies":"Book of Stabbing","floor":27,"turns":6},{"damage":0,"enemies":"conspire:Head Lice","floor":29,"turns":4},{"damage":0,"enemies":"Slavers","floor":30,"turns":5},{"damage":6,"enemies":"Centurion and Healer","floor":31,"turns":10},{"damage":12,"enemies":"Automaton","floor":33,"turns":12},{"damage":0,"enemies":"3 Shapes","floor":35,"turns":7},{"damage":0,"enemies":"3 Darklings","floor":39,"turns":4},{"damage":0,"enemies":"Giant Head","floor":40,"turns":7}],"seed_played":"8569506782099744289","potions_obtained":[{"floor":1,"key":"PowerPotion"},{"floor":2,"key":"LiquidBronze"},{"floor":3,"key":"AttackPotion"},{"floor":16,"key":"Fire Potion"},{"floor":24,"key":"blueLaboratory:TeslaPotion"},{"floor":25,"key":"BlessingOfTheForge"},{"floor":30,"key":"blueLaboratory:BottleOfVodka"},{"floor":31,"key":"blueLaboratory:CreativityPotion"},{"floor":33,"key":"blueLaboratory:EnragingPotion"},{"floor":39,"key":"EssenceOfSteel"}],"is_trial":true,"path_per_floor":["M","M","M","M","?","E","E","R","T","R","$","E","E","?","R","B",null,"M","$","M","$","AVR","R","E","NM","T","E","R","E","E","M","R","B",null,"M","$","?","?","M","E"],"character_chosen":"DEFECT","items_purchased":["Master of Strategy","Capacitor","Membership Card","hubris:PeanutButter","hubris:PowerSurge","infinitespire:BottledMercury","StuffTheSpire:OldFever","Omamori"],"campfire_rested":2,"item_purchase_floors":[11,11,19,19,21,36,36,36],"current_hp_per_floor":[74,70,63,55,55,38,13,35,35,57,57,43,24,24,24,22,63,77,77,66,66,66,66,60,62,62,64,64,66,68,62,62,51,53,46,46,46,44,36,28,28],"gold":55,"neow_bonus":"","is_daily":false,"chose_seed":false,"campfire_upgraded":3,"win_rate":0.0,"timestamp":1612592365,"path_taken":["M","M","M","?","?","E","E","R","T","R","$","E","E","?","R","BOSS","M","$","M","$","AVR","R","E","NM","T","E","R","E","E","M","R","BOSS","M","?","?","?","M","E"],"items_purchased_type":["Card","Card","Relic","Relic","Card","Relic","Relic","Relic"],"build_version":"2020-12-22","purchased_purges":3,"victory":false,"max_hp_per_floor":[75,75,75,75,75,75,75,75,75,75,75,75,75,75,75,77,77,96,96,88,88,88,88,90,82,82,74,74,76,68,62,62,54,54,46,46,46,44,36,28,28],"card_choices":[{"not_picked":["Compile Driver","StuffTheSpire:GlassShard"],"picked":"Beam Cell","floor":1},{"not_picked":["ShyLook","VoidDream","CrumblingArmor"],"picked":"Singing Bowl","floor":1},{"not_picked":["Wellcheers","Scorched"],"picked":"UniverseFragment","floor":1},{"not_picked":["Barrage","Hologram"],"picked":"hubris:Ukulele","floor":2},{"not_picked":["OSAHOGD","ShyLook","PunishingBird"],"picked":"Singing Bowl","floor":2},{"not_picked":["Leap","Auto Shields"],"picked":"Sweeping Beam","floor":3},{"not_picked":["Steam","Barrage","Leap"],"picked":"SKIP","floor":4},{"not_picked":["Turbo","Go for the Eyes"],"picked":"Glacier","floor":6},{"not_picked":["CherryBlossoms","WallGazer","MeatLantern"],"picked":"Singing Bowl","floor":6},{"not_picked":["Sweeping Beam","Rebound","Genetic Algorithm"],"picked":"SKIP","floor":7},{"not_picked":["Rebound","Genetic Algorithm"],"picked":"Sweeping Beam","floor":7},{"not_picked":["MHz","Scarecrow","OSAHOGD"],"picked":"Singing Bowl","floor":12},{"not_picked":["Time Bomb","Darkness","Turbo"],"picked":"SKIP","floor":12},{"not_picked":["BasicCrystalCard","Go for the Eyes"],"picked":"Cold Snap","floor":13},{"not_picked":["StuffTheSpire:Perfection","StuffTheSpire:Harmony"],"picked":"StuffTheSpire:Ambrosia","floor":14},{"not_picked":["Alriune","SingingMachine","BeautyBeast"],"picked":"Singing Bowl","floor":16},{"not_picked":["ReplayTheSpireMod:Dual Polarity+1","Echo Form"],"picked":"Glacier+1","floor":18},{"not_picked":["PunishingBird","Mercenary","FairyFestival"],"picked":"Singing Bowl","floor":18},{"not_picked":["Sweeping Beam","Redo","Barrage+1"],"picked":"SKIP","floor":20},{"not_picked":["Heatsinks","Rebound","Multi-Cast"],"picked":"SKIP","floor":24},{"not_picked":["ReplayTheSpireMod:??????????????????????","infinitespire:FinalStrike"],"picked":"infinitespire:Fortify","floor":25},{"not_picked":["Force Field+1","Redo"],"picked":"Gash","floor":25},{"not_picked":["Steam+1","Redo","White Noise"],"picked":"SKIP","floor":27},{"not_picked":["Redo","Streamline","Beam Cell"],"picked":"SKIP","floor":29},{"not_picked":["Heatsinks","Recycle"],"picked":"Capacitor","floor":30},{"not_picked":["ReplaySolidLightProjector","Buffer","BasicCrystalCard"],"picked":"SKIP","floor":31},{"not_picked":["Stack+1","StuffTheSpire:Coldhearted","Rebound+1"],"picked":"SKIP","floor":35},{"not_picked":["Fusion+1","Skim"],"picked":"Loop+1","floor":39}],"player_experience":1306846,"relics_obtained":[{"floor":6,"key":"reliquary:NewFriend"},{"floor":7,"key":"Shovel"},{"floor":9,"key":"Dream Catcher"},{"floor":13,"key":"PreservedInsect"},{"floor":24,"key":"Thread and Needle"},{"floor":25,"key":"InkBottle"},{"floor":26,"key":"reliquary:OuijaBoard"},{"floor":27,"key":"aspiration:AnachronicSnailShell"},{"floor":28,"key":"reliquary:TatteredRug"},{"floor":29,"key":"SpikesRelics:DaevaFist"},{"floor":30,"key":"Oddly Smooth Stone"}],"event_choices":[{"damage_healed":0,"gold_gain":0,"player_choice":"Take Wound","damage_taken":0,"relics_obtained":["Golden Idol"],"max_hp_gain":0,"max_hp_loss":0,"event_name":"Golden Idol","floor":5,"gold_loss":0,"cards_obtained":["Injury"]},{"damage_healed":0,"gold_gain":3,"player_choice":"1","damage_taken":0,"max_hp_gain":0,"max_hp_loss":0,"event_name":"betterStone:BetterStone","floor":37,"gold_loss":0}],"is_beta":false,"boss_relics":[{"not_picked":["StuffTheSpire:RunicConfusion","Ring of Chaos"],"picked":"energizedSpire:DeadBattery"},{"not_picked":["ChewingGum","Replay:Grab Bag"],"picked":"Black Star"}],"items_purged_floors":[19,22,36],"is_endless":false,"potions_floor_spawned":[1,2,3,16,24,25,30,31,33,39],"killed_by":"Giant Head","ascension_level":5}}