{"host":"fv1cjvqplxezqiss","time":1612633912,"event":{"mods":["BaseMod","Colored Map","Minty Spire (QoL Compilation)","StSLib"],"gold_per_floor":[112,124,134,134,153,153,170,184,208,233,273,301,313,345,357,469,481,506,73,87,87,101,101,117,128,128,53,63,0,18,37,37,37,37],"floor_reached":33,"language":"ENG","playtime":1467,"items_purged":["Carnage"],"score":414,"play_id":"7a53deed-23de-4d27-a562-5d71e5c224d3","local_time":"20210206125152","is_ascension_mode":true,"campfire_choices":[{"data":"Fire Breathing","floor":6,"key":"SMITH"},{"data":"True Grit","floor":13,"key":"SMITH"},{"data":"Metallicize","floor":15,"key":"SMITH"},{"data":"Whirlwind","floor":23,"key":"SMITH"},{"data":"Seeing Red","floor":32,"key":"SMITH"}],"circlet_count":0,"master_deck":["AscendersBane","Bash","Fire Breathing+1","Pummel","Reckless Charge","Metallicize+1","Pommel Strike","Fire Breathing","Shrug It Off","Shrug It Off","Evolve","True Grit+1","Wild Strike","Whirlwind","Clothesline","Seeing Red+1","Feed","Reckless Charge","Fire Breathing","Whirlwind+1","Wild Strike+1","Shockwave","Armaments+1"],"relics":["Burning Blood","MawBank","HornCleat","Pandora\u0027s Box","Medical Kit","Lantern","Pear","Toy Ornithopter"],"acts_visited":["Exordium","TheCity"],"potions_floor_usage":[7,10,11,11,22,30,31],"damage_taken":[{"damage":3,"enemies":"2 Louse","floor":1,"turns":3},{"damage":11,"enemies":"Cultist","floor":2,"turns":4},{"damage":7,"enemies":"Small Slimes","floor":3,"turns":3},{"damage":11,"enemies":"3 Louse","floor":5,"turns":4},{"damage":9,"enemies":"Lots of Slimes","floor":7,"turns":3},{"damage":5,"enemies":"Blue Slaver","floor":8,"turns":3},{"damage":15,"enemies":"Gremlin Gang","floor":10,"turns":4},{"damage":25,"enemies":"Lagavulin","floor":11,"turns":8},{"damage":15,"enemies":"Large Slime","floor":12,"turns":5},{"damage":2,"enemies":"Blue Slaver","floor":14,"turns":5},{"damage":11,"enemies":"Hexaghost","floor":16,"turns":10},{"damage":10,"enemies":"Shell Parasite","floor":18,"turns":4},{"damage":18,"enemies":"Spheric Guardian","floor":20,"turns":4},{"damage":19,"enemies":"Shelled Parasite and Fungi","floor":22,"turns":4},{"damage":20,"enemies":"Chosen and Byrds","floor":24,"turns":5},{"damage":25,"enemies":"Centurion and Healer","floor":25,"turns":5},{"damage":6,"enemies":"Snake Plant","floor":28,"turns":4},{"damage":12,"enemies":"Cultist and Chosen","floor":30,"turns":4},{"damage":11,"enemies":"Snecko","floor":31,"turns":4},{"damage":60,"enemies":"Automaton","floor":33,"turns":6}],"seed_played":"-1255183858379218359","potions_obtained":[{"floor":0,"key":"DistilledChaos"},{"floor":0,"key":"SkillPotion"},{"floor":0,"key":"FearPotion"},{"floor":7,"key":"Explosive Potion"},{"floor":8,"key":"LiquidMemories"},{"floor":12,"key":"Swift Potion"},{"floor":16,"key":"Dexterity Potion"},{"floor":18,"key":"ElixirPotion"},{"floor":28,"key":"GamblersBrew"},{"floor":30,"key":"BloodPotion"}],"is_trial":false,"path_per_floor":["M","M","M","?","M","R","M","M","T","M","E","M","R","M","R","B",null,"M","$","M","$","M","R","M","M","T","?","M","?","M","M","R","B"],"character_chosen":"IRONCLAD","items_purchased":["Medical Kit","Shockwave","Lantern"],"campfire_rested":0,"item_purchase_floors":[19,19,19],"current_hp_per_floor":[75,70,69,69,64,64,61,62,62,53,34,25,25,29,29,24,66,62,62,50,50,37,37,26,7,17,17,20,20,19,38,38,0,0],"gold":37,"neow_bonus":"THREE_SMALL_POTIONS","is_daily":false,"chose_seed":false,"campfire_upgraded":5,"win_rate":0.0,"timestamp":1612633912,"path_taken":["M","M","M","?","?","R","M","M","T","?","E","M","R","?","R","BOSS","M","$","M","?","M","R","M","M","T","?","M","?","?","M","R","BOSS"],"items_purchased_type":["Relic","Card","Relic"],"build_version":"2020-12-22","purchased_purges":1,"victory":false,"max_hp_per_floor":[80,80,80,80,80,80,80,80,80,80,80,80,80,80,80,80,80,80,80,80,80,80,80,83,83,93,93,96,96,96,96,96,96,96],"card_choices":[{"not_picked":["Iron Wave","True Grit"],"picked":"Fire Breathing","floor":1},{"not_picked":["Sword Boomerang","Infernal Blade"],"picked":"Pummel","floor":2},{"not_picked":["Uppercut","Pommel Strike"],"picked":"Reckless Charge","floor":3},{"not_picked":["Heavy Blade","Cleave"],"picked":"Pommel Strike","floor":5},{"not_picked":["Iron Wave","Sentinel"],"picked":"Fire Breathing","floor":7},{"not_picked":["Cleave","Bludgeon"],"picked":"Shrug It Off","floor":8},{"not_picked":["Cleave","Ghostly Armor"],"picked":"Shrug It Off","floor":10},{"not_picked":["Feel No Pain","True Grit"],"picked":"Evolve","floor":11},{"not_picked":["Bloodletting","Entrench"],"picked":"True Grit","floor":12},{"not_picked":["Fire Breathing","Anger"],"picked":"Wild Strike","floor":14},{"not_picked":["Barricade","Reaper"],"picked":"Fiend Fire","floor":16},{"not_picked":["Entrench","Metallicize"],"picked":"Wild Strike+1","floor":18},{"not_picked":["Flex","Wild Strike+1","Headbutt"],"picked":"SKIP","floor":20},{"not_picked":["True Grit","Clothesline+1","Pommel Strike"],"picked":"SKIP","floor":22},{"not_picked":["Sever Soul","Dark Embrace","Rupture"],"picked":"SKIP","floor":24},{"not_picked":["Pummel","Clash","Searing Blow"],"picked":"SKIP","floor":25},{"not_picked":["Anger","Clash+1","Iron Wave"],"picked":"SKIP","floor":28},{"not_picked":["Headbutt","Fiend Fire"],"picked":"Armaments+1","floor":30},{"not_picked":["Thunderclap","Headbutt","Cleave"],"picked":"SKIP","floor":31}],"player_experience":626173,"relics_obtained":[{"floor":9,"key":"MawBank"},{"floor":11,"key":"HornCleat"},{"floor":26,"key":"Pear"}],"event_choices":[{"damage_healed":0,"gold_gain":0,"cards_transformed":["Strike_R"],"player_choice":"Transformed","damage_taken":0,"max_hp_gain":0,"max_hp_loss":0,"event_name":"Transmorgrifier","floor":4,"gold_loss":0,"cards_obtained":["Metallicize"]},{"cards_removed":["Fiend Fire"],"damage_healed":0,"gold_gain":0,"player_choice":"Gave Gold","damage_taken":0,"max_hp_gain":0,"max_hp_loss":0,"event_name":"Beggar","floor":27,"gold_loss":75},{"damage_healed":0,"gold_gain":0,"player_choice":"Paid Gold","damage_taken":0,"relics_obtained":["Toy Ornithopter"],"max_hp_gain":0,"max_hp_loss":0,"event_name":"WeMeetAgain","floor":29,"gold_loss":63}],"is_beta":false,"boss_relics":[{"not_picked":["Runic Cube","Ectoplasm"],"picked":"Pandora\u0027s Box"}],"items_purged_floors":[19],"is_endless":false,"potions_floor_spawned":[2,7,8,12,16,18,28,30],"killed_by":"Automaton","ascension_level":10}}