{"host":"9nzcajyrup44vdvf","time":1612605891,"event":{"mods":["2.2 Compatiblity","AchievementEnabler","AlwaysNeverKeys","BaseMod","Curses Come First","Downfall","Googly Eyes","Minty Spire (QoL Compilation)","Permanent Neow","Relic Stats","StSLib","SuperFastMode","everything is the same but u backflip on backflip","slay the spire mod where everything is the same but ironclad has a cowboy hat"],"gold_per_floor":[99,134,175,42,106,106,106,106,7,62,105,14,14,49,67,67,67,67],"floor_reached":16,"language":"ENG","playtime":1288,"items_purged":[],"score":102,"play_id":"9b34bfc2-399a-4dac-9134-a45015f51453","local_time":"20210206110451","is_ascension_mode":false,"campfire_choices":[{"data":"HandOfGreed","floor":1,"key":"SMITH"},{"data":"champ:CheapShot","floor":6,"key":"SMITH"},{"data":"champ:Taunt","floor":8,"key":"SMITH"},{"floor":13,"key":"REST"}],"circlet_count":0,"master_deck":["champ:Strike","champ:Strike","champ:Strike","champ:Strike","champ:Defend","champ:Defend","champ:Defend","champ:Defend","champ:Execute","champ:Taunt+1","HandOfGreed+1","champ:FlashCut","champ:FanOfKnives","champ:CheapShot+1","champ:Parry","champ:Endure","champ:RisingSlash","champ:Lariat","champ:Backstep","champ:BringItOn","champ:CalledShot","champ:PerfectedStrike","champ:ShieldWall","champ:CrownThrow","champ:PerfectedStrike"],"relics":["champ:ChampionCrown","Matryoshka","InkBottle"],"acts_visited":["Exordium"],"potions_floor_usage":[9,12,12,12,12,16,16],"damage_taken":[{"damage":4,"enemies":"2 Louse","floor":2,"turns":4},{"damage":3,"enemies":"Jaw Worm","floor":3,"turns":4},{"damage":25,"enemies":"downfall:FleeingMerchant","floor":4,"turns":4},{"damage":5,"enemies":"Small Slimes","floor":5,"turns":4},{"damage":23,"enemies":"downfall:FleeingMerchant","floor":9,"turns":5},{"damage":37,"enemies":"Gremlin Nob","floor":10,"turns":6},{"damage":15,"enemies":"3 Louse","floor":11,"turns":5},{"damage":9,"enemies":"downfall:FleeingMerchant","floor":12,"turns":5},{"damage":15,"enemies":"Large Slime","floor":14,"turns":5},{"damage":14,"enemies":"Exordium Thugs","floor":15,"turns":6},{"damage":32,"enemies":"WA_ARCHETYPE_RETAIN","floor":16,"turns":6}],"seed_played":"5868415783024304771","potions_obtained":[{"floor":3,"key":"Block Potion"},{"floor":10,"key":"BlessingOfTheForge"},{"floor":11,"key":"EntropicBrew"}],"is_trial":false,"path_per_floor":["R","M","M","$","M","R","T","R","$","E","M","$","R","M","M","B"],"character_chosen":"THE_CHAMP","items_purchased":["champ:Parry","LiquidMemories","champ:Lariat","champ:Backstep","champ:ShieldWall"],"campfire_rested":1,"item_purchase_floors":[4,4,9,9,12],"current_hp_per_floor":[63,59,56,51,46,46,46,46,43,16,10,10,37,32,28,0,0,0],"gold":67,"neow_bonus":"RANDOM_COLORLESS_2","is_daily":false,"chose_seed":false,"campfire_upgraded":3,"win_rate":0.0,"timestamp":1612605891,"path_taken":["R","M","M","$","M","R","T","R","$","E","M","$","R","M","M","BOSS"],"items_purchased_type":["Card","Potion","Card","Card","Card"],"build_version":"2020-12-22","purchased_purges":0,"victory":false,"max_hp_per_floor":[90,90,90,90,90,90,90,90,90,90,90,90,90,90,90,90,90,90],"relic_stats":{"counters":[11,54],"obtain_stats":[{"Matryoshka":7,"champ:ChampionCrown":0,"InkBottle":10},{"Matryoshka":4,"champ:ChampionCrown":0,"InkBottle":6},{"Matryoshka":16,"champ:ChampionCrown":0,"InkBottle":27}],"InkBottle":[6]},"card_choices":[{"not_picked":["Transmutation","Chrysalis"],"picked":"HandOfGreed","floor":0},{"not_picked":["champ:EnGarde","champ:AdrenalArmor"],"picked":"champ:FlashCut","floor":2},{"not_picked":["champ:DefensiveShout","champ:Circumvent"],"picked":"champ:FanOfKnives","floor":3},{"not_picked":["champ:Parry","champ:BerserkersShout"],"picked":"champ:CheapShot","floor":4},{"not_picked":["champ:TornadoPunch","champ:EndlessRage"],"picked":"champ:Endure","floor":5},{"not_picked":["champ:AdrenalArmor","champ:BladeFlurry"],"picked":"champ:RisingSlash","floor":9},{"not_picked":["champ:FocusedBerserking","champ:StanceDance"],"picked":"champ:BringItOn","floor":10},{"not_picked":["champ:EnGarde","champ:RapidStrikes"],"picked":"champ:CalledShot","floor":11},{"not_picked":["champ:GutPunch","champ:FocusedBerserking"],"picked":"champ:PerfectedStrike","floor":12},{"not_picked":["champ:FaceSlap","champ:Shatter"],"picked":"champ:CrownThrow","floor":14},{"not_picked":["champ:FanOfKnives","champ:RapidStrikes"],"picked":"champ:PerfectedStrike","floor":15}],"player_experience":452621,"relics_obtained":[{"floor":7,"key":"Matryoshka"},{"floor":10,"key":"InkBottle"}],"event_choices":[],"is_beta":false,"boss_relics":[],"items_purged_floors":[],"is_endless":false,"potions_floor_spawned":[3,10,11],"killed_by":"WA_ARCHETYPE_RETAIN","ascension_level":0}}