{"host":"x000krxjblg8jdg4","time":1612633188,"event":{"mods":["BaseMod","Downfall","Hermit","Minty Spire (QoL Compilation)","StSLib","The Cursed","The Runesmith","The Servant 0.9.4"],"gold_per_floor":[13,33,44,61,72,101,101,133,187,187,187,203,228,240,240,341,341,358,278,7,22,22,57,57,57],"floor_reached":24,"language":"ENG","playtime":1297,"items_purged":[],"score":238,"play_id":"76a849a2-f092-408f-b06c-6580a2e2faf8","local_time":"20210206153948","is_ascension_mode":false,"campfire_choices":[{"floor":7,"key":"REST"},{"floor":10,"key":"REST"},{"floor":15,"key":"REST"}],"circlet_count":0,"master_deck":["Strike_B","Strike_B","Strike_B","Strike_B","Defend_B","Defend_B","Defend_B","Defend_B","Zap+1","Dualcast","Beam Cell","Gash","Loop","Rip and Tear","Cold Snap","Defragment","Gash","Static Discharge","Chaos+1","Ball Lightning","Fission+1","FTL+1","Self Repair","Redo+1","Cold Snap","Defragment+1","Pain","Static Discharge+1"],"relics":["Cracked Core","Thread and Needle","Smiling Mask","Juzu Bracelet","Tiny Chest","Toxic Egg 2","Sozu","Ancient Tea Set","Anchor","WarpedTongs","Omamori"],"acts_visited":["Exordium","TheCity"],"potions_floor_usage":[5,6,16,23],"damage_taken":[{"damage":0,"enemies":"Cultist","floor":1,"turns":3},{"damage":0,"enemies":"2 Louse","floor":2,"turns":3},{"damage":0,"enemies":"Jaw Worm","floor":3,"turns":2},{"damage":31,"enemies":"Gremlin Gang","floor":4,"turns":5},{"damage":17,"enemies":"Lots of Slimes","floor":5,"turns":4},{"damage":5,"enemies":"Lagavulin","floor":6,"turns":5},{"damage":6,"enemies":"Gremlin Nob","floor":8,"turns":4},{"damage":5,"enemies":"Large Slime","floor":12,"turns":4},{"damage":18,"enemies":"3 Sentries","floor":13,"turns":5},{"damage":20,"enemies":"Exordium Thugs","floor":14,"turns":4},{"damage":18,"enemies":"Hexaghost","floor":16,"turns":9},{"damage":9,"enemies":"3 Byrds","floor":18,"turns":4},{"damage":5,"enemies":"Shell Parasite","floor":21,"turns":6},{"damage":96,"enemies":"Gremlin Leader","floor":23,"turns":8},{"damage":12,"enemies":"Shelled Parasite and Fungi","floor":24,"turns":2}],"seed_played":"-8237139565419175266","potions_obtained":[{"floor":2,"key":"Regen Potion"},{"floor":3,"key":"Weak Potion"},{"floor":6,"key":"FairyPotion"},{"floor":12,"key":"SkillPotion"},{"floor":16,"key":"ColorlessPotion"}],"is_trial":false,"path_per_floor":["M","M","M","M","M","E","R","E","T","R","?","M","E","M","R","B",null,"M","?","$","M","?","E","M"],"character_chosen":"DEFECT","items_purchased":["Self Repair","Redo+1","Anchor","Cold Snap"],"campfire_rested":3,"item_purchase_floors":[20,20,20,20],"current_hp_per_floor":[75,75,75,44,36,31,53,47,47,69,69,64,46,26,48,30,75,66,66,66,68,68,10,0,0],"gold":57,"neow_bonus":"ONE_RARE_RELIC","is_daily":false,"chose_seed":false,"campfire_upgraded":0,"win_rate":0.0,"timestamp":1612633188,"path_taken":["M","M","M","?","M","E","R","E","T","R","?","M","E","M","R","BOSS","M","?","$","M","?","E","M"],"items_purchased_type":["Card","Card","Relic","Card"],"build_version":"2020-12-22","purchased_purges":0,"victory":false,"max_hp_per_floor":[75,75,75,75,75,75,75,75,75,75,75,75,75,75,75,75,75,75,75,75,75,75,75,75,75],"card_choices":[{"not_picked":["Steam","Barrage"],"picked":"Beam Cell","floor":1},{"not_picked":["Barrage","Coolheaded"],"picked":"Gash","floor":2},{"not_picked":["Streamline","Beam Cell"],"picked":"Loop","floor":3},{"not_picked":["Sweeping Beam","Go for the Eyes"],"picked":"Rip and Tear","floor":4},{"not_picked":["Sweeping Beam","Undo"],"picked":"Cold Snap","floor":5},{"not_picked":["Redo","All For One"],"picked":"Defragment","floor":6},{"not_picked":["BootSequence","Undo"],"picked":"Gash","floor":8},{"not_picked":["Stack","Capacitor"],"picked":"Static Discharge","floor":12},{"not_picked":["Blizzard","Darkness+1"],"picked":"Chaos+1","floor":13},{"not_picked":["Heatsinks","Barrage"],"picked":"Ball Lightning","floor":14},{"not_picked":["Machine Learning","Seek+1"],"picked":"Fission+1","floor":16},{"not_picked":["Static Discharge","Barrage+1"],"picked":"FTL+1","floor":18},{"not_picked":["Hologram+1","Stack+1"],"picked":"Defragment+1","floor":21},{"not_picked":["Cold Snap","Rip and Tear"],"picked":"Static Discharge+1","floor":23}],"player_experience":62450,"relics_obtained":[{"floor":6,"key":"Smiling Mask"},{"floor":8,"key":"Juzu Bracelet"},{"floor":9,"key":"Tiny Chest"},{"floor":13,"key":"Toxic Egg 2"},{"floor":23,"key":"Omamori"}],"event_choices":[{"damage_healed":0,"gold_gain":0,"player_choice":"Grow","damage_taken":0,"max_hp_gain":0,"max_hp_loss":0,"event_name":"Living Wall","floor":11,"gold_loss":0,"cards_upgraded":["Zap"]},{"damage_healed":0,"gold_gain":0,"player_choice":"Paid Gold","damage_taken":0,"relics_obtained":["Ancient Tea Set"],"max_hp_gain":0,"max_hp_loss":0,"event_name":"WeMeetAgain","floor":19,"gold_loss":80},{"damage_healed":0,"gold_gain":0,"player_choice":"Rummage","damage_taken":0,"relics_obtained":["WarpedTongs"],"max_hp_gain":0,"max_hp_loss":0,"event_name":"Accursed Blacksmith","floor":22,"gold_loss":0,"cards_obtained":["Pain"]}],"is_beta":false,"boss_relics":[{"not_picked":["Ectoplasm","Cursed Key"],"picked":"Sozu"}],"items_purged_floors":[],"is_endless":false,"potions_floor_spawned":[2,3,6,12,16,21],"killed_by":"Shelled Parasite and Fungi","ascension_level":0}}