{"host":"ix2a18c4ohfsrslv","time":1612574626,"event":{"mods":["BaseMod","Downfall","Hubris","Minty Spire (QoL Compilation)","Reliquary","StSLib","TheSwordswoman"],"gold_per_floor":[99,99,99,99,99,99,99,125,138,138,238,250,279,293,307,410,410,410,13,13,13,67,122,122,122,196,256,322,322,322,350,363,363,363,363],"floor_reached":33,"language":"ENG","playtime":1673,"items_purged":["champ:Strike"],"score":415,"play_id":"f302d051-5bfe-4b08-a01d-35cfa83ed006","local_time":"20210205172346","is_ascension_mode":true,"campfire_choices":[{"data":"champ:Taunt","floor":1,"key":"SMITH"},{"data":"champ:TripleStrike","floor":10,"key":"SMITH"},{"data":"champ:LastStand","floor":18,"key":"SMITH"},{"data":"champ:PerfectedStrike","floor":25,"key":"SMITH"},{"floor":29,"key":"REST"}],"circlet_count":0,"master_deck":["champ:Strike+1","champ:Strike","champ:Strike","champ:Defend","champ:Defend","champ:Defend","champ:Defend+1","champ:Execute","champ:Taunt+1","champ:Encircle+1","downfall:Malfunctioning","champ:AdrenalArmor","champ:SwordSigil+1","champ:TripleStrike+1","champ:FanOfKnives","champ:BerserkersShout","champ:AdrenalArmor","champ:LastStand+1","champ:EnchantSword","champ:Duel","champ:BerserkerStyle","champ:EnGarde","hubris:NaturalOne","champ:PerfectedStrike+1","champ:FaceSlap+1","Thunderclap","champ:ShieldSigil+1","Feed"],"relics":["champ:ChampionCrown","downfall:HeartsMalice","hubris:Icosahedron","Bottled Flame","Pen Nib","reliquary:Knoch","hubris:ScarierMask","Membership Card","Boot","downfall:KnowingSkull","hubris:DisguiseKit","Dream Catcher","Omamori","reliquary:PorcupineQuills"],"acts_visited":["Exordium","TheCity"],"potions_floor_usage":[13,15,16,22,26,28,28,33],"damage_taken":[{"damage":0,"enemies":"Small Slimes","floor":2,"turns":1},{"damage":0,"enemies":"2 Louse","floor":5,"turns":1},{"damage":0,"enemies":"3 Sentries","floor":8,"turns":1},{"damage":15,"enemies":"Cultist","floor":9,"turns":3},{"damage":10,"enemies":"Large Slime","floor":12,"turns":4},{"damage":10,"enemies":"Gremlin Nob","floor":13,"turns":2},{"damage":22,"enemies":"Lots of Slimes","floor":14,"turns":2},{"damage":10,"enemies":"3 Louse","floor":15,"turns":2},{"damage":73,"enemies":"DF_ARCHETYPE_STREAMLINE","floor":16,"turns":6},{"damage":45,"enemies":"downfall:FleeingMerchant","floor":19,"turns":4},{"damage":37,"enemies":"Chosen","floor":22,"turns":3},{"damage":66,"enemies":"Spheric Guardian","floor":23,"turns":3},{"damage":50,"enemies":"Slavers","floor":26,"turns":3},{"damage":50,"enemies":"Centurion and Healer","floor":27,"turns":3},{"damage":87,"enemies":"Gremlin Leader","floor":28,"turns":5},{"damage":56,"enemies":"Book of Stabbing","floor":31,"turns":4},{"damage":21,"enemies":"Sentry and Sphere","floor":32,"turns":2},{"damage":59,"enemies":"SI_MIRROR_ARCHETYPE","floor":33,"turns":6}],"seed_played":"8763401371926856710","potions_obtained":[{"floor":12,"key":"SteroidPotion"},{"floor":14,"key":"DistilledChaos"},{"floor":15,"key":"champ:TechniquePotion"},{"floor":16,"key":"Guardian:BlockOnCardUsePotion"},{"floor":22,"key":"sneckomod:MuddlingPotion"},{"floor":23,"key":"hexamod:SoulburnPotion"},{"floor":28,"key":"FairyPotion"},{"floor":31,"key":"Explosive Potion"}],"is_trial":false,"path_per_floor":["R","M","?","?","M","?","T","E","M","R","?","M","E","M","M","B",null,"R","$","?","?","M","M","T","R","E","M","E","R","?","E","M","B"],"character_chosen":"THE_CHAMP","items_purchased":["Membership Card","champ:BerserkerStyle","champ:EnGarde","Boot"],"campfire_rested":1,"item_purchase_floors":[19,19,19,19],"current_hp_per_floor":[90,90,90,90,90,90,90,90,90,90,90,90,90,83,83,60,90,90,85,85,76,81,78,78,78,58,53,22,49,49,25,24,0,0,0],"gold":363,"neow_bonus":"THREE_ENEMY_KILL","is_daily":false,"chose_seed":false,"campfire_upgraded":4,"win_rate":0.0,"timestamp":1612574626,"path_taken":["R","M","?","?","M","?","T","E","?","R","?","M","E","M","M","BOSS","R","$","?","?","?","M","T","R","E","M","E","R","?","E","M","BOSS"],"items_purchased_type":["Relic","Card","Card","Relic"],"build_version":"2020-12-22","purchased_purges":1,"victory":false,"max_hp_per_floor":[90,90,90,90,90,90,90,90,90,90,90,90,90,90,90,90,90,90,90,90,90,90,90,90,90,90,90,90,90,90,90,90,93,93,93],"card_choices":[{"not_picked":["champ:BringItOn","champ:PerfectedStrike"],"picked":"champ:Encircle","floor":2},{"not_picked":["champ:PerfectedStrike","champ:BladeFlurry"],"picked":"champ:AdrenalArmor","floor":5},{"not_picked":["champ:Backstep","champ:Encircle"],"picked":"champ:SwordSigil","floor":8},{"not_picked":["champ:StanceDance","champ:FanOfKnives"],"picked":"champ:TripleStrike","floor":9},{"not_picked":["champ:Shatter","champ:AdrenalArmor"],"picked":"champ:FanOfKnives","floor":12},{"not_picked":["champ:FocusedDefense","champ:PerfectedStrike"],"picked":"champ:BerserkersShout","floor":13},{"not_picked":["champ:TornadoPunch","champ:BladeFlurry"],"picked":"champ:AdrenalArmor","floor":14},{"not_picked":["champ:DefensiveShout","champ:PerfectedStrike"],"picked":"champ:LastStand","floor":15},{"not_picked":["champ:DancingMaster","champ:IgnorePain"],"picked":"champ:EnchantSword","floor":16},{"not_picked":["champ:SwordSigil+1","champ:Backstep"],"picked":"champ:Duel","floor":19},{"not_picked":["champ:FanOfKnives","champ:FocusedDefense+1","champ:Haymaker"],"picked":"SKIP","floor":22},{"not_picked":["champ:PreciseThrust","champ:TornadoPunch+1"],"picked":"champ:PerfectedStrike","floor":23},{"not_picked":["champ:AdrenalArmor","champ:GladiatorForm","champ:Circumvent","Entrench"],"picked":"SKIP","floor":26},{"not_picked":["champ:Encircle+1","champ:BringItOn","Clothesline"],"picked":"champ:FaceSlap+1","floor":27},{"not_picked":["champ:AdrenalArmor+1","champ:BerserkersShout","champ:ShieldThrow","Warcry"],"picked":"SKIP","floor":28},{"not_picked":["champ:FlashCut","champ:PreciseThrust","champ:CrownThrow"],"picked":"Thunderclap","floor":29},{"not_picked":["champ:StanceDance","champ:Endure","Flex"],"picked":"champ:ShieldSigil+1","floor":31},{"not_picked":["champ:StanceDance","champ:AdrenalArmor","champ:EndlessRage"],"picked":"Feed","floor":32}],"player_experience":185495,"relics_obtained":[{"floor":7,"key":"Bottled Flame"},{"floor":8,"key":"Pen Nib"},{"floor":13,"key":"reliquary:Knoch"},{"floor":24,"key":"hubris:DisguiseKit"},{"floor":26,"key":"Dream Catcher"},{"floor":28,"key":"Omamori"},{"floor":31,"key":"reliquary:PorcupineQuills"}],"event_choices":[],"is_beta":false,"boss_relics":[{"not_picked":["reliquary:KinkedSpring","hubris:GrandSneckoEye"],"picked":"hubris:ScarierMask"}],"items_purged_floors":[19],"is_endless":false,"potions_floor_spawned":[12,14,15,16,22,23,28,31],"killed_by":"SI_MIRROR_ARCHETYPE","ascension_level":3}}