{"host":"vumwfieg2b2mnrfl","time":1612589826,"event":{"mods":["AchievementEnabler","BaseMod","Minty Spire (QoL Compilation)","Rare Cards Sparkle","Relic Stats"],"gold_per_floor":[117,130,149,149,168,168,56,84,84,101,118,118,131,161,161,233,233,246,246,70,160,171,171,202,202,202,237,237,237],"floor_reached":28,"language":"ENG","playtime":1004,"items_purged":["Strike_G","Strike_G"],"score":686,"play_id":"49ec518d-3ab7-4f3c-a134-5b1eaf0d4a3b","local_time":"20210205233706","is_ascension_mode":true,"campfire_choices":[{"floor":6,"key":"REST"},{"data":"After Image","floor":15,"key":"SMITH"},{"floor":23,"key":"REST"},{"floor":25,"key":"REST"}],"circlet_count":0,"master_deck":["AscendersBane","Strike_G","Strike_G","Strike_G","Defend_G","Defend_G","Defend_G","Defend_G","Defend_G","Survivor","Neutralize","Panache","Blade Dance","Accuracy","Noxious Fumes","Backflip","Noxious Fumes","Infinite Blades","After Image+1","Dagger Throw","Accuracy","Envenom","Noxious Fumes","Accuracy","Blade Dance","Dash"],"relics":["Ring of the Snake","White Beast Statue","Thread and Needle","Turnip","Philosopher\u0027s Stone","Frozen Egg 2","Gremlin Horn","Bag of Preparation"],"acts_visited":["Exordium","TheCity"],"potions_floor_usage":[8,10,14,16,22,24,24,27],"damage_taken":[{"damage":1,"enemies":"Cultist","floor":1,"turns":5},{"damage":0,"enemies":"Small Slimes","floor":2,"turns":3},{"damage":0,"enemies":"Jaw Worm","floor":3,"turns":2},{"damage":11,"enemies":"Blue Slaver","floor":5,"turns":4},{"damage":24,"enemies":"Gremlin Nob","floor":8,"turns":4},{"damage":6,"enemies":"Lots of Slimes","floor":10,"turns":4},{"damage":0,"enemies":"Gremlin Gang","floor":11,"turns":4},{"damage":0,"enemies":"2 Fungi Beasts","floor":13,"turns":4},{"damage":0,"enemies":"3 Sentries","floor":14,"turns":5},{"damage":0,"enemies":"Hexaghost","floor":16,"turns":8},{"damage":0,"enemies":"Spheric Guardian","floor":18,"turns":5},{"damage":25,"enemies":"3 Byrds","floor":22,"turns":5},{"damage":44,"enemies":"Book of Stabbing","floor":24,"turns":5},{"damage":26,"enemies":"Slavers","floor":27,"turns":5},{"damage":11,"enemies":"Sentry and Sphere","floor":28,"turns":3}],"seed_played":"-3651422843506249734","potions_obtained":[{"floor":3,"key":"Block Potion"},{"floor":8,"key":"DistilledChaos"},{"floor":10,"key":"LiquidMemories"},{"floor":11,"key":"SpeedPotion"},{"floor":14,"key":"SpeedPotion"},{"floor":16,"key":"Fruit Juice"},{"floor":18,"key":"SpeedPotion"},{"floor":22,"key":"Regen Potion"},{"floor":24,"key":"SkillPotion"},{"floor":27,"key":"LiquidBronze"}],"is_trial":false,"path_per_floor":["M","M","M","$","M","R","$","E","T","M","M","?","M","E","R","B",null,"M","?","$","?","M","R","E","R","T","E","M"],"character_chosen":"THE_SILENT","items_purchased":["Noxious Fumes","Accuracy"],"campfire_rested":3,"item_purchase_floors":[7,20],"current_hp_per_floor":[43,43,43,43,32,51,51,27,27,21,21,21,21,21,21,26,60,60,60,60,48,23,44,15,36,36,10,0,0],"gold":237,"neow_bonus":"RANDOM_COLORLESS_2","is_daily":false,"chose_seed":false,"campfire_upgraded":1,"win_rate":0.0,"timestamp":1612589826,"path_taken":["M","?","M","$","M","R","$","E","T","M","M","?","M","E","R","BOSS","M","?","$","?","M","R","E","R","T","E","?"],"items_purchased_type":["Card","Card"],"build_version":"2020-12-22","purchased_purges":2,"victory":false,"max_hp_per_floor":[66,66,66,66,66,66,66,66,66,66,66,66,66,66,66,71,71,71,71,71,71,71,71,71,71,71,71,71,71],"relic_stats":{"Gremlin Horn":[3,3],"counters":[15,66],"Turnip":[10],"Bag of Preparation":[2],"obtain_stats":[{"Gremlin Horn":26,"Thread and Needle":9,"Philosopher\u0027s Stone":17,"Turnip":14,"Bag of Preparation":27,"Frozen Egg 2":24,"White Beast Statue":8,"Ring of the Snake":0},{"Gremlin Horn":13,"Thread and Needle":5,"Philosopher\u0027s Stone":10,"Turnip":9,"Bag of Preparation":14,"Frozen Egg 2":13,"White Beast Statue":5,"Ring of the Snake":0},{"Gremlin Horn":58,"Thread and Needle":18,"Philosopher\u0027s Stone":43,"Turnip":35,"Bag of Preparation":63,"Frozen Egg 2":58,"White Beast Statue":18,"Ring of the Snake":0}],"Ring of the Snake":[30]},"card_choices":[{"not_picked":["Magnetism","Mayhem"],"picked":"Panache","floor":0},{"not_picked":["Tactician","Slice"],"picked":"Blade Dance","floor":1},{"not_picked":["PiercingWail","Bane"],"picked":"Accuracy","floor":2},{"not_picked":["Expertise","All Out Attack"],"picked":"Noxious Fumes","floor":3},{"not_picked":["Heel Hook","Setup"],"picked":"Backflip","floor":5},{"not_picked":["Setup","Flechettes"],"picked":"Infinite Blades","floor":8},{"not_picked":["Eviscerate","Blur","Dagger Spray"],"picked":"SKIP","floor":10},{"not_picked":["Quick Slash","Backstab"],"picked":"After Image","floor":11},{"not_picked":["All Out Attack","Tactician"],"picked":"Dagger Throw","floor":13},{"not_picked":["Predator","Sucker Punch"],"picked":"Accuracy","floor":14},{"not_picked":["Malaise","Burst"],"picked":"Envenom","floor":16},{"not_picked":["Backstab","Concentrate","Dagger Throw"],"picked":"SKIP","floor":18},{"not_picked":["Poisoned Stab+1","Flying Knee","Slice"],"picked":"SKIP","floor":22},{"not_picked":["Outmaneuver+1","Dagger Spray"],"picked":"Blade Dance","floor":24},{"not_picked":["All Out Attack","Flechettes+1"],"picked":"Dash","floor":27}],"player_experience":529517,"relics_obtained":[{"floor":8,"key":"White Beast Statue"},{"floor":9,"key":"Thread and Needle"},{"floor":14,"key":"Turnip"},{"floor":24,"key":"Frozen Egg 2"},{"floor":26,"key":"Gremlin Horn"},{"floor":27,"key":"Bag of Preparation"}],"event_choices":[{"damage_healed":0,"gold_gain":0,"player_choice":"Fled","damage_taken":0,"max_hp_gain":0,"max_hp_loss":0,"event_name":"Scrap Ooze","floor":12,"gold_loss":0},{"damage_healed":0,"gold_gain":0,"player_choice":"Read","damage_taken":0,"max_hp_gain":0,"max_hp_loss":0,"event_name":"The Library","floor":19,"gold_loss":0,"cards_obtained":["Noxious Fumes"]},{"damage_healed":0,"gold_gain":90,"player_choice":"GOLD ","damage_taken":12,"max_hp_gain":0,"max_hp_loss":0,"event_name":"Knowing Skull","floor":21,"potions_obtained":[],"gold_loss":0,"cards_obtained":[]}],"is_beta":false,"boss_relics":[{"not_picked":["Velvet Choker","Astrolabe"],"picked":"Philosopher\u0027s Stone"}],"items_purged_floors":[7,20],"is_endless":false,"potions_floor_spawned":[3,8,10,11,13,14,16,18,22,24,27],"killed_by":"Sentry and Sphere","ascension_level":20}}