{"host":"oopoa2qluour3scl","time":1612604909,"event":{"mods":["2.2 Compatiblity","AchievementEnabler","AlwaysNeverKeys","BaseMod","Better Match","Better Note","Better Sensory Stone","Better Third Choice","Better Vampires","BetterRewards","Colored Powertips","Communication Mod","Minty Spire (QoL Compilation)","Practice Mode","Random Character Button","Relic Stats","StSLib","SuperFastMode","Swap Starting Deck Mod"],"gold_per_floor":[117,117,134,134,152,182,182,34,34,61,61,95,95,95,95,190,190,206,206,221,234,254,289,289,289,315,415,415,445,468,468,468,569,569,587,587,587,2,2,277,277,296,378,389,389,403,429,445,445,445,445],"floor_reached":50,"language":"ENG","playtime":1791,"items_purged":[],"score":616,"play_id":"4727005e-2522-40e0-94be-c8edbe402258","local_time":"20210206104829","is_ascension_mode":false,"campfire_choices":[{"data":"Anger","floor":7,"key":"SMITH"},{"data":"Armaments","floor":15,"key":"SMITH"},{"data":"Bullet Time","floor":24,"key":"SMITH"},{"data":"Heavy Blade","floor":28,"key":"SMITH"},{"data":"Uppercut","floor":32,"key":"SMITH"},{"data":"Apotheosis","floor":41,"key":"SMITH"},{"data":"Madness","floor":45,"key":"SMITH"},{"data":"Madness","floor":49,"key":"SMITH"}],"circlet_count":0,"master_deck":["Anger+1","Twin Strike","Twin Strike","Twin Strike","Rage","Rage","Rage","Rage","Flex","Wild Strike","Dual Wield+1","Clash","Heavy Blade+1","Inflame+1","Bullet Time+1","Armaments+1","Berserk+1","Flex","Heavy Blade","Cleave+1","Dark Embrace+1","Blood for Blood","Uppercut+1","Reaper","Madness+1","Madness+1","Apotheosis+1","Demon Form+1","Demon Form+1","Inflame+1","Barricade+1"],"relics":["Burning Blood","swapstartingdeckmod:Bellows","Eternal Feather","Toolbox","Frozen Egg 2","MealTicket","Bronze Scales","Coffee Dripper","Anchor","Toy Ornithopter","Bird Faced Urn","Mummified Hand","Prayer Wheel","Omamori","SlaversCollar","Molten Egg 2","Darkstone Periapt","Ancient Tea Set"],"acts_visited":["Exordium","TheCity","TheBeyond"],"potions_floor_usage":[16,16,27,33,33,50,50],"damage_taken":[{"damage":0,"enemies":"2 Louse","floor":1,"turns":2},{"damage":0,"enemies":"Cultist","floor":3,"turns":2},{"damage":0,"enemies":"Jaw Worm","floor":5,"turns":2},{"damage":30,"enemies":"Gremlin Nob","floor":6,"turns":4},{"damage":18,"enemies":"Lagavulin","floor":10,"turns":4},{"damage":0,"enemies":"2 Fungi Beasts","floor":12,"turns":1},{"damage":36,"enemies":"The Guardian","floor":16,"turns":6},{"damage":22,"enemies":"3 Byrds","floor":18,"turns":4},{"damage":8,"enemies":"Shell Parasite","floor":20,"turns":3},{"damage":21,"enemies":"Centurion and Healer","floor":21,"turns":4},{"damage":21,"enemies":"Snake Plant","floor":22,"turns":3},{"damage":20,"enemies":"Slavers","floor":23,"turns":2},{"damage":3,"enemies":"Colosseum Slavers","floor":27,"turns":3},{"damage":7,"enemies":"Colosseum Nobs","floor":27,"turns":3},{"damage":4,"enemies":"Gremlin Leader","floor":29,"turns":4},{"damage":47,"enemies":"Collector","floor":33,"turns":6},{"damage":31,"enemies":"Orb Walker","floor":35,"turns":4},{"damage":19,"enemies":"3 Shapes","floor":42,"turns":3},{"damage":3,"enemies":"Maw","floor":44,"turns":4},{"damage":29,"enemies":"Sphere and 2 Shapes","floor":46,"turns":4},{"damage":68,"enemies":"Nemesis","floor":47,"turns":5},{"damage":40,"enemies":"4 Shapes","floor":48,"turns":4},{"damage":102,"enemies":"Awakened One","floor":50,"turns":5}],"seed_played":"-573860685127583134","potions_obtained":[{"floor":1,"key":"Strength Potion"},{"floor":2,"key":"CultistPotion"},{"floor":2,"key":"Strength Potion"},{"floor":16,"key":"Explosive Potion"},{"floor":20,"key":"LiquidMemories"},{"floor":22,"key":"Fire Potion"},{"floor":29,"key":"Dexterity Potion"},{"floor":48,"key":"Swift Potion"}],"is_trial":false,"path_per_floor":["M","?","M","?","M","E","R","$","T","E","?","M","?","$","R","B",null,"M","?","M","M","M","E","R","?","T","?","R","E","T","?","R","B",null,"M","?","?","$","?","?","R","M","T","M","R","M","E","M","R","B"],"character_chosen":"IRONCLAD","items_purchased":["Toolbox","Apotheosis","Molten Egg 2","Demon Form+1"],"campfire_rested":0,"item_purchase_floors":[8,38,38,38],"current_hp_per_floor":[80,80,80,80,80,56,62,62,62,50,50,56,56,71,80,50,80,64,64,62,47,32,18,30,30,30,37,49,57,57,57,69,41,80,60,60,50,65,49,49,64,69,69,80,80,59,16,20,38,0,0],"gold":445,"neow_bonus":"","is_daily":false,"chose_seed":false,"campfire_upgraded":8,"win_rate":0.0,"timestamp":1612604909,"path_taken":["M","?","?","?","M","E","R","$","T","E","?","?","?","$","R","BOSS","M","?","?","M","M","E","R","?","T","?","R","E","?","?","R","BOSS","M","?","?","$","?","?","R","M","T","M","R","M","E","M","R","BOSS"],"items_purchased_type":["Relic","Card","Relic","Card"],"build_version":"2020-12-22","purchased_purges":0,"victory":false,"max_hp_per_floor":[80,80,80,80,80,80,80,80,80,80,80,80,80,80,80,80,80,80,80,80,80,80,80,80,80,80,80,80,80,80,80,80,80,80,80,80,80,80,80,80,80,80,80,80,80,80,80,80,80,80,80],"relic_stats":{"Darkstone Periapt":0,"counters":[128,499],"Mummified Hand":[54],"Bronze Scales":[190],"Bird Faced Urn":[81],"Eternal Feather":183,"MealTicket":30,"Prayer Wheel":5,"obtain_stats":[{"CeramicFish":48,"Vajra":28,"Whetstone":26,"Bottled Tornado":43,"Sling":20,"Sozu":0,"Centennial Puzzle":13,"Lizard Tail":10,"HornCleat":30,"Sundial":7,"Strawberry":25,"MealTicket":10,"Prayer Wheel":29,"Fusion Hammer":17,"Girya":37,"Pear":26,"Astrolabe":17,"Dead Branch":30,"Eternal Feather":8,"Letter Opener":24,"War Paint":40,"Question Card":38,"Cables":0,"SlaversCollar":34,"Bottled Flame":10,"Shuriken":38,"Bronze Scales":0,"Bird Faced Urn":9,"Snecko Eye":17,"Molten Egg 2":26,"Black Star":17,"StrikeDummy":6,"Pocketwatch":6,"Darkstone Periapt":43,"Regal Pillow":0,"Singing Bowl":25,"Snake Skull":0,"Bag of Preparation":4,"Juzu Bracelet":10,"Ancient Tea Set":43,"Nunchaku":53,"Dream Catcher":27,"Mummified Hand":0,"Pantograph":0,"Toolbox":8,"WingedGreaves":0,"Red Mask":21,"Cracked Core":0,"Ring of the Snake":0,"Potion Belt":44,"Lee\u0027s Waffle":12,"NeowsBlessing":0,"Golden Idol":0,"The Courier":9,"swapstartingdeckmod:Bellows":0,"Omamori":30,"Frozen Egg 2":23,"Orichalcum":0,"GoldenEye":8,"DataDisk":40,"Anchor":23,"Ornamental Fan":46,"Orrery":0,"Ectoplasm":0,"Coffee Dripper":34,"Bottled Lightning":54,"Toy Ornithopter":23},{"CeramicFish":30,"Vajra":20,"Whetstone":4,"Bottled Tornado":28,"Sling":43,"Sozu":0,"Centennial Puzzle":52,"Lizard Tail":82,"HornCleat":21,"Sundial":65,"Strawberry":76,"MealTicket":110,"Prayer Wheel":120,"Fusion Hammer":70,"Girya":25,"Pear":76,"Astrolabe":85,"Dead Branch":91,"Eternal Feather":81,"Letter Opener":45,"War Paint":97,"Question Card":25,"Cables":0,"SlaversCollar":121,"Bottled Flame":39,"Shuriken":25,"Bronze Scales":0,"Bird Faced Urn":9,"Snecko Eye":42,"Molten Egg 2":19,"Black Star":54,"StrikeDummy":37,"Pocketwatch":9,"Darkstone Periapt":123,"Regal Pillow":33,"Singing Bowl":19,"Snake Skull":46,"Bag of Preparation":48,"Juzu Bracelet":66,"Ancient Tea Set":98,"Nunchaku":31,"Dream Catcher":77,"Mummified Hand":0,"Pantograph":0,"Toolbox":109,"WingedGreaves":46,"Red Mask":73,"Cracked Core":0,"Ring of the Snake":0,"Potion Belt":99,"Lee\u0027s Waffle":67,"NeowsBlessing":61,"Golden Idol":0,"The Courier":50,"swapstartingdeckmod:Bellows":105,"Omamori":120,"Frozen Egg 2":17,"Orichalcum":46,"GoldenEye":38,"DataDisk":27,"Anchor":117,"Ornamental Fan":101,"Orrery":46,"Ectoplasm":78,"Coffee Dripper":23,"Bottled Lightning":32,"Toy Ornithopter":3},{"CeramicFish":94,"Vajra":64,"Whetstone":18,"Bottled Tornado":90,"Sling":156,"Sozu":0,"Centennial Puzzle":191,"Lizard Tail":312,"HornCleat":66,"Sundial":230,"Strawberry":283,"MealTicket":431,"Prayer Wheel":464,"Fusion Hammer":257,"Girya":81,"Pear":283,"Astrolabe":329,"Dead Branch":355,"Eternal Feather":304,"Letter Opener":167,"War Paint":380,"Question Card":81,"Cables":0,"SlaversCollar":470,"Bottled Flame":133,"Shuriken":81,"Bronze Scales":0,"Bird Faced Urn":31,"Snecko Eye":150,"Molten Egg 2":61,"Black Star":200,"StrikeDummy":121,"Pocketwatch":31,"Darkstone Periapt":477,"Regal Pillow":102,"Singing Bowl":61,"Snake Skull":169,"Bag of Preparation":176,"Juzu Bracelet":234,"Ancient Tea Set":384,"Nunchaku":96,"Dream Catcher":287,"Mummified Hand":0,"Pantograph":0,"Toolbox":427,"WingedGreaves":169,"Red Mask":270,"Cracked Core":0,"Ring of the Snake":0,"Potion Belt":388,"Lee\u0027s Waffle":239,"NeowsBlessing":219,"Golden Idol":0,"The Courier":182,"swapstartingdeckmod:Bellows":417,"Omamori":464,"Frozen Egg 2":54,"Orichalcum":169,"GoldenEye":124,"DataDisk":86,"Anchor":454,"Ornamental Fan":396,"Orrery":169,"Ectoplasm":289,"Coffee Dripper":73,"Bottled Lightning":99,"Toy Ornithopter":14}],"Burning Blood":114,"Toy Ornithopter":42},"card_choices":[{"not_picked":["Combust","Metallicize"],"picked":"Wild Strike","floor":1},{"not_picked":["True Grit","Dropkick"],"picked":"Dual Wield","floor":3},{"not_picked":["Cleave","Seeing Red"],"picked":"Clash","floor":5},{"not_picked":["Thunderclap","Rage"],"picked":"Heavy Blade","floor":6},{"not_picked":["Cleave","Dual Wield"],"picked":"Inflame+1","floor":10},{"not_picked":["Pommel Strike","Second Wind"],"picked":"Armaments","floor":12},{"not_picked":["Corruption+1","Exhume"],"picked":"Berserk+1","floor":16},{"not_picked":["True Grit","Evolve+1"],"picked":"Flex","floor":18},{"not_picked":["Havoc","Clash"],"picked":"Cleave+1","floor":20},{"not_picked":["Twin Strike","Combust+1","Havoc+1"],"picked":"SKIP","floor":21},{"not_picked":["Twin Strike","Combust+1","Havoc+1"],"picked":"SKIP","floor":21},{"not_picked":["Havoc+1","Warcry"],"picked":"Dark Embrace+1","floor":22},{"not_picked":["Warcry","Clash+1"],"picked":"Blood for Blood","floor":23},{"not_picked":["Thunderclap","Cleave+1"],"picked":"Uppercut","floor":27},{"not_picked":["Armaments","Dual Wield","Pommel Strike"],"picked":"SKIP","floor":29},{"not_picked":["Impervious","Feed"],"picked":"Reaper","floor":33},{"not_picked":["Heavy Blade","Wild Strike","Warcry+1"],"picked":"SKIP","floor":35},{"not_picked":["Heavy Blade","Sword Boomerang+1","Shockwave"],"picked":"SKIP","floor":35},{"not_picked":["Sword Boomerang+1","Bloodletting"],"picked":"Inflame+1","floor":42},{"not_picked":["Shrug It Off","Blood for Blood+1","Brutality+1"],"picked":"SKIP","floor":42},{"not_picked":["Clash+1","Iron Wave+1","Entrench+1"],"picked":"SKIP","floor":44},{"not_picked":["Clothesline+1","Flame Barrier","Shrug It Off+1"],"picked":"SKIP","floor":44},{"not_picked":["Warcry","Blood for Blood+1","Cleave+1"],"picked":"SKIP","floor":46},{"not_picked":["Feel No Pain+1","Flex+1","Cleave+1"],"picked":"SKIP","floor":46},{"not_picked":["Blood for Blood+1","Heavy Blade+1"],"picked":"Barricade+1","floor":47},{"not_picked":["Body Slam+1","Flex+1","Clash+1"],"picked":"SKIP","floor":48},{"not_picked":["Flex+1","Havoc+1","Cleave+1"],"picked":"SKIP","floor":48}],"player_experience":458839,"relics_obtained":[{"floor":6,"key":"Eternal Feather"},{"floor":9,"key":"Frozen Egg 2"},{"floor":10,"key":"MealTicket"},{"floor":13,"key":"Bronze Scales"},{"floor":23,"key":"Anchor"},{"floor":26,"key":"Toy Ornithopter"},{"floor":27,"key":"Bird Faced Urn"},{"floor":27,"key":"Mummified Hand"},{"floor":29,"key":"Prayer Wheel"},{"floor":30,"key":"Omamori"},{"floor":43,"key":"Darkstone Periapt"},{"floor":47,"key":"Ancient Tea Set"}],"event_choices":[{"damage_healed":0,"gold_gain":0,"player_choice":"Got Potions","damage_taken":0,"max_hp_gain":0,"max_hp_loss":0,"event_name":"Lab","floor":2,"gold_loss":0},{"damage_healed":0,"gold_gain":0,"player_choice":"Grow","damage_taken":0,"max_hp_gain":0,"max_hp_loss":0,"event_name":"Living Wall","floor":4,"gold_loss":0,"cards_upgraded":["Dual Wield"]},{"cards_removed":["Inflame"],"damage_healed":0,"gold_gain":0,"player_choice":"Take \u0026 Give","damage_taken":0,"max_hp_gain":0,"max_hp_loss":0,"event_name":"betterNote:BetterNote","floor":11,"gold_loss":0,"cards_obtained":["Bullet Time"]},{"damage_healed":0,"gold_gain":0,"player_choice":"Relic","damage_taken":0,"max_hp_gain":0,"max_hp_loss":0,"event_name":"Wheel of Change","floor":13,"gold_loss":0},{"damage_healed":0,"gold_gain":0,"cards_transformed":["Twin Strike"],"player_choice":"Transformed","damage_taken":0,"max_hp_gain":0,"max_hp_loss":0,"event_name":"Transmorgrifier","floor":19,"gold_loss":0,"cards_obtained":["Heavy Blade"]},{"damage_healed":0,"gold_gain":0,"player_choice":"Ignored","damage_taken":0,"max_hp_gain":0,"max_hp_loss":0,"event_name":"Ghosts","floor":25,"gold_loss":0},{"damage_healed":0,"gold_gain":0,"player_choice":"Fight","damage_taken":0,"max_hp_gain":0,"max_hp_loss":0,"event_name":"Colosseum","floor":27,"gold_loss":0},{"damage_healed":0,"gold_gain":0,"player_choice":"Fought Nobs","damage_taken":0,"max_hp_gain":0,"max_hp_loss":0,"event_name":"Colosseum","floor":27,"gold_loss":0},{"damage_healed":0,"gold_gain":0,"player_choice":"Smashed Altar","damage_taken":0,"max_hp_gain":0,"max_hp_loss":0,"event_name":"Forgotten Altar","floor":31,"gold_loss":0,"cards_obtained":["Decay"]},{"damage_healed":0,"gold_gain":0,"player_choice":"Ignored","damage_taken":0,"max_hp_gain":0,"max_hp_loss":0,"event_name":"Tomb of Lord Red Mask","floor":36,"gold_loss":0},{"damage_healed":0,"gold_gain":0,"player_choice":"Embrace Madness","damage_taken":10,"max_hp_gain":0,"max_hp_loss":0,"event_name":"Winding Halls","floor":37,"gold_loss":0,"cards_obtained":["Madness","Madness"]},{"damage_healed":0,"gold_gain":3,"player_choice":"2","damage_taken":0,"max_hp_gain":0,"max_hp_loss":16,"event_name":"betterStone:BetterStone","floor":39,"gold_loss":0},{"damage_healed":0,"gold_gain":275,"player_choice":"Desecrate","damage_taken":0,"max_hp_gain":0,"max_hp_loss":0,"event_name":"Golden Shrine","floor":40,"gold_loss":0,"cards_obtained":["Regret"]}],"is_beta":false,"boss_relics":[{"not_picked":["Busted Crown","Pandora\u0027s Box"],"picked":"Coffee Dripper"},{"not_picked":["SacredBark","Runic Cube"],"picked":"SlaversCollar"}],"items_purged_floors":[],"is_endless":false,"potions_floor_spawned":[1,3,10,12,16,20,22,23,29,48],"killed_by":"Awakened One","ascension_level":0}}