{"host":"p0hktren06injwdf","time":1612607967,"event":{"mods":["AchievementEnabler","BaseMod","Colored Map","DeckTracker","Minty Spire (QoL Compilation)","Permanent Neow","StSLib","SuperFastMode"],"gold_per_floor":[117,127,143,193,207,237,251,278,278,296,296,29,48,82,82,156,156,166,166,5,23,41,41,41,41],"floor_reached":24,"language":"KOR","playtime":592,"items_purged":["Dualcast"],"score":490,"play_id":"c24819cf-8789-405d-8e5f-a7a69627a6ec","local_time":"20210206193927","is_ascension_mode":true,"campfire_choices":[{"data":"Zap","floor":11.0,"key":"SMITH"},{"data":"Reprogram","floor":15,"key":"SMITH"},{"data":"Reprogram","floor":23,"key":"SMITH"}],"circlet_count":0,"master_deck":["AscendersBane","Strike_B","Strike_B","Strike_B","Strike_B","Defend_B","Defend_B","Defend_B","Defend_B","Zap+1","Self Repair+1","Ball Lightning","Gash","All For One","Streamline","Gash+1","Beam Cell+1","Go for the Eyes+1","Reprogram+1","All For One+1","Reprogram+1","Leap"],"relics":["Cracked Core","Orichalcum","Molten Egg 2","Meat on the Bone","InkBottle","Runic Pyramid"],"acts_visited":["Exordium","TheCity"],"potions_floor_usage":[24,24],"damage_taken":[{"damage":4.0,"enemies":"Jaw Worm","floor":1.0,"turns":5.0},{"damage":2.0,"enemies":"Cultist","floor":2.0,"turns":4.0},{"damage":7.0,"enemies":"Small Slimes","floor":3.0,"turns":3.0},{"damage":9.0,"enemies":"Red Slaver","floor":5.0,"turns":3.0},{"damage":25.0,"enemies":"Lagavulin","floor":6.0,"turns":7.0},{"damage":10.0,"enemies":"2 Fungi Beasts","floor":7.0,"turns":3.0},{"damage":26.0,"enemies":"3 Sentries","floor":8.0,"turns":7.0},{"damage":8.0,"enemies":"Large Slime","floor":10.0,"turns":4.0},{"damage":5.0,"enemies":"Looter","floor":13.0,"turns":2.0},{"damage":0.0,"enemies":"Gremlin Nob","floor":14.0,"turns":3.0},{"damage":23,"enemies":"The Guardian","floor":16,"turns":10},{"damage":30,"enemies":"3 Byrds","floor":18,"turns":5},{"damage":13,"enemies":"2 Thieves","floor":21,"turns":2},{"damage":27,"enemies":"Shelled Parasite and Fungi","floor":22,"turns":5},{"damage":35,"enemies":"Slavers","floor":24,"turns":3}],"seed_played":"-3825870796272437502","potions_obtained":[{"floor":1.0,"key":"DuplicationPotion"},{"floor":5.0,"key":"Swift Potion"},{"floor":8.0,"key":"Explosive Potion"},{"floor":14,"key":"SpeedPotion"}],"is_trial":false,"path_per_floor":["M","M","M","?","M","E","M","E","T","M","R","$","M","E","R","B",null,"M","?","$","M","M","R","E"],"character_chosen":"DEFECT","items_purchased":["Meat on the Bone","Reprogram"],"campfire_rested":0,"item_purchase_floors":[12,20],"current_hp_per_floor":[67,71,71,71,69,51,48,29,29,28,28,28,35,47,47,43,64,53,53,53,40,35,35,0,0],"gold":41,"neow_bonus":"THREE_CARDS","is_daily":false,"chose_seed":false,"campfire_upgraded":3,"win_rate":0.0,"timestamp":1612607967,"path_taken":["M","M","M","?","?","E","M","E","T","M","R","$","M","E","R","BOSS","M","?","$","M","?","R","E"],"items_purchased_type":["Relic","Card"],"build_version":"2020-12-22","purchased_purges":1,"victory":false,"max_hp_per_floor":[71,71,71,71,71,71,71,71,71,71,71,71,71,71,71,71,71,71,71,71,71,71,71,71,71],"card_choices":[{"not_picked":["Go for the Eyes","Gash"],"picked":"Self Repair","floor":0.0},{"not_picked":["Blizzard","Consume"],"picked":"Ball Lightning","floor":1.0},{"not_picked":["Go for the Eyes","Aggregate","Turbo"],"picked":"SKIP","floor":2.0},{"not_picked":["Streamline","Beam Cell"],"picked":"Gash","floor":3.0},{"not_picked":["Steam Power","Consume","Turbo"],"picked":"SKIP","floor":5.0},{"not_picked":["Aggregate","Doom and Gloom"],"picked":"All For One","floor":6.0},{"not_picked":["Capacitor","Reinforced Body"],"picked":"Streamline","floor":7.0},{"not_picked":["Stack","Ball Lightning+1"],"picked":"Gash+1","floor":8.0},{"not_picked":["Conserve Battery","Ball Lightning+1"],"picked":"Beam Cell+1","floor":10.0},{"not_picked":["Rip and Tear+1","Conserve Battery"],"picked":"Go for the Eyes+1","floor":13.0},{"not_picked":["Gash+1","Cold Snap+1"],"picked":"Reprogram","floor":14},{"not_picked":["Biased Cognition","Buffer"],"picked":"All For One+1","floor":16},{"not_picked":["White Noise","Barrage+1","Tempest"],"picked":"SKIP","floor":18},{"not_picked":["Steam","Melter+1","Double Energy+1"],"picked":"SKIP","floor":21},{"not_picked":["Steam","Rip and Tear+1"],"picked":"Leap","floor":22}],"player_experience":1016785,"relics_obtained":[{"floor":6.0,"key":"Orichalcum"},{"floor":8.0,"key":"Molten Egg 2"},{"floor":14,"key":"InkBottle"}],"event_choices":[{"damage_healed":0.0,"max_hp_gain":0.0,"max_hp_loss":0.0,"gold_gain":50.0,"event_name":"Golden Shrine","player_choice":"Pray","floor":4.0,"gold_loss":0.0,"damage_taken":0.0},{"damage_healed":0,"gold_gain":0,"player_choice":"Upgraded","damage_taken":0,"max_hp_gain":0,"max_hp_loss":0,"event_name":"Upgrade Shrine","floor":19,"gold_loss":0,"cards_upgraded":["Self Repair"]}],"is_beta":false,"boss_relics":[{"not_picked":["Snecko Eye","Runic Dome"],"picked":"Runic Pyramid"}],"items_purged_floors":[20],"is_endless":false,"potions_floor_spawned":[1,5,8,14,16],"killed_by":"Slavers","ascension_level":20}}