{"host":"9slw7l0ws16384qq","time":1612643869,"event":{"mods":["A Penny For Your Troubles","BaseMod","Colored Map","Downfall","Evolution","Hubris","Minty Spire (QoL Compilation)","Replay The Spire","StS++","StSLib"],"gold_per_floor":[99,99,99,24,39,39,39,56,56,75,75,91,91,91,104,199,199,199,213,213,228,247,281,304,204,222,107,7,18,18,18,33,133,133,133,149,188,188,201,201,201,229,229,249,278,295,305,43,62,63],"floor_reached":51,"language":"FRA","playtime":1796,"items_purged":["bronze:Defend","bronze:Goto","bronze:Defend"],"score":999,"play_id":"e4a8d400-732b-4334-8d34-9aaa86b11c01","local_time":"20210206213749","is_ascension_mode":true,"campfire_choices":[{"floor":1.0,"key":"DIG"},{"data":"bronze:OilSpill","floor":6.0,"key":"SMITH"},{"data":"bronze:Constructor","floor":9.0,"key":"SMITH"},{"data":"bronze:Separator","floor":11.0,"key":"SMITH"},{"data":"bronze:Defend","floor":18.0,"key":"PURGE"},{"floor":25.0,"key":"RECALL"},{"floor":28.0,"key":"REST"},{"data":"bronze:OilSpill","floor":30.0,"key":"SMITH"},{"data":"bronze:OilSpill","floor":35.0,"key":"SMITH"}],"circlet_count":0,"master_deck":["bronze:OilSpill+1","bronze:OilSpill+1","bronze:OilSpill+1","bronze:OilSpill","bronze:Constructor+1","bronze:Replicate","bronze:Separator+1","bronze:Terminator+1","bronze:Mutator"],"relics":["bronze:BronzeCore","EVO:Axolotl","downfall:HeartsMalice","StSpp:SailorCap","hubris:BottledRain","hubris:VirtuousBlindfold","Kunai","Bag of Preparation","downfall:HeartBlessingGreen","downfall:HeartBlessingRed","Cursed Key","Orichalcum","Anchor","Durian","ReplayTheSpireMod:Shallot"],"acts_visited":["Exordium","TheCity","TheBeyond"],"potions_floor_usage":[],"damage_taken":[{"damage":0.0,"enemies":"Small Slimes","floor":2.0,"turns":1.0},{"damage":0.0,"enemies":"2 Louse","floor":3.0,"turns":1.0},{"damage":0.0,"enemies":"downfall:FleeingMerchant","floor":4.0,"turns":1.0},{"damage":0.0,"enemies":"Cultist","floor":5.0,"turns":2.0},{"damage":5.0,"enemies":"3 Louse","floor":8.0,"turns":3.0},{"damage":1.0,"enemies":"2 Fungi Beasts","floor":10.0,"turns":2.0},{"damage":5.0,"enemies":"Gremlin Gang","floor":12.0,"turns":2.0},{"damage":3.0,"enemies":"Blue Slaver","floor":15.0,"turns":2.0},{"damage":18.0,"enemies":"WA_ARCHETYPE_RETAIN","floor":16.0,"turns":4.0},{"damage":0.0,"enemies":"Spheric Guardian","floor":19.0,"turns":2.0},{"damage":0.0,"enemies":"Snecko","floor":21.0,"turns":3.0},{"damage":13.0,"enemies":"Shelled Parasite and Fungi","floor":22.0,"turns":2.0},{"damage":38.0,"enemies":"Slavers","floor":23.0,"turns":4.0},{"damage":0.0,"enemies":"Snake Plant","floor":26.0,"turns":2.0},{"damage":0.0,"enemies":"downfall:FleeingMerchant","floor":27.0,"turns":4.0},{"damage":10.0,"enemies":"Sentry and Sphere","floor":29.0,"turns":3.0},{"damage":0.0,"enemies":"Centurion and Healer","floor":32.0,"turns":2.0},{"damage":8.0,"enemies":"IC_MUSHROOM_ARCHETYPE","floor":33.0,"turns":4.0},{"damage":0.0,"enemies":"3 Darklings","floor":36.0,"turns":4.0},{"damage":0.0,"enemies":"downfall:FleeingMerchant","floor":37.0,"turns":1.0},{"damage":0.0,"enemies":"3 Shapes","floor":39.0,"turns":3.0},{"damage":12.0,"enemies":"R_Hoarder","floor":42.0,"turns":6.0},{"damage":0.0,"enemies":"Spire Growth","floor":44.0,"turns":3.0},{"damage":3.0,"enemies":"Reptomancer","floor":45.0,"turns":5.0},{"damage":19.0,"enemies":"Writhing Mass","floor":46.0,"turns":4.0},{"damage":0.0,"enemies":"Jaw Worm Horde","floor":47.0,"turns":2.0},{"damage":4,"enemies":"3 Darklings","floor":49,"turns":3},{"damage":0,"enemies":"SI_POISON_ARCHETYPE","floor":50,"turns":6}],"seed_played":"-8111688713692205014","potions_obtained":[{"floor":5.0,"key":"Death Potion"},{"floor":8.0,"key":"Venom Potion"},{"floor":10.0,"key":"LiquidBronze"},{"floor":29.0,"key":"Explosive Potion"},{"floor":44.0,"key":"Fruit Juice"},{"floor":46.0,"key":"SmokeBomb"}],"is_trial":false,"path_per_floor":["R_BF","M","M","$","M","R","T","M","R","M","R","M","?","?","M","B",null,"R_BF","M","?","M","M","E","T","R","M","$","R","M","R","?","M","B",null,"R","M","$","?","M","?","T","E","?","M","E","M","M","$","M","B",null],"character_chosen":"THE_AUTOMATON","items_purchased":["Orichalcum","ReplayTheSpireMod:Shallot"],"campfire_rested":1,"item_purchase_floors":[37,48],"current_hp_per_floor":[70,70,70,70,70,70,70,65,65,64,64,59,59,59,56,38,62,62,62,62,62,49,11,11,11,11,11,32,22,22,80,80,72,78,78,78,78,78,78,78,78,72,72,77,79,60,60,60,56,56],"gold":63,"neow_bonus":"THREE_ENEMY_KILL","is_daily":false,"chose_seed":false,"campfire_upgraded":5,"win_rate":0.0,"timestamp":1612643869,"path_taken":["R_BF","M","M","$","M","R","T","M","R","M","R","M","?","?","M","BOSS","R_BF","M","?","M","?","E","T","R","M","$","R","M","R","?","M","BOSS","R","M","$","?","M","?","T","E","?","?","E","M","M","$","M","BOSS"],"items_purchased_type":["Relic","Relic"],"build_version":"2020-12-22","purchased_purges":3,"victory":true,"max_hp_per_floor":[70,70,70,70,70,70,70,70,70,70,70,70,70,70,70,70,70,70,70,70,70,70,70,70,70,70,70,70,70,70,80,80,80,80,80,80,80,80,80,80,80,80,80,85,90,90,90,90,90,90],"card_choices":[{"not_picked":["bronze:Optimize","bronze:DelayedGuard","bronze:Branch"],"picked":"SKIP","floor":2.0},{"not_picked":["bronze:FollowUp","bronze:NullPointer","bronze:CutThrough"],"picked":"SKIP","floor":3.0},{"not_picked":["bronze:Constructor","bronze:Philosophize","bronze:Flail"],"picked":"SKIP","floor":4.0},{"not_picked":["bronze:Boost","bronze:Turbo","bronze:BronzeArmor"],"picked":"SKIP","floor":5.0},{"not_picked":["bronze:Overheat","bronze:Constructor"],"picked":"bronze:Separator","floor":8.0},{"not_picked":["bronze:BugBarrage","bronze:ShipIt","bronze:BuggyMess"],"picked":"SKIP","floor":10.0},{"not_picked":["bronze:Iterate","bronze:Philosophize"],"picked":"bronze:Terminator","floor":12.0},{"not_picked":["bronze:GetLatest","bronze:NullPointer","bronze:BugBarrage"],"picked":"SKIP","floor":15.0},{"not_picked":["bronze:Format","bronze:Library"],"picked":"bronze:HyperBeam","floor":16.0},{"not_picked":["bronze:Deprecate","bronze:DelayedSlice","bronze:WhirlingStrike"],"picked":"SKIP","floor":19.0},{"not_picked":["bronze:DelayedGuard+1","bronze:Constructor","bronze:Terminator"],"picked":"SKIP","floor":21.0},{"not_picked":["bronze:Safeguard","bronze:Separator","bronze:Turbo"],"picked":"SKIP","floor":22.0},{"not_picked":["bronze:Format","bronze:BuggyMess","bronze:GetLatest"],"picked":"SKIP","floor":23.0},{"not_picked":["bronze:CloningBeam+1","bronze:WhirlingStrike+1","bronze:FollowUp"],"picked":"SKIP","floor":26.0},{"not_picked":["bronze:WildBeam","bronze:Deprecate","bronze:FineTuning"],"picked":"SKIP","floor":27.0},{"not_picked":["bronze:Boost","bronze:Return+1","bronze:BugBarrage+1"],"picked":"SKIP","floor":29.0},{"not_picked":["bronze:BitShift","bronze:Philosophize+1","bronze:Shell"],"picked":"SKIP","floor":32.0},{"not_picked":["bronze:FineTuning+1","bronze:NullPointer","bronze:Deprecate"],"picked":"SKIP","floor":36.0},{"not_picked":["bronze:Shield","bronze:BuggyMess","bronze:FollowUp"],"picked":"SKIP","floor":37.0},{"not_picked":["bronze:Shield+1","bronze:Branch+1","bronze:Frontload+1"],"picked":"SKIP","floor":39.0},{"not_picked":["bronze:TinkerersToolbox","bronze:GetLatest","bronze:MaxOutput+1"],"picked":"SKIP","floor":42.0},{"not_picked":["bronze:ClassDefault+1","bronze:BronzeOrb","bronze:ItsAFeature"],"picked":"SKIP","floor":44.0},{"not_picked":["bronze:BugBarrage+1","bronze:CutThrough+1","bronze:DigitalCarnage+1"],"picked":"SKIP","floor":45.0},{"not_picked":["bronze:WildBeam","bronze:WhirlingStrike+1","bronze:Allocate+1"],"picked":"SKIP","floor":46.0},{"not_picked":["bronze:Terminator","bronze:DelayedGuard"],"picked":"bronze:Mutator","floor":47.0},{"not_picked":["bronze:BitShift","bronze:Frontload+1","bronze:Branch+1"],"picked":"SKIP","floor":49}],"player_experience":1647430,"relics_obtained":[{"floor":1.0,"key":"StSpp:SailorCap"},{"floor":7.0,"key":"hubris:BottledRain"},{"floor":23.0,"key":"Kunai"},{"floor":24.0,"key":"Bag of Preparation"},{"floor":42.0,"key":"Anchor"},{"floor":45.0,"key":"Durian"}],"event_choices":[{"damage_healed":0.0,"max_hp_gain":0.0,"max_hp_loss":0.0,"gold_gain":0.0,"event_name":"Living Wall","player_choice":"Grow","floor":13.0,"gold_loss":0.0,"damage_taken":0.0,"cards_upgraded":["bronze:Terminator"]},{"damage_healed":0.0,"max_hp_gain":0.0,"max_hp_loss":0.0,"gold_gain":0.0,"event_name":"FaceTrader","player_choice":"Leave","floor":20.0,"gold_loss":0.0,"damage_taken":0.0}],"is_beta":false,"boss_relics":[{"not_picked":["StSpp:CrystalBall","Replay:Wanted Poster"],"picked":"hubris:VirtuousBlindfold"},{"not_picked":["StSpp:Magatama","Ring of Chaos"],"picked":"Cursed Key"}],"items_purged_floors":[4,27,37],"is_endless":false,"potions_floor_spawned":[5,8,10,16,19,21,29,32,36,44,46,49],"ascension_level":5}}