{"host":"Sylvester","time":1612580776,"event":{"mods":["BaseMod","Filter the Spire","Lobotomy","Minty Spire (QoL Compilation)","Replay The Spire","StSLib"],"gold_per_floor":[119,135,146,71,88,122,150,150,150,150,221,221,260,298,298,428,428,444,444,444,84,102,102,137,168,180,227,274,286,298,310,322,457,469,495,6,106,129,197,238,276,276,276,314,314,314,339,339,339,339],"floor_reached":51,"language":"ENG","playtime":1722,"items_purged":["ControlCode","Hallucinations"],"score":1289,"play_id":"38730074-5d11-4e1c-a37a-1671313240d6","local_time":"20210205190616","daily_mods":["Shiny","Heirloom","Time Dilation","Flight"],"is_ascension_mode":false,"campfire_choices":[{"floor":15,"key":"DIG"},{"data":"Wraith Form v2","floor":30,"key":"SMITH"},{"floor":42,"key":"DIG"},{"floor":46,"key":"DIG"},{"floor":49,"key":"DIG"}],"circlet_count":0,"master_deck":["Demon Form","Wraith Form v2+1","Echo Form","DevaForm","Justitia","GoldRush","CENSORED_ego","Pinks","DaCapo","Twilight","ParadiseLost","Adoration","SoundOfStar","InformationCode","TrainingCode","ScreamingWedge","TT2Protocol","CENSORED_ego","GoldRush","SecurityCode","Logging+1","BlackSwan_ego+1","GreenStem","WelfareCode","Twilight","ReplayUltimateDefense","Hypocrisy+1","Pot Of Greed","Pot Of Greed","Pot Of Greed"],"relics":["Snecko Eye","Replay:Kaleidoscope","Bottled Lightning","Lizard Tail","Replay:PocketPolymizer","Golden Idol","Ice Cream","Bottled Tornado","Letter Opener","MealTicket","Replay:Ancient Bell","Blood Vial","Garlic","Bird Faced Urn","Spirit Poop","BargainBundle","Pen Nib","MawBank","Pocketwatch","Eternal Feather","Replay:Mystery Machine","Coffee Dripper","CaptainsWheel","Molten Egg 2","Replay:Bottled Snecko","Shovel","Nunchaku","Smiling Mask","Kunai","Unceasing Top","Grinning Jar"],"acts_visited":["Exordium","TheCity","TheBeyond"],"potions_floor_usage":[51,51,51,51,51],"damage_taken":[{"damage":0,"enemies":"Cultist","floor":1,"turns":2},{"damage":0,"enemies":"2 Louse","floor":2,"turns":1},{"damage":0,"enemies":"Jaw Worm","floor":3,"turns":1},{"damage":0,"enemies":"Blue Slaver","floor":5,"turns":1},{"damage":0,"enemies":"Lagavulin","floor":6,"turns":4},{"damage":1,"enemies":"3 Sentries","floor":7,"turns":2},{"damage":0,"enemies":"Gremlin Nob","floor":11,"turns":1},{"damage":3,"enemies":"Gremlin Nob","floor":13,"turns":3},{"damage":0,"enemies":"3 Sentries","floor":14,"turns":1},{"damage":0,"enemies":"Slime Boss","floor":16,"turns":3},{"damage":0,"enemies":"Chosen","floor":18,"turns":2},{"damage":0,"enemies":"2 Thieves","floor":22,"turns":1},{"damage":18,"enemies":"Slavers","floor":24,"turns":2},{"damage":0,"enemies":"Centurion and Healer","floor":25,"turns":1},{"damage":0,"enemies":"Book of Stabbing","floor":27,"turns":2},{"damage":0,"enemies":"Slavers","floor":28,"turns":1},{"damage":0,"enemies":"Collector","floor":33,"turns":2},{"damage":4,"enemies":"Orb Walker","floor":35,"turns":1},{"damage":0,"enemies":"3 Shapes","floor":38,"turns":2},{"damage":0,"enemies":"Giant Head","floor":40,"turns":1},{"damage":36,"enemies":"Nemesis","floor":41,"turns":5},{"damage":0,"enemies":"Giant Head","floor":44,"turns":2},{"damage":0,"enemies":"Maw","floor":47,"turns":3},{"damage":0,"enemies":"Awakened One","floor":50,"turns":5},{"damage":15,"enemies":"Malkuth","floor":51,"turns":3},{"damage":0,"enemies":"Hod","floor":51,"turns":4},{"damage":49,"enemies":"Chesed","floor":51,"turns":4},{"damage":0,"enemies":"Binah","floor":51,"turns":9},{"damage":3,"enemies":"Angela","floor":51,"turns":5}],"seed_played":"8545677071710261133","potions_obtained":[{"floor":2,"key":"EntropicBrew"},{"floor":5,"key":"Strength Potion"},{"floor":6,"key":"Doom Potion"}],"is_trial":true,"path_per_floor":["M","M","M","$","M","E","E","R","T","?","?","R","E","E","R","B",null,"M","?","?","$","M","R","E","M","T","E","E","?","R","?","R","B",null,"M","$","?","M","?","E","E","R","T","E","?","R","M","?","R","B",null],"character_chosen":"Angela","items_purchased":["BargainBundle","Pen Nib","CaptainsWheel","ReplayUltimateDefense"],"campfire_rested":0,"item_purchase_floors":[21,21,36,36],"current_hp_per_floor":[70,70,70,70,70,70,69,69,69,52,52,52,49,49,49,49,70,70,67,67,67,67,67,55,65,65,67,67,67,67,61,67,67,67,67,67,67,67,67,67,61,67,67,67,67,67,67,67,67,67],"gold":339,"neow_bonus":"","is_daily":false,"chose_seed":false,"campfire_upgraded":1,"win_rate":0.0,"timestamp":1612580776,"path_taken":["M","M","M","?","M","E","E","R","T","?","?","R","E","E","R","BOSS","M","?","?","$","?","R","E","?","T","E","E","?","R","?","R","BOSS","M","?","?","?","?","E","E","R","T","E","?","R","?","?","R","BOSS"],"items_purchased_type":["Relic","Relic","Relic","Card"],"build_version":"2020-11-17","purchased_purges":2,"victory":true,"max_hp_per_floor":[70,70,70,70,70,70,70,70,70,70,70,70,70,70,70,70,70,70,67,67,67,67,67,67,67,67,67,67,67,67,67,67,67,67,67,67,67,67,67,67,67,67,67,67,67,67,67,67,67,67],"card_choices":[{"not_picked":["RedEyes","Loneliness"],"picked":"SKIP","floor":1},{"not_picked":["Christmas"],"picked":"ScreamingWedge","floor":2},{"not_picked":["Soda","RedEyes"],"picked":"SKIP","floor":3},{"not_picked":["Noise","CUTE"],"picked":"SKIP","floor":5},{"not_picked":["RapturousDream","RedEyes"],"picked":"SKIP","floor":6},{"not_picked":["Tough","Amita"],"picked":"SKIP","floor":7},{"not_picked":["Mimicry","Horn"],"picked":"SKIP","floor":13},{"not_picked":["Tough","ParadiseLost"],"picked":"SKIP","floor":14},{"not_picked":["DaCapo"],"picked":"CENSORED_ego","floor":16},{"not_picked":["Hallucinations"],"picked":"Clumsy","floor":17},{"not_picked":["Spreading Infection"],"picked":"Looming Evil","floor":17},{"not_picked":["ReplayTheSpireMod:Faulty Equipment"],"picked":"Parasite","floor":17},{"not_picked":["WristCuter"],"picked":"GoldRush","floor":18},{"not_picked":["RapturousDream","GrinderMk4"],"picked":"SKIP","floor":22},{"not_picked":["Wingbeat","Loneliness"],"picked":"SKIP","floor":24},{"not_picked":["Diffraction"],"picked":"Logging+1","floor":25},{"not_picked":["Ecstasy"],"picked":"BlackSwan_ego+1","floor":27},{"not_picked":["CUTE","ParadiseLost"],"picked":"SKIP","floor":28},{"not_picked":["ParadiseLost"],"picked":"Twilight","floor":33},{"not_picked":["Horn+1","CUTE"],"picked":"SKIP","floor":35},{"not_picked":["FourthMatchFlame","Beak"],"picked":"SKIP","floor":38},{"not_picked":["Discord"],"picked":"Hypocrisy+1","floor":40},{"not_picked":["Beak+1","Reverberation+1"],"picked":"SKIP","floor":41},{"not_picked":["RedEyes+1","Lantern+1"],"picked":"SKIP","floor":44},{"not_picked":["FeatherOfHonor+1","Heaven+1"],"picked":"SKIP","floor":47}],"player_experience":217070,"relics_obtained":[{"floor":6,"key":"Bottled Lightning"},{"floor":7,"key":"Lizard Tail"},{"floor":9,"key":"Replay:PocketPolymizer"},{"floor":13,"key":"Bottled Tornado"},{"floor":14,"key":"Letter Opener"},{"floor":15,"key":"MealTicket"},{"floor":24,"key":"MawBank"},{"floor":26,"key":"Pocketwatch"},{"floor":27,"key":"Eternal Feather"},{"floor":28,"key":"Replay:Mystery Machine"},{"floor":39,"key":"Molten Egg 2"},{"floor":40,"key":"Replay:Bottled Snecko"},{"floor":41,"key":"Shovel"},{"floor":42,"key":"Nunchaku"},{"floor":43,"key":"Smiling Mask"},{"floor":44,"key":"Kunai"},{"floor":46,"key":"Unceasing Top"},{"floor":49,"key":"Grinning Jar"}],"event_choices":[{"damage_healed":0,"gold_gain":0,"player_choice":"Take Damage","damage_taken":17,"relics_obtained":["Golden Idol"],"max_hp_gain":0,"max_hp_loss":0,"event_name":"Golden Idol","floor":10,"gold_loss":0},{"damage_healed":0,"gold_gain":0,"player_choice":"Searched \u00272\u0027 times","damage_taken":0,"relics_obtained":["Ice Cream"],"max_hp_gain":0,"max_hp_loss":0,"event_name":"Dead Adventurer","floor":11,"gold_loss":0},{"damage_healed":0,"gold_gain":0,"cards_transformed":["Parasite","Looming Evil"],"player_choice":"Became Test Subject","damage_taken":0,"max_hp_gain":0,"max_hp_loss":0,"event_name":"Drug Dealer","floor":19,"gold_loss":0,"cards_obtained":["Hallucinations","Overencumbered"]},{"cards_removed":["Overencumbered"],"damage_healed":0,"gold_gain":0,"player_choice":"Offered Curse","damage_taken":0,"relics_obtained":["Spirit Poop"],"max_hp_gain":0,"max_hp_loss":0,"event_name":"Bonfire Elementals","floor":20,"gold_loss":0},{"cards_removed":["Clumsy"],"damage_healed":0,"gold_gain":0,"player_choice":"Elegance","damage_taken":0,"max_hp_gain":0,"max_hp_loss":0,"event_name":"Back to Basics","floor":29,"gold_loss":0},{"damage_healed":0,"gold_gain":0,"player_choice":"","damage_taken":6,"max_hp_gain":0,"max_hp_loss":0,"event_name":"Knowing Skull","floor":31,"potions_obtained":[],"gold_loss":0,"cards_obtained":[]},{"damage_healed":0,"gold_gain":100,"player_choice":"Pray","damage_taken":0,"max_hp_gain":0,"max_hp_loss":0,"event_name":"Golden Shrine","floor":37,"gold_loss":0},{"cards_removed":["Mimicry"],"damage_healed":0,"gold_gain":0,"player_choice":"Purged","damage_taken":0,"max_hp_gain":0,"max_hp_loss":0,"event_name":"Purifier","floor":45,"gold_loss":0},{"damage_healed":0,"gold_gain":0,"player_choice":"Memory 1","damage_taken":0,"max_hp_gain":0,"max_hp_loss":0,"event_name":"SensoryStone","floor":48,"gold_loss":0}],"is_beta":true,"boss_relics":[{"not_picked":["Cursed Key","Painkiller Herb"],"picked":"Replay:Ancient Bell"},{"not_picked":["Toy Ornithopter","Boot"],"picked":"Blood Vial"},{"not_picked":["Question Card","Divine Protection"],"picked":"Garlic"},{"not_picked":["Replay:Multitool","Counterbalance"],"picked":"Bird Faced Urn"},{"not_picked":["Sozu","Ring of Chaos"],"picked":"Coffee Dripper"}],"items_purged_floors":[4,21],"is_endless":false,"potions_floor_spawned":[2,5,6,13,16,18,33,35,40,44],"ascension_level":0}}