{"host":"f5gffvlv6a66yqkd","time":1612589000,"event":{"mods":["2.2 Compatiblity","BaseMod","Colored Map","Custom Start","DeckTracker","Keyboard Shortcuts","Minty Spire (QoL Compilation)","Permanent Neow","Quick Restart","Relic Stats","StSLib","SuperFastMode"],"gold_per_floor":[118,130,28,28,28,28,55,55,55,83,9,20,32,50,50,50,50],"floor_reached":16,"language":"KOR","playtime":350,"items_purged":["Strike_R"],"score":220,"play_id":"b8947c7d-d187-4b68-98bb-bc4e5f66fec9","local_time":"20210206142320","is_ascension_mode":true,"campfire_choices":[{"floor":6,"key":"REST"},{"data":"Bash","floor":8,"key":"SMITH"},{"data":"Carnage","floor":15,"key":"SMITH"}],"circlet_count":0,"master_deck":["AscendersBane","Strike_R+1","Strike_R","Strike_R","Strike_R","Defend_R","Defend_R","Defend_R","Defend_R","Bash+1","Shrug It Off","Headbutt+1","Thunderclap","Cleave","Armaments","Carnage+1","Shrug It Off","True Grit"],"relics":["Burning Blood","Smiling Mask","Oddly Smooth Stone","Pantograph","Mango"],"acts_visited":["Exordium"],"potions_floor_usage":[7,10,13],"damage_taken":[{"damage":16,"enemies":"Jaw Worm","floor":1,"turns":4},{"damage":4,"enemies":"2 Louse","floor":2,"turns":4},{"damage":8,"enemies":"Gremlin Nob","floor":7,"turns":3},{"damage":25,"enemies":"Lagavulin","floor":10,"turns":5},{"damage":0,"enemies":"Cultist","floor":12,"turns":3},{"damage":10,"enemies":"Exordium Wildlife","floor":13,"turns":5},{"damage":39,"enemies":"Gremlin Gang","floor":14,"turns":5},{"damage":43,"enemies":"Slime Boss","floor":16,"turns":8}],"seed_played":"4487015741115416127","potions_obtained":[{"floor":1,"key":"DistilledChaos"},{"floor":7,"key":"SneckoOil"},{"floor":10,"key":"EssenceOfSteel"}],"is_trial":false,"path_per_floor":["M","M","$","?","?","R","E","R","T","E","$","M","M","M","R","B"],"character_chosen":"IRONCLAD","items_purchased":["Thunderclap","Carnage"],"campfire_rested":1,"item_purchase_floors":[3,11],"current_hp_per_floor":[58,60,60,37,37,59,57,57,57,52,52,58,54,21,21,3,3],"gold":50,"neow_bonus":"RANDOM_COMMON_RELIC","is_daily":false,"chose_seed":false,"campfire_upgraded":2,"win_rate":0.0,"timestamp":1612589000,"path_taken":["M","M","$","?","?","R","E","R","T","E","$","M","M","M","R","BOSS"],"items_purchased_type":["Card","Card"],"build_version":"2020-12-22","purchased_purges":1,"victory":false,"max_hp_per_floor":[75,75,75,75,75,75,75,75,75,89,89,89,89,89,89,89,89],"relic_stats":{"counters":[8,37],"Pantograph":25,"Smiling Mask":25,"obtain_stats":[{"Pantograph":9,"Oddly Smooth Stone":7,"Mango":10,"Smiling Mask":0,"Burning Blood":0},{"Pantograph":3,"Oddly Smooth Stone":3,"Mango":4,"Smiling Mask":0,"Burning Blood":0},{"Pantograph":11,"Oddly Smooth Stone":11,"Mango":16,"Smiling Mask":0,"Burning Blood":0}],"Burning Blood":42},"card_choices":[{"not_picked":["Flame Barrier","Anger"],"picked":"Shrug It Off","floor":1},{"not_picked":["Sever Soul","Anger"],"picked":"Headbutt","floor":2},{"not_picked":["Armaments","Pommel Strike"],"picked":"Cleave","floor":7},{"not_picked":["Rage","Flame Barrier"],"picked":"Armaments","floor":10},{"not_picked":["Feel No Pain","Flex"],"picked":"Shrug It Off","floor":12},{"not_picked":["Shrug It Off","Reckless Charge"],"picked":"True Grit","floor":13},{"not_picked":["Entrench","Carnage","Iron Wave"],"picked":"SKIP","floor":14}],"player_experience":1663943,"relics_obtained":[{"floor":7,"key":"Oddly Smooth Stone"},{"floor":9,"key":"Pantograph"},{"floor":10,"key":"Mango"}],"event_choices":[{"damage_healed":0,"gold_gain":0,"player_choice":"Entered Light","damage_taken":23,"max_hp_gain":0,"max_hp_loss":0,"event_name":"Shining Light","floor":4,"gold_loss":0,"cards_upgraded":["Strike_R","Headbutt"]},{"damage_healed":0,"gold_gain":0,"player_choice":"Ignored","damage_taken":0,"max_hp_gain":0,"max_hp_loss":0,"event_name":"Liars Game","floor":5,"gold_loss":0}],"is_beta":false,"boss_relics":[],"items_purged_floors":[3],"is_endless":false,"potions_floor_spawned":[1,7,10],"killed_by":"Slime Boss","ascension_level":20}}