{"host":"9bcvatsnbq1a3xq4","time":1612647726,"event":{"mods":["BaseMod","Bestiary","Block Reminder","Highlight Path","Minty Spire (QoL Compilation)","Relic Stats"],"gold_per_floor":[116,116,133,151,23,51,51,82,82,93,104,104,118,118,118],"floor_reached":14,"language":"ENG","playtime":815,"items_purged":[],"score":204,"play_id":"febab601-5339-4766-9997-ea940ce516f6","local_time":"20210206224206","is_ascension_mode":true,"campfire_choices":[{"data":"Doom and Gloom","floor":7,"key":"SMITH"},{"floor":12,"key":"REST"}],"circlet_count":0,"master_deck":["AscendersBane","Strike_B","Strike_B","Strike_B","Strike_B","Defend_B","Defend_B","Defend_B","Defend_B","Zap","Dualcast","Biased Cognition","Compile Driver","Go for the Eyes","Melter","Doom and Gloom+1","Chaos","Cold Snap","Hologram","Undo","Coolheaded"],"relics":["Cracked Core","CultistMask","Turnip","InkBottle","Bottled Tornado"],"acts_visited":["Exordium"],"potions_floor_usage":[6,11,14],"damage_taken":[{"damage":0,"enemies":"Jaw Worm","floor":1,"turns":3},{"damage":6,"enemies":"Cultist","floor":3,"turns":3},{"damage":2,"enemies":"2 Louse","floor":4,"turns":3},{"damage":20,"enemies":"Lagavulin","floor":6,"turns":6},{"damage":23,"enemies":"3 Sentries","floor":8,"turns":5},{"damage":0,"enemies":"2 Fungi Beasts","floor":10,"turns":3},{"damage":2,"enemies":"3 Louse","floor":11,"turns":2},{"damage":3,"enemies":"Blue Slaver","floor":13,"turns":4},{"damage":49,"enemies":"Gremlin Nob","floor":14,"turns":4}],"seed_played":"2102529257524714026","potions_obtained":[{"floor":4,"key":"SpeedPotion"},{"floor":8,"key":"SkillPotion"},{"floor":11,"key":"BlessingOfTheForge"}],"is_trial":false,"path_per_floor":["M","?","M","M","$","E","R","E","T","M","M","R","M","E"],"character_chosen":"DEFECT","items_purchased":["Doom and Gloom","DuplicationPotion"],"campfire_rested":1,"item_purchase_floors":[5,5],"current_hp_per_floor":[64,64,58,56,56,36,36,13,13,13,11,30,27,0,0],"gold":118,"neow_bonus":"THREE_RARE_CARDS","is_daily":false,"chose_seed":false,"campfire_upgraded":1,"win_rate":0.0,"timestamp":1612647726,"path_taken":["M","?","M","M","?","E","R","E","T","M","?","R","M","E"],"items_purchased_type":["Card","Potion"],"build_version":"2020-12-22","purchased_purges":0,"victory":false,"max_hp_per_floor":[64,64,64,64,64,64,64,64,64,64,64,64,64,64,64],"relic_stats":{"counters":[9,33],"Turnip":[0],"obtain_stats":[{"CultistMask":2,"Turnip":6,"Bottled Tornado":9,"Cracked Core":0,"InkBottle":8},{"CultistMask":1,"Turnip":4,"Bottled Tornado":5,"Cracked Core":0,"InkBottle":5},{"CultistMask":3,"Turnip":15,"Bottled Tornado":20,"Cracked Core":0,"InkBottle":20}],"InkBottle":[3]},"card_choices":[{"not_picked":["Fission","Reboot"],"picked":"Biased Cognition","floor":0},{"not_picked":["Turbo","Redo"],"picked":"Compile Driver","floor":1},{"not_picked":["Scrape","Rebound"],"picked":"Go for the Eyes","floor":3},{"not_picked":["Buffer","Streamline"],"picked":"Melter","floor":4},{"not_picked":["Storm","Blizzard"],"picked":"Chaos","floor":6},{"not_picked":["Steam Power","Leap"],"picked":"Cold Snap","floor":8},{"not_picked":["Go for the Eyes","Conserve Battery"],"picked":"Hologram","floor":10},{"not_picked":["Go for the Eyes","Cold Snap"],"picked":"Undo","floor":11},{"not_picked":["Streamline","Skim"],"picked":"Coolheaded","floor":13}],"player_experience":799671,"relics_obtained":[{"floor":6,"key":"Turnip"},{"floor":8,"key":"InkBottle"},{"floor":9,"key":"Bottled Tornado"}],"event_choices":[{"damage_healed":0,"gold_gain":0,"player_choice":"Trade","damage_taken":0,"relics_obtained":["CultistMask"],"max_hp_gain":0,"max_hp_loss":0,"event_name":"FaceTrader","floor":2,"gold_loss":0}],"is_beta":false,"boss_relics":[],"items_purged_floors":[],"is_endless":false,"potions_floor_spawned":[4,8,11],"killed_by":"Gremlin Nob","ascension_level":20}}