{"host":"s5d39dhq0ddhxhke","time":1612627835,"event":{"mods":["AchievementEnabler","BaseMod","Colored Map","Minty Spire (QoL Compilation)","Smile Girya","SuperFastMode"],"gold_per_floor":[118,130,144,158,158,158,191,203,226,243,263,263,275,290,290,290,290],"floor_reached":16,"language":"ENG","playtime":430,"items_purged":[],"score":216,"play_id":"0e0c42e4-7a7d-41e7-a52e-718dc0f32e9f","local_time":"20210206181035","is_ascension_mode":true,"campfire_choices":[{"floor":6,"key":"REST"},{"floor":12,"key":"REST"},{"floor":15,"key":"REST"}],"circlet_count":0,"master_deck":["AscendersBane","Strike_R","Strike_R","Strike_R","Strike_R","Strike_R","Defend_R","Defend_R","Defend_R","Defend_R","Bash","Rampage","Pommel Strike","Carnage","Shockwave","Fiend Fire"],"relics":["Sozu","Self Forming Clay","Vajra"],"acts_visited":["Exordium"],"potions_floor_usage":[],"damage_taken":[{"damage":14,"enemies":"Small Slimes","floor":1,"turns":3},{"damage":0,"enemies":"Cultist","floor":2,"turns":2},{"damage":3,"enemies":"2 Louse","floor":3,"turns":2},{"damage":7,"enemies":"Looter","floor":4,"turns":3},{"damage":25,"enemies":"3 Sentries","floor":7,"turns":9},{"damage":14,"enemies":"3 Louse","floor":8,"turns":3},{"damage":3,"enemies":"2 Fungi Beasts","floor":10,"turns":2},{"damage":7,"enemies":"Exordium Thugs","floor":11,"turns":3},{"damage":4,"enemies":"Gremlin Gang","floor":13,"turns":5},{"damage":7,"enemies":"Lots of Slimes","floor":14,"turns":3},{"damage":42,"enemies":"The Guardian","floor":16,"turns":8}],"seed_played":"-9030544746635206642","potions_obtained":[],"is_trial":false,"path_per_floor":["M","M","M","M","?","R","E","M","T","M","M","R","M","M","R","B"],"character_chosen":"IRONCLAD","items_purchased":[],"campfire_rested":3,"item_purchase_floors":[],"current_hp_per_floor":[54,54,51,44,33,55,30,16,16,13,6,28,24,17,39,0,0],"gold":290,"neow_bonus":"BOSS_RELIC","is_daily":false,"chose_seed":false,"campfire_upgraded":0,"win_rate":0.0,"timestamp":1612627835,"path_taken":["M","M","M","M","?","R","E","M","T","M","M","R","M","M","R","BOSS"],"items_purchased_type":[],"build_version":"2020-12-22","purchased_purges":0,"victory":false,"max_hp_per_floor":[75,75,75,75,75,75,75,75,75,75,75,75,75,75,75,75,75],"card_choices":[{"not_picked":["Inflame","Iron Wave"],"picked":"Rampage","floor":1},{"not_picked":["True Grit","Cleave"],"picked":"Pommel Strike","floor":2},{"not_picked":["Headbutt","Dark Embrace","Sever Soul"],"picked":"SKIP","floor":3},{"not_picked":["Anger","Havoc"],"picked":"Carnage","floor":4},{"not_picked":["Feel No Pain","Pummel"],"picked":"Shockwave","floor":7},{"not_picked":["Havoc","Cleave","Searing Blow"],"picked":"SKIP","floor":8},{"not_picked":["Clash","True Grit"],"picked":"Fiend Fire","floor":10},{"not_picked":["Anger","Spot Weakness","Headbutt"],"picked":"SKIP","floor":11},{"not_picked":["Dual Wield","Fire Breathing","Headbutt"],"picked":"SKIP","floor":13},{"not_picked":["Dual Wield","Clash","Sword Boomerang"],"picked":"SKIP","floor":14}],"player_experience":483174,"relics_obtained":[{"floor":7,"key":"Self Forming Clay"},{"floor":9,"key":"Vajra"}],"event_choices":[{"damage_healed":0,"gold_gain":0,"player_choice":"Damaged","damage_taken":11,"max_hp_gain":0,"max_hp_loss":0,"event_name":"Wheel of Change","floor":5,"gold_loss":0}],"is_beta":false,"boss_relics":[],"items_purged_floors":[],"is_endless":false,"potions_floor_spawned":[1,4,7,11,14],"killed_by":"The Guardian","ascension_level":20}}