{"host":"mq7pyadb5kndcn8l","time":1612569952,"event":{"mods":["AchievementEnabler","Arknights","Aspiration","BaseMod","Better Altar","Better Match","Better Note","Better Sensory Stone","Better Skull","Better Third Choice","BetterRewards","Block Reminder","CCEM2","Challenge The Spire","ChefMod","Colored Map","Colored Powertips","Conspire","Displayed Cursed Tome","Dota2Spire","Energized Spire","GifTheSpireLib","Highlight Path","Hubris","Infinite Spire","Mad Scientist","Marked Mod","Mimic Mod","Minty Spire (QoL Compilation)","Permanent Neow","QueenMod","Quick Restart","Random Character Button","Rare Cards Sparkle","Relic Filter","Relic Sorter","Reliquary","Replay The Spire","Reworked Bosses","Shade Mod","Shop Mod","Spicy Shops","Spikes Relics","Spire Arcade","StSLib","Stuff the Spire","SuperFastMode","The Blue Laboratory","Thieving Mod","Trackpad","Transform Curses","Wandering Minibosses"],"gold_per_floor":[111,286,286,286,286,96,96,123,171,82,4,29,39,58,58,161,161,178,178,189,1,14,46,62,89,113,113,113,113,113,125,125,229,229,239,239,250,75,401,435,435,447,522,547,566,586,586,25,25,25,25,25,3,34,34],"floor_reached":56,"language":"ENG","playtime":6399,"items_purged":["Strike_G","Strike_G","Defend_G","Strike_G","Defend_G","Strike_G","Defend_G","Defend_G","Survivor","Defend_G+1","StuffTheSpire:Brawn+1","StuffTheSpire:Fury+1"],"score":2276,"play_id":"114e1027-aabc-4d17-b5fe-aa716cb7d8c2","local_time":"20210205190552","is_ascension_mode":true,"campfire_choices":[{"data":"Mayhem","floor":7,"key":"SMITH"},{"data":"StuffTheSpire:BrainWave","floor":15,"key":"SMITH"},{"floor":29,"key":"RECALL"},{"data":"Acrobatics","floor":32,"key":"SMITH"},{"data":"Pace","floor":41,"key":"SMITH"},{"floor":49,"key":"DIG"},{"data":"Acrobatics","floor":52,"key":"SMITH"}],"circlet_count":0,"master_deck":["Neutralize","ReplayTheSpireMod:The Works+1","Mayhem+1","Acrobatics+1","Apotheosis+1","StuffTheSpire:PlasmaPulse","Acrobatics+1","StuffTheSpire:BrainWave+1","StuffTheSpire:Innocence","Prepared","StuffTheSpire:Rapture","Prepared","Eviscerate","Acrobatics+1","Backflip","Pace+1","Tactician"],"relics":["Ring of the Snake","Dota2Spire:MaskOfMadness","Replay:Wax Seal","MerchantsRug","Dota2Spire:Vanguard","Membership Card","Anchor","Eternal Feather","StuffTheSpire:Saxophone","Juzu Bracelet","hubris:PeanutButter","trackpad:Mousetrap","hubris:Towel","MiniBlackHole","trackpad:RiggedDice","MutagenicStrength","Replay:Ringing Soul","trackpad:ToughGloves","CCEMRelics:TeddyBear","Happy Flower","SlaversCollar","infinitespire:Beetle Shell","StuffTheSpire:Barrel","Bag of Marbles","Dota2Spire:MantaStyle","Frozen Egg 2","conspire:DeflatedDodgeball","hubris:SphereOfDissonance","hubris:64BitClover","reliquary:BallBearing"],"acts_visited":["Exordium","TheCity","TheBeyond","TheEnding"],"potions_floor_usage":[55],"damage_taken":[{"damage":0,"enemies":"Cultist","floor":1,"turns":3},{"damage":0,"enemies":"Small Slimes","floor":6,"turns":3},{"damage":0,"enemies":"Gremlin Nob","floor":8,"turns":4},{"damage":0,"enemies":"conspire:RoseBush","floor":10,"turns":1},{"damage":0,"enemies":"Replay:BlueRogue","floor":12,"turns":2},{"damage":0,"enemies":"Gremlin Gang","floor":13,"turns":1},{"damage":0,"enemies":"3 Louse","floor":14,"turns":1},{"damage":0,"enemies":"Hexaghost","floor":16,"turns":1},{"damage":0,"enemies":"3 Byrds","floor":18,"turns":1},{"damage":0,"enemies":"Chosen","floor":20,"turns":2},{"damage":0,"enemies":"3 Cultists","floor":22,"turns":1},{"damage":0,"enemies":"Slavers","floor":23,"turns":1},{"damage":0,"enemies":"Snecko","floor":24,"turns":1},{"damage":0,"enemies":"Replay:Snechameleon","floor":25,"turns":1},{"damage":0,"enemies":"Shelled Parasite and Fungi","floor":31,"turns":1},{"damage":0,"enemies":"bossMod:newCollector","floor":33,"turns":1},{"damage":0,"enemies":"3 Darklings","floor":35,"turns":1},{"damage":0,"enemies":"3 Shapes","floor":37,"turns":1},{"damage":0,"enemies":"R_Hoarder","floor":40,"turns":2},{"damage":0,"enemies":"Maw","floor":42,"turns":1},{"damage":0,"enemies":"Nemesis","floor":44,"turns":1},{"damage":0,"enemies":"Spire Growth","floor":45,"turns":1},{"damage":0,"enemies":"Writhing Mass","floor":46,"turns":1},{"damage":0,"enemies":"bossMod:newShapes","floor":50,"turns":1},{"damage":0,"enemies":"Shield and Spear","floor":54,"turns":1},{"damage":0,"enemies":"The Heart","floor":55,"turns":5}],"seed_played":"-8663592918384285970","potions_obtained":[{"floor":1,"key":"blueLaboratory:BlinkPotion"},{"floor":12,"key":"Energy Potion"},{"floor":13,"key":"blueLaboratory:FrostheartPotion"},{"floor":25,"key":"blueLaboratory:TrueEctoplasm"},{"floor":31,"key":"Explosive Potion"},{"floor":40,"key":"blueLaboratory:ArtistsPotion"},{"floor":44,"key":"conspire:TimeTravelPotion"}],"is_trial":false,"path_per_floor":["M","?","?","?","?","M","R","E","T","M","$","E","M","M","R","B",null,"M","?","M","$","M","E","M","E","T","T","AVR","R","?","M","R","B",null,"M","?","M","$","?","E","R","M","T","E","M","M","?","$","R_BF","B",null,"R","$","E","B",null],"character_chosen":"THE_SILENT","items_purchased":["Replay:Wax Seal","MerchantsRug","Dota2Spire:Vanguard","ReplayTheSpireMod:The Works+1","Mayhem","Acrobatics","Membership Card","Apotheosis","Anchor","Eternal Feather","StuffTheSpire:PlasmaPulse","StuffTheSpire:Saxophone","DollysMirror","Juzu Bracelet","hubris:PeanutButter","trackpad:Mousetrap","infinitespire:Beetle Shell","conspire:DeflatedDodgeball","hubris:SphereOfDissonance","Tactician"],"campfire_rested":0,"item_purchase_floors":[0,0,0,0,0,0,0,0,0,0,0,0,0,0,0,0,38,48,48,53],"current_hp_per_floor":[28,28,28,28,28,28,37,37,37,37,37,37,37,37,46,46,70,70,70,70,70,70,70,73,73,73,73,73,73,73,73,73,73,73,76,76,79,79,20,20,29,29,29,74,74,74,77,77,82,82,82,82,85,85,85],"gold":34,"neow_bonus":"","is_daily":false,"chose_seed":false,"campfire_upgraded":5,"win_rate":0.0,"timestamp":1612569952,"path_taken":["M","?","?","?","?","M","R","E","T","M","$","E","M","M","R","BOSS","M","?","M","$","M","E","M","E","T","?","AVR","R","?","M","R","BOSS","M","?","M","$","?","E","R","M","T","E","M","M","?","$","R_BF","BOSS","R","$","E","BOSS"],"items_purchased_type":["Relic","Relic","Relic","Card","Card","Card","Relic","Card","Relic","Relic","Card","Relic","Relic","Relic","Relic","Relic","Relic","Relic","Relic","Card"],"build_version":"2020-12-22","purchased_purges":12,"victory":true,"max_hp_per_floor":[70,70,70,70,70,70,70,70,70,70,70,70,70,70,70,70,70,70,70,70,70,70,70,73,73,73,73,73,73,73,73,73,73,73,76,76,79,79,79,79,79,79,79,79,79,79,82,82,82,82,82,82,85,85,85],"card_choices":[{"not_picked":["Well Laid Plans","StuffTheSpire:ReptileScales","StuffTheSpire:BumpUp"],"picked":"SKIP","floor":1},{"not_picked":["Bane","Deadly Poison","Flying Knee"],"picked":"SKIP","floor":6},{"not_picked":["Slice","StuffTheSpire:BumpUp","StuffTheSpire:ClusterCrunch"],"picked":"SKIP","floor":8},{"not_picked":["ReplayTheSpireMod:Necrosis","Terror"],"picked":"Prepared","floor":10},{"not_picked":["StuffTheSpire:ClusterCrunch","Venomology","hubris:Sniper"],"picked":"SKIP","floor":12},{"not_picked":["PiercingWail","Underhanded Strike"],"picked":"Prepared","floor":13},{"not_picked":["Dagger Throw","Outmaneuver"],"picked":"Eviscerate","floor":14},{"not_picked":["StuffTheSpire:BumpUp+1","Slice","Cloak And Dagger"],"picked":"SKIP","floor":18},{"not_picked":["Dagger Spray","Hidden Blade"],"picked":"StuffTheSpire:Fury+1","floor":20},{"not_picked":["Accuracy","Malaise","hubris:Counter"],"picked":"SKIP","floor":22},{"not_picked":["ReplayTheSpireMod:Tripwire","Dash","Flying Knee"],"picked":"SKIP","floor":23},{"not_picked":["Finisher","Dodge and Roll"],"picked":"Acrobatics","floor":24},{"not_picked":["Backstab","Prepared","ReplayTheSpireMod:Shiv Toss+1"],"picked":"SKIP","floor":25},{"not_picked":["InfectiousVector+1","Cloak And Dagger","ReplayTheSpireMod:Scrap Shanks"],"picked":"SKIP","floor":31},{"not_picked":["Deadly Poison+1","Blade Dance"],"picked":"Backflip","floor":35},{"not_picked":["Hidden Blade","Dagger Spray+1"],"picked":"Pace","floor":37},{"not_picked":["Slice","Infinite Blades","ReplayTheSpireMod:The Works+1"],"picked":"SKIP","floor":40},{"not_picked":["hubris:SlightOfHand+1","Cloak And Dagger+1","Infinite Blades"],"picked":"SKIP","floor":42},{"not_picked":["Sucker Punch","Dagger Spray","StuffTheSpire:Incantation+1"],"picked":"SKIP","floor":44},{"not_picked":["Predator","Sucker Punch+1","Dagger Throw+1"],"picked":"SKIP","floor":45},{"not_picked":["hubris:Counter","conspire:PoisonWeapons+1","Glass Knife"],"picked":"SKIP","floor":46},{"not_picked":["Deadly Poison+1","Skewer","Dagger Spray+1"],"picked":"SKIP","floor":54}],"player_experience":734128,"relics_obtained":[{"floor":8,"key":"Dota2Spire:MaskOfMadness"},{"floor":12,"key":"MiniBlackHole"},{"floor":23,"key":"Replay:Ringing Soul"},{"floor":25,"key":"trackpad:ToughGloves"},{"floor":26,"key":"CCEMRelics:TeddyBear"},{"floor":27,"key":"Happy Flower"},{"floor":40,"key":"Bag of Marbles"},{"floor":43,"key":"Dota2Spire:MantaStyle"},{"floor":44,"key":"Frozen Egg 2"},{"floor":49,"key":"hubris:64BitClover"},{"floor":54,"key":"reliquary:BallBearing"}],"event_choices":[{"damage_healed":0,"gold_gain":175,"player_choice":"AGREE","damage_taken":111,"max_hp_gain":0,"max_hp_loss":0,"event_name":"betterThird:BetterSerpent","floor":2,"gold_loss":0},{"damage_healed":0,"gold_gain":0,"player_choice":"Forge","damage_taken":0,"max_hp_gain":0,"max_hp_loss":0,"event_name":"Accursed Blacksmith","floor":4,"gold_loss":0,"cards_upgraded":["Apotheosis"]},{"cards_removed":["Doubt"],"damage_healed":0,"gold_gain":0,"player_choice":"Forget","damage_taken":0,"max_hp_gain":0,"max_hp_loss":0,"event_name":"Living Wall","floor":5,"gold_loss":0},{"damage_healed":0,"gold_gain":0,"player_choice":"Inject Mutagens","damage_taken":0,"relics_obtained":["MutagenicStrength"],"max_hp_gain":0,"max_hp_loss":0,"event_name":"Drug Dealer","floor":19,"gold_loss":0},{"cards_removed":["Strike_G"],"damage_healed":0,"gold_gain":0,"player_choice":"Elegance","damage_taken":0,"max_hp_gain":0,"max_hp_loss":0,"event_name":"betterThird:BetterWriting","floor":30,"gold_loss":0},{"damage_healed":0,"gold_gain":326,"player_choice":"GO GO RE RE GO ","damage_taken":66,"relics_obtained":["reliquary:RadioactivePellet","StuffTheSpire:Barrel"],"max_hp_gain":0,"max_hp_loss":0,"event_name":"betterSkull:BetterSkull","floor":39,"gold_loss":0,"cards_upgraded":[]}],"is_beta":false,"boss_relics":[{"not_picked":["hubris:GrandSneckoEye","Ring of the Serpent"],"picked":"trackpad:RiggedDice"},{"not_picked":["reliquary:Ember","aspiration:RunicSpoon"],"picked":"SlaversCollar"}],"items_purged_floors":[0,0,0,0,11,11,21,21,28,38,48,48],"is_endless":false,"potions_floor_spawned":[1,12,13,18,20,25,31,40,44],"ascension_level":4}}