{"host":"ydg0vn0pu4pubmdt","time":1612605655,"event":{"mods":["AchievementEnabler","BaseMod","Colored Map","Gold Saver","Minty Spire (QoL Compilation)","Quick Restart","SuperFastMode"],"gold_per_floor":[182,198,198,35,49,49,49,49,73,96,96,134,59,78,78,167,167,191,206,41,56,56,56,100,119,119,137,137,187,187,187],"floor_reached":30,"language":"KOR","playtime":463,"items_purged":["Pain"],"score":600,"play_id":"99fdcf48-23b9-4e65-b88c-0915c172a7df","local_time":"20210206190055","is_ascension_mode":true,"campfire_choices":[{"data":"Eruption","floor":6.0,"key":"SMITH"},{"floor":11.0,"key":"REST"},{"data":"TalkToTheHand","floor":15.0,"key":"SMITH"},{"floor":23.0,"key":"REST"}],"circlet_count":0,"master_deck":["AscendersBane","Strike_P","Strike_P","Strike_P","Defend_P","Defend_P","Defend_P","Defend_P","Eruption+1","Vigilance","Tantrum","CrushJoints","Conclude","TalkToTheHand+1","ConjureBlade","Wallop+1","Meditate"],"relics":["PureWater","NeowsBlessing","Chemical X","Golden Idol","WarpedTongs","Lantern","TungstenRod","Sozu","Akabeko","Blood Vial","Question Card"],"acts_visited":["Exordium","TheCity"],"potions_floor_usage":[],"damage_taken":[{"damage":0.0,"enemies":"Small Slimes","floor":1.0,"turns":1.0},{"damage":0.0,"enemies":"Cultist","floor":2.0,"turns":1.0},{"damage":0.0,"enemies":"Jaw Worm","floor":5.0,"turns":1.0},{"damage":10.0,"enemies":"Exordium Wildlife","floor":10.0,"turns":4.0},{"damage":29.0,"enemies":"Lagavulin","floor":12.0,"turns":5.0},{"damage":0.0,"enemies":"Red Slaver","floor":14.0,"turns":2.0},{"damage":0.0,"enemies":"Hexaghost","floor":16.0,"turns":5.0},{"damage":0.0,"enemies":"Spheric Guardian","floor":18.0,"turns":2.0},{"damage":8.0,"enemies":"Shell Parasite","floor":19.0,"turns":3.0},{"damage":30.0,"enemies":"Snake Plant","floor":21.0,"turns":4.0},{"damage":33.0,"enemies":"Book of Stabbing","floor":24.0,"turns":4.0},{"damage":0.0,"enemies":"Snecko","floor":25.0,"turns":3.0},{"damage":0.0,"enemies":"3 Cultists","floor":27.0,"turns":3.0},{"damage":25,"enemies":"Shelled Parasite and Fungi","floor":30,"turns":1}],"seed_played":"8362985372958843063","potions_obtained":[{"floor":1.0,"key":"ColorlessPotion"},{"floor":2.0,"key":"AttackPotion"},{"floor":10.0,"key":"Regen Potion"},{"floor":16.0,"key":"LiquidBronze"}],"is_trial":false,"path_per_floor":["M","M","?","$","M","R","?","?","T","M","R","E","$","M","R","B",null,"M","M","$","M","$","R","E","M","T","M","?","?","M"],"character_chosen":"WATCHER","items_purchased":["Chemical X","Akabeko"],"campfire_rested":2,"item_purchase_floors":[4,20],"current_hp_per_floor":[61,61,54,54,54,54,31,31,31,21,41,26,26,26,26,26,58,58,50,50,20,20,40,7,9,9,11,11,6,0,0],"gold":187,"neow_bonus":"THREE_ENEMY_KILL","is_daily":false,"chose_seed":false,"campfire_upgraded":2,"win_rate":0.0,"timestamp":1612605655,"path_taken":["M","M","?","$","M","R","?","?","T","?","R","E","$","M","R","BOSS","M","M","$","M","$","R","E","M","T","M","?","?","?"],"items_purchased_type":["Relic","Relic"],"build_version":"2020-12-22","purchased_purges":1,"victory":false,"max_hp_per_floor":[68,68,68,68,68,68,68,68,68,68,68,68,68,68,68,68,68,68,68,68,68,68,68,68,68,68,68,68,68,68,68],"card_choices":[{"not_picked":["Collect","Study"],"picked":"Tantrum","floor":1.0},{"not_picked":["EmptyMind","EmptyFist"],"picked":"CrushJoints","floor":2.0},{"not_picked":["Wireheading","ClearTheMind","FlyingSleeves"],"picked":"SKIP","floor":5.0},{"not_picked":["WaveOfTheHand","SandsOfTime"],"picked":"Conclude","floor":10.0},{"not_picked":["CutThroughFate","Ragnarok"],"picked":"TalkToTheHand","floor":12.0},{"not_picked":["ClearTheMind","Crescendo","PathToVictory"],"picked":"SKIP","floor":14.0},{"not_picked":["Vault","Blasphemy"],"picked":"ConjureBlade","floor":16.0},{"not_picked":["CutThroughFate","PathToVictory","ForeignInfluence"],"picked":"SKIP","floor":18.0},{"not_picked":["Sanctity+1","Prostrate"],"picked":"Wallop+1","floor":19.0},{"not_picked":["FollowUp","FlyingSleeves+1","CarveReality"],"picked":"SKIP","floor":21.0},{"not_picked":["ClearTheMind","JustLucky","Crescendo"],"picked":"SKIP","floor":24.0},{"not_picked":["JustLucky","CrushJoints+1","SpiritShield"],"picked":"SKIP","floor":25.0},{"not_picked":["Evaluate","WheelKick","Wireheading"],"picked":"Meditate","floor":27.0}],"player_experience":644217,"relics_obtained":[{"floor":9.0,"key":"Lantern"},{"floor":12.0,"key":"TungstenRod"},{"floor":24.0,"key":"Blood Vial"},{"floor":26.0,"key":"Question Card"}],"event_choices":[{"cards_removed":["Strike_P"],"damage_healed":0.0,"max_hp_gain":0.0,"max_hp_loss":0.0,"gold_gain":0.0,"event_name":"Golden Wing","player_choice":"Card Removal","floor":3.0,"gold_loss":0.0,"damage_taken":7.0},{"damage_healed":0.0,"max_hp_gain":0.0,"max_hp_loss":0.0,"gold_gain":0.0,"event_name":"Golden Idol","player_choice":"Take Damage","floor":7.0,"gold_loss":0.0,"damage_taken":23.0,"relics_obtained":["Golden Idol"]},{"damage_healed":0.0,"max_hp_gain":0.0,"max_hp_loss":0.0,"gold_gain":0.0,"event_name":"Accursed Blacksmith","player_choice":"Rummage","floor":8.0,"gold_loss":0.0,"damage_taken":0.0,"relics_obtained":["WarpedTongs"],"cards_obtained":["Pain"]},{"damage_healed":0.0,"max_hp_gain":0.0,"max_hp_loss":0.0,"gold_gain":0.0,"event_name":"Cursed Tome","player_choice":"Ignored","floor":28.0,"gold_loss":0.0,"damage_taken":0.0},{"damage_healed":0,"gold_gain":50,"player_choice":"Touch","damage_taken":6,"max_hp_gain":0,"max_hp_loss":0,"event_name":"FaceTrader","floor":29,"gold_loss":0}],"is_beta":false,"boss_relics":[{"not_picked":["Velvet Choker","Runic Pyramid"],"picked":"Sozu"}],"items_purged_floors":[13],"is_endless":false,"potions_floor_spawned":[1,2,10,16,18,19,25,27],"killed_by":"Shelled Parasite and Fungi","ascension_level":20}}