{"host":"1bzbl1adcbkdzqlf","time":1612641829,"event":{"mods":["BaseMod","Minty Spire (QoL Compilation)","Slay the Relics Exporter"],"gold_per_floor":[368,368,136,154,169,169,194,194,247,280,344,375,121,153,153,252,252,267,82,132,148,70,70,102,102,102,171,189,215,315,465,465,565,565,579,326,376,426,486,486,517,517,543,174,209,312,330,380,380,380],"floor_reached":51,"language":"ENG","playtime":5680,"items_purged":["Strike_G","Strike_G","Defend_G","Strike_G","Defend_G"],"score":999,"play_id":"094c2fce-2a6b-42b3-9c2f-681876e4e9c8","local_time":"20210206140349","is_ascension_mode":true,"campfire_choices":[{"data":"Bane","floor":6,"key":"SMITH"},{"data":"Neutralize","floor":8,"key":"SMITH"},{"data":"Wraith Form v2","floor":15,"key":"SMITH"},{"data":"After Image","floor":23,"key":"SMITH"},{"data":"Noxious Fumes","floor":25,"key":"SMITH"},{"data":"Crippling Poison","floor":32,"key":"SMITH"},{"data":"Mayhem","floor":40,"key":"SMITH"},{"data":"Catalyst","floor":42,"key":"SMITH"},{"data":"Malaise","floor":49,"key":"SMITH"}],"circlet_count":0,"master_deck":["Defend_G+1","Defend_G","Survivor+1","Neutralize+1","PiercingWail","Bane+1","Quick Slash+1","Acrobatics","Wraith Form v2+1","Quick Slash+1","Backflip","Poisoned Stab","Noxious Fumes+1","Venomology","After Image+1","Prepared+1","Dagger Throw+1","Crippling Poison+1","Bouncing Flask","A Thousand Cuts","PiercingWail+1","Catalyst+1","Blur+1","Cloak And Dagger+1","Flying Knee","Calculated Gamble","Mayhem+1","Enlightenment","Backstab+1","Caltrops","Footwork","Dark Shackles","Crippling Poison","Noxious Fumes","Bane","Malaise+1"],"relics":["Ring of the Snake","SsserpentHead","TwistedFunnel","PreservedInsect","MealTicket","The Specimen","Akabeko","Membership Card","Prayer Wheel","Busted Crown","Kunai","Nunchaku","Letter Opener","Ninja Scroll","StoneCalendar","Smiling Mask","Ice Cream","Bottled Tornado","Empty Cage","Question Card","Orrery","Art of War","Vajra","Whetstone","Strawberry","TheAbacus","War Paint","Lizard Tail"],"acts_visited":["Exordium","TheCity","TheBeyond"],"potions_floor_usage":[7,7,12,16,21,27,29,31,31,31,33,39,41,45,46,47,50,50,50,50],"damage_taken":[{"damage":0,"enemies":"Small Slimes","floor":1,"turns":3},{"damage":0,"enemies":"Cultist","floor":4,"turns":3},{"damage":0,"enemies":"2 Louse","floor":5,"turns":1},{"damage":15,"enemies":"3 Sentries","floor":7,"turns":14},{"damage":4,"enemies":"Gremlin Nob","floor":10,"turns":3},{"damage":1,"enemies":"Looter","floor":11,"turns":3},{"damage":14,"enemies":"3 Sentries","floor":12,"turns":7},{"damage":9,"enemies":"Lagavulin","floor":14,"turns":4},{"damage":37,"enemies":"The Guardian","floor":16,"turns":10},{"damage":1,"enemies":"Shell Parasite","floor":18,"turns":4},{"damage":0,"enemies":"Spheric Guardian","floor":21,"turns":6},{"damage":2,"enemies":"Slavers","floor":24,"turns":3},{"damage":0,"enemies":"Snecko","floor":27,"turns":3},{"damage":1,"enemies":"Snake Plant","floor":28,"turns":3},{"damage":0,"enemies":"Gremlin Leader","floor":29,"turns":3},{"damage":6,"enemies":"Colosseum Slavers","floor":31,"turns":3},{"damage":0,"enemies":"Colosseum Nobs","floor":31,"turns":3},{"damage":0,"enemies":"Automaton","floor":33,"turns":8},{"damage":6,"enemies":"3 Shapes","floor":35,"turns":3},{"damage":4,"enemies":"3 Darklings","floor":39,"turns":3},{"damage":0,"enemies":"Nemesis","floor":41,"turns":5},{"damage":6,"enemies":"Giant Head","floor":45,"turns":5},{"damage":8,"enemies":"2 Orb Walkers","floor":46,"turns":3},{"damage":0,"enemies":"Jaw Worm Horde","floor":47,"turns":4},{"damage":17,"enemies":"Awakened One","floor":50,"turns":9}],"seed_played":"-209894033269311584","potions_obtained":[{"floor":1,"key":"GamblersBrew"},{"floor":5,"key":"Strength Potion"},{"floor":11,"key":"CunningPotion"},{"floor":12,"key":"Regen Potion"},{"floor":24,"key":"CunningPotion"},{"floor":28,"key":"PowerPotion"},{"floor":33,"key":"Strength Potion"},{"floor":39,"key":"CultistPotion"}],"is_trial":false,"path_per_floor":["M","?","$","M","M","R","E","R","T","E","M","E","$","E","R","B",null,"M","$","?","M","$","R","E","R","T","M","M","E","T","?","R","B",null,"M","$","?","?","M","R","E","R","T","$","E","?","M","?","R","B",null],"character_chosen":"THE_SILENT","items_purchased":["TwistedFunnel","Membership Card","Poisoned Stab","Noxious Fumes","Kunai","Nunchaku","Question Card","Orrery","Whetstone","Strawberry","TheAbacus","Footwork","Dark Shackles"],"campfire_rested":0,"item_purchase_floors":[3,13,13,13,19,22,36,36,44,44,44,44,44],"current_hp_per_floor":[63,63,63,63,63,63,48,48,48,44,43,29,44,35,35,13,63,62,63,63,63,63,63,61,61,61,61,60,60,60,54,54,54,63,57,63,53,53,49,49,49,49,49,70,64,56,56,56,56,39],"gold":380,"neow_bonus":"TWO_FIFTY_GOLD","is_daily":false,"chose_seed":false,"campfire_upgraded":9,"win_rate":0.0,"timestamp":1612641829,"path_taken":["M","?","$","M","M","R","E","R","T","E","?","E","$","E","R","BOSS","M","$","?","M","$","R","E","R","T","?","M","E","?","?","R","BOSS","M","$","?","?","?","R","E","R","T","$","E","?","M","?","R","BOSS"],"items_purchased_type":["Relic","Relic","Card","Card","Relic","Relic","Relic","Relic","Relic","Relic","Relic","Card","Card"],"build_version":"2020-12-22","purchased_purges":5,"victory":true,"max_hp_per_floor":[63,63,63,63,63,63,63,63,63,63,63,63,63,63,63,63,63,63,63,63,63,63,63,63,63,63,63,63,63,63,63,63,63,63,63,63,63,63,63,63,63,63,63,70,70,70,70,70,70,70],"card_choices":[{"not_picked":["Prepared","Sucker Punch"],"picked":"PiercingWail","floor":1},{"not_picked":["Slice","Dagger Spray"],"picked":"Bane","floor":4},{"not_picked":["Blade Dance","Outmaneuver"],"picked":"Quick Slash","floor":5},{"not_picked":["Flying Knee","PiercingWail"],"picked":"Acrobatics","floor":7},{"not_picked":["Dash","Flying Knee"],"picked":"Wraith Form v2","floor":10},{"not_picked":["Slice","Sucker Punch"],"picked":"Quick Slash","floor":11},{"not_picked":["Dagger Throw","Outmaneuver"],"picked":"Backflip","floor":12},{"not_picked":["Slice","Accuracy"],"picked":"Venomology","floor":14},{"not_picked":["Night Terror","Phantasmal Killer"],"picked":"After Image","floor":16},{"not_picked":[],"picked":"Prepared+1","floor":18},{"not_picked":["Underhanded Strike"],"picked":"SKIP","floor":18},{"not_picked":[],"picked":"Dagger Throw+1","floor":21},{"not_picked":["Deflect"],"picked":"SKIP","floor":21},{"not_picked":["Sucker Punch"],"picked":"SKIP","floor":24},{"not_picked":[],"picked":"Crippling Poison","floor":27},{"not_picked":["Slice"],"picked":"SKIP","floor":27},{"not_picked":[],"picked":"Bouncing Flask","floor":28},{"not_picked":["Calculated Gamble"],"picked":"SKIP","floor":28},{"not_picked":["Doppelganger"],"picked":"SKIP","floor":29},{"not_picked":[],"picked":"A Thousand Cuts","floor":33},{"not_picked":[],"picked":"PiercingWail+1","floor":35},{"not_picked":["Flechettes"],"picked":"SKIP","floor":35},{"not_picked":["Blur"],"picked":"Catalyst","floor":36},{"not_picked":["Accuracy"],"picked":"Blur+1","floor":36},{"not_picked":["Accuracy"],"picked":"Cloak And Dagger+1","floor":36},{"not_picked":["Phantasmal Killer"],"picked":"Flying Knee","floor":36},{"not_picked":["Glass Knife"],"picked":"Calculated Gamble","floor":36},{"not_picked":["Impatience"],"picked":"Mayhem","floor":37},{"not_picked":["Thinking Ahead"],"picked":"Enlightenment","floor":37},{"not_picked":["Acrobatics"],"picked":"Backstab+1","floor":39},{"not_picked":["Dodge and Roll","Setup+1"],"picked":"SKIP","floor":39},{"not_picked":["Dagger Throw+1"],"picked":"Caltrops","floor":41},{"not_picked":["Quick Slash+1"],"picked":"Crippling Poison","floor":45},{"not_picked":["Acrobatics+1"],"picked":"Noxious Fumes","floor":47},{"not_picked":["Outmaneuver"],"picked":"Bane","floor":47}],"player_experience":341808,"relics_obtained":[{"floor":7,"key":"PreservedInsect"},{"floor":9,"key":"MealTicket"},{"floor":10,"key":"The Specimen"},{"floor":12,"key":"Akabeko"},{"floor":14,"key":"Prayer Wheel"},{"floor":24,"key":"Letter Opener"},{"floor":26,"key":"Ninja Scroll"},{"floor":29,"key":"StoneCalendar"},{"floor":30,"key":"Smiling Mask"},{"floor":31,"key":"Ice Cream"},{"floor":31,"key":"Bottled Tornado"},{"floor":41,"key":"Art of War"},{"floor":43,"key":"Vajra"},{"floor":45,"key":"War Paint"},{"floor":46,"key":"Lizard Tail"}],"event_choices":[{"damage_healed":0,"gold_gain":0,"player_choice":"Trade","damage_taken":0,"relics_obtained":["SsserpentHead"],"max_hp_gain":0,"max_hp_loss":0,"event_name":"FaceTrader","floor":2,"gold_loss":0},{"damage_healed":0,"gold_gain":0,"player_choice":"Ignored","damage_taken":0,"max_hp_gain":0,"max_hp_loss":0,"event_name":"N\u0027loth","floor":20,"gold_loss":0},{"damage_healed":0,"gold_gain":0,"player_choice":"Fight","damage_taken":0,"max_hp_gain":0,"max_hp_loss":0,"event_name":"Colosseum","floor":31,"gold_loss":0},{"damage_healed":0,"gold_gain":0,"player_choice":"Fought Nobs","damage_taken":0,"max_hp_gain":0,"max_hp_loss":0,"event_name":"Colosseum","floor":31,"gold_loss":0},{"damage_healed":0,"gold_gain":0,"player_choice":"Memory 3","damage_taken":10,"max_hp_gain":0,"max_hp_loss":0,"event_name":"SensoryStone","floor":37,"gold_loss":0},{"cards_removed":["Strike_G"],"damage_healed":0,"gold_gain":0,"player_choice":"Removed Attack","damage_taken":0,"max_hp_gain":0,"max_hp_loss":0,"event_name":"Falling","floor":38,"gold_loss":0},{"damage_healed":0,"gold_gain":0,"player_choice":"Fight","damage_taken":0,"max_hp_gain":0,"max_hp_loss":0,"event_name":"Mysterious Sphere","floor":46,"gold_loss":0},{"damage_healed":0,"gold_gain":0,"player_choice":"1 cards matched","damage_taken":0,"max_hp_gain":0,"max_hp_loss":0,"event_name":"Match and Keep!","floor":48,"gold_loss":0,"cards_obtained":["Malaise"]}],"is_beta":false,"boss_relics":[{"not_picked":["Ectoplasm","Pandora\u0027s Box"],"picked":"Busted Crown"},{"not_picked":["Calling Bell","Ring of the Serpent"],"picked":"Empty Cage"}],"items_purged_floors":[3,13,19,36,44],"is_endless":false,"potions_floor_spawned":[1,5,11,12,24,27,28,31,33,39],"ascension_level":2}}