{"host":"p0hktren06injwdf","time":1612613913,"event":{"mods":["AchievementEnabler","BaseMod","Colored Map","DeckTracker","Minty Spire (QoL Compilation)","Permanent Neow","StSLib","SuperFastMode"],"gold_per_floor":[112,126,51,66,66,90,90,61,61,101,101,101,124,89,89,89,89],"floor_reached":16,"language":"KOR","playtime":238,"items_purged":[],"score":200,"play_id":"f92c3ba1-dcac-40d7-8a55-0dc536a26724","local_time":"20210206211833","is_ascension_mode":true,"campfire_choices":[{"data":"Reinforced Body","floor":7.0,"key":"SMITH"},{"floor":11.0,"key":"REST"},{"data":"Beam Cell","floor":15.0,"key":"SMITH"}],"circlet_count":0,"master_deck":["AscendersBane","Strike_B","Strike_B","Strike_B","Defend_B","Defend_B","Defend_B","Defend_B","Zap","Dualcast","Rainbow","Gash","Gash","Rebound","Reinforced Body+1","Beam Cell+1","Steam","Hologram"],"relics":["Cracked Core","Golden Idol","Sundial","Matryoshka"],"acts_visited":["Exordium"],"potions_floor_usage":[16,16],"damage_taken":[{"damage":8.0,"enemies":"Small Slimes","floor":1.0,"turns":3.0},{"damage":2.0,"enemies":"Jaw Worm","floor":2.0,"turns":3.0},{"damage":2.0,"enemies":"2 Louse","floor":4.0,"turns":3.0},{"damage":7.0,"enemies":"Red Slaver","floor":6.0,"turns":4.0},{"damage":43.0,"enemies":"3 Sentries","floor":10.0,"turns":8.0},{"damage":0.0,"enemies":"2 Fungi Beasts","floor":13.0,"turns":3.0},{"damage":17,"enemies":"Hexaghost","floor":16,"turns":11}],"seed_played":"2961344278809304425","potions_obtained":[{"floor":2.0,"key":"Strength Potion"},{"floor":6.0,"key":"PowerPotion"},{"floor":13.0,"key":"EssenceOfSteel"}],"is_trial":false,"path_per_floor":["M","M","?","M","?","M","R","$","T","E","R","?","M","?","R","B"],"character_chosen":"DEFECT","items_purchased":["Beam Cell"],"campfire_rested":1,"item_purchase_floors":[8],"current_hp_per_floor":[56,54,54,52,52,45,45,45,45,2,21,21,21,21,21,4,4],"gold":89,"neow_bonus":"ONE_RANDOM_RARE_CARD","is_daily":false,"chose_seed":false,"campfire_upgraded":2,"win_rate":0.0,"timestamp":1612613913,"path_taken":["M","M","?","M","?","M","R","$","T","E","R","?","M","?","R","BOSS"],"items_purchased_type":["Card"],"build_version":"2020-12-22","purchased_purges":0,"victory":false,"max_hp_per_floor":[71,71,71,71,64,64,64,64,64,64,64,64,64,64,64,64,64],"card_choices":[{"not_picked":["Ball Lightning","Steam"],"picked":"Gash","floor":1.0},{"not_picked":["Steam","Stack"],"picked":"Gash","floor":2.0},{"not_picked":["Doom and Gloom","Hello World"],"picked":"Rebound","floor":4.0},{"not_picked":["Sunder","Steam"],"picked":"Reinforced Body","floor":6.0},{"not_picked":["Stack","Aggregate"],"picked":"Steam","floor":10.0},{"not_picked":["Beam Cell","Turbo"],"picked":"Hologram","floor":13.0}],"player_experience":1022369,"relics_obtained":[{"floor":9.0,"key":"Sundial"},{"floor":10.0,"key":"Matryoshka"}],"event_choices":[{"cards_removed":["Strike_B"],"damage_healed":0.0,"max_hp_gain":0.0,"max_hp_loss":0.0,"gold_gain":0.0,"event_name":"The Cleric","player_choice":"Card Removal","floor":3.0,"gold_loss":75.0,"damage_taken":0.0},{"damage_healed":0.0,"max_hp_gain":0.0,"max_hp_loss":7.0,"gold_gain":0.0,"event_name":"Golden Idol","player_choice":"Lose Max HP","floor":5.0,"gold_loss":0.0,"damage_taken":0.0,"relics_obtained":["Golden Idol"]},{"damage_healed":0.0,"max_hp_gain":0.0,"max_hp_loss":0.0,"gold_gain":0.0,"event_name":"Golden Wing","player_choice":"Ignored","floor":12.0,"gold_loss":0.0,"damage_taken":0.0},{"damage_healed":0.0,"max_hp_gain":0.0,"max_hp_loss":0.0,"gold_gain":0.0,"event_name":"World of Goop","player_choice":"Left Gold","floor":14.0,"gold_loss":35.0,"damage_taken":0.0}],"is_beta":false,"boss_relics":[],"items_purged_floors":[],"is_endless":false,"potions_floor_spawned":[2,6,13],"killed_by":"Hexaghost","ascension_level":20}}