{"host":"r91i8wii3z9p67t1","time":1612621408,"event":{"mods":["BaseMod","Minty Spire (QoL Compilation)","Relic Stats","StSLib"],"gold_per_floor":[117,136,211,53,70,97,97,97,97],"floor_reached":8,"language":"ENG","playtime":407,"items_purged":["Strike_G"],"score":76,"play_id":"943541b6-54c6-4b76-8518-d853d3310a68","local_time":"20210206222328","is_ascension_mode":true,"campfire_choices":[{"floor":7,"key":"REST"}],"circlet_count":0,"master_deck":["Strike_G","Strike_G","Strike_G","Strike_G","Defend_G","Defend_G","Defend_G","Defend_G","Defend_G","Survivor","Neutralize","Phantasmal Killer","Deadly Poison","Blur","Caltrops","Dagger Spray","Dagger Throw","Calculated Gamble"],"relics":["Ring of the Snake","Tiny Chest"],"acts_visited":["Exordium"],"potions_floor_usage":[6],"damage_taken":[{"damage":0,"enemies":"Small Slimes","floor":1,"turns":3},{"damage":0,"enemies":"Jaw Worm","floor":2,"turns":5},{"damage":5,"enemies":"Cultist","floor":5,"turns":4},{"damage":32,"enemies":"Lagavulin","floor":6,"turns":9},{"damage":0,"enemies":"3 Sentries","floor":8,"turns":1}],"seed_played":"-982878158035733469","potions_obtained":[{"floor":2,"key":"Dexterity Potion"},{"floor":6,"key":"Regen Potion"}],"is_trial":false,"path_per_floor":["M","M","?","$","M","E","R","E"],"character_chosen":"THE_SILENT","items_purchased":["Caltrops","Dagger Spray"],"campfire_rested":1,"item_purchase_floors":[4,4],"current_hp_per_floor":[63,63,52,52,47,15,36,36,36],"gold":97,"neow_bonus":"ONE_RANDOM_RARE_CARD","is_daily":false,"chose_seed":false,"campfire_upgraded":0,"win_rate":0.0,"timestamp":1612621408,"path_taken":["M","M","?","$","M","E","R","E"],"items_purchased_type":["Card","Card"],"build_version":"2020-12-22","purchased_purges":1,"victory":false,"max_hp_per_floor":[70,70,70,70,70,70,70,70,70],"relic_stats":{"counters":[5,22],"Tiny Chest":0,"obtain_stats":[{"Tiny Chest":6,"Ring of the Snake":0},{"Tiny Chest":4,"Ring of the Snake":0},{"Tiny Chest":21,"Ring of the Snake":0}],"Ring of the Snake":[10]},"card_choices":[{"not_picked":["Bane","PiercingWail"],"picked":"Deadly Poison","floor":1},{"not_picked":["Dodge and Roll","Acrobatics"],"picked":"Blur","floor":2},{"not_picked":["Heel Hook","Deadly Poison"],"picked":"Dagger Throw","floor":5},{"not_picked":["Setup","Concentrate"],"picked":"Calculated Gamble","floor":6}],"player_experience":1019462,"relics_obtained":[{"floor":6,"key":"Tiny Chest"}],"event_choices":[{"damage_healed":0,"gold_gain":75,"player_choice":"Gather Gold","damage_taken":11,"max_hp_gain":0,"max_hp_loss":0,"event_name":"World of Goop","floor":3,"gold_loss":0}],"is_beta":false,"boss_relics":[],"items_purged_floors":[4],"is_endless":false,"potions_floor_spawned":[2,6],"killed_by":"3 Sentries","ascension_level":7}}