{"host":"ocll6kdfqxraqtza","time":1612584836,"event":{"mods":["2.2 Compatiblity","Act Like it!","Aspiration","BaseMod","Better Third Choice","Gensokyo","Hallownest","Hermit","Hubris","Jorbs\u0027s Wanderer Trilogy","Luminous","Marisa（霧雨　魔理沙）","Minty Spire (QoL Compilation)","Reimu（博??梦）","Replay The Spire","Shade Mod","StSLib","The Alterego","The Bug Knight","The Cursed","The Hierophant","The Marked","The Runesmith","TheBandit","Wandering Minibosses"],"gold_per_floor":[110,110,129,153,209,209,223,21,67,67,67,67,83,118,118,223,223,234,225,217,195,195,208,208,188,188],"floor_reached":25,"language":"ENG","playtime":958,"items_purged":[],"score":354,"play_id":"0bca2b0c-1475-40bb-bca6-7186660d4da0","local_time":"20210206121356","is_ascension_mode":true,"campfire_choices":[{"data":"hierophant:ChurchCoffers","floor":6,"key":"SMITH"},{"data":"hierophant:SealAway","floor":10,"key":"SMITH"},{"data":"Setup","floor":12,"key":"SMITH"},{"data":"Sucker Punch","floor":15,"key":"SMITH"},{"data":"hierophant:Kindle","floor":24,"key":"SMITH"}],"circlet_count":0,"master_deck":["hierophant:Strike_Hierophant","hierophant:Strike_Hierophant","hierophant:Punish","hierophant:Defend_Hierophant","hierophant:Defend_Hierophant","hierophant:Defend_Hierophant","hierophant:ChurchCoffers+1","hierophant:HolyVerse","Strike_G","Sucker Punch+1","Setup+1","hierophant:OrnateJavelin","hierophant:SealAway+1","hierophant:RepressedViolence","hierophant:MirrorShield+1","hierophant:Blessing","hierophant:MirrorShield","hierophant:Kindle+1","hierophant:AuricBeam+1","hierophant:MorningPrayer+1","hierophant:Endure","hierophant:HammerAndAnvil+1","hierophant:DisplayOfPower+1"],"relics":["hierophant:PropheticMaskRelic","NeowsBlessing","Medical Kit","Blue Doll","Du-Vu Doll","Painkiller Herb","Eternal Feather"],"acts_visited":["Gensokyo:Gensokyo","TheCity"],"potions_floor_usage":[16,16,23,23],"damage_taken":[{"damage":0,"enemies":"Gensokyo:Python","floor":1,"turns":1},{"damage":0,"enemies":"Gensokyo:Gryphon","floor":3,"turns":1},{"damage":0,"enemies":"Gensokyo:3_Fairies","floor":4,"turns":2},{"damage":16,"enemies":"Gensokyo:Kitsune","floor":7,"turns":6},{"damage":0,"enemies":"Gensokyo:VengefulSpirit","floor":13,"turns":3},{"damage":8,"enemies":"Gensokyo:Mamizou","floor":14,"turns":8},{"damage":43,"enemies":"Gensokyo:Yukari","floor":16,"turns":11},{"damage":23,"enemies":"Shell Parasite","floor":18,"turns":5},{"damage":6,"enemies":"Chosen","floor":19,"turns":4},{"damage":25,"enemies":"Snake Plant","floor":20,"turns":5},{"damage":38,"enemies":"3 Cultists","floor":21,"turns":8},{"damage":17,"enemies":"Gremlin Leader","floor":23,"turns":6},{"damage":27,"enemies":"Shelled Parasite and Fungi","floor":25,"turns":3}],"seed_played":"3055269516931582257","potions_obtained":[{"floor":1,"key":"Weak Potion"},{"floor":5,"key":"Cursed Concoction"},{"floor":5,"key":"EssenceOfSteel"},{"floor":5,"key":"Strength Potion"},{"floor":18,"key":"ColorlessPotion"},{"floor":19,"key":"Dexterity Potion"},{"floor":20,"key":"ColorlessPotion"}],"is_trial":false,"path_per_floor":["M","?","M","M","?","R","M","COS","T","R","?","R","M","E","R","B",null,"?","?","?","?","?","E","T","?"],"character_chosen":"HIEROPHANT","items_purchased":[],"campfire_rested":0,"item_purchase_floors":[],"current_hp_per_floor":[75,75,75,75,75,75,59,59,59,59,59,59,59,58,58,22,75,59,60,42,11,19,12,24,0,0],"gold":188,"neow_bonus":"THREE_ENEMY_KILL","is_daily":false,"chose_seed":false,"campfire_upgraded":5,"win_rate":0.0,"timestamp":1612584836,"path_taken":["M","?","?","?","?","R","M","COS","T","R","?","R","?","E","R","BOSS","?","?","?","?","?","E","T","?"],"items_purchased_type":[],"build_version":"2020-12-22","purchased_purges":0,"victory":false,"max_hp_per_floor":[75,75,75,75,75,75,75,75,75,75,75,75,75,75,75,75,75,75,75,75,75,75,75,75,75,75],"card_choices":[{"not_picked":["hierophant:TollTheBells","hierophant:OrnateBuckler"],"picked":"hierophant:HolyVerse","floor":1},{"not_picked":["hierophant:Remorse","hierophant:PassingBell"],"picked":"hierophant:OrnateJavelin","floor":3},{"not_picked":["hierophant:CursedGold","hierophant:Remorse"],"picked":"hierophant:SealAway","floor":4},{"not_picked":["hierophant:ThreeLashes","hierophant:Alms"],"picked":"hierophant:RepressedViolence","floor":5},{"not_picked":["hierophant:RustyCrate","hierophant:Prophecy"],"picked":"hierophant:MirrorShield","floor":7},{"not_picked":["hierophant:AuricBeam","hierophant:FieryStrike"],"picked":"hierophant:Blessing","floor":13},{"not_picked":["hierophant:ConvertCurrency","hierophant:RustyCrate"],"picked":"hierophant:MirrorShield","floor":14},{"not_picked":["hierophant:Cornucopia","hierophant:Batter"],"picked":"hierophant:Kindle","floor":16},{"not_picked":["hierophant:SealAway","hierophant:PassingBell"],"picked":"hierophant:AuricBeam+1","floor":18},{"not_picked":["hierophant:Sermon","hierophant:Bribe"],"picked":"hierophant:MorningPrayer+1","floor":19},{"not_picked":["hierophant:RepressedViolence","hierophant:SolarFlare"],"picked":"hierophant:Endure","floor":20},{"not_picked":["hierophant:RecallFunds+1","hierophant:FieryStrike"],"picked":"hierophant:HammerAndAnvil+1","floor":21},{"not_picked":["hierophant:Community","hierophant:Encroach"],"picked":"hierophant:DisplayOfPower+1","floor":23}],"player_experience":495676,"relics_obtained":[{"floor":14,"key":"Blue Doll"},{"floor":23,"key":"Eternal Feather"}],"event_choices":[],"is_beta":false,"boss_relics":[{"not_picked":["Velvet Choker","aspiration:WatcherSkillbook"],"picked":"Painkiller Herb"}],"items_purged_floors":[],"is_endless":false,"potions_floor_spawned":[1,7,18,19,20],"killed_by":"Shelled Parasite and Fungi","ascension_level":2}}