{"host":"0ueeacaatm8t6jyh","time":1612611722,"event":{"mods":["AchievementEnabler","BaseMod","Colored Powertips","Minty Spire (QoL Compilation)","Quick Restart","Rare Cards Sparkle","Shop Mod","StSLib"],"gold_per_floor":[113,63,63,63,63,63,63,101,127,146,146,182,195,218,218,338,338,356,336,349,48,48,91,91,105,130,130,171,186,222,222,243,261,261,385,385,403,421,67,83,33,48,89,89,89,113,113,113,113,157,157,178,246,246,246,246],"floor_reached":57,"language":"ZHS","playtime":5966,"items_purged":["Strike_B","Strike_B"],"score":1389,"play_id":"f35d7fbd-077b-4b63-8330-c66e9484bd65","local_time":"20210206194202","is_ascension_mode":true,"campfire_choices":[{"data":"Skim","floor":6.0,"key":"SMITH"},{"data":"White Noise","floor":11.0,"key":"SMITH"},{"data":"Dualcast","floor":15.0,"key":"SMITH"},{"data":"Recycle","floor":24.0,"key":"SMITH"},{"data":"White Noise","floor":34.0,"key":"SMITH"},{"data":"Skim","floor":45.0,"key":"SMITH"},{"data":"Amplify","floor":48.0,"key":"SMITH"},{"data":"Echo Form","floor":55.0,"key":"SMITH"}],"circlet_count":0,"master_deck":["AscendersBane","Defend_B","Defend_B","Defend_B","Defend_B","Dualcast+1","Skim+1","White Noise+1","Skim+1","Ball Lightning","Hologram","Echo Form","Ball Lightning","Recycle+1","Self Repair","Echo Form+1","White Noise+1","Creative AI","Electrodynamics","Aggregate+1","Thunder Strike","Amplify+1","Force Field+1","Self Repair+1","Purity+1"],"relics":["Cracked Core","NeowsBlessing","Golden Idol","Nunchaku","MealTicket","Toy Ornithopter","Coffee Dripper","DollysMirror","Eternal Feather","Pen Nib","Orichalcum","Bottled Tornado","StrikeDummy","Runic Pyramid","Mummified Hand","White Beast Statue","Bronze Scales","Toxic Egg 2","Blood Vial","Lizard Tail"],"acts_visited":["Exordium","TheCity","TheBeyond"],"potions_floor_usage":[56,56],"damage_taken":[{"damage":0.0,"enemies":"Jaw Worm","floor":1.0,"turns":1.0},{"damage":0.0,"enemies":"Lagavulin","floor":8.0,"turns":1.0},{"damage":0.0,"enemies":"2 Louse","floor":10.0,"turns":1.0},{"damage":20.0,"enemies":"3 Sentries","floor":12.0,"turns":7.0},{"damage":6.0,"enemies":"Cultist","floor":13.0,"turns":4.0},{"damage":3.0,"enemies":"Blue Slaver","floor":14.0,"turns":3.0},{"damage":0.0,"enemies":"Slime Boss","floor":16.0,"turns":4.0},{"damage":30.0,"enemies":"2 Thieves","floor":18.0,"turns":4.0},{"damage":2.0,"enemies":"Chosen","floor":20.0,"turns":4.0},{"damage":58.0,"enemies":"Gremlin Leader","floor":23.0,"turns":5.0},{"damage":3.0,"enemies":"Centurion and Healer","floor":25.0,"turns":5.0},{"damage":42.0,"enemies":"Slavers","floor":28.0,"turns":5.0},{"damage":32.0,"enemies":"Snake Plant","floor":29.0,"turns":4.0},{"damage":20.0,"enemies":"Gremlin Leader","floor":30.0,"turns":6.0},{"damage":10.0,"enemies":"Cultist and Chosen","floor":32.0,"turns":5.0},{"damage":25.0,"enemies":"3 Cultists","floor":33.0,"turns":4.0},{"damage":62.0,"enemies":"Automaton","floor":35.0,"turns":7.0},{"damage":43.0,"enemies":"3 Darklings","floor":37.0,"turns":3.0},{"damage":12.0,"enemies":"3 Shapes","floor":38.0,"turns":3.0},{"damage":19.0,"enemies":"Sphere and 2 Shapes","floor":40.0,"turns":5.0},{"damage":2.0,"enemies":"Transient","floor":42.0,"turns":5.0},{"damage":11.0,"enemies":"Nemesis","floor":43.0,"turns":5.0},{"damage":0.0,"enemies":"Giant Head","floor":50.0,"turns":5.0},{"damage":0.0,"enemies":"Maw","floor":52.0,"turns":5.0},{"damage":35.0,"enemies":"2 Orb Walkers","floor":53.0,"turns":3.0},{"damage":78,"enemies":"Awakened One","floor":56,"turns":5}],"seed_played":"7258535268802020510","potions_obtained":[{"floor":1.0,"key":"Fire Potion"},{"floor":8.0,"key":"Dexterity Potion"},{"floor":12.0,"key":"ColorlessPotion"},{"floor":16.0,"key":"Energy Potion"},{"floor":19.0,"key":"EntropicBrew"},{"floor":20.0,"key":"LiquidMemories"},{"floor":28.0,"key":"FocusPotion"},{"floor":31.0,"key":"FairyPotion"},{"floor":31.0,"key":"Regen Potion"},{"floor":35.0,"key":"ColorlessPotion"},{"floor":37.0,"key":"SkillPotion"},{"floor":40.0,"key":"PowerPotion"}],"is_trial":false,"path_per_floor":["M","?","?","$","$","R","?","E","T","M","R","E","M","M","R","B",null,"M","?","M","$","?","E","R","M","T","T","E","M","E","?","M","M","R","B",null,"M","M","$","M","$","M","E","?","R","T","T","R","$","E","?","M","?","?","R","B",null],"character_chosen":"DEFECT","items_purchased":["Self Repair","DollysMirror","Mummified Hand","Swift Potion"],"campfire_rested":0,"item_purchase_floors":[21,21,39,41],"current_hp_per_floor":[68,68,68,68,68,68,50,50,50,50,50,30,24,21,21,26,63,33,33,36,51,75,36,45,66,66,66,38,20,17,17,40,15,27,36,65,41,29,44,44,59,75,75,75,75,75,75,75,75,75,75,75,74,74,75,19],"gold":246,"neow_bonus":"THREE_ENEMY_KILL","is_daily":false,"chose_seed":false,"campfire_upgraded":8,"win_rate":0.0,"timestamp":1612611722,"path_taken":["M","?","?","?","$","R","?","E","T","M","R","E","M","M","R","BOSS","M","?","?","$","?","E","R","M","T","T","E","M","E","?","M","?","R","BOSS","M","M","$","M","$","M","E","?","R","T","T","R","?","E","?","?","?","?","R","BOSS"],"items_purchased_type":["Card","Relic","Relic","Potion"],"build_version":"2020-12-22","purchased_purges":2,"victory":true,"max_hp_per_floor":[75,75,75,75,75,75,75,75,75,75,75,75,75,75,75,75,75,75,75,75,75,75,75,75,75,75,75,75,75,75,75,75,75,75,75,75,75,75,75,75,75,75,75,75,75,75,75,75,75,75,75,75,75,75,75,75],"card_choices":[{"not_picked":["Redo","Force Field"],"picked":"Skim","floor":1.0},{"not_picked":["Compile Driver","Steam","Conserve Battery"],"picked":"SKIP","floor":8.0},{"not_picked":["Stack","Compile Driver"],"picked":"White Noise","floor":10.0},{"not_picked":["Stack","Cold Snap"],"picked":"Skim","floor":12.0},{"not_picked":["Cold Snap","Leap"],"picked":"Ball Lightning","floor":13.0},{"not_picked":["Static Discharge","Chaos"],"picked":"Hologram","floor":14.0},{"not_picked":["Electrodynamics","Core Surge"],"picked":"Echo Form","floor":16.0},{"not_picked":["Turbo","Sweeping Beam"],"picked":"Ball Lightning","floor":18.0},{"not_picked":["Go for the Eyes","Cold Snap"],"picked":"Recycle","floor":20.0},{"not_picked":["Leap","Streamline"],"picked":"White Noise","floor":23.0},{"not_picked":["Reprogram","Tempest","Redo"],"picked":"SKIP","floor":25.0},{"not_picked":["Consume","Cold Snap+1"],"picked":"Creative AI","floor":28.0},{"not_picked":["Beam Cell+1","Glacier","Gash"],"picked":"SKIP","floor":29.0},{"not_picked":["Leap","Steam+1","Chill"],"picked":"SKIP","floor":30.0},{"not_picked":["Ball Lightning+1","Aggregate"],"picked":"Electrodynamics","floor":32.0},{"not_picked":["Sunder+1","Gash"],"picked":"Aggregate+1","floor":33.0},{"not_picked":["Echo Form","Rainbow"],"picked":"Thunder Strike","floor":35.0},{"not_picked":["Rebound","Go for the Eyes","Stack+1"],"picked":"SKIP","floor":37.0},{"not_picked":["Ball Lightning","Double Energy+1"],"picked":"Amplify","floor":38.0},{"not_picked":["Cold Snap+1","Streamline"],"picked":"Force Field+1","floor":40.0},{"not_picked":["Barrage","Gash+1"],"picked":"Self Repair+1","floor":42.0},{"not_picked":["Redo+1","Hologram","Coolheaded+1"],"picked":"SKIP","floor":43.0},{"not_picked":["Auto Shields+1","Recycle+1","Redo+1"],"picked":"SKIP","floor":50.0},{"not_picked":["Sweeping Beam","Conserve Battery+1","Reinforced Body+1"],"picked":"SKIP","floor":52.0},{"not_picked":["Impatience+1","Dramatic Entrance"],"picked":"Purity+1","floor":54.0}],"player_experience":496193,"relics_obtained":[{"floor":8.0,"key":"Nunchaku"},{"floor":9.0,"key":"MealTicket"},{"floor":12.0,"key":"Toy Ornithopter"},{"floor":23.0,"key":"Eternal Feather"},{"floor":26.0,"key":"Pen Nib"},{"floor":27.0,"key":"Orichalcum"},{"floor":28.0,"key":"Bottled Tornado"},{"floor":30.0,"key":"StrikeDummy"},{"floor":43.0,"key":"White Beast Statue"},{"floor":46.0,"key":"Bronze Scales"},{"floor":47.0,"key":"Toxic Egg 2"},{"floor":50.0,"key":"Blood Vial"},{"floor":53.0,"key":"Lizard Tail"}],"event_choices":[{"cards_removed":["Strike_B"],"damage_healed":0.0,"max_hp_gain":0.0,"max_hp_loss":0.0,"gold_gain":0.0,"event_name":"The Cleric","player_choice":"Card Removal","floor":2.0,"gold_loss":50.0,"damage_taken":0.0},{"cards_removed":["Strike_B"],"damage_healed":0.0,"max_hp_gain":0.0,"max_hp_loss":0.0,"gold_gain":0.0,"event_name":"Living Wall","player_choice":"Forget","floor":3.0,"gold_loss":0.0,"damage_taken":0.0},{"damage_healed":0.0,"max_hp_gain":0.0,"max_hp_loss":0.0,"gold_gain":0.0,"event_name":"Golden Idol","player_choice":"Take Damage","floor":7.0,"gold_loss":0.0,"damage_taken":18.0,"relics_obtained":["Golden Idol"]},{"damage_healed":0.0,"max_hp_gain":0.0,"max_hp_loss":0.0,"gold_gain":0.0,"event_name":"The Woman in Blue","player_choice":"Bought 1 Potion","floor":19.0,"gold_loss":0.0,"damage_taken":0.0},{"damage_healed":25.0,"max_hp_gain":0.0,"max_hp_loss":0.0,"gold_gain":0.0,"event_name":"The Library","player_choice":"Heal","floor":22.0,"gold_loss":0.0,"damage_taken":0.0},{"damage_healed":0.0,"max_hp_gain":0.0,"max_hp_loss":0.0,"gold_gain":0.0,"event_name":"Lab","player_choice":"Got Potions","floor":31.0,"gold_loss":0.0,"damage_taken":0.0},{"cards_removed":["Zap"],"damage_healed":0.0,"max_hp_gain":0.0,"max_hp_loss":0.0,"gold_gain":0.0,"event_name":"Purifier","player_choice":"Purged","floor":44.0,"gold_loss":0.0,"damage_taken":0.0},{"damage_healed":0.0,"max_hp_gain":0.0,"max_hp_loss":0.0,"gold_gain":0.0,"event_name":"Tomb of Lord Red Mask","player_choice":"Ignored","floor":51.0,"gold_loss":0.0,"damage_taken":0.0},{"damage_healed":0.0,"max_hp_gain":0.0,"max_hp_loss":0.0,"gold_gain":0.0,"event_name":"Mysterious Sphere","player_choice":"Fight","floor":53.0,"gold_loss":0.0,"damage_taken":0.0},{"damage_healed":0.0,"max_hp_gain":0.0,"max_hp_loss":0.0,"gold_gain":0.0,"event_name":"SensoryStone","player_choice":"Memory 1","floor":54.0,"gold_loss":0.0,"damage_taken":0.0}],"is_beta":false,"boss_relics":[{"not_picked":["Fusion Hammer","Tiny House"],"picked":"Coffee Dripper"},{"not_picked":["Philosopher\u0027s Stone","Velvet Choker"],"picked":"Runic Pyramid"}],"items_purged_floors":[21,39],"is_endless":false,"potions_floor_spawned":[1,8,12,14,16,20,28,29,35,37,40,50,52,53],"ascension_level":11}}