{"host":"xp5rvh2jwe2ejyfm","time":1612624385,"event":{"mods":["2.2 Compatiblity","Aspiration","BaseMod","BetterRewards","Colored Powertips","Conspire","Downfall","GifTheSpireLib","Gremlin Mod","Hermit","Hubris","Jorbs\u0027s Wanderer Trilogy","Minty Spire (QoL Compilation)","Quick Restart","Replay The Spire","Robot Space Explorer","Shade Mod","Somnambulant","StSLib","The Bug Knight","The Clintock","The Construct","The Cursed","The Disciple","The Forsaken","The Hierophant","The Necromancer","The Runesmith","The Servant 0.9.4","The Valiant","The Witch","TheFirefly","thorton"],"gold_per_floor":[115,40,53,128,144,171,141,141,141,141,65,85,85,102,102,202,202,214,94,108,108,108],"floor_reached":21,"language":"ENG","playtime":878,"items_purged":[],"score":204,"play_id":"6f8f9697-edce-4639-a623-d1c1c1088961","local_time":"20210206101305","is_ascension_mode":false,"campfire_choices":[{"data":"thefirefly:Regeneration","floor":8,"key":"SMITH"},{"floor":10,"key":"REST"},{"floor":13,"key":"REST"},{"floor":15,"key":"RECALL"}],"circlet_count":0,"master_deck":["thefirefly:Strike","thefirefly:Strike","thefirefly:Strike","thefirefly:Strike","thefirefly:Defend","thefirefly:Defend","thefirefly:Defend","thefirefly:Defend","thefirefly:StealthMode","thefirefly:PhotonBlast","thefirefly:Teleport","thefirefly:AutoTargeting","thefirefly:FlareScreen","thefirefly:Regeneration+1","thefirefly:ShieldArray","thefirefly:IonizedBarrier","thefirefly:AutoTargeting","thefirefly:Distort+1","thefirefly:Lamentation","thefirefly:Cosmogenesis","thefirefly:Lamentation","thefirefly:DecoyShot","thefirefly:RecollectionSubroutine+1","thefirefly:Lamentation"],"relics":["thefirefly:StealthSystem","NeowsBlessing","conspire:BottledYoYo","theForsaken:HumbleEgg","theForsaken:PaleLantern"],"acts_visited":["Exordium","TheCity"],"potions_floor_usage":[6,14,16,21],"damage_taken":[{"damage":0,"enemies":"Cultist","floor":1,"turns":1},{"damage":0,"enemies":"Jaw Worm","floor":3,"turns":1},{"damage":0,"enemies":"Small Slimes","floor":5,"turns":1},{"damage":32,"enemies":"Gremlin Nob","floor":6,"turns":8},{"damage":5,"enemies":"Looter","floor":7,"turns":4},{"damage":0,"enemies":"Exordium Wildlife","floor":12,"turns":5},{"damage":5,"enemies":"2 Fungi Beasts","floor":14,"turns":3},{"damage":14,"enemies":"Hexaghost","floor":16,"turns":9},{"damage":1,"enemies":"Shell Parasite","floor":18,"turns":10},{"damage":4,"enemies":"Spheric Guardian","floor":20,"turns":5},{"damage":51,"enemies":"Centurion and Healer","floor":21,"turns":7}],"seed_played":"4142435421435789636","potions_obtained":[{"floor":1,"key":"champ:CounterPotion"},{"floor":12,"key":"Block Potion"},{"floor":14,"key":"Death Potion"},{"floor":18,"key":"Adrenaline Potion"}],"is_trial":false,"path_per_floor":["M","$","M","T","M","E","M","R","T","R","$","M","R","M","R","B",null,"M","$","M","M"],"character_chosen":"THE_FIREFLY","items_purchased":["thefirefly:AutoTargeting","thefirefly:AutoTargeting","thefirefly:DecoyShot","thefirefly:RecollectionSubroutine+1"],"campfire_rested":2,"item_purchase_floors":[2,11,19,19],"current_hp_per_floor":[55,55,55,55,55,23,18,18,18,34,34,34,50,45,45,31,55,54,54,50,0,0],"gold":108,"neow_bonus":"THREE_ENEMY_KILL","is_daily":false,"chose_seed":false,"campfire_upgraded":1,"win_rate":0.0,"timestamp":1612624385,"path_taken":["M","$","M","?","M","E","M","R","T","R","$","M","R","M","R","BOSS","M","$","M","M"],"items_purchased_type":["Card","Card","Card","Card"],"build_version":"2020-12-22","purchased_purges":0,"victory":false,"max_hp_per_floor":[55,55,55,55,55,55,55,55,55,55,55,55,55,55,55,55,55,55,55,55,55,55],"card_choices":[{"not_picked":["thefirefly:EvasiveManeuver","thefirefly:EnergyShield"],"picked":"thefirefly:Teleport","floor":1},{"not_picked":["thefirefly:CoveringFire","thefirefly:ShieldGenerator"],"picked":"thefirefly:FlareScreen","floor":3},{"not_picked":["thefirefly:Flight","thefirefly:Distort"],"picked":"thefirefly:Regeneration","floor":5},{"not_picked":["thefirefly:SearingEnigma","thefirefly:HyperFocus"],"picked":"thefirefly:ShieldArray","floor":6},{"not_picked":["thefirefly:Boost","thefirefly:QuantumTunneling"],"picked":"thefirefly:IonizedBarrier","floor":7},{"not_picked":["thefirefly:PhantomStrike","thefirefly:Rend+1"],"picked":"thefirefly:Distort+1","floor":12},{"not_picked":["thefirefly:ErraticMotions","thefirefly:Ruminate"],"picked":"thefirefly:Lamentation","floor":14},{"not_picked":["thefirefly:AlphaStrike","thefirefly:MindControl"],"picked":"thefirefly:Cosmogenesis","floor":16},{"not_picked":["thefirefly:DataMiner","thefirefly:SearingEnigma"],"picked":"thefirefly:Lamentation","floor":18},{"not_picked":["thefirefly:LaserBarrage","thefirefly:AuroralDischarge"],"picked":"thefirefly:Lamentation","floor":20}],"player_experience":442106,"relics_obtained":[{"floor":6,"key":"conspire:BottledYoYo"},{"floor":9,"key":"theForsaken:HumbleEgg"}],"event_choices":[],"is_beta":false,"boss_relics":[{"not_picked":["Ectoplasm","conspire:RoyalGoblet"],"picked":"theForsaken:PaleLantern"}],"items_purged_floors":[],"is_endless":false,"potions_floor_spawned":[1,12,14,18],"killed_by":"Centurion and Healer","ascension_level":0}}