{"host":"i0m6ffz3lpe3z1ky","time":1612641754,"event":{"mods":["Aspiration","BaseMod","Bestiary","BetterRewards","Colored Map","Conspire","Energized Spire","Highlight Path","Hubris","Ironclad Rager","Minty Spire (QoL Compilation)","Quick Restart","Reliquary","Shop Mod","Spicy Shops","StSLib","Thieving Mod"],"gold_per_floor":[119,130,55,130,130,130,130],"floor_reached":6,"language":"KOR","playtime":196,"items_purged":["Pride"],"score":68,"play_id":"6307dce3-9317-4242-abd5-ba7161ff352c","local_time":"20210207050234","is_ascension_mode":true,"campfire_choices":[],"circlet_count":0,"master_deck":["AscendersBane","Strike_G","Strike_G","Strike_G","Strike_G","Strike_G","Defend_G","Defend_G","Defend_G","Defend_G","Defend_G","Survivor","Neutralize","Noxious Fumes","Noxious Fumes+1"],"relics":["Ring of the Snake","Mummified Hand","Snake Skull","reliquary:Stiletto","Lee\u0027s Waffle"],"acts_visited":["Exordium"],"potions_floor_usage":[],"damage_taken":[{"damage":8.0,"enemies":"Cultist","floor":1.0,"turns":4.0},{"damage":15.0,"enemies":"Small Slimes","floor":2.0,"turns":5.0},{"damage":27,"enemies":"Gremlin Nob","floor":6,"turns":4}],"seed_played":"4285906756275066899","potions_obtained":[],"is_trial":false,"path_per_floor":["M","M","$","?","?","E"],"character_chosen":"THE_SILENT","items_purchased":["Mummified Hand","Snake Skull","reliquary:Stiletto","Noxious Fumes","Lee\u0027s Waffle","Noxious Fumes"],"campfire_rested":0,"item_purchase_floors":[0,0,0,0,0,0],"current_hp_per_floor":[65,50,50,39,39,12,12],"gold":130,"neow_bonus":"","is_daily":false,"chose_seed":false,"campfire_upgraded":0,"win_rate":0.0,"timestamp":1612641754,"path_taken":["M","M","$","?","?","E"],"items_purchased_type":["Relic","Relic","Relic","Card","Relic","Card"],"build_version":"2020-12-22","purchased_purges":1,"victory":false,"max_hp_per_floor":[73,73,73,73,73,73,73],"card_choices":[{"not_picked":["Poisoned Stab","hubris:SlightOfHand","Blade Dance"],"picked":"SKIP","floor":1.0},{"not_picked":["Concentrate","Quick Slash","Dodge and Roll"],"picked":"SKIP","floor":2.0}],"player_experience":515019,"relics_obtained":[],"event_choices":[{"damage_healed":0.0,"max_hp_gain":0.0,"max_hp_loss":0.0,"gold_gain":75.0,"event_name":"World of Goop","player_choice":"Gather Gold","floor":4.0,"gold_loss":0.0,"damage_taken":11.0},{"damage_healed":0.0,"max_hp_gain":0.0,"max_hp_loss":0.0,"gold_gain":0.0,"event_name":"Upgrade Shrine","player_choice":"Upgraded","floor":5.0,"gold_loss":0.0,"damage_taken":0.0,"cards_upgraded":["Noxious Fumes"]}],"is_beta":false,"boss_relics":[],"items_purged_floors":[3],"is_endless":false,"potions_floor_spawned":[],"killed_by":"Gremlin Nob","ascension_level":20}}