{"host":"Qube","time":1612643830,"event":{"mods":["AchievementEnabler","BaseMod","Colored Map","Colored Powertips","Highlight Path","Minty Spire (QoL Compilation)","Permanent Neow","Quick Restart","Random Character Button","StSLib"],"gold_per_floor":[360,53,53,65,84,84,100,112,137,179,191,203,232,278,290,302,302],"floor_reached":16,"language":"ENG","playtime":703,"items_purged":[],"score":224,"play_id":"6cf68e53-49fc-4418-b97f-ef5eaa56bed7","local_time":"20210206123710","is_ascension_mode":true,"campfire_choices":[{"data":"Perfected Strike","floor":6.0,"key":"SMITH"},{"data":"True Grit","floor":12.0,"key":"SMITH"},{"floor":15,"key":"REST"}],"circlet_count":0,"master_deck":["AscendersBane","Strike_R","Strike_R","Strike_R","Strike_R","Strike_R","Defend_R","Defend_R","Defend_R","Bash","Perfected Strike","Immolate","Whirlwind","True Grit+1","Perfected Strike+1","Shrug It Off","True Grit","Warcry","Limit Break","Power Through","Corruption"],"relics":["Burning Blood","CultistMask","MawBank","Bag of Marbles","Akabeko"],"acts_visited":["Exordium"],"potions_floor_usage":[13],"damage_taken":[{"damage":19.0,"enemies":"Jaw Worm","floor":1.0,"turns":5.0},{"damage":1.0,"enemies":"Cultist","floor":4.0,"turns":3.0},{"damage":2.0,"enemies":"2 Louse","floor":5.0,"turns":3.0},{"damage":0.0,"enemies":"Lots of Slimes","floor":7.0,"turns":1.0},{"damage":9.0,"enemies":"Blue Slaver","floor":8.0,"turns":4.0},{"damage":23.0,"enemies":"3 Sentries","floor":10.0,"turns":6.0},{"damage":29,"enemies":"Exordium Thugs","floor":13,"turns":4},{"damage":18,"enemies":"Lagavulin","floor":14,"turns":7},{"damage":37,"enemies":"Slime Boss","floor":16,"turns":7}],"seed_played":"-3758825446273224714","potions_obtained":[{"floor":7.0,"key":"EssenceOfSteel"},{"floor":8.0,"key":"BlessingOfTheForge"},{"floor":13,"key":"BloodPotion"},{"floor":14,"key":"BloodPotion"}],"is_trial":false,"path_per_floor":["M","$","?","M","M","R","M","M","T","E","?","R","M","E","R","B"],"character_chosen":"IRONCLAD","items_purchased":["Immolate","BloodPotion","Whirlwind","SkillPotion"],"campfire_rested":1,"item_purchase_floors":[2,2,2,2],"current_hp_per_floor":[55,55,55,60,64,64,68,65,65,48,48,48,38,26,46,9,9],"gold":302,"neow_bonus":"TWO_FIFTY_GOLD","is_daily":false,"chose_seed":false,"campfire_upgraded":2,"win_rate":0.0,"timestamp":1612643830,"path_taken":["M","$","?","?","M","R","M","M","T","E","?","R","?","E","R","BOSS"],"items_purchased_type":["Card","Potion","Card","Potion"],"build_version":"2020-12-18","purchased_purges":0,"victory":false,"max_hp_per_floor":[68,68,68,68,68,68,68,68,68,68,68,68,68,68,68,68,68],"card_choices":[{"not_picked":["Whirlwind","Armaments"],"picked":"Perfected Strike","floor":1.0},{"not_picked":["Seeing Red","Thunderclap"],"picked":"True Grit","floor":4.0},{"not_picked":["Burning Pact","Iron Wave"],"picked":"Perfected Strike","floor":5.0},{"not_picked":["Twin Strike","Sentinel"],"picked":"Shrug It Off","floor":7.0},{"not_picked":["Whirlwind","Armaments"],"picked":"True Grit","floor":8.0},{"not_picked":["Havoc","Armaments"],"picked":"Warcry","floor":10.0},{"not_picked":["Thunderclap","Dual Wield"],"picked":"Power Through","floor":13},{"not_picked":["Headbutt","Dark Embrace"],"picked":"Corruption","floor":14}],"player_experience":1079566,"relics_obtained":[{"floor":9.0,"key":"MawBank"},{"floor":10.0,"key":"Bag of Marbles"},{"floor":14,"key":"Akabeko"}],"event_choices":[{"damage_healed":0.0,"max_hp_gain":0.0,"max_hp_loss":0.0,"gold_gain":0.0,"event_name":"FaceTrader","player_choice":"Trade","floor":3.0,"gold_loss":0.0,"damage_taken":0.0,"relics_obtained":["CultistMask"]},{"damage_healed":0.0,"max_hp_gain":0.0,"max_hp_loss":0.0,"gold_gain":0.0,"cards_transformed":["Defend_R"],"event_name":"Transmorgrifier","player_choice":"Transformed","floor":11.0,"gold_loss":0.0,"damage_taken":0.0,"cards_obtained":["Limit Break"]}],"is_beta":true,"boss_relics":[],"items_purged_floors":[],"is_endless":false,"potions_floor_spawned":[7,8,13,14],"killed_by":"Slime Boss","ascension_level":20}}