{"host":"1qhzi8r9ejho5yph","time":1612605558,"event":{"mods":["AchievementEnabler","BaseMod","Colored Map","Colored Powertips","Highlight Path","Minty Spire (QoL Compilation)","Permanent Neow","Quick Restart","Random Character Button","StSLib","SuperFastMode","Synergy Search"],"gold_per_floor":[112,130,143,158,158,158,178,204,249,249,273,273,89,110,110,190,190,205,205,227,227,152,152,71,71,122,122,134,134,134],"floor_reached":29,"language":"ENG","playtime":1508,"items_purged":[],"score":394,"play_id":"9514cb8e-1146-4595-840c-f3c92c654742","local_time":"20210206175918","is_ascension_mode":true,"campfire_choices":[{"data":"Genetic Algorithm","floor":6,"key":"SMITH"},{"floor":10,"key":"REST"},{"data":"Beam Cell","floor":12,"key":"SMITH"},{"data":"Enlightenment","floor":15,"key":"SMITH"},{"floor":23,"key":"REST"},{"floor":25,"key":"REST"},{"data":"Defragment","floor":27,"key":"SMITH"}],"circlet_count":0,"master_deck":["AscendersBane","Strike_B","Strike_B","Strike_B","Defend_B","Defend_B","Defend_B","Defend_B","Dualcast","Beam Cell+1","Genetic Algorithm+1","Melter","Sweeping Beam","BootSequence","Rebound","Conserve Battery","Sunder","Sweeping Beam","Enlightenment+1","Coolheaded","Buffer","Defragment+1","Deep Breath"],"relics":["Cracked Core","Blue Candle","CeramicFish","Inserter","Mercury Hourglass","Art of War"],"acts_visited":["Exordium","TheCity"],"potions_floor_usage":[8,8,16,16,29,29],"damage_taken":[{"damage":3.0,"enemies":"Jaw Worm","floor":1.0,"turns":4.0},{"damage":1.0,"enemies":"Cultist","floor":2.0,"turns":4.0},{"damage":7,"enemies":"Small Slimes","floor":3,"turns":3},{"damage":15,"enemies":"Gremlin Gang","floor":4,"turns":5},{"damage":9,"enemies":"3 Louse","floor":7,"turns":2},{"damage":19,"enemies":"Lagavulin","floor":8,"turns":8},{"damage":7,"enemies":"Looter","floor":11,"turns":3},{"damage":0,"enemies":"Large Slime","floor":14,"turns":3},{"damage":24,"enemies":"The Guardian","floor":16,"turns":12},{"damage":35,"enemies":"Shell Parasite","floor":18,"turns":9},{"damage":11,"enemies":"2 Thieves","floor":20,"turns":3},{"damage":0,"enemies":"Sentry and Sphere","floor":28,"turns":3},{"damage":54,"enemies":"Slavers","floor":29,"turns":4}],"seed_played":"-1660926465982082150","potions_obtained":[{"floor":1.0,"key":"Block Potion"},{"floor":3,"key":"Swift Potion"},{"floor":8,"key":"ColorlessPotion"},{"floor":11,"key":"PowerPotion"},{"floor":16,"key":"Weak Potion"},{"floor":18,"key":"BlessingOfTheForge"},{"floor":20,"key":"SkillPotion"}],"is_trial":false,"path_per_floor":["M","M","M","M","?","R","M","E","T","R","M","R","$","M","R","B",null,"M","?","M","?","?","R","$","R","T","R","M","E"],"character_chosen":"DEFECT","items_purchased":["Sunder","Sweeping Beam","Enlightenment","Deep Breath"],"campfire_rested":3,"item_purchase_floors":[13,13,13,24],"current_hp_per_floor":[68,67,60,45,45,45,36,17,17,40,33,33,33,33,33,9,61,26,26,15,6,6,29,29,52,52,52,52,0,0],"gold":134,"neow_bonus":"TEN_PERCENT_HP_BONUS","is_daily":false,"chose_seed":false,"campfire_upgraded":4,"win_rate":0.0,"timestamp":1612605558,"path_taken":["M","M","M","M","?","R","M","E","T","R","M","R","$","?","R","BOSS","M","?","?","?","?","R","$","R","T","R","M","E"],"items_purchased_type":["Card","Card","Card","Card"],"build_version":"2020-12-22","purchased_purges":0,"victory":false,"max_hp_per_floor":[78,78,78,78,78,78,78,78,78,78,78,78,78,78,78,78,78,78,78,78,78,78,78,78,78,78,78,78,78,78],"card_choices":[{"not_picked":["Steam Power","Consume"],"picked":"Beam Cell","floor":1.0},{"not_picked":["Sweeping Beam","Stack"],"picked":"Genetic Algorithm","floor":2.0},{"not_picked":["Consume","Barrage"],"picked":"Melter","floor":3},{"not_picked":["Beam Cell","Streamline"],"picked":"Sweeping Beam","floor":4},{"not_picked":["Reinforced Body","Genetic Algorithm"],"picked":"BootSequence","floor":7},{"not_picked":["Cold Snap","Biased Cognition"],"picked":"Rebound","floor":8},{"not_picked":["Redo","Loop"],"picked":"Conserve Battery","floor":11},{"not_picked":["Glacier","Lockon"],"picked":"Coolheaded","floor":14},{"not_picked":["Reboot","Biased Cognition"],"picked":"Buffer","floor":16},{"not_picked":["Turbo","Redo","Streamline"],"picked":"SKIP","floor":18},{"not_picked":["Storm","Redo"],"picked":"Defragment","floor":20},{"not_picked":["Compile Driver+1","Genetic Algorithm","Turbo"],"picked":"SKIP","floor":28}],"player_experience":368438,"relics_obtained":[{"floor":8,"key":"Blue Candle"},{"floor":9,"key":"CeramicFish"},{"floor":26,"key":"Art of War"}],"event_choices":[{"cards_removed":["Zap"],"damage_healed":0,"gold_gain":0,"player_choice":"Purged","damage_taken":0,"max_hp_gain":0,"max_hp_loss":0,"event_name":"Purifier","floor":5,"gold_loss":0},{"damage_healed":0,"gold_gain":0,"player_choice":"Gave Potion","damage_taken":0,"relics_obtained":["Mercury Hourglass"],"max_hp_gain":0,"max_hp_loss":0,"event_name":"WeMeetAgain","floor":19,"gold_loss":0},{"damage_healed":0,"gold_gain":0,"player_choice":"Stopped","damage_taken":9,"max_hp_gain":0,"max_hp_loss":0,"event_name":"Cursed Tome","floor":21,"gold_loss":0},{"cards_removed":["Strike_B"],"damage_healed":0,"gold_gain":0,"player_choice":"Gave Gold","damage_taken":0,"max_hp_gain":0,"max_hp_loss":0,"event_name":"Beggar","floor":22,"gold_loss":75}],"is_beta":false,"boss_relics":[{"not_picked":["Runic Dome","Fusion Hammer"],"picked":"Inserter"}],"items_purged_floors":[],"is_endless":false,"potions_floor_spawned":[1,3,7,8,11,16,18,20],"killed_by":"Slavers","ascension_level":15}}