{"host":"92wx9z21c4p52du4","time":1612647801,"event":{"mods":["Arknights","BaseMod","Downfall","Infinite Spire","Lobotomy","Minty Spire (QoL Compilation)","Reliquary","Robot Space Explorer","StSLib","SuperFastMode","The Blue Laboratory","The Disciple","The Jungle","The Runesmith","TheSurvivalist"],"gold_per_floor":[13,39,39,54,54,66,66,96,121,173,173,192,227,246,246,341,341,356,375,375,375,375,375,402,402,402,402,429,429,111,128,128,227,227,240,258,258,277,289,42,42,42],"floor_reached":41,"language":"ENG","playtime":2366,"items_purged":["Runesmith:Defend_RS","Runesmith:Defend_RS","Runesmith:Defend_RS"],"score":438,"play_id":"7701d6ae-df65-4237-b1a6-16a2e4dbc8c8","local_time":"20210206154321","is_ascension_mode":false,"campfire_choices":[{"data":"Runesmith:Fortify","floor":7,"key":"SMITH"},{"floor":11,"key":"REST"},{"data":"Runesmith:CraftFirestone","floor":15,"key":"SMITH"},{"data":"Madness","floor":23,"key":"SMITH"},{"floor":27,"key":"REST"},{"floor":29,"key":"REST"},{"data":"Runesmith:Firestorm","floor":32,"key":"SMITH"}],"circlet_count":0,"master_deck":["Runesmith:CraftFirestone+1","Runesmith:Fortify+1","Runesmith:ChaoticBlast","Runesmith:Grindstone+1","Runesmith:StaticCage","Runesmith:ChiselStab","Runesmith:GoWithTheFlow","Madness+1","Runesmith:EnergizedChisel","Runesmith:Repurpose","Runesmith:Attraction","Runesmith:FrozenChisel","Runesmith:UnstableHammer","Runesmith:FissionHammer","CurseOfTheBell","Runesmith:Accelerate+1","Runesmith:Grindstone+1","infinitespire:Gouge","Runesmith:DoubleUp+1","Runesmith:EarthShield","Runesmith:UnstableHammer+1","Runesmith:CraftMagma","Runesmith:Firestorm+1","Runesmith:Augment","Runesmith:GenerateForcefield","Runesmith:Refine+1","Runesmith:CraftProtectio","Parasite","Runesmith:PoweredAnvil","Panacea"],"relics":["Runesmith:BrokenRuby","Happy Flower","Happy Flower","Juzu Bracelet","Ancient Tea Set","Calling Bell","Dream Catcher","Mercury Hourglass","Torii","theJungle:SpiritDisease","theJungle:BirthdayCakeSlice","Incense Burner","Ice Cream","Spirit Poop","reliquary:Firecrackers","HandDrill","Runesmith:UraniumAnvil","reliquary:TatteredRug"],"acts_visited":["Exordium","Exordium","TheBeyond"],"potions_floor_usage":[4,13,16,16,19],"damage_taken":[{"damage":0,"enemies":"Cultist","floor":1,"turns":3},{"damage":0,"enemies":"2 Louse","floor":4,"turns":3},{"damage":4,"enemies":"Small Slimes","floor":6,"turns":4},{"damage":42,"enemies":"Gremlin Nob","floor":8,"turns":5},{"damage":7,"enemies":"Blue Slaver","floor":12,"turns":4},{"damage":5,"enemies":"3 Sentries","floor":13,"turns":7},{"damage":0,"enemies":"Large Slime","floor":14,"turns":5},{"damage":10,"enemies":"The Guardian","floor":16,"turns":9},{"damage":3,"enemies":"theJungle:MUSHROOMGANG","floor":18,"turns":4},{"damage":7,"enemies":"Shell Parasite","floor":19,"turns":5},{"damage":50,"enemies":"theJungle:MamaSnecko","floor":24,"turns":6},{"damage":19,"enemies":"theJungle:2_Phrogs","floor":28,"turns":10},{"damage":1,"enemies":"theJungle:SlimyTreeVines","floor":31,"turns":5},{"damage":2,"enemies":"theJungle:QueenSpyder","floor":33,"turns":11},{"damage":0,"enemies":"3 Shapes","floor":35,"turns":2},{"damage":8,"enemies":"Orb Walker","floor":36,"turns":3},{"damage":0,"enemies":"Jaw Worm Horde","floor":38,"turns":3},{"damage":15,"enemies":"Writhing Mass","floor":39,"turns":7},{"damage":54,"enemies":"Reptomancer","floor":41,"turns":2}],"seed_played":"-5796308516196407678","potions_obtained":[{"floor":1,"key":"Block Potion"},{"floor":8,"key":"DuplicationPotion"},{"floor":12,"key":"blueLaboratory:BottleOfVodka"},{"floor":13,"key":"blueLaboratory:EmptyBottle"},{"floor":16,"key":"blueLaboratory:BubblePotion"},{"floor":24,"key":"blueLaboratory:BubblePotion"},{"floor":31,"key":"SpeedPotion"},{"floor":36,"key":"Energy Potion"},{"floor":38,"key":"blueLaboratory:NullPotion"}],"is_trial":false,"path_per_floor":["M","T","?","M","?","M","R","E","T","?","R","M","E","M","R","B",null,"M","M","?","?","AVR","R","E","?","T","R","E","R","$","M","R","B",null,"M","M","?","M","M","$","E"],"character_chosen":"RUNESMITH_CLASS","items_purchased":["HandDrill","Runesmith:CraftMagma","Runesmith:Firestorm","reliquary:TatteredRug","Runesmith:PoweredAnvil","Panacea"],"campfire_rested":3,"item_purchase_floors":[30,30,30,40,40,40],"current_hp_per_floor":[70,70,70,70,70,66,66,24,24,24,45,38,33,33,33,23,70,67,60,60,65,65,65,15,8,8,30,11,33,33,38,38,36,75,75,67,67,67,52,52,0,0],"gold":42,"neow_bonus":"TRANSFORM_TWO_CARDS","is_daily":false,"chose_seed":false,"campfire_upgraded":4,"win_rate":0.0,"timestamp":1612647801,"path_taken":["M","?","?","?","?","M","R","E","T","?","R","M","E","M","R","BOSS","M","M","?","?","AVR","R","E","?","T","R","E","R","$","M","R","BOSS","M","M","?","M","M","$","E"],"items_purchased_type":["Relic","Card","Card","Relic","Card","Card"],"build_version":"2020-12-22","purchased_purges":3,"victory":false,"max_hp_per_floor":[70,70,70,70,70,70,70,70,70,70,70,70,70,70,70,70,70,70,70,70,75,75,75,75,75,75,75,75,75,75,75,75,75,75,75,75,75,75,75,75,75,75],"card_choices":[{"not_picked":["Runesmith:HammerThrow","Runesmith:WhiteBalance"],"picked":"Runesmith:StaticCage","floor":1},{"not_picked":["Runesmith:Permafrost","Runesmith:Grindstone"],"picked":"Runesmith:ChiselStab","floor":4},{"not_picked":["Runesmith:UnstableHammer","Runesmith:CraftProtectio"],"picked":"Runesmith:EnergizedChisel","floor":6},{"not_picked":["Runesmith:CraftProtectio","Runesmith:Empowerment"],"picked":"Runesmith:Repurpose","floor":8},{"not_picked":["Runesmith:EnergizedChisel","Runesmith:HammerThrow"],"picked":"Runesmith:Attraction","floor":12},{"not_picked":["Runesmith:EarthShield","Runesmith:ChiselStab"],"picked":"Runesmith:FrozenChisel","floor":13},{"not_picked":["Runesmith:LastStand","Runesmith:HammerThrow"],"picked":"Runesmith:UnstableHammer","floor":14},{"not_picked":["Runesmith:CreatorForm","Runesmith:MetallurgicalResearch"],"picked":"Runesmith:FissionHammer","floor":16},{"not_picked":["Runesmith:HeatExchange","Runesmith:UnstableHammer"],"picked":"Runesmith:Accelerate+1","floor":18},{"not_picked":["Runesmith:CraftProtectio","Runesmith:StaticCage+1"],"picked":"Runesmith:Grindstone+1","floor":19},{"not_picked":["Runesmith:Discharge+1","Runesmith:CraftProtectio"],"picked":"Runesmith:DoubleUp+1","floor":24},{"not_picked":["Runesmith:ShiftingStrike","Runesmith:ChiselStab"],"picked":"Runesmith:EarthShield","floor":27},{"not_picked":["Runesmith:Supernova","Runesmith:HeatedChisel"],"picked":"Runesmith:UnstableHammer+1","floor":28},{"not_picked":["Runesmith:PerfectChisel","Runesmith:CraftReservo+1"],"picked":"Runesmith:CraftSpiculum","floor":29},{"not_picked":["Runesmith:ShiftingStrike","Runesmith:ChiselStab+1"],"picked":"Runesmith:Augment","floor":31},{"not_picked":["Runesmith:LastStand","Runesmith:Supernova"],"picked":"Runesmith:GenerateForcefield","floor":33},{"not_picked":["Runesmith:StaticCage+1","Runesmith:Repurpose","Runesmith:Grindstone"],"picked":"SKIP","floor":35},{"not_picked":["Runesmith:Grindstone","Runesmith:EarthShield"],"picked":"Runesmith:Refine+1","floor":36},{"not_picked":["Runesmith:ShiftingStrike","Runesmith:Grindstone+1"],"picked":"Runesmith:CraftProtectio","floor":38},{"not_picked":["Runesmith:EarthShield","Runesmith:ShiftingStrike","Runesmith:EnergizedChisel+1"],"picked":"SKIP","floor":39}],"player_experience":270832,"relics_obtained":[{"floor":2,"key":"Happy Flower"},{"floor":8,"key":"reliquary:SculptingSteel"},{"floor":9,"key":"Juzu Bracelet"},{"floor":13,"key":"Ancient Tea Set"},{"floor":17,"key":"Dream Catcher"},{"floor":17,"key":"Mercury Hourglass"},{"floor":17,"key":"Torii"},{"floor":24,"key":"Ice Cream"},{"floor":26,"key":"Spirit Poop"},{"floor":28,"key":"reliquary:Firecrackers"}],"event_choices":[{"damage_healed":0,"gold_gain":0,"player_choice":"Upgraded","damage_taken":0,"max_hp_gain":0,"max_hp_loss":0,"event_name":"Upgrade Shrine","floor":3,"gold_loss":0,"cards_upgraded":["Runesmith:Grindstone"]},{"damage_healed":0,"gold_gain":0,"player_choice":"2 cards matched","damage_taken":0,"max_hp_gain":0,"max_hp_loss":0,"event_name":"Match and Keep!","floor":5,"gold_loss":0,"cards_obtained":["Runesmith:GoWithTheFlow","Madness"]},{"damage_healed":0,"gold_gain":52,"player_choice":"Gained Gold","damage_taken":0,"max_hp_gain":0,"max_hp_loss":0,"event_name":"Golden Wing","floor":10,"gold_loss":0},{"damage_healed":0,"gold_gain":0,"player_choice":"Damaged","damage_taken":7,"max_hp_gain":0,"max_hp_loss":0,"event_name":"Wheel of Change","floor":25,"gold_loss":0},{"cards_removed":["Runesmith:CraftSpiculum"],"damage_healed":0,"gold_gain":0,"player_choice":"Removed Skill","damage_taken":0,"max_hp_gain":0,"max_hp_loss":0,"event_name":"Falling","floor":37,"gold_loss":0}],"is_beta":false,"boss_relics":[{"not_picked":["Runic Pyramid","Sozu"],"picked":"Calling Bell"},{"not_picked":["Runesmith:CoreCrystal","Snecko Eye"],"picked":"Runesmith:UraniumAnvil"}],"items_purged_floors":[22,30,40],"is_endless":false,"potions_floor_spawned":[1,8,12,13,16,24,31,36,38],"killed_by":"Reptomancer","ascension_level":0}}