{"host":"mo4q27g5zst1e3zf","time":1612645801,"event":{"mods":["Aspiration","BaseMod","Colored Powertips","Downfall","Friendly Minions","Highlight Path","Infinite Spire","Koishi","Marisa????????","Minty Spire (QoL Compilation)","READ ME - Guardian Mod","Shade Mod","StSLib","The Bug Knight","The Cursed","The Hierophant","The Runesmith","The Servant 0.9.4"],"gold_per_floor":[219,120,120,134,154,154,167,167,167,17,29,58,58,58,58,162,162,131,143,154,85,85,85,114,114,137,137,167,99,115,125,125,253,303,320,320,243,254,254,254,264,289,312,312,312,312,331,345,345,351],"floor_reached":51,"language":"ENG","playtime":3109,"items_purged":[],"score":802,"play_id":"3eef77ee-6aca-4f42-8b60-136534f8928f","local_time":"20210206221001","is_ascension_mode":true,"campfire_choices":[{"data":"Runesmith:BackupBattery","floor":6,"key":"SMITH"},{"data":"Runesmith:CraftFirestone","floor":8,"key":"SMITH"},{"data":"Runesmith:CraftMedicinae","floor":15,"key":"SMITH"},{"data":"Runesmith:BackupBattery+1","floor":23,"key":"SMITH"},{"data":"Runesmith:BackupBattery+2","floor":25,"key":"SMITH"},{"data":"Runesmith:CraftMagma","floor":32,"key":"SMITH"},{"data":"Runesmith:BackupBattery+3","floor":40,"key":"SMITH"},{"data":"Runesmith:LithiumIon","floor":44,"key":"SMITH"},{"data":"Runesmith:CraftObretio","floor":46,"key":"SMITH"},{"floor":49,"key":"REST"}],"circlet_count":0,"master_deck":["Runesmith:Strike_RS","Runesmith:Strike_RS+1","Runesmith:Strike_RS","Runesmith:Defend_RS","Runesmith:Defend_RS","Runesmith:Defend_RS","Runesmith:CraftFirestone+1","Runesmith:Fortify","Runesmith:LithiumIon+1","Runesmith:BackupBattery+4","Runesmith:RuneHurl","Runesmith:EarthShield","Runesmith:CraftMagma+1","Runesmith:StaticCage","Runesmith:CraftMedicinae+1","Runesmith:CraftProtectio","Runesmith:ShiftingStrike","Parasite","Runesmith:CraftMedicinae","Runesmith:CraftObretio+1","Runesmith:Grindstone+1","Runesmith:PoweredAnvil","Runesmith:GoWithTheFlow","Runesmith:Firestorm+1","Runesmith:Retool+1","Runesmith:GenerateForcefield","Runesmith:Terraform","Runesmith:Augment+1","Runesmith:Firestorm+1","Runesmith:OneForEveryone+1","Runesmith:HeatExchange+1"],"relics":["Runesmith:BrokenRuby","Runesmith:EmergencyProvisions","Ancient Tea Set","aspiration:MobileForge","StrikeDummy","Boot","Frozen Egg 2","Tiny House","Runesmith:MiniCore","Blood Vial","Sozu","infinitespire:Midas Blood"],"acts_visited":["Exordium","TheCity","TheBeyond"],"potions_floor_usage":[12,12,12,20,28,28,33,33,35,35,42],"damage_taken":[{"damage":1,"enemies":"2 Louse","floor":1,"turns":3},{"damage":8,"enemies":"infinitespire:Voidling","floor":4,"turns":4},{"damage":10,"enemies":"Small Slimes","floor":5,"turns":4},{"damage":16,"enemies":"Exordium Wildlife","floor":7,"turns":4},{"damage":2,"enemies":"2 Fungi Beasts","floor":11,"turns":4},{"damage":5,"enemies":"Gremlin Nob","floor":12,"turns":4},{"damage":29,"enemies":"Slime Boss","floor":16,"turns":14},{"damage":34,"enemies":"2 Thieves","floor":18,"turns":5},{"damage":2,"enemies":"Shell Parasite","floor":19,"turns":5},{"damage":11,"enemies":"Cultist and Chosen","floor":20,"turns":8},{"damage":0,"enemies":"HollowMod:Nosk","floor":24,"turns":6},{"damage":0,"enemies":"Gremlin Leader","floor":28,"turns":6},{"damage":31,"enemies":"Chosen and Byrds","floor":30,"turns":9},{"damage":6,"enemies":"Sentry and Sphere","floor":31,"turns":8},{"damage":35,"enemies":"Collector","floor":33,"turns":9},{"damage":10,"enemies":"3 Shapes","floor":35,"turns":7},{"damage":43,"enemies":"Orb Walker","floor":38,"turns":6},{"damage":1,"enemies":"Writhing Mass","floor":41,"turns":8},{"damage":28,"enemies":"Nemesis","floor":42,"turns":9},{"damage":15,"enemies":"3 Darklings","floor":47,"turns":5},{"damage":7,"enemies":"Jaw Worm Horde","floor":48,"turns":6},{"damage":12,"enemies":"Awakened One","floor":50,"turns":12}],"seed_played":"-4681800558093085720","potions_obtained":[{"floor":1,"key":"SpeedPotion"},{"floor":7,"key":"AttackPotion"},{"floor":11,"key":"LiquidMemories"},{"floor":12,"key":"bronze:BurnAndBuffPotion"},{"floor":18,"key":"SteroidPotion"},{"floor":19,"key":"Swift Potion"},{"floor":28,"key":"ColorlessPotion"},{"floor":31,"key":"Energy Potion"},{"floor":33,"key":"SkillPotion"},{"floor":34,"key":"AttackPotion"},{"floor":41,"key":"AttackPotion"}],"is_trial":false,"path_per_floor":["M","$","?","M","M","R","M","R","T","$","M","E","$","?","R","B",null,"M","M","M","$","?","R","E","R","T","?","E","$","M","M","R","B",null,"M","?","$","M","?","R","M","E","T","R","AVR","R","M","M","R","B",null],"character_chosen":"RUNESMITH_CLASS","items_purchased":["Runesmith:BackupBattery","Runesmith:RuneHurl","Runesmith:CraftMedicinae","Runesmith:PoweredAnvil","Runesmith:Firestorm+1","Runesmith:Firestorm+1"],"campfire_rested":1,"item_purchase_floors":[2,2,10,21,29,37],"current_hp_per_floor":[69,69,69,61,51,51,35,35,35,35,33,28,28,45,45,28,70,45,46,35,35,35,35,47,47,47,47,56,56,41,39,39,4,75,70,70,70,36,44,44,51,30,30,30,30,30,32,33,55,75],"gold":351,"neow_bonus":"HUNDRED_GOLD","is_daily":false,"chose_seed":false,"campfire_upgraded":9,"win_rate":0.0,"timestamp":1612645801,"path_taken":["M","$","?","M","M","R","?","R","T","$","M","E","$","?","R","BOSS","M","M","M","$","?","R","E","R","T","?","E","?","M","?","R","BOSS","M","?","$","M","?","R","?","E","T","R","AVR","R","M","M","R","BOSS"],"items_purchased_type":["Card","Card","Card","Card","Card","Card"],"build_version":"2020-12-22","purchased_purges":0,"victory":true,"max_hp_per_floor":[70,70,70,70,70,70,70,70,70,70,70,70,70,70,70,70,70,70,70,70,70,70,70,70,70,70,70,70,70,70,70,70,70,75,75,75,75,75,75,75,75,75,75,75,75,75,75,75,75,75],"card_choices":[{"not_picked":["Runesmith:Overpower","Runesmith:GoWithTheFlow"],"picked":"Runesmith:LithiumIon","floor":1},{"not_picked":["Runesmith:NanitesCloud","Runesmith:Overpower"],"picked":"Runesmith:EarthShield","floor":4},{"not_picked":["Runesmith:ShiftingStrike","Runesmith:HeatedChisel"],"picked":"Runesmith:CraftMagma","floor":5},{"not_picked":["aspiration:UnbridledHammer","Runesmith:WhiteBalance"],"picked":"Runesmith:StaticCage","floor":7},{"not_picked":["Runesmith:Prism","Runesmith:Overpower"],"picked":"Runesmith:CraftProtectio","floor":11},{"not_picked":["Runesmith:PerfectChisel","Runesmith:StaticCage"],"picked":"Runesmith:ShiftingStrike","floor":12},{"not_picked":["Runesmith:Supernova","Runesmith:GenerateForcefield"],"picked":"Runesmith:CraftMedicinae","floor":16},{"not_picked":["Runesmith:EnergizedChisel","Runesmith:Overpower","Runesmith:StaticCage"],"picked":"SKIP","floor":18},{"not_picked":["Runesmith:Retool","Runesmith:PerfectChisel+1"],"picked":"Runesmith:CraftObretio","floor":19},{"not_picked":["Runesmith:FrozenChisel","Runesmith:Overpower"],"picked":"Runesmith:Grindstone+1","floor":20},{"not_picked":["Runesmith:EarthShield","Runesmith:CraftSpiculum","Runesmith:DoubleUp"],"picked":"SKIP","floor":24},{"not_picked":["Runesmith:StaticCage","Runesmith:CraftObretio+1"],"picked":"Runesmith:GoWithTheFlow","floor":28},{"not_picked":["Runesmith:HammerTime","Runesmith:CraftPrismatica"],"picked":"Runesmith:Retool+1","floor":30},{"not_picked":["Runesmith:Overpower","Runesmith:RuneHurl","Runesmith:Discharge+1"],"picked":"SKIP","floor":31},{"not_picked":["Runesmith:Supernova","Runesmith:Duplicate"],"picked":"Runesmith:GenerateForcefield","floor":33},{"not_picked":["Runesmith:ChiselStab","Runesmith:HammerAndChisel+1"],"picked":"Runesmith:Terraform","floor":34},{"not_picked":["Runesmith:Accelerate+1","Runesmith:ChiselStab+1"],"picked":"Runesmith:Augment+1","floor":35},{"not_picked":["Runesmith:UnstableHammer+1","Runesmith:HammerAndChisel","Runesmith:HeatedChisel+1"],"picked":"SKIP","floor":38},{"not_picked":["Runesmith:Prism+1","Runesmith:RuneHurl+1"],"picked":"Runesmith:OneForEveryone+1","floor":41},{"not_picked":["Runesmith:Overpower+1","Runesmith:RuneHurl+1"],"picked":"Runesmith:HeatExchange+1","floor":42},{"not_picked":["Runesmith:BackupBattery","Runesmith:UnstableHammer+1","Runesmith:MakeshiftArmor"],"picked":"SKIP","floor":47},{"not_picked":["Runesmith:BackupBattery+1","Runesmith:MakeshiftArmor","Runesmith:Empowerment+1"],"picked":"SKIP","floor":48}],"player_experience":724690,"relics_obtained":[{"floor":9,"key":"Runesmith:EmergencyProvisions"},{"floor":12,"key":"Ancient Tea Set"},{"floor":24,"key":"StrikeDummy"},{"floor":26,"key":"Boot"},{"floor":28,"key":"Frozen Egg 2"},{"floor":42,"key":"Runesmith:MiniCore"},{"floor":43,"key":"Blood Vial"}],"event_choices":[{"cards_removed":["Runesmith:Defend_RS"],"damage_healed":0,"gold_gain":0,"player_choice":"Offered Basic","damage_taken":0,"max_hp_gain":0,"max_hp_loss":0,"event_name":"Bonfire Elementals","floor":3,"gold_loss":0},{"damage_healed":17,"gold_gain":0,"player_choice":"Healed and dodged fight","damage_taken":0,"max_hp_gain":0,"max_hp_loss":0,"event_name":"Mushrooms","floor":14,"gold_loss":0,"cards_obtained":["Parasite"]},{"damage_healed":0,"gold_gain":0,"player_choice":"Ignored","damage_taken":0,"max_hp_gain":0,"max_hp_loss":0,"event_name":"Beggar","floor":27,"gold_loss":0},{"cards_removed":["Runesmith:Strike_RS"],"damage_healed":0,"gold_gain":0,"player_choice":"Removed Attack","damage_taken":0,"max_hp_gain":0,"max_hp_loss":0,"event_name":"Falling","floor":36,"gold_loss":0}],"is_beta":false,"boss_relics":[{"not_picked":["Cursed Key","SlaversCollar"],"picked":"aspiration:MobileForge"},{"not_picked":["Runic Pyramid","Runesmith:PocketReactor"],"picked":"Tiny House"}],"items_purged_floors":[],"is_endless":false,"potions_floor_spawned":[1,7,11,12,18,19,28,31,33,41,47],"ascension_level":1}}