{"host":"3y2rtlgteqp2nuo3","time":1612624610,"event":{"mods":["2.2 Compatiblity","AchievementEnabler","BaseMod","Colored Map","DeckTracker","Highlight Path","Keyboard Shortcuts","Minty Spire (QoL Compilation)","Permanent Neow","Quick Restart","StSLib","SuperFastMode","everything is the same but u backflip on backflip"],"gold_per_floor":[110,35,35,50,64,79,79,98,124,141,141,158,158,192,204,290,302,333,357,387,449,207,207,236,236,236],"floor_reached":25,"language":"KOR","playtime":662,"items_purged":["Strike_G","Strike_G"],"score":463,"play_id":"b0280f69-c627-44ac-b02d-8bd5baa48ed4","local_time":"20210207001650","is_ascension_mode":true,"campfire_choices":[{"data":"Accuracy","floor":7.0,"key":"SMITH"},{"data":"Finisher","floor":11.0,"key":"SMITH"},{"data":"Eviscerate","floor":15.0,"key":"SMITH"},{"floor":23.0,"key":"REST"}],"circlet_count":0,"master_deck":["AscendersBane","Strike_G","Defend_G","Defend_G","Defend_G","Defend_G","Defend_G","Survivor","Neutralize","Tools of the Trade","Blade Dance+1","Accuracy+1","Finisher+1","Backflip","Cloak And Dagger","Eviscerate+1","Adrenaline","After Image","Concentrate","Accuracy","Envenom","Underhanded Strike"],"relics":["Ring of the Snake","Juzu Bracelet","Boot","MawBank","Empty Cage","Potion Belt"],"acts_visited":["Exordium","TheCity"],"potions_floor_usage":[],"damage_taken":[{"damage":0.0,"enemies":"2 Louse","floor":1.0,"turns":3.0},{"damage":0.0,"enemies":"Cultist","floor":4.0,"turns":3.0},{"damage":0.0,"enemies":"Small Slimes","floor":5.0,"turns":4.0},{"damage":9.0,"enemies":"Blue Slaver","floor":6.0,"turns":4.0},{"damage":1.0,"enemies":"2 Fungi Beasts","floor":8.0,"turns":3.0},{"damage":0.0,"enemies":"Exordium Thugs","floor":10.0,"turns":3.0},{"damage":4.0,"enemies":"Large Slime","floor":12.0,"turns":5.0},{"damage":0.0,"enemies":"Gremlin Nob","floor":14.0,"turns":2.0},{"damage":28.0,"enemies":"Slime Boss","floor":16.0,"turns":6.0},{"damage":18.0,"enemies":"2 Thieves","floor":18.0,"turns":4.0},{"damage":0.0,"enemies":"Spheric Guardian","floor":19.0,"turns":3.0},{"damage":9.0,"enemies":"Centurion and Healer","floor":20.0,"turns":6.0},{"damage":28.0,"enemies":"Book of Stabbing","floor":24.0,"turns":6.0},{"damage":25,"enemies":"Snake Plant","floor":25,"turns":3}],"seed_played":"7898666992179073866","potions_obtained":[{"floor":1.0,"key":"Ancient Potion"},{"floor":4.0,"key":"LiquidMemories"},{"floor":19.0,"key":"Fire Potion"},{"floor":20.0,"key":"Block Potion"}],"is_trial":false,"path_per_floor":["M","$","?","M","M","M","R","M","T","M","R","M","?","E","R","B",null,"M","M","M","?","$","R","E","M"],"character_chosen":"THE_SILENT","items_purchased":["Envenom"],"campfire_rested":1,"item_purchase_floors":[22],"current_hp_per_floor":[59,59,59,59,59,50,50,49,49,49,49,45,45,45,45,17,54,36,36,27,27,27,46,18,0,0],"gold":236,"neow_bonus":"ONE_RANDOM_RARE_CARD","is_daily":false,"chose_seed":false,"campfire_upgraded":3,"win_rate":0.0,"timestamp":1612624610,"path_taken":["M","$","?","M","M","M","R","M","T","M","R","M","?","E","R","BOSS","M","M","M","?","$","R","E","M"],"items_purchased_type":["Card"],"build_version":"2020-12-22","purchased_purges":2,"victory":false,"max_hp_per_floor":[66,66,66,66,66,66,66,66,66,66,66,66,66,66,66,66,66,66,66,66,66,66,66,66,66,66],"card_choices":[{"not_picked":["Terror","Backstab"],"picked":"Blade Dance","floor":1.0},{"not_picked":["Infinite Blades","PiercingWail"],"picked":"Accuracy","floor":4.0},{"not_picked":["Sucker Punch","Underhanded Strike"],"picked":"Finisher","floor":5.0},{"not_picked":["Noxious Fumes","Flechettes"],"picked":"Backflip","floor":6.0},{"not_picked":["Slice","Escape Plan"],"picked":"Cloak And Dagger","floor":8.0},{"not_picked":["Masterful Stab","Slice","Bane"],"picked":"SKIP","floor":10.0},{"not_picked":["Dagger Throw","Cloak And Dagger"],"picked":"Eviscerate","floor":12.0},{"not_picked":["Cloak And Dagger","PiercingWail"],"picked":"Adrenaline","floor":14.0},{"not_picked":["Corpse Explosion","Malaise"],"picked":"After Image","floor":16.0},{"not_picked":["Deadly Poison","Underhanded Strike"],"picked":"Concentrate","floor":18.0},{"not_picked":["Deflect","Slice+1"],"picked":"Accuracy","floor":19.0},{"not_picked":["Flechettes","Dagger Throw","Backflip"],"picked":"SKIP","floor":20.0},{"not_picked":["Bane","Masterful Stab"],"picked":"Underhanded Strike","floor":24.0}],"player_experience":764018,"relics_obtained":[{"floor":9.0,"key":"Juzu Bracelet"},{"floor":14.0,"key":"MawBank"},{"floor":24.0,"key":"Potion Belt"}],"event_choices":[{"damage_healed":0.0,"max_hp_gain":0.0,"max_hp_loss":0.0,"gold_gain":0.0,"event_name":"Upgrade Shrine","player_choice":"Upgraded","floor":3.0,"gold_loss":0.0,"damage_taken":0.0,"cards_upgraded":["Blade Dance"]},{"damage_healed":0.0,"max_hp_gain":0.0,"max_hp_loss":0.0,"gold_gain":0.0,"event_name":"WeMeetAgain","player_choice":"Gave Potion","floor":13.0,"gold_loss":0.0,"damage_taken":0.0,"relics_obtained":["Boot"]},{"damage_healed":0.0,"max_hp_gain":0.0,"max_hp_loss":0.0,"gold_gain":50.0,"event_name":"Nest","player_choice":"Stole From Cult","floor":21.0,"gold_loss":0.0,"damage_taken":0.0}],"is_beta":false,"boss_relics":[{"not_picked":["Fusion Hammer","HoveringKite"],"picked":"Empty Cage"}],"items_purged_floors":[2,22],"is_endless":false,"potions_floor_spawned":[1,4,10,12,19,20],"killed_by":"Snake Plant","ascension_level":17}}