{"host":"36t3qd3wjvajtu1z","time":1612578167,"event":{"mods":["2.2 Compatiblity","AchievementEnabler","BaseMod","Block Reminder","Colored Map","Colored Powertips","Minty Spire (QoL Compilation)","Permanent Neow","Quick Restart","Random Character Button","Rare Cards Sparkle","Relic Stats","Slay-I","StSLib"],"gold_per_floor":[119,44,62,78,97,97,97,97,121,71,104,104,130,141,141,141,141],"floor_reached":16,"language":"ENG","playtime":660,"items_purged":["Strike_G"],"score":187,"play_id":"cbf842e6-f0ec-459f-bc69-f467ac052e5f","local_time":"20210205182247","is_ascension_mode":true,"campfire_choices":[{"data":"Neutralize","floor":6.0,"key":"SMITH"},{"data":"Skewer","floor":8.0,"key":"SMITH"},{"data":"Infinite Blades","floor":15.0,"key":"SMITH"}],"circlet_count":0,"master_deck":["AscendersBane","Strike_G","Strike_G","Defend_G","Defend_G+1","Defend_G","Defend_G+1","Defend_G","Survivor","Neutralize+1","Die Die Die","Skewer+1","Infinite Blades+1","Sucker Punch","Heel Hook","Caltrops","Dash"],"relics":["Ring of the Snake","Nunchaku","Pen Nib","War Paint"],"acts_visited":["Exordium"],"potions_floor_usage":[16],"damage_taken":[{"damage":0.0,"enemies":"Jaw Worm","floor":1.0,"turns":6.0},{"damage":0.0,"enemies":"Small Slimes","floor":3.0,"turns":2.0},{"damage":2.0,"enemies":"2 Louse","floor":4.0,"turns":2.0},{"damage":6.0,"enemies":"Red Slaver","floor":5.0,"turns":4.0},{"damage":15.0,"enemies":"Lagavulin","floor":11.0,"turns":7.0},{"damage":17.0,"enemies":"Gremlin Nob","floor":13.0,"turns":4.0},{"damage":0.0,"enemies":"3 Louse","floor":14.0,"turns":1.0},{"damage":29,"enemies":"Slime Boss","floor":16,"turns":8}],"seed_played":"-8716455074357121018","potions_obtained":[{"floor":4.0,"key":"Block Potion"},{"floor":5.0,"key":"Block Potion"},{"floor":11.0,"key":"AttackPotion"},{"floor":14.0,"key":"Dexterity Potion"}],"is_trial":false,"path_per_floor":["M","$","M","M","M","R","?","R","T","?","E","?","E","M","R","B"],"character_chosen":"THE_SILENT","items_purchased":[],"campfire_rested":0,"item_purchase_floors":[],"current_hp_per_floor":[59,59,59,57,51,51,51,51,51,51,36,36,19,19,19,0,0],"gold":141,"neow_bonus":"THREE_RARE_CARDS","is_daily":false,"chose_seed":false,"campfire_upgraded":3,"win_rate":0.0,"timestamp":1612578167,"path_taken":["M","$","M","M","M","R","?","R","T","?","E","?","E","M","R","BOSS"],"items_purchased_type":[],"build_version":"2020-12-22","purchased_purges":1,"victory":false,"max_hp_per_floor":[60,60,60,60,60,60,60,60,60,60,60,60,60,60,60,60,60],"relic_stats":{"Nunchaku":[4],"counters":[8,34],"Pen Nib":[3],"War Paint":["Defend_G","Defend_G"],"obtain_stats":[{"Nunchaku":9,"Pen Nib":11,"War Paint":13,"Ring of the Snake":0},{"Nunchaku":4,"Pen Nib":5,"War Paint":6,"Ring of the Snake":0},{"Nunchaku":14,"Pen Nib":21,"War Paint":25,"Ring of the Snake":0}],"Ring of the Snake":[16]},"card_choices":[{"not_picked":["Grand Finale","Malaise"],"picked":"Die Die Die","floor":0.0},{"not_picked":["PiercingWail","Poisoned Stab"],"picked":"Skewer","floor":1.0},{"not_picked":["Cloak And Dagger","Flechettes"],"picked":"Infinite Blades","floor":3.0},{"not_picked":["Poisoned Stab","Quick Slash"],"picked":"Sucker Punch","floor":4.0},{"not_picked":["Sucker Punch","Acrobatics"],"picked":"Heel Hook","floor":5.0},{"not_picked":["Expertise","Calculated Gamble"],"picked":"Caltrops","floor":11.0},{"not_picked":["Prepared","Underhanded Strike","Concentrate"],"picked":"SKIP","floor":13.0},{"not_picked":["Acrobatics","Finisher"],"picked":"Dash","floor":14.0}],"player_experience":406255,"relics_obtained":[{"floor":9.0,"key":"Nunchaku"},{"floor":11.0,"key":"Pen Nib"},{"floor":13.0,"key":"War Paint"}],"event_choices":[{"damage_healed":0.0,"max_hp_gain":0.0,"max_hp_loss":0.0,"gold_gain":0.0,"event_name":"Liars Game","player_choice":"Ignored","floor":7.0,"gold_loss":0.0,"damage_taken":0.0},{"cards_removed":["Strike_G"],"damage_healed":0.0,"max_hp_gain":0.0,"max_hp_loss":0.0,"gold_gain":0.0,"event_name":"The Cleric","player_choice":"Card Removal","floor":10.0,"gold_loss":50.0,"damage_taken":0.0},{"cards_removed":["Strike_G"],"damage_healed":0.0,"max_hp_gain":0.0,"max_hp_loss":0.0,"gold_gain":0.0,"event_name":"Purifier","player_choice":"Purged","floor":12.0,"gold_loss":0.0,"damage_taken":0.0}],"is_beta":false,"boss_relics":[],"items_purged_floors":[2],"is_endless":false,"potions_floor_spawned":[4,5,11,14],"killed_by":"Slime Boss","ascension_level":14}}