{"host":"mhzgc0zma59jtmoj","time":1612652825,"event":{"mods":["BaseMod","BetterRewards","Custom Start","Glutton Mod","Ironclad Rager","Minty Spire (QoL Compilation)","Replay The Spire","Somnambulant","StSLib","The Cursed","The Hierophant","The Jungle","The Marked","The Necromancer"],"gold_per_floor":[16,16,34,51,69,69,94,94,144,158,158,189,189,39,39,143,143,157,157,168,168,168,168,183,208,208,220,64,163,181,195,195,195,195],"floor_reached":33,"language":"ENG","playtime":1338,"items_purged":["Twin Strike"],"score":277,"play_id":"e564822a-3431-4235-a553-69f35e35f368","local_time":"20210206180705","is_ascension_mode":false,"campfire_choices":[{"data":"ReplayTheSpireMod:Muscle Training","floor":6,"key":"SMITH"},{"floor":8,"key":"REST"},{"data":"Iron Wave","floor":13,"key":"SMITH"},{"floor":15,"key":"RECALL"},{"data":"Iron Wave","floor":23,"key":"SMITH"},{"floor":32,"key":"REST"}],"circlet_count":0,"master_deck":["Twin Strike","Twin Strike+1","Twin Strike","Twin Strike+1","Iron Wave+1","Iron Wave+1","Iron Wave","Iron Wave+1","ReplayTheSpireMod:Muscle Training+1","ReplayTheSpireMod:Limb From Limb+1","Inflame"],"relics":["Burning Blood","Replay:WaspNest","Akabeko","Vajra","Empty Cage","Replay:Bottled Snecko","Bird Faced Urn"],"acts_visited":["Exordium","TheCity"],"potions_floor_usage":[33,33,33],"damage_taken":[{"damage":0,"enemies":"2 Louse","floor":1,"turns":2},{"damage":0,"enemies":"Small Slimes","floor":3,"turns":2},{"damage":0,"enemies":"Cultist","floor":4,"turns":2},{"damage":13,"enemies":"Blue Slaver","floor":5,"turns":2},{"damage":15,"enemies":"Gremlin Nob","floor":7,"turns":3},{"damage":12,"enemies":"2 Fungi Beasts","floor":10,"turns":2},{"damage":14,"enemies":"Lagavulin","floor":12,"turns":4},{"damage":26,"enemies":"Fading Forest","floor":16,"turns":11},{"damage":0,"enemies":"Chosen","floor":18,"turns":4},{"damage":13,"enemies":"Shell Parasite","floor":20,"turns":2},{"damage":8,"enemies":"Snake Plant","floor":24,"turns":3},{"damage":27,"enemies":"Book of Stabbing","floor":25,"turns":3},{"damage":15,"enemies":"3 Cultists","floor":27,"turns":4},{"damage":9,"enemies":"Snecko","floor":30,"turns":3},{"damage":16,"enemies":"Shelled Parasite and Fungi","floor":31,"turns":4},{"damage":48,"enemies":"Collector","floor":33,"turns":5}],"seed_played":"3123637620827007741","potions_obtained":[{"floor":4,"key":"Weak Potion"},{"floor":12,"key":"SteroidPotion"},{"floor":16,"key":"Energy Potion"}],"is_trial":false,"path_per_floor":["M","?","M","M","M","R","E","R","T","M","?","E","R","$","R","B",null,"M","?","M","?","$","R","M","E","T","M","$","?","M","M","R","B"],"character_chosen":"IRONCLAD","items_purchased":["Vajra","Inflame"],"campfire_rested":2,"item_purchase_floors":[14,28],"current_hp_per_floor":[57,57,63,69,62,62,53,72,72,66,52,44,44,44,44,34,72,72,72,65,65,65,65,63,42,42,33,33,33,32,24,45,0,0],"gold":195,"neow_bonus":"IRONCLAD_BERSERKER","is_daily":false,"chose_seed":false,"campfire_upgraded":3,"win_rate":0.0,"timestamp":1612652825,"path_taken":["M","?","M","M","M","R","E","R","T","M","?","E","R","$","R","BOSS","M","?","?","?","$","R","M","E","T","M","$","?","?","M","R","BOSS"],"items_purchased_type":["Relic","Card"],"build_version":"2020-12-22","purchased_purges":1,"victory":false,"max_hp_per_floor":[72,72,72,72,72,72,72,72,72,72,72,72,72,72,72,72,72,72,72,72,72,72,72,72,72,72,72,72,72,72,72,72,72,72],"card_choices":[{"not_picked":["Body Slam","Replay:Undeath\u0027s Touch","Clothesline"],"picked":"SKIP","floor":1},{"not_picked":["Carnage","Replay:Undeath\u0027s Touch","Run Through"],"picked":"SKIP","floor":3},{"not_picked":["Armaments","Headbutt"],"picked":"ReplayTheSpireMod:Muscle Training","floor":4},{"not_picked":["Clash","Massacre","Disarm"],"picked":"SKIP","floor":5},{"not_picked":["Perfected Strike","Wild Strike","Pommel Strike"],"picked":"SKIP","floor":7},{"not_picked":["Cleave","Double Tap","Perfected Strike"],"picked":"SKIP","floor":10},{"not_picked":["True Grit","Shrug It Off","Defy Death"],"picked":"SKIP","floor":12},{"not_picked":["Double Tap","Barricade"],"picked":"Replay:Many Hands","floor":16},{"not_picked":["Replay:Undeath\u0027s Touch","Clothesline","Headbutt"],"picked":"SKIP","floor":18},{"not_picked":["Body Slam","Sword Boomerang","Shockwave+1"],"picked":"SKIP","floor":20},{"not_picked":["ICR:PowerAttack","Reckless Charge","Berserk"],"picked":"SKIP","floor":24},{"not_picked":["Sword Boomerang","Shrug It Off"],"picked":"ReplayTheSpireMod:Limb From Limb+1","floor":25},{"not_picked":["Evolve","Body Slam","Barricade"],"picked":"SKIP","floor":27},{"not_picked":["ReplayTheSpireMod:Strike From Hell","Sever Soul","Intimidate"],"picked":"SKIP","floor":30},{"not_picked":["ICR:PowerAttack","Carnage+1","Rampage"],"picked":"SKIP","floor":31}],"player_experience":253303,"relics_obtained":[{"floor":7,"key":"Replay:WaspNest"},{"floor":12,"key":"Akabeko"},{"floor":25,"key":"Replay:Bottled Snecko"},{"floor":26,"key":"Bird Faced Urn"}],"event_choices":[{"damage_healed":0,"gold_gain":0,"player_choice":"Entered Light","damage_taken":14,"max_hp_gain":0,"max_hp_loss":0,"event_name":"Shining Light","floor":11,"gold_loss":0,"cards_upgraded":["Twin Strike","Iron Wave"]},{"damage_healed":0,"gold_gain":0,"player_choice":"Bought 0 Potions","damage_taken":0,"max_hp_gain":0,"max_hp_loss":0,"event_name":"The Woman in Blue","floor":19,"gold_loss":0},{"cards_removed":["Bash"],"damage_healed":0,"gold_gain":0,"player_choice":"Elegance","damage_taken":0,"max_hp_gain":0,"max_hp_loss":0,"event_name":"Back to Basics","floor":21,"gold_loss":0},{"damage_healed":0,"gold_gain":99,"player_choice":"Stole From Cult","damage_taken":0,"max_hp_gain":0,"max_hp_loss":0,"event_name":"Nest","floor":29,"gold_loss":0}],"is_beta":false,"boss_relics":[{"not_picked":["Replay:Fungal Core","Pandora\u0027s Box"],"picked":"Empty Cage"}],"items_purged_floors":[28],"is_endless":false,"potions_floor_spawned":[4,12,16,18,24,25,31],"killed_by":"Collector","ascension_level":0}}