{"host":"5mo0809oo9tcrmpl","time":1612589105,"event":{"mods":["BaseMod","Highlight Path","Minty Spire (QoL Compilation)","Relic Stats","Slay the Relics Exporter"],"gold_per_floor":[99,99,99,99,99,99,99,99,99,24,24,24,24,24,24,24,24,24,24,24,24,24,24,24,24,24,24,24,24,24,24,24,24,24,24,24,24,24,24,24,24,24,24,24,24,24,24,24,24,24,24,24],"floor_reached":51,"language":"ENG","playtime":2560,"items_purged":["Strike_R"],"score":1634,"play_id":"f3131885-eb94-4434-b0a2-127a7fddff71","local_time":"20210205232505","is_ascension_mode":true,"campfire_choices":[{"data":"Metallicize","floor":6.0,"key":"SMITH"},{"data":"Metallicize","floor":15.0,"key":"SMITH"},{"floor":24.0,"key":"REST"},{"floor":32.0,"key":"REST"},{"floor":41.0,"key":"REST"},{"floor":49.0,"key":"RECALL"}],"circlet_count":0,"master_deck":["AscendersBane","Strike_R","Strike_R","Strike_R","Strike_R","Defend_R","Defend_R","Defend_R","Defend_R","Bash+1","Dropkick","Clash","Metallicize+1","True Grit","Twin Strike","Metallicize+1","Demon Form+1","Perfected Strike","Shockwave","Bludgeon","Clothesline","Perfected Strike+1","Twin Strike+1","Bludgeon","Carnage","Heavy Blade","Flame Barrier","Flame Barrier","Perfected Strike"],"relics":["Ectoplasm","Ornamental Fan","Shuriken","Nunchaku","Odd Mushroom","PreservedInsect","Snecko Eye","InkBottle","Anchor","Sundial","HornCleat","Fusion Hammer","White Beast Statue","Bottled Lightning","Charon\u0027s Ashes","Torii"],"acts_visited":["Exordium","TheCity","TheBeyond"],"potions_floor_usage":[51],"damage_taken":[{"damage":7.0,"enemies":"Jaw Worm","floor":1.0,"turns":3.0},{"damage":6.0,"enemies":"Small Slimes","floor":2.0,"turns":3.0},{"damage":2.0,"enemies":"Cultist","floor":4.0,"turns":4.0},{"damage":14.0,"enemies":"Lagavulin","floor":7.0,"turns":7.0},{"damage":6.0,"enemies":"2 Fungi Beasts","floor":8.0,"turns":3.0},{"damage":17.0,"enemies":"Gremlin Nob","floor":11.0,"turns":4.0},{"damage":24.0,"enemies":"The Mushroom Lair","floor":12.0,"turns":5.0},{"damage":3.0,"enemies":"3 Sentries","floor":14.0,"turns":12.0},{"damage":1.0,"enemies":"Hexaghost","floor":16.0,"turns":8.0},{"damage":34.0,"enemies":"3 Byrds","floor":18.0,"turns":9.0},{"damage":4.0,"enemies":"Chosen","floor":20.0,"turns":4.0},{"damage":22.0,"enemies":"Snake Plant","floor":21.0,"turns":4.0},{"damage":8.0,"enemies":"Book of Stabbing","floor":23.0,"turns":4.0},{"damage":5.0,"enemies":"Cultist and Chosen","floor":25.0,"turns":4.0},{"damage":0.0,"enemies":"Snecko","floor":27.0,"turns":3.0},{"damage":15.0,"enemies":"Slavers","floor":28.0,"turns":4.0},{"damage":7.0,"enemies":"Snake Plant","floor":29.0,"turns":3.0},{"damage":0.0,"enemies":"Book of Stabbing","floor":30.0,"turns":4.0},{"damage":0.0,"enemies":"3 Cultists","floor":31.0,"turns":4.0},{"damage":27.0,"enemies":"Automaton","floor":33.0,"turns":8.0},{"damage":0.0,"enemies":"Orb Walker","floor":35.0,"turns":2.0},{"damage":0.0,"enemies":"3 Shapes","floor":36.0,"turns":3.0},{"damage":7.0,"enemies":"Sphere and 2 Shapes","floor":38.0,"turns":10.0},{"damage":12.0,"enemies":"Reptomancer","floor":40.0,"turns":4.0},{"damage":0.0,"enemies":"Giant Head","floor":42.0,"turns":4.0},{"damage":1.0,"enemies":"Maw","floor":44.0,"turns":5.0},{"damage":2.0,"enemies":"4 Shapes","floor":45.0,"turns":4.0},{"damage":4.0,"enemies":"Mind Bloom Boss Battle","floor":46.0,"turns":5.0},{"damage":10.0,"enemies":"Nemesis","floor":48.0,"turns":3.0},{"damage":28.0,"enemies":"Donu and Deca","floor":50.0,"turns":7.0},{"damage":64,"enemies":"Awakened One","floor":51,"turns":6}],"seed_played":"7700012455646254995","potions_obtained":[{"floor":1.0,"key":"DuplicationPotion"},{"floor":4.0,"key":"BloodPotion"},{"floor":11.0,"key":"EntropicBrew"},{"floor":12.0,"key":"SneckoOil"},{"floor":14.0,"key":"BlessingOfTheForge"},{"floor":16.0,"key":"Energy Potion"},{"floor":18.0,"key":"Weak Potion"},{"floor":25.0,"key":"DuplicationPotion"},{"floor":28.0,"key":"Weak Potion"},{"floor":31.0,"key":"BloodPotion"},{"floor":33.0,"key":"BlessingOfTheForge"},{"floor":35.0,"key":"SpeedPotion"},{"floor":40.0,"key":"Explosive Potion"},{"floor":44.0,"key":"FairyPotion"},{"floor":48.0,"key":"CultistPotion"}],"is_trial":false,"path_per_floor":["M","M","?","M","?","R","E","M","T","$","E","?","?","E","R","B",null,"M","?","M","M","?","E","R","M","T","M","E","M","E","M","R","B",null,"M","M","?","M","?","E","R","E","T","M","M","?","$","E","R","B","B"],"character_chosen":"IRONCLAD","items_purchased":[],"campfire_rested":3,"item_purchase_floors":[],"current_hp_per_floor":[61,55,55,53,53,53,39,33,33,33,16,22,22,19,19,18,61,27,27,23,1,16,8,30,25,25,25,10,3,3,3,25,13,60,60,60,60,53,53,41,63,63,63,62,60,56,56,46,46,18,0,0],"gold":24,"neow_bonus":"BOSS_RELIC","is_daily":false,"chose_seed":false,"campfire_upgraded":2,"win_rate":0.0,"timestamp":1612589105,"path_taken":["M","M","?","M","?","R","E","?","T","$","E","?","?","E","R","BOSS","M","?","M","M","?","E","R","M","T","M","E","M","E","M","R","BOSS","M","M","?","M","?","E","R","E","T","M","?","?","?","E","R","BOSS","BOSS"],"items_purchased_type":[],"build_version":"2020-12-22","purchased_purges":1,"victory":false,"max_hp_per_floor":[75,75,75,75,75,75,75,75,75,75,75,75,75,75,75,75,75,75,75,75,75,75,75,75,75,75,75,75,75,75,75,75,75,75,75,75,75,75,75,75,75,75,75,75,75,75,75,75,75,75,75,75],"relic_stats":{"Nunchaku":[28],"Torii":4,"counters":[31,153],"Ornamental Fan":[216],"Shuriken":[53],"Sundial":[10],"Snecko Eye":[177,194,192,177],"Ectoplasm":835,"PreservedInsect":368,"Charon\u0027s Ashes":[37],"obtain_stats":[{"Torii":48,"PreservedInsect":14,"Charon\u0027s Ashes":46,"Odd Mushroom":12,"Burning Blood":0,"White Beast Statue":40,"Nunchaku":11,"Anchor":26,"HornCleat":30,"Ornamental Fan":7,"Shuriken":9,"Sundial":28,"Snecko Eye":17,"Ectoplasm":0,"Fusion Hammer":34,"Bottled Lightning":42,"InkBottle":23},{"Torii":29,"PreservedInsect":8,"Charon\u0027s Ashes":28,"Odd Mushroom":7,"Burning Blood":0,"White Beast Statue":24,"Nunchaku":6,"Anchor":14,"HornCleat":18,"Ornamental Fan":4,"Shuriken":5,"Sundial":16,"Snecko Eye":9,"Ectoplasm":0,"Fusion Hammer":20,"Bottled Lightning":25,"InkBottle":13},{"Torii":140,"PreservedInsect":41,"Charon\u0027s Ashes":137,"Odd Mushroom":29,"Burning Blood":0,"White Beast Statue":119,"Nunchaku":24,"Anchor":74,"HornCleat":88,"Ornamental Fan":17,"Shuriken":20,"Sundial":81,"Snecko Eye":49,"Ectoplasm":0,"Fusion Hammer":100,"Bottled Lightning":123,"InkBottle":70}],"InkBottle":[30]},"card_choices":[{"not_picked":["Dark Embrace","Sentinel"],"picked":"Dropkick","floor":1.0},{"not_picked":["Headbutt","Thunderclap"],"picked":"Clash","floor":2.0},{"not_picked":["True Grit","Entrench"],"picked":"Metallicize","floor":4.0},{"not_picked":["Warcry","Heavy Blade"],"picked":"True Grit","floor":7.0},{"not_picked":["Sword Boomerang","Sentinel","Warcry"],"picked":"SKIP","floor":8.0},{"not_picked":["Power Through","Wild Strike"],"picked":"Twin Strike","floor":11.0},{"not_picked":["Twin Strike","Sword Boomerang"],"picked":"Metallicize","floor":12.0},{"not_picked":["Cleave","Dark Embrace","Battle Trance"],"picked":"SKIP","floor":14.0},{"not_picked":["Exhume","Reaper"],"picked":"Demon Form","floor":16.0},{"not_picked":["Inflame","Spot Weakness"],"picked":"Shrug It Off","floor":18.0},{"not_picked":["Body Slam","Flex"],"picked":"Perfected Strike","floor":20.0},{"not_picked":["Body Slam","Headbutt","Clash"],"picked":"SKIP","floor":21.0},{"not_picked":["Clash","Shrug It Off"],"picked":"Shockwave","floor":23.0},{"not_picked":["Warcry","True Grit+1"],"picked":"Bludgeon","floor":25.0},{"not_picked":["Warcry","Rupture","Evolve"],"picked":"SKIP","floor":27.0},{"not_picked":["Anger","Iron Wave"],"picked":"Clothesline","floor":28.0},{"not_picked":["Feel No Pain","Pommel Strike","Reckless Charge"],"picked":"SKIP","floor":29.0},{"not_picked":["Dark Embrace","Heavy Blade"],"picked":"Perfected Strike+1","floor":30.0},{"not_picked":["Wild Strike","Flex"],"picked":"Twin Strike+1","floor":31.0},{"not_picked":["Berserk","Offering"],"picked":"Bludgeon","floor":33.0},{"not_picked":["Entrench","Dual Wield"],"picked":"Carnage","floor":35.0},{"not_picked":["Flex","Shrug It Off","Spot Weakness"],"picked":"SKIP","floor":36.0},{"not_picked":["Searing Blow","Havoc"],"picked":"Heavy Blade","floor":38.0},{"not_picked":["Searing Blow","Sentinel","Dark Embrace+1"],"picked":"SKIP","floor":40.0},{"not_picked":["Intimidate","Rampage+1"],"picked":"Flame Barrier","floor":42.0},{"not_picked":["Anger","Bloodletting","Pommel Strike+1"],"picked":"SKIP","floor":44.0},{"not_picked":["Entrench+1","Intimidate"],"picked":"Flame Barrier","floor":45.0},{"not_picked":["Anger","Battle Trance"],"picked":"Perfected Strike","floor":48.0}],"player_experience":1263006,"relics_obtained":[{"floor":7.0,"key":"Ornamental Fan"},{"floor":9.0,"key":"Shuriken"},{"floor":11.0,"key":"Nunchaku"},{"floor":12.0,"key":"Odd Mushroom"},{"floor":14.0,"key":"PreservedInsect"},{"floor":23.0,"key":"InkBottle"},{"floor":26.0,"key":"Anchor"},{"floor":28.0,"key":"Sundial"},{"floor":30.0,"key":"HornCleat"},{"floor":40.0,"key":"White Beast Statue"},{"floor":42.0,"key":"Bottled Lightning"},{"floor":46.0,"key":"Charon\u0027s Ashes"},{"floor":48.0,"key":"Torii"}],"event_choices":[{"damage_healed":0.0,"max_hp_gain":0.0,"max_hp_loss":0.0,"gold_gain":0.0,"event_name":"Liars Game","player_choice":"Ignored","floor":3.0,"gold_loss":0.0,"damage_taken":0.0},{"damage_healed":0.0,"max_hp_gain":0.0,"max_hp_loss":0.0,"gold_gain":0.0,"event_name":"Accursed Blacksmith","player_choice":"Forge","floor":5.0,"gold_loss":0.0,"damage_taken":0.0,"cards_upgraded":["Bash"]},{"damage_healed":0.0,"max_hp_gain":0.0,"max_hp_loss":0.0,"gold_gain":0.0,"event_name":"Mushrooms","player_choice":"Fought Mushrooms","floor":12.0,"gold_loss":0.0,"damage_taken":0.0},{"damage_healed":0.0,"max_hp_gain":0.0,"max_hp_loss":0.0,"gold_gain":0.0,"event_name":"Scrap Ooze","player_choice":"Fled","floor":13.0,"gold_loss":0.0,"damage_taken":0.0},{"damage_healed":0.0,"max_hp_gain":0.0,"max_hp_loss":0.0,"gold_gain":0.0,"event_name":"Ghosts","player_choice":"Ignored","floor":19.0,"gold_loss":0.0,"damage_taken":0.0},{"damage_healed":15.0,"max_hp_gain":0.0,"max_hp_loss":0.0,"gold_gain":0.0,"event_name":"The Library","player_choice":"Heal","floor":22.0,"gold_loss":0.0,"damage_taken":0.0},{"cards_removed":["Shrug It Off"],"damage_healed":0.0,"max_hp_gain":0.0,"max_hp_loss":0.0,"gold_gain":0.0,"event_name":"Falling","player_choice":"Removed Skill","floor":37.0,"gold_loss":0.0,"damage_taken":0.0},{"damage_healed":0.0,"max_hp_gain":0.0,"max_hp_loss":0.0,"gold_gain":0.0,"event_name":"Upgrade Shrine","player_choice":"Upgraded","floor":39.0,"gold_loss":0.0,"damage_taken":0.0,"cards_upgraded":["Demon Form"]},{"damage_healed":0.0,"max_hp_gain":0.0,"max_hp_loss":0.0,"gold_gain":0.0,"event_name":"MindBloom","player_choice":"Fight","floor":46.0,"gold_loss":0.0,"damage_taken":0.0}],"is_beta":false,"boss_relics":[{"not_picked":["Velvet Choker","Philosopher\u0027s Stone"],"picked":"Snecko Eye"},{"not_picked":["Busted Crown","SlaversCollar"],"picked":"Fusion Hammer"}],"items_purged_floors":[10],"is_endless":false,"potions_floor_spawned":[1,4,11,12,14,16,18,25,28,31,33,35,38,40,42,44,45,46,48],"killed_by":"Awakened One","ascension_level":20}}