{"host":"yx8wv8d7ru77s2k1","time":1612625201,"event":{"mods":["BaseMod","Colored Map","Downfall","Hermit","Infinite Spire","Jorbs\u0027s Wanderer Trilogy","Marisa????????","Minty Spire (QoL Compilation)","Relic Sorter","Reliquary","Spikes Relics","StSLib","The Bug Knight","The Disciple","The Hierophant","The Necromancer","The Servant 0.9.4"],"gold_per_floor":[116,116,130,130,141,141,141,161,161,161,161,187,200,200,200,305,355,374,387,30,48,48,48,64,64,64,64,464,464,484,500,500,599,599,612,367,379,379,396,396,416,416,416,427,427,443,443,443,443],"floor_reached":48,"language":"ENG","playtime":2148,"items_purged":[],"score":459,"play_id":"17155dac-3d67-4166-8797-d83e38f061f4","local_time":"20210206162641","is_ascension_mode":false,"campfire_choices":[{"data":"hermit:Snipe","floor":6,"key":"SMITH"},{"floor":10,"key":"REST"},{"data":"hermit:Coalescence","floor":15,"key":"SMITH"},{"floor":23,"key":"REST"},{"floor":27,"key":"REST"},{"floor":29,"key":"REST"},{"data":"hermit:Strike_Hermit","floor":32,"key":"SMITH"},{"floor":40,"key":"REST"},{"floor":42,"key":"REST"},{"floor":45,"key":"REST"}],"circlet_count":0,"master_deck":["hermit:Strike_Hermit+1","hermit:Strike_Hermit","hermit:Strike_Hermit","hermit:Strike_Hermit+1","hermit:Defend_Hermit","hermit:Defend_Hermit","hermit:Defend_Hermit","hermit:Defend_Hermit+1","hermit:Snapshot+1","hermit:Covet+1","hermit:Maintenance+1","hermit:Coalescence+1","hermit:Snipe+1","hermit:WideOpen+1","hermit:Gambit","hermit:Quickdraw+1","hermit:Quickdraw","hermit:Magnum","hermit:BigShot","Parasite","hermit:FullyLoaded+1","hermit:LuckOfTheDraw+1"],"relics":["hermit:Momento","HollowMod:PaleOreRelic","RoseTintedShades","Tiny House","Mercury Hourglass","reliquary:SilkGlove","Old Coin","StrikeDummy","Runic Pyramid","infinitespire:PuzzleCube","HollowMod:LifeEnderRelic"],"acts_visited":["Exordium","TheCity","TheBeyond"],"potions_floor_usage":[12,18,18,20,21,30,33,36,39,48],"damage_taken":[{"damage":3,"enemies":"Jaw Worm","floor":1,"turns":5},{"damage":2,"enemies":"Small Slimes","floor":3,"turns":3},{"damage":2,"enemies":"2 Louse","floor":5,"turns":3},{"damage":7,"enemies":"Exordium Thugs","floor":8,"turns":6},{"damage":6,"enemies":"Gremlin Nob","floor":12,"turns":3},{"damage":0,"enemies":"Looter","floor":13,"turns":2},{"damage":32,"enemies":"The Guardian","floor":16,"turns":10},{"damage":3,"enemies":"Spheric Guardian","floor":18,"turns":5},{"damage":16,"enemies":"Chosen","floor":19,"turns":5},{"damage":17,"enemies":"Shelled Parasite and Fungi","floor":21,"turns":7},{"damage":21,"enemies":"Snake Plant","floor":24,"turns":4},{"damage":15,"enemies":"Colosseum Slavers","floor":28,"turns":5},{"damage":22,"enemies":"Colosseum Nobs","floor":28,"turns":5},{"damage":3,"enemies":"Snecko","floor":30,"turns":5},{"damage":4,"enemies":"Shelled Parasite and Fungi","floor":31,"turns":5},{"damage":83,"enemies":"Collector","floor":33,"turns":11},{"damage":0,"enemies":"Orb Walker","floor":35,"turns":4},{"damage":28,"enemies":"3 Darklings","floor":37,"turns":5},{"damage":21,"enemies":"Writhing Mass","floor":39,"turns":5},{"damage":50,"enemies":"Maw","floor":41,"turns":9},{"damage":20,"enemies":"Spire Growth","floor":44,"turns":6},{"damage":26,"enemies":"4 Shapes","floor":46,"turns":4},{"damage":34,"enemies":"Maw","floor":48,"turns":5}],"seed_played":"-4397479575556674564","potions_obtained":[{"floor":1,"key":"hermit:BlackBile"},{"floor":16,"key":"SkillPotion"},{"floor":17,"key":"Strength Potion"},{"floor":18,"key":"GamblersBrew"},{"floor":24,"key":"FairyPotion"},{"floor":30,"key":"Fruit Juice"},{"floor":31,"key":"EssenceOfSteel"},{"floor":35,"key":"hermit:Eclipse"},{"floor":37,"key":"Swift Potion"},{"floor":41,"key":"FearPotion"}],"is_trial":true,"path_per_floor":["M","$","M","?","M","R","?","M","T","R","?","E","M","?","R","B",null,"M","M","$","M","?","R","M","?","T","R","?","R","M","M","R","B",null,"M","$","M","?","M","R","M","R","T","M","R","M","?","M"],"character_chosen":"HERMIT","items_purchased":["Mercury Hourglass","Fruit Juice","Fruit Juice","infinitespire:PuzzleCube"],"campfire_rested":7,"item_purchase_floors":[20,20,36,36],"current_hp_per_floor":[72,72,70,70,68,68,53,46,46,68,68,62,62,62,62,30,80,77,61,66,49,49,74,53,53,53,78,41,66,68,64,64,16,90,90,95,67,67,46,74,24,52,52,32,60,34,34,0,0],"gold":443,"neow_bonus":"","is_daily":false,"chose_seed":false,"campfire_upgraded":3,"win_rate":0.0,"timestamp":1612625201,"path_taken":["M","$","M","?","M","R","?","M","T","R","?","E","?","?","R","BOSS","M","?","$","M","?","R","M","?","T","R","?","R","?","?","R","BOSS","M","$","M","?","M","R","M","R","T","M","R","M","?","?"],"items_purchased_type":["Relic","Potion","Potion","Relic"],"build_version":"2020-12-22","purchased_purges":0,"victory":false,"max_hp_per_floor":[75,75,75,75,75,75,75,75,75,75,75,75,75,75,75,75,80,80,80,85,85,85,85,85,85,85,85,85,85,90,90,90,90,90,90,95,95,95,95,95,95,95,95,95,95,95,95,95,95],"card_choices":[{"not_picked":["hermit:Glare","hermit:CursedWeapon"],"picked":"hermit:Maintenance","floor":1},{"not_picked":["hermit:Desperado","hermit:Dive"],"picked":"hermit:Coalescence","floor":3},{"not_picked":["hermit:Quickdraw","hermit:Grudge"],"picked":"hermit:Snipe","floor":5},{"not_picked":["hermit:Spite","hermit:LuckOfTheDraw"],"picked":"hermit:WideOpen","floor":8},{"not_picked":["hermit:FromBeyond","hermit:Gestalt","hermit:EyeOfTheStorm"],"picked":"SKIP","floor":12},{"not_picked":["hermit:TakeAim","hermit:Midnight","hermit:TrackingShot"],"picked":"SKIP","floor":13},{"not_picked":["hermit:HoleUp+1","hermit:Ricochet+1","hermit:EyeOfTheStorm+1"],"picked":"SKIP","floor":18},{"not_picked":["hermit:Dive","hermit:Glare","hermit:Malice+1"],"picked":"SKIP","floor":19},{"not_picked":["hermit:Dive","hermit:LowProfile","hermit:Gestalt"],"picked":"SKIP","floor":21},{"not_picked":["hermit:Cheat","hermit:Misfire","hermit:ItchyTrigger"],"picked":"SKIP","floor":24},{"not_picked":["hermit:Cheat","hermit:Vantage"],"picked":"hermit:Gambit","floor":28},{"not_picked":["hermit:Manifest","hermit:LowProfile"],"picked":"hermit:Quickdraw+1","floor":30},{"not_picked":["hermit:WideOpen+1","hermit:Roulette"],"picked":"hermit:Quickdraw","floor":31},{"not_picked":["hermit:OverwhelmingPower","hermit:RoundhouseKick"],"picked":"hermit:Magnum","floor":33},{"not_picked":["hermit:Coalescence+1","hermit:BodyArmor+1","hermit:NoHoldsBarred+1"],"picked":"SKIP","floor":35},{"not_picked":["hermit:Roulette","hermit:Snipe"],"picked":"hermit:BigShot","floor":37},{"not_picked":["hermit:ItchyTrigger+1","hermit:Desperado+1","hermit:WideOpen"],"picked":"SKIP","floor":39},{"not_picked":["hermit:CalledShot","hermit:Feint"],"picked":"hermit:FullyLoaded+1","floor":41},{"not_picked":["hermit:FullyLoaded+1","hermit:BodyArmor+1","hermit:Combo"],"picked":"SKIP","floor":44},{"not_picked":["hermit:Coalescence","hermit:EyeOfTheStorm"],"picked":"hermit:LuckOfTheDraw+1","floor":46}],"player_experience":176962,"relics_obtained":[{"floor":9,"key":"HollowMod:PaleOreRelic"},{"floor":12,"key":"RoseTintedShades"},{"floor":26,"key":"reliquary:SilkGlove"},{"floor":28,"key":"Old Coin"},{"floor":28,"key":"StrikeDummy"},{"floor":43,"key":"HollowMod:LifeEnderRelic"}],"event_choices":[{"damage_healed":0,"gold_gain":0,"player_choice":"Grow","damage_taken":0,"max_hp_gain":0,"max_hp_loss":0,"event_name":"Living Wall","floor":4,"gold_loss":0,"cards_upgraded":["hermit:Maintenance"]},{"damage_healed":0,"gold_gain":0,"player_choice":"Entered Light","damage_taken":15,"max_hp_gain":0,"max_hp_loss":0,"event_name":"Shining Light","floor":7,"gold_loss":0,"cards_upgraded":["hermit:Defend_Hermit","hermit:Snapshot"]},{"damage_healed":0,"gold_gain":0,"player_choice":"Forge","damage_taken":0,"max_hp_gain":0,"max_hp_loss":0,"event_name":"Accursed Blacksmith","floor":11,"gold_loss":0,"cards_upgraded":["hermit:WideOpen"]},{"damage_healed":0,"gold_gain":0,"player_choice":"Upgraded","damage_taken":0,"max_hp_gain":0,"max_hp_loss":0,"event_name":"Upgrade Shrine","floor":14,"gold_loss":0,"cards_upgraded":["hermit:Covet"]},{"damage_healed":0,"gold_gain":0,"player_choice":"Fight","damage_taken":0,"max_hp_gain":0,"max_hp_loss":0,"event_name":"Colosseum","floor":28,"gold_loss":0},{"damage_healed":0,"gold_gain":0,"player_choice":"Fought Nobs","damage_taken":0,"max_hp_gain":0,"max_hp_loss":0,"event_name":"Colosseum","floor":28,"gold_loss":0},{"damage_healed":0,"gold_gain":0,"player_choice":"Ignored","damage_taken":0,"max_hp_gain":0,"max_hp_loss":0,"event_name":"Tomb of Lord Red Mask","floor":38,"gold_loss":0},{"damage_healed":0,"gold_gain":0,"player_choice":"Ignored","damage_taken":0,"max_hp_gain":0,"max_hp_loss":0,"event_name":"NoteForYourself","floor":47,"gold_loss":0}],"is_beta":false,"boss_relics":[{"not_picked":["reliquary:Ember","Busted Crown"],"picked":"Tiny House"},{"not_picked":["Astrolabe","hermit:DentedPlate"],"picked":"Runic Pyramid"}],"items_purged_floors":[],"is_endless":false,"potions_floor_spawned":[1,16,18,24,30,31,35,37,41],"killed_by":"Maw","ascension_level":0}}