{"host":"o9lehcdjc4u6j9un","time":1612646994,"event":{"mods":["BaseMod","Better-Laid Plans","Colored Map","Downfall","Hermit","Marisa£®ÏF”Í°°ƒß¿Ì…≥£©","Minty Spire (QoL Compilation)","Reimu£®≤©¿ˆ¡È√Œ£©","Remilia£®¿Ÿ√◊¿Ú—«£©","StSLib","The Runesmith","The Senshi"],"gold_per_floor":[115,129,143,143,68,68,97,114,114,114,114,114],"floor_reached":11,"language":"ZHS","playtime":1325,"items_purged":["Strike_Lin:ReiMu"],"score":73,"play_id":"638f2d08-f18e-45f6-8077-260e46a67b94","local_time":"20210207052954","is_ascension_mode":false,"campfire_choices":[{"data":"Meditation:ReiMu","floor":6,"key":"SMITH"},{"floor":10,"key":"REST"}],"circlet_count":0,"master_deck":["Strike_Lin:ReiMu","Strike_Lin:ReiMu","Strike_Lin:ReiMu","Defend_Lin:ReiMu","Defend_Lin:ReiMu","Defend_Lin:ReiMu","Defend_Lin:ReiMu","NB:ReiMu","Stagnation:ReiMu","SubcavityInstant:ReiMu","Meditation:ReiMu+1","ForcedLanding:ReiMu","CareerPray:ReiMu","CareerPray:ReiMu","Revelation:ReiMu","Amulet:ReiMu"],"relics":["FlyPower:ReiMu","Pen Nib","Pantograph"],"acts_visited":["Exordium"],"potions_floor_usage":[],"damage_taken":[{"damage":0,"enemies":"Jaw Worm","floor":1,"turns":4},{"damage":6,"enemies":"Cultist","floor":2,"turns":5},{"damage":0,"enemies":"Small Slimes","floor":3,"turns":3},{"damage":24,"enemies":"Gremlin Nob","floor":7,"turns":4},{"damage":6,"enemies":"2 Fungi Beasts","floor":8,"turns":3},{"damage":48,"enemies":"3 Sentries","floor":11,"turns":10}],"seed_played":"1025280079180430157","potions_obtained":[{"floor":2,"key":"Energy Potion"}],"is_trial":false,"path_per_floor":["M","M","M","?","$","R","E","M","T","R","E"],"character_chosen":"REIMU","items_purchased":[],"campfire_rested":1,"item_purchase_floors":[],"current_hp_per_floor":[65,59,59,59,59,59,35,29,29,48,0,0],"gold":114,"neow_bonus":"THREE_CARDS","is_daily":false,"chose_seed":false,"campfire_upgraded":1,"win_rate":0.0,"timestamp":1612646994,"path_taken":["M","M","M","?","$","R","E","M","T","R","E"],"items_purchased_type":[],"build_version":"2020-12-22","purchased_purges":1,"victory":false,"max_hp_per_floor":[65,65,65,65,65,65,65,65,65,65,65,65],"card_choices":[{"not_picked":["ManaGlint:ReiMu","MountainWay:ReiMu"],"picked":"SubcavityInstant:ReiMu","floor":0},{"not_picked":["SubAcupoint:ReiMu","TightArray:ReiMu"],"picked":"Meditation:ReiMu","floor":1},{"not_picked":["AirStrike:ReiMu","YinYangSign:ReiMu"],"picked":"ForcedLanding:ReiMu","floor":2},{"not_picked":["RainPray2:ReiMu","CollectionFlower2:ReiMu"],"picked":"CareerPray:ReiMu","floor":3},{"not_picked":["FineLineFantasy:ReiMu","DoubleButterfly:ReiMu"],"picked":"Revelation:ReiMu","floor":7},{"not_picked":["Crusade:ReiMu","SpringWay:ReiMu"],"picked":"Amulet:ReiMu","floor":8}],"player_experience":122887,"relics_obtained":[{"floor":7,"key":"Pen Nib"},{"floor":9,"key":"Pantograph"}],"event_choices":[{"damage_healed":0,"gold_gain":0,"player_choice":"1 cards matched","damage_taken":0,"max_hp_gain":0,"max_hp_loss":0,"event_name":"Match and Keep!","floor":4,"gold_loss":0,"cards_obtained":["CareerPray:ReiMu"]}],"is_beta":false,"boss_relics":[],"items_purged_floors":[5],"is_endless":false,"potions_floor_spawned":[2],"killed_by":"3 Sentries","ascension_level":0}}