{"host":"ijf4uk0u2tt2bygg","time":1612617281,"event":{"mods":["2.2 Compatiblity","AchievementEnabler","BaseMod","BetterRewards","Block Reminder","Colored Map","Colored Powertips","Curses Come First","DeckTracker","Highlight Path","Minty Spire (QoL Compilation)","Permanent Neow","Quick Restart","Relic Stats","StSLib","Unknown Chances"],"gold_per_floor":[111,111,121,91,110,110,126,142,221,221,236,260,260,280,280,376,376,390,440,457,471,12,12,43,43,43,143,143,156,170,170,170,170,170],"floor_reached":33,"language":"ENG","playtime":3198,"items_purged":[],"score":259,"play_id":"e8028a6d-830b-4717-950d-208d6f6eb4b3","local_time":"20210206151441","is_ascension_mode":false,"campfire_choices":[{"data":"Sever Soul","floor":6,"key":"SMITH"},{"data":"Cleave","floor":10,"key":"SMITH"},{"data":"Cleave","floor":13,"key":"SMITH"},{"data":"Reckless Charge","floor":15,"key":"SMITH"},{"data":"Anger","floor":23,"key":"SMITH"},{"floor":25,"key":"REST"},{"floor":28,"key":"REST"},{"data":"RitualDagger","floor":32,"key":"SMITH"}],"circlet_count":0,"master_deck":["Strike_R","Strike_R","Strike_R","Strike_R","Strike_R","Defend_R","Defend_R","Defend_R","Defend_R","Bash","Panache","Disarm","Armaments+1","Seeing Red","Sever Soul+1","Cleave+1","Ghostly Armor","Hemokinesis","Cleave+1","Reckless Charge+1","Fiend Fire","Anger+1","Perfected Strike+1","Ghostly Armor","Corruption+1","Sword Boomerang+1","Shrug It Off","True Grit","RitualDagger+1"],"relics":["Burning Blood","Ginger","Self Forming Clay","Frozen Egg 2","Odd Mushroom","Velvet Choker","Lizard Tail","Lantern","Calipers","Darkstone Periapt","Sundial","Girya"],"acts_visited":["Exordium","TheCity"],"potions_floor_usage":[7,14,16,16,16,20,29,33],"damage_taken":[{"damage":0,"enemies":"Small Slimes","floor":1,"turns":5},{"damage":1,"enemies":"Cultist","floor":3,"turns":5},{"damage":5,"enemies":"2 Louse","floor":5,"turns":4},{"damage":0,"enemies":"Blue Slaver","floor":7,"turns":4},{"damage":4,"enemies":"2 Fungi Beasts","floor":8,"turns":3},{"damage":9,"enemies":"Exordium Wildlife","floor":11,"turns":5},{"damage":11,"enemies":"The Mushroom Lair","floor":12,"turns":4},{"damage":3,"enemies":"Red Slaver","floor":14,"turns":3},{"damage":33,"enemies":"The Guardian","floor":16,"turns":9},{"damage":27,"enemies":"3 Byrds","floor":18,"turns":4},{"damage":16,"enemies":"Spheric Guardian","floor":20,"turns":4},{"damage":17,"enemies":"Centurion and Healer","floor":21,"turns":4},{"damage":30,"enemies":"Slavers","floor":24,"turns":7},{"damage":29,"enemies":"Colosseum Slavers","floor":27,"turns":4},{"damage":7,"enemies":"Colosseum Nobs","floor":27,"turns":4},{"damage":5,"enemies":"Snecko","floor":29,"turns":3},{"damage":13,"enemies":"Snake Plant","floor":30,"turns":4},{"damage":70,"enemies":"Champ","floor":33,"turns":8}],"seed_played":"-6260537766349061208","potions_obtained":[{"floor":4,"key":"LiquidMemories"},{"floor":4,"key":"Fire Potion"},{"floor":7,"key":"Block Potion"},{"floor":8,"key":"LiquidBronze"},{"floor":14,"key":"Strength Potion"},{"floor":18,"key":"Weak Potion"},{"floor":27,"key":"DuplicationPotion"},{"floor":30,"key":"AttackPotion"}],"is_trial":false,"path_per_floor":["M","?","M","?","M","R","M","M","T","R","M","?","R","M","R","B",null,"M","?","M","M","$","R","E","R","T","?","R","M","M","?","R","B"],"character_chosen":"IRONCLAD","items_purchased":["Panache","Ginger","Self Forming Clay","Disarm","Lizard Tail","Lantern"],"campfire_rested":2,"item_purchase_floors":[0,0,0,0,22,22],"current_hp_per_floor":[70,70,75,75,76,76,80,80,80,80,77,72,72,75,75,48,80,59,59,49,38,38,38,14,38,38,14,38,39,32,26,26,0,0],"gold":170,"neow_bonus":"","is_daily":false,"chose_seed":false,"campfire_upgraded":6,"win_rate":0.0,"timestamp":1612617281,"path_taken":["M","?","?","?","M","R","M","M","T","R","?","?","R","M","R","BOSS","M","?","M","?","$","R","E","R","T","?","R","M","M","?","R","BOSS"],"items_purchased_type":["Card","Relic","Relic","Card","Relic","Relic"],"build_version":"2020-12-22","purchased_purges":0,"victory":false,"max_hp_per_floor":[80,80,80,80,80,80,80,80,80,80,80,80,80,80,80,80,80,80,80,80,80,80,80,80,80,80,80,80,80,80,80,80,80,80],"relic_stats":{"Darkstone Periapt":0,"Lizard Tail":40,"counters":[18,84],"Self Forming Clay":[132],"Sundial":[0],"Ginger":[10],"obtain_stats":[{"Darkstone Periapt":26,"Girya":27,"Lizard Tail":22,"Lantern":22,"Calipers":24,"Self Forming Clay":0,"Sundial":27,"Velvet Choker":17,"Ginger":0,"Frozen Egg 2":9,"Odd Mushroom":12,"Burning Blood":0},{"Darkstone Periapt":13,"Girya":15,"Lizard Tail":12,"Lantern":12,"Calipers":13,"Self Forming Clay":0,"Sundial":15,"Velvet Choker":9,"Ginger":0,"Frozen Egg 2":5,"Odd Mushroom":7,"Burning Blood":0},{"Darkstone Periapt":61,"Girya":69,"Lizard Tail":54,"Lantern":54,"Calipers":61,"Self Forming Clay":0,"Sundial":69,"Velvet Choker":42,"Ginger":0,"Frozen Egg 2":21,"Odd Mushroom":30,"Burning Blood":0}],"Burning Blood":98},"card_choices":[{"not_picked":["Perfected Strike","Iron Wave"],"picked":"Armaments","floor":1},{"not_picked":["Fire Breathing","Battle Trance"],"picked":"Seeing Red","floor":3},{"not_picked":["Clothesline","Flex"],"picked":"Sever Soul","floor":5},{"not_picked":["Armaments","Shrug It Off"],"picked":"Cleave","floor":7},{"not_picked":["Shrug It Off","Twin Strike"],"picked":"Ghostly Armor","floor":8},{"not_picked":["Shockwave","Sever Soul"],"picked":"Hemokinesis","floor":11},{"not_picked":["Clothesline","True Grit"],"picked":"Cleave","floor":12},{"not_picked":["True Grit","Warcry"],"picked":"Reckless Charge","floor":14},{"not_picked":["Offering","Double Tap"],"picked":"Fiend Fire","floor":16},{"not_picked":["Cleave","Headbutt"],"picked":"Anger","floor":18},{"not_picked":["Shrug It Off","Thunderclap+1"],"picked":"Perfected Strike+1","floor":20},{"not_picked":["Iron Wave","Fire Breathing+1"],"picked":"Ghostly Armor","floor":21},{"not_picked":["Iron Wave","Clothesline"],"picked":"Corruption+1","floor":24},{"not_picked":["Thunderclap+1","Blood for Blood"],"picked":"Sword Boomerang+1","floor":27},{"not_picked":["Perfected Strike","Flex"],"picked":"Shrug It Off","floor":29},{"not_picked":["Reckless Charge","Thunderclap"],"picked":"True Grit","floor":30}],"player_experience":14,"relics_obtained":[{"floor":9,"key":"Frozen Egg 2"},{"floor":12,"key":"Odd Mushroom"},{"floor":24,"key":"Calipers"},{"floor":26,"key":"Darkstone Periapt"},{"floor":27,"key":"Sundial"},{"floor":27,"key":"Girya"}],"event_choices":[{"damage_healed":0,"gold_gain":0,"player_choice":"Upgraded","damage_taken":0,"max_hp_gain":0,"max_hp_loss":0,"event_name":"Upgrade Shrine","floor":2,"gold_loss":0,"cards_upgraded":["Armaments"]},{"damage_healed":0,"gold_gain":0,"player_choice":"Bought 2 Potions","damage_taken":0,"max_hp_gain":0,"max_hp_loss":0,"event_name":"The Woman in Blue","floor":4,"gold_loss":0},{"damage_healed":0,"gold_gain":0,"player_choice":"Fought Mushrooms","damage_taken":0,"max_hp_gain":0,"max_hp_loss":0,"event_name":"Mushrooms","floor":12,"gold_loss":0},{"damage_healed":0,"gold_gain":100,"player_choice":"Bet on Murderer","damage_taken":0,"max_hp_gain":0,"max_hp_loss":0,"event_name":"The Joust","floor":19,"gold_loss":50},{"damage_healed":0,"gold_gain":0,"player_choice":"Fight","damage_taken":0,"max_hp_gain":0,"max_hp_loss":0,"event_name":"Colosseum","floor":27,"gold_loss":0},{"damage_healed":0,"gold_gain":0,"player_choice":"Fought Nobs","damage_taken":0,"max_hp_gain":0,"max_hp_loss":0,"event_name":"Colosseum","floor":27,"gold_loss":0},{"damage_healed":0,"gold_gain":0,"player_choice":"Joined the Cult","damage_taken":6,"max_hp_gain":0,"max_hp_loss":0,"event_name":"Nest","floor":31,"gold_loss":0,"cards_obtained":["RitualDagger"]}],"is_beta":false,"boss_relics":[{"not_picked":["SlaversCollar","Coffee Dripper"],"picked":"Velvet Choker"}],"items_purged_floors":[],"is_endless":false,"potions_floor_spawned":[7,8,11,14,18,27,27,30],"killed_by":"Champ","ascension_level":0}}