{"host":"4eao2pkwlmv012cz","time":1612600638,"event":{"mods":["BaseMod","Colored Powertips","Minty Spire (QoL Compilation)","Permanent Neow","Quick Restart","Random Character Button","StSLib"],"gold_per_floor":[115,115,132,39,55,80,94,94,94,119,119,132,163,163,163,257,257,282,282,12,30,30,30,79,79,88,131,164,164,164],"floor_reached":29,"language":"ENG","playtime":888,"items_purged":["Injury"],"score":612,"play_id":"5d544e3d-f1ff-4084-8ba6-b8df8aa4a948","local_time":"20210206033718","is_ascension_mode":true,"campfire_choices":[{"data":"Electrodynamics","floor":8,"key":"SMITH"},{"floor":11,"key":"REST"},{"data":"Capacitor","floor":15,"key":"SMITH"},{"data":"Consume","floor":23,"key":"SMITH"},{"floor":25,"key":"REST"}],"circlet_count":0,"master_deck":["AscendersBane","Strike_B","Strike_B","Strike_B","Strike_B","Defend_B","Defend_B","Defend_B","Defend_B","Zap","Dualcast","Electrodynamics+1","Go for the Eyes","Cold Snap","Ball Lightning","Self Repair","Redo","Rebound","White Noise","BootSequence","Capacitor+1","Consume+1","Reboot","Coolheaded","BootSequence","Ball Lightning+1","White Noise","Parasite","Defragment","Compile Driver"],"relics":["Cracked Core","Oddly Smooth Stone","White Beast Statue","Calipers","Lantern","Golden Idol","Cursed Key","Sling","CeramicFish","Incense Burner","Sundial"],"acts_visited":["Exordium","TheCity"],"potions_floor_usage":[6,10,13,13,16,27,27,29],"damage_taken":[{"damage":7,"enemies":"Jaw Worm","floor":1,"turns":3},{"damage":11,"enemies":"Small Slimes","floor":3,"turns":3},{"damage":0,"enemies":"Cultist","floor":5,"turns":3},{"damage":8,"enemies":"Gremlin Nob","floor":6,"turns":3},{"damage":6,"enemies":"3 Louse","floor":7,"turns":3},{"damage":5,"enemies":"Lagavulin","floor":10,"turns":4},{"damage":6,"enemies":"Large Slime","floor":12,"turns":4},{"damage":1,"enemies":"Gremlin Nob","floor":13,"turns":3},{"damage":10,"enemies":"Slime Boss","floor":16,"turns":8},{"damage":22,"enemies":"Shell Parasite","floor":18,"turns":5},{"damage":22,"enemies":"2 Thieves","floor":21,"turns":4},{"damage":0,"enemies":"Gremlin Leader","floor":24,"turns":5},{"damage":48,"enemies":"Slavers","floor":27,"turns":4},{"damage":9,"enemies":"Shelled Parasite and Fungi","floor":28,"turns":5},{"damage":12,"enemies":"Centurion and Healer","floor":29,"turns":2}],"seed_played":"-4926893667262035937","potions_obtained":[{"floor":5,"key":"DistilledChaos"},{"floor":7,"key":"Swift Potion"},{"floor":10,"key":"ColorlessPotion"},{"floor":12,"key":"GamblersBrew"},{"floor":13,"key":"SkillPotion"},{"floor":16,"key":"Strength Potion"},{"floor":18,"key":"BlessingOfTheForge"},{"floor":21,"key":"DuplicationPotion"},{"floor":27,"key":"PowerPotion"},{"floor":28,"key":"Dexterity Potion"}],"is_trial":false,"path_per_floor":["M","?","M","$","M","E","M","R","T","E","R","M","E","?","R","B",null,"M","?","$","M","$","R","E","R","T","E","M","M"],"character_chosen":"DEFECT","items_purchased":["Ball Lightning","Self Repair","Sling","BootSequence"],"campfire_rested":2,"item_purchase_floors":[4,4,20,20],"current_hp_per_floor":[39,44,33,33,40,39,40,40,40,35,57,58,57,57,57,54,71,56,56,56,34,34,34,41,63,63,15,6,0,0],"gold":164,"neow_bonus":"THREE_RARE_CARDS","is_daily":false,"chose_seed":false,"campfire_upgraded":3,"win_rate":0.0,"timestamp":1612600638,"path_taken":["M","?","M","$","M","E","M","R","T","E","R","M","E","?","R","BOSS","M","?","$","M","?","R","E","R","T","E","?","M"],"items_purchased_type":["Card","Card","Relic","Card"],"build_version":"2020-12-22","purchased_purges":1,"victory":false,"max_hp_per_floor":[71,76,76,76,76,76,76,76,76,76,76,76,76,76,76,76,76,76,76,76,76,76,76,76,76,76,76,76,76,76],"card_choices":[{"not_picked":["Fission","Echo Form"],"picked":"Electrodynamics","floor":0},{"not_picked":["Beam Cell","Turbo"],"picked":"Go for the Eyes","floor":1},{"not_picked":["Stack","Lockon"],"picked":"Cold Snap","floor":3},{"not_picked":["Consume","Blizzard"],"picked":"Redo","floor":5},{"not_picked":["Go for the Eyes","Hologram"],"picked":"Rebound","floor":6},{"not_picked":["Turbo","Rip and Tear"],"picked":"White Noise","floor":7},{"not_picked":["Sunder","Turbo"],"picked":"BootSequence","floor":10},{"not_picked":["Hello World","Fission"],"picked":"Capacitor","floor":12},{"not_picked":["Conserve Battery","Turbo"],"picked":"Consume","floor":13},{"not_picked":["All For One","Electrodynamics"],"picked":"Reboot","floor":16},{"not_picked":["Conserve Battery","Gash"],"picked":"Coolheaded","floor":18},{"not_picked":["Rebound","Sweeping Beam"],"picked":"Ball Lightning+1","floor":21},{"not_picked":["Double Energy+1","Hello World"],"picked":"White Noise","floor":24},{"not_picked":["Sunder+1","Leap"],"picked":"Defragment","floor":27},{"not_picked":["Streamline","Redo"],"picked":"Compile Driver","floor":28}],"player_experience":2891553,"relics_obtained":[{"floor":6,"key":"Oddly Smooth Stone"},{"floor":9,"key":"White Beast Statue"},{"floor":10,"key":"Calipers"},{"floor":13,"key":"Lantern"},{"floor":24,"key":"CeramicFish"},{"floor":26,"key":"Incense Burner"},{"floor":27,"key":"Sundial"}],"event_choices":[{"damage_healed":0,"gold_gain":0,"player_choice":"Donut","damage_taken":0,"max_hp_gain":5,"max_hp_loss":0,"event_name":"Big Fish","floor":2,"gold_loss":0},{"damage_healed":0,"gold_gain":0,"player_choice":"Take Wound","damage_taken":0,"relics_obtained":["Golden Idol"],"max_hp_gain":0,"max_hp_loss":0,"event_name":"Golden Idol","floor":14,"gold_loss":0,"cards_obtained":["Injury"]},{"damage_healed":0,"gold_gain":0,"player_choice":"Ignored","damage_taken":0,"max_hp_gain":0,"max_hp_loss":0,"event_name":"Vampires","floor":19,"gold_loss":0}],"is_beta":false,"boss_relics":[{"not_picked":["Busted Crown","Philosopher\u0027s Stone"],"picked":"Cursed Key"}],"items_purged_floors":[20],"is_endless":false,"potions_floor_spawned":[5,7,10,12,13,16,18,21,24,27,28],"killed_by":"Centurion and Healer","ascension_level":20}}