{"host":"1qhzi8r9ejho5yph","time":1612613051,"event":{"mods":["AchievementEnabler","BaseMod","Colored Map","Colored Powertips","Highlight Path","Minty Spire (QoL Compilation)","Permanent Neow","Quick Restart","Random Character Button","StSLib","SuperFastMode","Synergy Search"],"gold_per_floor":[114,129,39,114,129,129,144,144,194,194,194,194,209,224,224,324,324,339,354,12,12,42,42,42,42,42,57,7,22,37,37,37,137,137,152,167,201,216,231,261,261,261,261,261,276,109,139,154,154,154],"floor_reached":51,"language":"ENG","playtime":3494,"items_purged":[],"score":769,"play_id":"26240e77-0f4e-4a96-882a-618fb95103c4","local_time":"20210206200411","daily_mods":["Draft","Diverse","DeadlyEvents"],"is_ascension_mode":false,"campfire_choices":[{"data":"Trip","floor":6,"key":"SMITH"},{"data":"TalkToTheHand","floor":8,"key":"SMITH"},{"data":"Armaments","floor":10,"key":"SMITH"},{"data":"Hello World","floor":12,"key":"SMITH"},{"data":"ThirdEye","floor":15,"key":"SMITH"},{"floor":23,"key":"REST"},{"data":"Apotheosis","floor":25,"key":"SMITH"},{"data":"Footwork","floor":32,"key":"SMITH"},{"floor":41,"key":"REST"},{"floor":44,"key":"REST"},{"floor":49,"key":"REST"}],"circlet_count":0,"master_deck":["Havoc","Armaments+1","Hello World+1","Perseverance","Clothesline","Headbutt","Skewer","FollowUp","TalkToTheHand+1","Pommel Strike","Sweeping Beam","Intimidate","Rupture","Stack","Flex","SashWhip","Headbutt","Trip+1","Shrug It Off","Conserve Battery","ThirdEye+1","Brutality","ClearTheMind+1","Cloak And Dagger","Consecrate","Apotheosis+1","CutThroughFate+1","Evaluate","Footwork+1","ConjureBlade","Dagger Throw","Warcry+1","SandsOfTime","BattleHymn","Flash of Steel","Seek+1","Headbutt+1"],"relics":["Ring of the Snake","Ancient Tea Set","Busted Crown","Bag of Preparation","Mercury Hourglass","Dream Catcher","Centennial Puzzle","Fusion Hammer","Tough Bandages","Toxic Egg 2","Vajra","Pen Nib","PreservedInsect"],"acts_visited":["Exordium","TheCity","TheBeyond"],"potions_floor_usage":[37,50,50,50],"damage_taken":[{"damage":0,"enemies":"Small Slimes","floor":1,"turns":3},{"damage":0,"enemies":"2 Louse","floor":2,"turns":3},{"damage":0,"enemies":"Cultist","floor":5,"turns":3},{"damage":9,"enemies":"Red Slaver","floor":7,"turns":2},{"damage":2,"enemies":"Looter","floor":13,"turns":2},{"damage":7,"enemies":"3 Louse","floor":14,"turns":2},{"damage":8,"enemies":"The Guardian","floor":16,"turns":8},{"damage":9,"enemies":"Spheric Guardian","floor":18,"turns":4},{"damage":0,"enemies":"Chosen","floor":19,"turns":2},{"damage":12,"enemies":"Book of Stabbing","floor":22,"turns":5},{"damage":1,"enemies":"Shelled Parasite and Fungi","floor":27,"turns":2},{"damage":0,"enemies":"Chosen and Byrds","floor":29,"turns":4},{"damage":0,"enemies":"Cultist and Chosen","floor":30,"turns":4},{"damage":7,"enemies":"Automaton","floor":33,"turns":7},{"damage":0,"enemies":"3 Darklings","floor":35,"turns":4},{"damage":0,"enemies":"Orb Walker","floor":36,"turns":3},{"damage":4,"enemies":"2 Orb Walkers","floor":37,"turns":3},{"damage":1,"enemies":"3 Darklings","floor":38,"turns":2},{"damage":7,"enemies":"Spire Growth","floor":39,"turns":3},{"damage":7,"enemies":"Reptomancer","floor":40,"turns":5},{"damage":4,"enemies":"Maw","floor":45,"turns":5},{"damage":1,"enemies":"Giant Head","floor":47,"turns":6},{"damage":0,"enemies":"4 Shapes","floor":48,"turns":3},{"damage":33,"enemies":"Awakened One","floor":50,"turns":7}],"seed_played":"5285009320175426936","potions_obtained":[{"floor":2,"key":"Explosive Potion"},{"floor":5,"key":"CunningPotion"},{"floor":13,"key":"ColorlessPotion"},{"floor":22,"key":"EssenceOfSteel"},{"floor":45,"key":"CunningPotion"}],"is_trial":false,"path_per_floor":["M","M","$","?","M","R","M","R","T","R","?","R","M","M","R","B",null,"M","M","$","?","E","R","$","R","T","M","$","M","M","$","R","B",null,"M","M","?","M","M","E","R","T","T","R","M","$","E","M","R","B",null],"character_chosen":"THE_SILENT","items_purchased":["Trip","Consecrate","Bag of Preparation","Apotheosis","Evaluate","BattleHymn","Flash of Steel"],"campfire_rested":4,"item_purchase_floors":[3,20,20,20,28,46,46],"current_hp_per_floor":[70,70,70,59,59,59,50,50,50,50,55,55,53,46,46,38,75,66,66,66,66,54,75,75,75,75,74,74,74,74,74,74,67,75,75,75,71,70,63,56,75,75,75,75,71,71,70,70,75,42],"gold":154,"neow_bonus":"","is_daily":true,"chose_seed":false,"campfire_upgraded":7,"win_rate":0.0,"timestamp":1612613051,"path_taken":["M","M","$","?","M","R","M","R","T","R","?","R","M","?","R","BOSS","M","M","$","?","?","R","$","R","T","M","?","?","M","$","R","BOSS","M","M","?","?","M","E","R","?","T","R","M","?","E","M","R","BOSS"],"items_purchased_type":["Card","Card","Relic","Card","Card","Card","Card"],"build_version":"2020-12-22","purchased_purges":0,"victory":true,"max_hp_per_floor":[70,70,70,70,70,70,70,70,70,70,75,75,75,75,75,75,75,75,75,75,75,75,75,75,75,75,75,75,75,75,75,75,75,75,75,75,75,75,75,75,75,75,75,75,75,75,75,75,75,75],"card_choices":[{"not_picked":["Rupture","Lockon"],"picked":"Havoc","floor":0},{"not_picked":["Clothesline","Iron Wave"],"picked":"Armaments","floor":0},{"not_picked":["Escape Plan","PathToVictory"],"picked":"Hello World","floor":0},{"not_picked":["Body Slam","Cloak And Dagger"],"picked":"Perseverance","floor":0},{"not_picked":["Force Field","Prepared"],"picked":"Clothesline","floor":0},{"not_picked":["Auto Shields","Gash"],"picked":"Headbutt","floor":0},{"not_picked":["Blizzard","Clash"],"picked":"Skewer","floor":0},{"not_picked":["Warcry","Cloak And Dagger"],"picked":"FollowUp","floor":0},{"not_picked":["Beam Cell","Cold Snap"],"picked":"TalkToTheHand","floor":0},{"not_picked":["Compile Driver","Entrench"],"picked":"Pommel Strike","floor":0},{"not_picked":["Deadly Poison","Clash"],"picked":"Sweeping Beam","floor":0},{"not_picked":["Quick Slash","Rip and Tear"],"picked":"Intimidate","floor":0},{"not_picked":["Deadly Poison","EmptyBody"],"picked":"Rupture","floor":0},{"not_picked":["EmptyFist","WreathOfFlame"],"picked":"Stack","floor":0},{"not_picked":["Wild Strike","Underhanded Strike"],"picked":"Flex","floor":0},{"not_picked":["Perfected Strike","Bane"],"picked":"SashWhip","floor":1},{"not_picked":["Go for the Eyes","Havoc"],"picked":"Headbutt","floor":2},{"not_picked":["Adaptation","Clash"],"picked":"Shrug It Off","floor":5},{"not_picked":["Ball Lightning","Crescendo","SashWhip"],"picked":"SKIP","floor":7},{"not_picked":["Omniscience","Evaluate"],"picked":"Conserve Battery","floor":13},{"not_picked":["Acrobatics","Go for the Eyes"],"picked":"ThirdEye","floor":14},{"not_picked":["Grand Finale","Omniscience"],"picked":"Brutality","floor":16},{"not_picked":[],"picked":"ClearTheMind+1","floor":18},{"not_picked":[],"picked":"Cloak And Dagger","floor":19},{"not_picked":["InnerPeace"],"picked":"SKIP","floor":22},{"not_picked":[],"picked":"CutThroughFate+1","floor":27},{"not_picked":[],"picked":"Footwork","floor":29},{"not_picked":["Slice+1"],"picked":"SKIP","floor":30},{"not_picked":[],"picked":"ConjureBlade","floor":33},{"not_picked":[],"picked":"Dagger Throw","floor":35},{"not_picked":["Clothesline"],"picked":"SKIP","floor":36},{"not_picked":[],"picked":"Warcry+1","floor":38},{"not_picked":["Slice"],"picked":"SKIP","floor":39},{"not_picked":[],"picked":"SandsOfTime","floor":40},{"not_picked":["Underhanded Strike+1"],"picked":"SKIP","floor":45},{"not_picked":[],"picked":"Seek+1","floor":47},{"not_picked":["Dagger Spray"],"picked":"SKIP","floor":48},{"not_picked":[],"picked":"Headbutt+1","floor":49}],"player_experience":373527,"relics_obtained":[{"floor":9,"key":"Ancient Tea Set"},{"floor":22,"key":"Dream Catcher"},{"floor":26,"key":"Centennial Puzzle"},{"floor":37,"key":"Tough Bandages"},{"floor":40,"key":"Toxic Egg 2"},{"floor":42,"key":"Vajra"},{"floor":43,"key":"Pen Nib"},{"floor":47,"key":"PreservedInsect"}],"event_choices":[{"damage_healed":0,"gold_gain":75,"player_choice":"Gather Gold","damage_taken":11,"max_hp_gain":0,"max_hp_loss":0,"event_name":"World of Goop","floor":4,"gold_loss":0},{"damage_healed":0,"gold_gain":0,"player_choice":"Donut","damage_taken":0,"max_hp_gain":5,"max_hp_loss":0,"event_name":"Big Fish","floor":11,"gold_loss":0},{"damage_healed":0,"gold_gain":0,"player_choice":"Gave Potion","damage_taken":0,"relics_obtained":["Mercury Hourglass"],"max_hp_gain":0,"max_hp_loss":0,"event_name":"WeMeetAgain","floor":21,"gold_loss":0},{"damage_healed":0,"gold_gain":0,"player_choice":"Fight","damage_taken":0,"max_hp_gain":0,"max_hp_loss":0,"event_name":"Mysterious Sphere","floor":37,"gold_loss":0}],"is_beta":false,"boss_relics":[{"not_picked":["Astrolabe","Sozu"],"picked":"Busted Crown"},{"not_picked":["WristBlade","Empty Cage"],"picked":"Fusion Hammer"}],"items_purged_floors":[],"is_endless":false,"potions_floor_spawned":[2,5,13,18,22,36,38,45],"ascension_level":0}}