{"host":"jpzdg3po3tjxdjri","time":1612614650,"event":{"mods":["BaseMod","Better Third Choice","Colored Map","Colored Powertips","Minty Spire (QoL Compilation)","StSLib"],"gold_per_floor":[118,138,152,152,102,102,64,83,83,83,113,130,130,159,159,259,259,274,16,16,116,136,136,166,166,166,193,212,212,225,237,237,340,340,351,351,400,65,76,76,76,92,116,36,36,36,64,82,82,82,82,82,20,55,55,55],"floor_reached":55,"language":"ENG","playtime":1864,"items_purged":["Strike_R+1","Shame"],"score":753,"play_id":"e637ae69-cd8e-468b-a064-f73eb8d4fc91","local_time":"20210206123050","is_ascension_mode":true,"campfire_choices":[{"data":"Clothesline","floor":6,"key":"SMITH"},{"data":"Rupture","floor":13,"key":"SMITH"},{"data":"Hemokinesis","floor":15,"key":"SMITH"},{"floor":23,"key":"RECALL"},{"data":"Sword Boomerang","floor":25,"key":"SMITH"},{"data":"Fire Breathing","floor":29,"key":"SMITH"},{"floor":32,"key":"REST"},{"floor":40,"key":"REST"},{"data":"True Grit","floor":46,"key":"SMITH"},{"data":"Shockwave","floor":49,"key":"SMITH"},{"data":"1","floor":52,"key":"LIFT"}],"circlet_count":0,"master_deck":["Strike_R+1","Strike_R+1","Strike_R+1","Strike_R+1","Defend_R+1","Defend_R+1","Defend_R+1","Defend_R+1","Bash+1","Clothesline+1","Cleave","Rupture+1","Carnage","Hemokinesis+1","Sword Boomerang+1","Bloodletting","Offering","Cleave","Fire Breathing+1","Flame Barrier","Sword Boomerang+1","Double Tap","Dropkick+1","Metallicize+1","Shrug It Off","True Grit+1","Shrug It Off","Combust","Heavy Blade","Writhe","Shockwave+1","Brutality"],"relics":["Burning Blood","Pantograph","StrikeDummy","CultistMask","The Courier","Singing Bowl","Cursed Key","Omamori","Sling","PreservedInsect","Shuriken","Gremlin Horn","Black Star","Girya","Ancient Tea Set","Orichalcum","HornCleat","Eternal Feather","Self Forming Clay","Lantern"],"acts_visited":["Exordium","TheCity","TheBeyond","TheEnding"],"potions_floor_usage":[12,14,27,42,50,55,55],"damage_taken":[{"damage":2,"enemies":"2 Louse","floor":1,"turns":3},{"damage":5,"enemies":"Small Slimes","floor":2,"turns":3},{"damage":4,"enemies":"Cultist","floor":3,"turns":3},{"damage":5,"enemies":"Large Slime","floor":8,"turns":7},{"damage":28,"enemies":"Gremlin Nob","floor":11,"turns":4},{"damage":10,"enemies":"Lots of Slimes","floor":12,"turns":3},{"damage":23,"enemies":"Lagavulin","floor":14,"turns":5},{"damage":31,"enemies":"Slime Boss","floor":16,"turns":7},{"damage":34,"enemies":"2 Thieves","floor":18,"turns":4},{"damage":2,"enemies":"Spheric Guardian","floor":22,"turns":3},{"damage":19,"enemies":"Gremlin Leader","floor":24,"turns":5},{"damage":14,"enemies":"Slavers","floor":27,"turns":3},{"damage":10,"enemies":"3 Cultists","floor":28,"turns":3},{"damage":28,"enemies":"Snake Plant","floor":30,"turns":3},{"damage":9,"enemies":"Snecko","floor":31,"turns":3},{"damage":61,"enemies":"Collector","floor":33,"turns":7},{"damage":11,"enemies":"Orb Walker","floor":35,"turns":3},{"damage":70,"enemies":"2 Orb Walkers","floor":37,"turns":4},{"damage":45,"enemies":"3 Darklings","floor":39,"turns":7},{"damage":31,"enemies":"4 Shapes","floor":42,"turns":5},{"damage":25,"enemies":"Nemesis","floor":47,"turns":5},{"damage":10,"enemies":"Jaw Worm Horde","floor":48,"turns":4},{"damage":41,"enemies":"Time Eater","floor":50,"turns":9},{"damage":51,"enemies":"Shield and Spear","floor":54,"turns":4},{"damage":76,"enemies":"The Heart","floor":55,"turns":6}],"seed_played":"-4405438507830019459","potions_obtained":[{"floor":2,"key":"Energy Potion"},{"floor":12,"key":"Strength Potion"},{"floor":14,"key":"PowerPotion"},{"floor":22,"key":"BloodPotion"},{"floor":24,"key":"Ancient Potion"},{"floor":27,"key":"FairyPotion"},{"floor":42,"key":"BloodPotion"},{"floor":54,"key":"Energy Potion"}],"is_trial":false,"path_per_floor":["M","M","M","?","?","R","$","M","T","?","E","M","R","E","R","B",null,"M","$","?","?","M","R","E","R","T","E","M","R","M","M","R","B",null,"M","T","?","$","M","R","?","M","T","$","?","R","E","M","R","B",null,"R","$","E","B"],"character_chosen":"IRONCLAD","items_purchased":["Rupture","Omamori","Cleave","Sling","Shrug It Off","True Grit","Shrug It Off","Ancient Tea Set","Combust","Brutality"],"campfire_rested":2,"item_purchase_floors":[7,19,19,19,38,38,38,38,38,53],"current_hp_per_floor":[80,80,80,80,80,80,80,80,80,80,58,54,54,37,37,37,80,54,54,54,54,58,58,47,47,47,57,53,53,33,30,56,26,88,83,83,19,19,12,38,60,52,52,52,54,54,37,35,53,43,94,94,94,51,0,0],"gold":55,"neow_bonus":"UPGRADE_CARD","is_daily":false,"chose_seed":false,"campfire_upgraded":7,"win_rate":0.0,"timestamp":1612614650,"path_taken":["M","M","M","?","?","R","$","M","T","?","E","M","R","E","R","BOSS","M","$","?","?","?","R","E","R","T","E","M","R","M","M","R","BOSS","M","?","?","$","M","R","?","M","T","$","?","R","E","M","R","BOSS","R","$","E","BOSS"],"items_purchased_type":["Card","Relic","Card","Relic","Card","Card","Card","Relic","Card","Card"],"build_version":"2020-12-22","purchased_purges":2,"victory":false,"max_hp_per_floor":[80,80,80,80,80,80,80,80,80,80,80,80,80,80,80,80,80,82,82,82,82,82,82,84,84,84,86,86,86,88,88,88,88,88,88,88,88,88,88,88,88,88,88,88,90,90,92,94,94,94,94,94,94,96,96,96],"card_choices":[{"not_picked":["Headbutt","Anger"],"picked":"Clothesline","floor":1},{"not_picked":["Headbutt","Heavy Blade"],"picked":"Cleave","floor":2},{"not_picked":["Fiend Fire","Warcry","Anger"],"picked":"SKIP","floor":3},{"not_picked":["Sword Boomerang","Sentinel"],"picked":"Carnage","floor":8},{"not_picked":["Sword Boomerang","Wild Strike"],"picked":"Hemokinesis","floor":11},{"not_picked":["Clash","Iron Wave"],"picked":"Sword Boomerang","floor":12},{"not_picked":["Evolve","Metallicize"],"picked":"Bloodletting","floor":14},{"not_picked":["Exhume","Juggernaut"],"picked":"Offering","floor":16},{"not_picked":["Iron Wave","True Grit","Entrench"],"picked":"Singing Bowl","floor":18},{"not_picked":["Dark Embrace","Combust"],"picked":"Fire Breathing","floor":22},{"not_picked":["Cleave+1","Dark Embrace+1","Offering"],"picked":"Singing Bowl","floor":24},{"not_picked":["Cleave","Anger","Infernal Blade"],"picked":"Singing Bowl","floor":27},{"not_picked":["Infernal Blade","Entrench"],"picked":"Flame Barrier","floor":28},{"not_picked":["Clash","True Grit","Intimidate"],"picked":"Singing Bowl","floor":30},{"not_picked":["Wild Strike","Searing Blow"],"picked":"Sword Boomerang+1","floor":31},{"not_picked":["Exhume","Impervious"],"picked":"Double Tap","floor":33},{"not_picked":["Clothesline+1","Warcry"],"picked":"Dropkick+1","floor":35},{"not_picked":["Heavy Blade","Burning Pact"],"picked":"Metallicize+1","floor":37},{"not_picked":["Rage","Body Slam"],"picked":"Heavy Blade","floor":39},{"not_picked":["Inflame","Iron Wave"],"picked":"Shockwave","floor":42},{"not_picked":["Dramatic Entrance","Secret Weapon","Swift Strike"],"picked":"Singing Bowl","floor":45},{"not_picked":["Armaments","Flex+1","Whirlwind"],"picked":"Singing Bowl","floor":47},{"not_picked":["Entrench","Battle Trance","Wild Strike"],"picked":"Singing Bowl","floor":48},{"not_picked":["Carnage","Headbutt+1","Iron Wave"],"picked":"Singing Bowl","floor":54}],"player_experience":882265,"relics_obtained":[{"floor":9,"key":"StrikeDummy"},{"floor":11,"key":"The Courier"},{"floor":14,"key":"Singing Bowl"},{"floor":24,"key":"PreservedInsect"},{"floor":26,"key":"Shuriken"},{"floor":27,"key":"Gremlin Horn"},{"floor":37,"key":"Girya"},{"floor":43,"key":"Orichalcum"},{"floor":47,"key":"HornCleat"},{"floor":47,"key":"Eternal Feather"},{"floor":54,"key":"Self Forming Clay"},{"floor":54,"key":"Lantern"}],"event_choices":[{"damage_healed":0,"gold_gain":0,"player_choice":"Box","damage_taken":0,"relics_obtained":["Pantograph"],"max_hp_gain":0,"max_hp_loss":0,"event_name":"Big Fish","floor":4,"gold_loss":0,"cards_obtained":["Regret"]},{"cards_removed":["Regret"],"damage_healed":0,"gold_gain":0,"player_choice":"Card Removal","damage_taken":0,"max_hp_gain":0,"max_hp_loss":0,"event_name":"The Cleric","floor":5,"gold_loss":50},{"damage_healed":0,"gold_gain":0,"player_choice":"Trade","damage_taken":0,"relics_obtained":["CultistMask"],"max_hp_gain":0,"max_hp_loss":0,"event_name":"FaceTrader","floor":10,"gold_loss":0},{"damage_healed":0,"gold_gain":0,"player_choice":"Simplicity","damage_taken":0,"max_hp_gain":0,"max_hp_loss":9,"event_name":"betterThird:BetterWriting","floor":20,"gold_loss":0},{"damage_healed":0,"gold_gain":100,"player_choice":"Pray","damage_taken":0,"max_hp_gain":0,"max_hp_loss":0,"event_name":"Golden Shrine","floor":21,"gold_loss":0},{"damage_healed":0,"gold_gain":0,"player_choice":"Fight","damage_taken":0,"max_hp_gain":0,"max_hp_loss":0,"event_name":"Mysterious Sphere","floor":37,"gold_loss":0},{"damage_healed":22,"gold_gain":0,"player_choice":"Writhe","damage_taken":0,"max_hp_gain":0,"max_hp_loss":0,"event_name":"Winding Halls","floor":41,"gold_loss":0,"cards_obtained":["Writhe"]},{"damage_healed":0,"gold_gain":0,"player_choice":"Memory 1","damage_taken":0,"max_hp_gain":0,"max_hp_loss":0,"event_name":"SensoryStone","floor":45,"gold_loss":0}],"is_beta":false,"boss_relics":[{"not_picked":["Busted Crown","Sozu"],"picked":"Cursed Key"},{"not_picked":["Pandora\u0027s Box","SlaversCollar"],"picked":"Black Star"}],"items_purged_floors":[38,44],"is_endless":false,"potions_floor_spawned":[2,12,14,22,24,27,31,37,42,54],"killed_by":"The Heart","ascension_level":1}}