{"host":"2ty4h143nj8vwezc","time":1612592157,"event":{"mods":["BaseMod","Colored Map","Googly Eyes","Highlight Path","Minty Spire (QoL Compilation)","Quick Restart","StSLib"],"gold_per_floor":[114,389,26,26,41,67,82,82,133,133,133,160,160,187,187,266,266,285,166,180,20,40,40,40,65,136,136,166,166,196,211,211,211,211],"floor_reached":33,"language":"ENG","playtime":1407,"items_purged":["Strike_G"],"score":688,"play_id":"e13ac201-b14d-4484-b47f-ffc10332c6a2","local_time":"20210206011557","is_ascension_mode":true,"campfire_choices":[{"data":"Accuracy","floor":8.0,"key":"SMITH"},{"data":"Cloak And Dagger","floor":10.0,"key":"SMITH"},{"floor":13.0,"key":"REST"},{"floor":15.0,"key":"REST"},{"floor":23.0,"key":"REST"},{"floor":27.0,"key":"REST"},{"floor":29.0,"key":"REST"},{"floor":32.0,"key":"REST"}],"circlet_count":0,"master_deck":["AscendersBane","Strike_G","Strike_G","Strike_G","Strike_G","Defend_G","Defend_G","Defend_G","Defend_G","Defend_G","Survivor","Neutralize","Cloak And Dagger+1","Accuracy+1","Blade Dance","Well Laid Plans","Envenom","Caltrops","Phantasmal Killer","Backstab+1","Escape Plan","Cloak And Dagger","Adrenaline","Blade Dance"],"relics":["Ring of the Snake","NeowsBlessing","Darkstone Periapt","Oddly Smooth Stone","Strawberry","Mummified Hand","Molten Egg 2","WristBlade","Sling","Bottled Lightning","Bottled Flame","Pantograph","Mercury Hourglass"],"acts_visited":["Exordium","TheCity"],"potions_floor_usage":[],"damage_taken":[{"damage":0.0,"enemies":"Small Slimes","floor":1.0,"turns":1.0},{"damage":0.0,"enemies":"Cultist","floor":5.0,"turns":1.0},{"damage":0.0,"enemies":"Lagavulin","floor":6.0,"turns":1.0},{"damage":4.0,"enemies":"2 Louse","floor":7.0,"turns":4.0},{"damage":43.0,"enemies":"Gremlin Nob","floor":12.0,"turns":5.0},{"damage":8.0,"enemies":"Lagavulin","floor":14.0,"turns":6.0},{"damage":37.0,"enemies":"Slime Boss","floor":16.0,"turns":11.0},{"damage":9.0,"enemies":"2 Thieves","floor":18.0,"turns":4.0},{"damage":8.0,"enemies":"Shell Parasite","floor":20.0,"turns":5.0},{"damage":9.0,"enemies":"Centurion and Healer","floor":22.0,"turns":3.0},{"damage":23.0,"enemies":"Gremlin Leader","floor":25.0,"turns":4.0},{"damage":28.0,"enemies":"Book of Stabbing","floor":28.0,"turns":4.0},{"damage":14.0,"enemies":"Slavers","floor":30.0,"turns":7.0},{"damage":6.0,"enemies":"3 Cultists","floor":31.0,"turns":4.0},{"damage":0,"enemies":"Collector","floor":33,"turns":1}],"seed_played":"5377138232006112651","potions_obtained":[{"floor":5.0,"key":"Dexterity Potion"},{"floor":7.0,"key":"Ancient Potion"},{"floor":12.0,"key":"AttackPotion"},{"floor":20.0,"key":"AttackPotion"},{"floor":22.0,"key":"DistilledChaos"}],"is_trial":false,"path_per_floor":["M","?","$","$","M","E","M","R","T","R","?","E","R","E","R","B",null,"M","$","M","$","M","R","$","E","T","R","E","R","E","M","R","B"],"character_chosen":"THE_SILENT","items_purchased":["Accuracy","Blade Dance","Darkstone Periapt","Escape Plan","Sling"],"campfire_rested":6,"item_purchase_floors":[3,3,3,19,21],"current_hp_per_floor":[59,59,59,59,59,59,55,55,62,62,62,19,40,32,53,16,59,50,50,42,42,33,54,54,31,31,52,24,45,31,25,46,71,71],"gold":211,"neow_bonus":"THREE_ENEMY_KILL","is_daily":false,"chose_seed":false,"campfire_upgraded":2,"win_rate":0.0,"timestamp":1612592157,"path_taken":["M","?","?","$","M","E","?","R","T","R","?","E","R","E","R","BOSS","M","?","M","$","M","R","$","E","T","R","E","R","E","M","R","BOSS"],"items_purchased_type":["Card","Card","Relic","Card","Relic"],"build_version":"2020-12-22","purchased_purges":1,"victory":false,"max_hp_per_floor":[66,66,66,66,66,66,66,66,73,73,73,73,73,73,73,73,73,73,73,73,73,73,73,73,73,73,73,73,73,73,73,73,73,73],"card_choices":[{"not_picked":["Dagger Throw","Underhanded Strike"],"picked":"Cloak And Dagger","floor":1.0},{"not_picked":["Sucker Punch","Bouncing Flask"],"picked":"Well Laid Plans","floor":5.0},{"not_picked":["Quick Slash","Dagger Throw"],"picked":"Envenom","floor":6.0},{"not_picked":["Acrobatics","Poisoned Stab","Dagger Throw"],"picked":"SKIP","floor":7.0},{"not_picked":["Prepared","Reflex","Dodge and Roll"],"picked":"SKIP","floor":12.0},{"not_picked":["Deadly Poison","Backflip"],"picked":"Caltrops","floor":14.0},{"not_picked":["Grand Finale+1","Bullet Time"],"picked":"Phantasmal Killer","floor":16.0},{"not_picked":["Bane+1","Choke+1"],"picked":"Backstab+1","floor":18.0},{"not_picked":["Sucker Punch+1","Predator+1"],"picked":"Cloak And Dagger","floor":20.0},{"not_picked":["Well Laid Plans","Bane+1","Deadly Poison"],"picked":"SKIP","floor":22.0},{"not_picked":["Distraction+1","Deadly Poison","Calculated Gamble"],"picked":"SKIP","floor":28.0},{"not_picked":["Backflip+1","Poisoned Stab+1"],"picked":"Adrenaline","floor":30.0},{"not_picked":["Sucker Punch+1","Riddle With Holes+1"],"picked":"Blade Dance","floor":31.0}],"player_experience":346433,"relics_obtained":[{"floor":6.0,"key":"Oddly Smooth Stone"},{"floor":9.0,"key":"Strawberry"},{"floor":12.0,"key":"Mummified Hand"},{"floor":14.0,"key":"Molten Egg 2"},{"floor":25.0,"key":"Bottled Lightning"},{"floor":26.0,"key":"Bottled Flame"},{"floor":28.0,"key":"Pantograph"},{"floor":30.0,"key":"Mercury Hourglass"}],"event_choices":[{"damage_healed":0.0,"max_hp_gain":0.0,"max_hp_loss":0.0,"gold_gain":275.0,"event_name":"Golden Shrine","player_choice":"Desecrate","floor":2.0,"gold_loss":0.0,"damage_taken":0.0,"cards_obtained":["Regret"]},{"cards_removed":["Regret"],"damage_healed":0.0,"max_hp_gain":0.0,"max_hp_loss":0.0,"gold_gain":0.0,"event_name":"Purifier","player_choice":"Purged","floor":11.0,"gold_loss":0.0,"damage_taken":0.0}],"is_beta":false,"boss_relics":[{"not_picked":["Fusion Hammer","HoveringKite"],"picked":"WristBlade"}],"items_purged_floors":[19],"is_endless":false,"potions_floor_spawned":[5,7,12,20,22],"killed_by":"Collector","ascension_level":20}}