{"host":"xg4r5pv6chpuampg","time":1612606600,"event":{"mods":["AchievementEnabler","BaseMod","Googly Eyes","Minty Spire (QoL Compilation)"],"gold_per_floor":[109,109,122,135,147,191,156,156,156,156,0,18,55,84,84,195,195,219,219,318,106,21,21,58,83,108,138,138,138,153,166,166,166,166],"floor_reached":33,"language":"ENG","playtime":1760,"items_purged":[],"score":295,"play_id":"f67e8809-fa3f-4b80-99e8-7366ad3dcc0b","local_time":"20210206131640","is_ascension_mode":false,"campfire_choices":[{"floor":8,"key":"RECALL"},{"data":"Tantrum","floor":10,"key":"SMITH"},{"data":"Establishment","floor":15,"key":"SMITH"},{"data":"1","floor":23,"key":"LIFT"},{"floor":28,"key":"REST"},{"floor":32,"key":"REST"}],"circlet_count":0,"master_deck":["Strike_P","Strike_P","Strike_P","Defend_P","Defend_P","Defend_P","Defend_P","Eruption+1","Vigilance","Consecrate","Prostrate","Tantrum+1","FollowUp","Establishment+1","EmptyFist+1","LessonLearned+1","Halt","WheelKick","TalkToTheHand","CarveReality+1","Wallop+1"],"relics":["Runic Pyramid","CeramicFish","Meat on the Bone","Membership Card","Mummified Hand","SacredBark","Pen Nib","Regal Pillow","Girya","Bag of Marbles","Molten Egg 2"],"acts_visited":["Exordium","TheCity"],"potions_floor_usage":[6,6,16,24,27,33,33],"damage_taken":[{"damage":1,"enemies":"Jaw Worm","floor":1,"turns":3},{"damage":0,"enemies":"Cultist","floor":3,"turns":3},{"damage":0,"enemies":"Small Slimes","floor":4,"turns":2},{"damage":7,"enemies":"3 Louse","floor":5,"turns":3},{"damage":7,"enemies":"Lagavulin","floor":6,"turns":5},{"damage":3,"enemies":"Large Slime","floor":12,"turns":4},{"damage":28,"enemies":"Gremlin Nob","floor":13,"turns":3},{"damage":8,"enemies":"Gremlin Gang","floor":14,"turns":2},{"damage":39,"enemies":"The Guardian","floor":16,"turns":12},{"damage":2,"enemies":"Chosen","floor":18,"turns":4},{"damage":30,"enemies":"Gremlin Leader","floor":24,"turns":4},{"damage":30,"enemies":"Shell Parasite","floor":25,"turns":3},{"damage":7,"enemies":"Book of Stabbing","floor":27,"turns":3},{"damage":0,"enemies":"Snake Plant","floor":30,"turns":1},{"damage":23,"enemies":"Shelled Parasite and Fungi","floor":31,"turns":5},{"damage":97,"enemies":"Automaton","floor":33,"turns":6}],"seed_played":"-6995012705816411311","potions_obtained":[{"floor":1,"key":"Block Potion"},{"floor":3,"key":"Weak Potion"},{"floor":5,"key":"StancePotion"},{"floor":16,"key":"DuplicationPotion"},{"floor":25,"key":"Energy Potion"},{"floor":27,"key":"GamblersBrew"},{"floor":30,"key":"SkillPotion"}],"is_trial":false,"path_per_floor":["M","?","M","M","M","E","?","R","T","R","$","M","E","M","R","B",null,"M","?","?","$","?","R","E","M","T","E","R","?","M","M","R","B"],"character_chosen":"WATCHER","items_purchased":["Membership Card","WheelKick","TalkToTheHand","Pen Nib","Regal Pillow"],"campfire_rested":2,"item_purchase_floors":[11,21,21,21,21],"current_hp_per_floor":[71,71,71,71,64,57,72,72,72,72,72,69,41,45,45,18,72,70,70,70,70,70,70,40,22,22,27,63,63,63,40,72,0,0],"gold":166,"neow_bonus":"BOSS_RELIC","is_daily":false,"chose_seed":false,"campfire_upgraded":2,"win_rate":0.0,"timestamp":1612606600,"path_taken":["M","?","M","M","M","E","?","R","T","R","?","M","E","?","R","BOSS","M","?","?","$","?","R","E","M","T","E","R","?","M","?","R","BOSS"],"items_purchased_type":["Relic","Card","Card","Relic","Relic"],"build_version":"2020-12-22","purchased_purges":0,"victory":false,"max_hp_per_floor":[72,72,72,72,72,72,72,72,72,72,72,72,72,72,72,72,72,72,72,72,72,72,72,72,72,72,72,72,72,72,72,72,72,72],"card_choices":[{"not_picked":["InnerPeace","EmptyMind"],"picked":"Consecrate","floor":1},{"not_picked":["WindmillStrike","FollowUp"],"picked":"Prostrate","floor":3},{"not_picked":["Collect","Wallop"],"picked":"Tantrum","floor":4},{"not_picked":["Protect","Weave","MentalFortress"],"picked":"SKIP","floor":5},{"not_picked":["Crescendo","ClearTheMind"],"picked":"FollowUp","floor":6},{"not_picked":["BattleHymn","MentalFortress","Consecrate"],"picked":"SKIP","floor":12},{"not_picked":["SashWhip","LessonLearned"],"picked":"Establishment","floor":13},{"not_picked":["ClearTheMind","Sanctity"],"picked":"EmptyFist","floor":14},{"not_picked":["DeusExMachina","ConjureBlade"],"picked":"LessonLearned","floor":16},{"not_picked":["SashWhip","Evaluate"],"picked":"Halt","floor":18},{"not_picked":["SashWhip+1","WheelKick"],"picked":"CarveReality+1","floor":24},{"not_picked":["PathToVictory+1","ClearTheMind+1"],"picked":"Wallop+1","floor":25},{"not_picked":["ClearTheMind","FlurryOfBlows+1","EmptyFist+1"],"picked":"SKIP","floor":27},{"not_picked":["InnerPeace","Tantrum+1","Halt"],"picked":"SKIP","floor":30},{"not_picked":["JustLucky+1","Consecrate+1","Evaluate"],"picked":"SKIP","floor":31}],"player_experience":91098,"relics_obtained":[{"floor":6,"key":"CeramicFish"},{"floor":9,"key":"Meat on the Bone"},{"floor":13,"key":"Mummified Hand"},{"floor":24,"key":"Bag of Marbles"},{"floor":27,"key":"Molten Egg 2"}],"event_choices":[{"damage_healed":0,"gold_gain":0,"player_choice":"Grow","damage_taken":0,"max_hp_gain":0,"max_hp_loss":0,"event_name":"Living Wall","floor":2,"gold_loss":0,"cards_upgraded":["Eruption"]},{"damage_healed":18,"gold_gain":0,"player_choice":"Healed","damage_taken":0,"max_hp_gain":0,"max_hp_loss":0,"event_name":"The Cleric","floor":7,"gold_loss":35},{"damage_healed":0,"gold_gain":0,"player_choice":"Ignored","damage_taken":0,"max_hp_gain":0,"max_hp_loss":0,"event_name":"Vampires","floor":19,"gold_loss":0},{"damage_healed":0,"gold_gain":99,"player_choice":"Stole From Cult","damage_taken":0,"max_hp_gain":0,"max_hp_loss":0,"event_name":"Nest","floor":20,"gold_loss":0},{"damage_healed":0,"gold_gain":0,"player_choice":"Obtained Relic","damage_taken":0,"relics_obtained":["Girya"],"max_hp_gain":0,"max_hp_loss":0,"event_name":"Addict","floor":22,"gold_loss":85},{"cards_removed":["Strike_P"],"damage_healed":0,"gold_gain":0,"player_choice":"Purged","damage_taken":0,"max_hp_gain":0,"max_hp_loss":0,"event_name":"Purifier","floor":29,"gold_loss":0}],"is_beta":false,"boss_relics":[{"not_picked":["Ectoplasm","Astrolabe"],"picked":"SacredBark"}],"items_purged_floors":[],"is_endless":false,"potions_floor_spawned":[1,3,5,16,25,27,30],"killed_by":"Automaton","ascension_level":0}}