{"host":"at5b10nm0iti0w4x","time":1612642736,"event":{"mods":["AchievementEnabler","BaseMod","Bestiary","Block Reminder","Colored Map","Colored Powertips","Highlight Path","Keyboard Shortcuts","Minty Spire (QoL Compilation)","Relic Stats","StSLib","SuperFastMode"],"gold_per_floor":[114,114,131,142,67,94,94,94,117,134,134,144,160,178,178,273,273,286,286,275,375,389,389,389,389],"floor_reached":24,"language":"ENG","playtime":862,"items_purged":["Pain"],"score":200,"play_id":"b9e616b7-bbb8-4505-9201-ebb7443eb54d","local_time":"20210206151856","is_ascension_mode":false,"campfire_choices":[{"data":"Capacitor","floor":7,"key":"SMITH"},{"floor":15,"key":"REST"},{"floor":23,"key":"REST"}],"circlet_count":0,"master_deck":["Strike_B","Strike_B","Defend_B","Defend_B","Defend_B","Defend_B","Zap","Dualcast","Tempest","Capacitor+1","Beam Cell","All For One","Loop+1","Cold Snap","Multi-Cast","Coolheaded","Melter"],"relics":["Cracked Core","WarpedTongs","Vajra","Nunchaku","Anchor","Empty Cage"],"acts_visited":["Exordium","TheCity"],"potions_floor_usage":[13,13,24],"damage_taken":[{"damage":1,"enemies":"Cultist","floor":1,"turns":4},{"damage":5,"enemies":"Jaw Worm","floor":3,"turns":4},{"damage":2,"enemies":"Small Slimes","floor":4,"turns":3},{"damage":25,"enemies":"Gremlin Nob","floor":6,"turns":4},{"damage":7,"enemies":"Blue Slaver","floor":10,"turns":3},{"damage":3,"enemies":"Red Slaver","floor":12,"turns":3},{"damage":2,"enemies":"Large Slime","floor":13,"turns":4},{"damage":3,"enemies":"Lots of Slimes","floor":14,"turns":4},{"damage":38,"enemies":"Hexaghost","floor":16,"turns":9},{"damage":11,"enemies":"Spheric Guardian","floor":18,"turns":4},{"damage":23,"enemies":"2 Thieves","floor":20,"turns":4},{"damage":27,"enemies":"Cultist and Chosen","floor":22,"turns":6},{"damage":45,"enemies":"Gremlin Leader","floor":24,"turns":5}],"seed_played":"-1995193744339654457","potions_obtained":[{"floor":1,"key":"SkillPotion"},{"floor":3,"key":"Fire Potion"},{"floor":6,"key":"CultistPotion"},{"floor":13,"key":"SkillPotion"},{"floor":20,"key":"SkillPotion"},{"floor":22,"key":"Dexterity Potion"}],"is_trial":false,"path_per_floor":["M","?","M","M","$","E","R","?","T","M","?","M","M","M","R","B",null,"M","?","M","?","M","R","E"],"character_chosen":"DEFECT","items_purchased":[],"campfire_rested":2,"item_purchase_floors":[],"current_hp_per_floor":[81,81,76,74,74,49,49,37,37,30,30,27,25,22,46,8,82,71,71,48,48,21,45,0,0],"gold":389,"neow_bonus":"TEN_PERCENT_HP_BONUS","is_daily":false,"chose_seed":false,"campfire_upgraded":1,"win_rate":0.0,"timestamp":1612642736,"path_taken":["M","?","M","M","?","E","R","?","T","M","?","?","M","M","R","BOSS","M","?","?","?","?","R","E"],"items_purchased_type":[],"build_version":"2020-12-22","purchased_purges":1,"victory":false,"max_hp_per_floor":[82,82,82,82,82,82,82,82,82,82,82,82,82,82,82,82,82,82,82,82,82,82,82,82,82],"relic_stats":{"Nunchaku":[6],"counters":[13,57],"obtain_stats":[{"Nunchaku":8,"Anchor":9,"Vajra":6,"Cracked Core":0,"Empty Cage":17,"WarpedTongs":2},{"Nunchaku":4,"Anchor":4,"Vajra":4,"Cracked Core":0,"Empty Cage":9,"WarpedTongs":1},{"Nunchaku":15,"Anchor":15,"Vajra":15,"Cracked Core":0,"Empty Cage":38,"WarpedTongs":4}],"WarpedTongs":[53]},"card_choices":[{"not_picked":["Compile Driver","Barrage"],"picked":"Tempest","floor":1},{"not_picked":["Chaos","Coolheaded"],"picked":"Capacitor","floor":3},{"not_picked":["Chaos","Stack"],"picked":"Beam Cell","floor":4},{"not_picked":["Leap","Consume"],"picked":"All For One","floor":6},{"not_picked":["Beam Cell","Streamline","Chaos"],"picked":"SKIP","floor":10},{"not_picked":["Ball Lightning","FTL"],"picked":"Loop","floor":12},{"not_picked":["Storm","Stack","Hello World"],"picked":"SKIP","floor":13},{"not_picked":["Streamline","Scrape"],"picked":"Cold Snap","floor":14},{"not_picked":["Fission","Biased Cognition"],"picked":"Multi-Cast","floor":16},{"not_picked":["Steam","Conserve Battery"],"picked":"Coolheaded","floor":18},{"not_picked":["Steam Power+1","Cold Snap"],"picked":"Melter","floor":20},{"not_picked":["Cold Snap","Stack","Hello World"],"picked":"SKIP","floor":22}],"player_experience":48469,"relics_obtained":[{"floor":6,"key":"Vajra"},{"floor":9,"key":"Anchor"}],"event_choices":[{"damage_healed":0,"gold_gain":0,"player_choice":"Rummage","damage_taken":0,"relics_obtained":["WarpedTongs"],"max_hp_gain":0,"max_hp_loss":0,"event_name":"Accursed Blacksmith","floor":2,"gold_loss":0,"cards_obtained":["Pain"]},{"damage_healed":0,"gold_gain":0,"player_choice":"Success","damage_taken":12,"relics_obtained":["Nunchaku"],"max_hp_gain":0,"max_hp_loss":0,"event_name":"Scrap Ooze","floor":8,"gold_loss":0},{"damage_healed":0,"gold_gain":0,"player_choice":"Ignored","damage_taken":0,"max_hp_gain":0,"max_hp_loss":0,"event_name":"Shining Light","floor":11,"gold_loss":0},{"damage_healed":0,"gold_gain":0,"player_choice":"Upgraded","damage_taken":0,"max_hp_gain":0,"max_hp_loss":0,"event_name":"Upgrade Shrine","floor":19,"gold_loss":0,"cards_upgraded":["Loop"]},{"damage_healed":0,"gold_gain":100,"player_choice":"Pray","damage_taken":0,"max_hp_gain":0,"max_hp_loss":0,"event_name":"Golden Shrine","floor":21,"gold_loss":0}],"is_beta":false,"boss_relics":[{"not_picked":["Inserter","Coffee Dripper"],"picked":"Empty Cage"}],"items_purged_floors":[5],"is_endless":false,"potions_floor_spawned":[1,3,6,10,13,20,22],"killed_by":"Gremlin Leader","ascension_level":0}}