{"host":"Alvar","time":1612608774,"event":{"mods":["AchievementEnabler","BaseMod","Minty Spire (QoL Compilation)","StSLib"],"gold_per_floor":[112,112,33,33,108,141,160,160,160,160,185,66,82,116,116,214,214,233,148,168,168,82,82,82,82],"floor_reached":24,"language":"ENG","playtime":670,"items_purged":["Strike_B"],"score":491,"play_id":"9243ce51-500a-4ada-b9e2-8993a8f48f03","local_time":"20210206175254","is_ascension_mode":true,"campfire_choices":[{"data":"Defragment","floor":8,"key":"SMITH"},{"data":"Electrodynamics","floor":15,"key":"SMITH"},{"data":"Biased Cognition","floor":23,"key":"SMITH"}],"circlet_count":0,"master_deck":["AscendersBane","Strike_B","Strike_B","Strike_B","Defend_B","Defend_B","Defend_B","Defend_B","Zap","Dualcast","Sweeping Beam","Glacier","Defragment+1","Doom and Gloom","Conserve Battery","Electrodynamics+1","Biased Cognition+1","Undo","Force Field","Ghostly","Ghostly","Ghostly","Capacitor"],"relics":["FrozenCore","NeowsBlessing","Art of War","Golden Idol","HornCleat","Ancient Tea Set","Pear","Blood Vial"],"acts_visited":["Exordium","TheCity"],"potions_floor_usage":[16,24],"damage_taken":[{"damage":0,"enemies":"Small Slimes","floor":1,"turns":1},{"damage":0,"enemies":"Gremlin Nob","floor":6,"turns":1},{"damage":0,"enemies":"2 Louse","floor":7,"turns":1},{"damage":2,"enemies":"Jaw Worm","floor":11,"turns":3},{"damage":0,"enemies":"2 Fungi Beasts","floor":13,"turns":4},{"damage":0,"enemies":"3 Sentries","floor":14,"turns":4},{"damage":39,"enemies":"Hexaghost","floor":16,"turns":8},{"damage":10,"enemies":"3 Byrds","floor":18,"turns":2},{"damage":15,"enemies":"2 Thieves","floor":20,"turns":3},{"damage":38,"enemies":"Book of Stabbing","floor":24,"turns":7}],"seed_played":"5815283500221562109","potions_obtained":[{"floor":1,"key":"SteroidPotion"},{"floor":6,"key":"Strength Potion"},{"floor":13,"key":"CultistPotion"},{"floor":16,"key":"Swift Potion"}],"is_trial":false,"path_per_floor":["M","?","$","?","?","E","M","R","T","?","M","$","M","E","R","B",null,"M","?","M","?","$","R","E"],"character_chosen":"DEFECT","items_purchased":["Glacier","Doom and Gloom","Capacitor"],"campfire_rested":0,"item_purchase_floors":[3,12,22],"current_hp_per_floor":[64,46,46,46,35,35,35,35,35,56,54,54,54,64,64,25,62,52,52,39,37,37,37,0,0],"gold":82,"neow_bonus":"THREE_ENEMY_KILL","is_daily":false,"chose_seed":false,"campfire_upgraded":3,"win_rate":0.0,"timestamp":1612608774,"path_taken":["M","?","$","?","?","E","?","R","T","?","M","$","M","E","R","BOSS","M","?","M","?","?","R","E"],"items_purchased_type":["Card","Card","Card"],"build_version":"2020-12-18","purchased_purges":1,"victory":false,"max_hp_per_floor":[71,71,71,64,64,64,64,64,64,64,64,64,64,74,74,74,74,74,74,74,37,37,37,37,37],"card_choices":[{"not_picked":["Tempest","Streamline"],"picked":"Sweeping Beam","floor":1},{"not_picked":["Turbo","Beam Cell","Hologram"],"picked":"SKIP","floor":6},{"not_picked":["Steam","Cold Snap"],"picked":"Defragment","floor":7},{"not_picked":["Storm","Stack","Streamline"],"picked":"SKIP","floor":11},{"not_picked":["Rebound","Steam"],"picked":"Conserve Battery","floor":13},{"not_picked":["Gash","Barrage"],"picked":"Electrodynamics","floor":14},{"not_picked":["Thunder Strike","Multi-Cast"],"picked":"Biased Cognition","floor":16},{"not_picked":["Cold Snap","Sweeping Beam"],"picked":"Undo","floor":18},{"not_picked":["Steam","Go for the Eyes"],"picked":"Force Field","floor":20}],"player_experience":801734,"relics_obtained":[{"floor":6,"key":"HornCleat"},{"floor":9,"key":"Ancient Tea Set"},{"floor":14,"key":"Pear"}],"event_choices":[{"damage_healed":0,"gold_gain":0,"player_choice":"Success","damage_taken":18,"relics_obtained":["Art of War"],"max_hp_gain":0,"max_hp_loss":0,"event_name":"Scrap Ooze","floor":2,"gold_loss":0},{"damage_healed":0,"gold_gain":0,"player_choice":"Lose Max HP","damage_taken":0,"relics_obtained":["Golden Idol"],"max_hp_gain":0,"max_hp_loss":7,"event_name":"Golden Idol","floor":4,"gold_loss":0},{"damage_healed":0,"gold_gain":75,"player_choice":"Gather Gold","damage_taken":11,"max_hp_gain":0,"max_hp_loss":0,"event_name":"World of Goop","floor":5,"gold_loss":0},{"damage_healed":21,"gold_gain":0,"player_choice":"Banana","damage_taken":0,"max_hp_gain":0,"max_hp_loss":0,"event_name":"Big Fish","floor":10,"gold_loss":0},{"damage_healed":0,"gold_gain":0,"player_choice":"Obtained Relic","damage_taken":0,"relics_obtained":["Blood Vial"],"max_hp_gain":0,"max_hp_loss":0,"event_name":"Addict","floor":19,"gold_loss":85},{"damage_healed":0,"gold_gain":0,"player_choice":"Became a Ghost","damage_taken":0,"max_hp_gain":0,"max_hp_loss":37,"event_name":"Ghosts","floor":21,"gold_loss":0,"cards_obtained":["Ghostly","Ghostly","Ghostly"]}],"is_beta":true,"boss_relics":[{"not_picked":["Busted Crown","Empty Cage"],"picked":"FrozenCore"}],"items_purged_floors":[12],"is_endless":false,"potions_floor_spawned":[1,6,13,16],"killed_by":"Book of Stabbing","ascension_level":19}}