{"host":"vyiqbz5w606ur92t","time":1612655106,"event":{"mods":["BaseMod","Downfall","Minty Spire (QoL Compilation)","StSLib"],"gold_per_floor":[99,115,133,133,147,173,173,73,73,73,106,106,118,133,150,251,251,251,265,284,484,498,533,557,571,471,504,604,504,32,32,52,149,149,149,160,170,170,170,196,196,227,78,113,128,128,138,171,189,189,189,214,14,14,14,14],"floor_reached":57,"language":"ENG","playtime":6943,"items_purged":["Guardian:Strike_Guardian","Guardian:Strike_Guardian"],"score":1941,"play_id":"4cbdf3a2-377c-4022-b1ff-6787c42c8ad9","local_time":"20210206234506","is_ascension_mode":true,"campfire_choices":[{"floor":1,"key":"RECALL"},{"floor":8,"key":"REST"},{"floor":10,"key":"DIG"},{"floor":12,"key":"DIG"},{"data":"Guardian:ConstructionForm","floor":18,"key":"SMITH"},{"floor":26,"key":"DIG"},{"floor":29,"key":"DIG"},{"floor":35,"key":"DIG"},{"floor":46,"key":"DIG"},{"floor":54,"key":"DIG"}],"circlet_count":0,"master_deck":["Guardian:Strike_Guardian","Guardian:Strike_Guardian","Guardian:Defend_Guardian","Guardian:Defend_Guardian","Guardian:Defend_Guardian","Guardian:CurlUp","Guardian:TwinSlam","Guardian:TemporalShield","Guardian:Incinerate","Guardian:FloatingOrbs","Guardian:ChargeCore","Guardian:Recover","Guardian:Clone","Guardian:ConstructionForm+1","Guardian:WalkerClaw","Guardian:ChargeCore","Guardian:ShieldCharger","Guardian:BaubleBeam","Guardian:BodySlam+1","Guardian:FloatingOrbs","Guardian:AncientConstruct","Guardian:TimeBomb","Guardian:BodySlam","Guardian:Recover+1","Guardian:ShieldCharger+1","Guardian:SpikerProtocol+1","Guardian:TimeSifter","Guardian:Emergency","expansioncontent:Chronoboost","Guardian:DecasProtection","Guardian:BodySlam"],"relics":["bronze:MakeshiftBattery","downfall:ShatteredFragment","Pantograph","Kunai","downfall:HeartBlessingRed","Shovel","Art of War","InkBottle","Bag of Marbles","Philosopher\u0027s Stone","Happy Flower","downfall:HeartBlessingBlue","sneckomod:BlankCard","Potion Belt","CaptainsWheel","Bottled Tornado","downfall:HeartBlessingGreen","Oddly Smooth Stone","Calipers","Fusion Hammer","Blood Vial","Blue Candle","bronze:BronzeIdol","HornCleat","Guardian:PocketSentry","Unceasing Top","Slimebound:StickyStick","Ornamental Fan","Gambling Chip","Ice Cream","StrikeDummy"],"acts_visited":["Exordium","TheCity","TheBeyond","TheEnding"],"potions_floor_usage":[6,6,16,20,23,33,36,36,45,48,50,56],"damage_taken":[{"damage":0,"enemies":"2 Louse","floor":2,"turns":3},{"damage":0,"enemies":"Small Slimes","floor":3,"turns":4},{"damage":8,"enemies":"Jaw Worm","floor":5,"turns":4},{"damage":16,"enemies":"Gremlin Nob","floor":6,"turns":3},{"damage":13,"enemies":"Lagavulin","floor":11,"turns":6},{"damage":4,"enemies":"Red Slaver","floor":13,"turns":2},{"damage":0,"enemies":"Exordium Wildlife","floor":14,"turns":2},{"damage":0,"enemies":"2 Fungi Beasts","floor":15,"turns":2},{"damage":18,"enemies":"IC_STATUS_ARCHETYPE","floor":16,"turns":7},{"damage":2,"enemies":"Chosen","floor":19,"turns":4},{"damage":0,"enemies":"3 Byrds","floor":20,"turns":3},{"damage":0,"enemies":"Cultist and Chosen","floor":22,"turns":6},{"damage":0,"enemies":"Book of Stabbing","floor":23,"turns":4},{"damage":0,"enemies":"3 Cultists","floor":25,"turns":5},{"damage":20,"enemies":"Slavers","floor":27,"turns":6},{"damage":0,"enemies":"Colosseum Nobs","floor":28,"turns":4},{"damage":0,"enemies":"downfall:FleeingMerchant","floor":30,"turns":4},{"damage":0,"enemies":"Snake Plant","floor":32,"turns":3},{"damage":0,"enemies":"SI_MIRROR_ARCHETYPE","floor":33,"turns":6},{"damage":0,"enemies":"3 Shapes","floor":36,"turns":4},{"damage":20,"enemies":"3 Darklings","floor":37,"turns":4},{"damage":0,"enemies":"Reptomancer","floor":40,"turns":5},{"damage":8,"enemies":"Nemesis","floor":42,"turns":5},{"damage":0,"enemies":"downfall:FleeingMerchant","floor":43,"turns":3},{"damage":0,"enemies":"Giant Head","floor":44,"turns":5},{"damage":0,"enemies":"Transient","floor":45,"turns":5},{"damage":0,"enemies":"Writhing Mass","floor":47,"turns":5},{"damage":0,"enemies":"Reptomancer","floor":48,"turns":3},{"damage":0,"enemies":"Maw","floor":49,"turns":4},{"damage":0,"enemies":"DF_ARCHETYPE_ORBS","floor":50,"turns":4},{"damage":0,"enemies":"downfall:CharBossMerchant","floor":52,"turns":4},{"damage":3,"enemies":"downfall:NeowBoss","floor":55,"turns":7},{"damage":0,"enemies":"downfall:NeowBossFinal","floor":56,"turns":7}],"seed_played":"2181532069603372166","potions_obtained":[{"floor":3,"key":"FearPotion"},{"floor":5,"key":"LiquidMemories"},{"floor":13,"key":"sneckomod:MuddlingPotion"},{"floor":14,"key":"Strength Potion"},{"floor":16,"key":"bronze:BurnAndBuffPotion"},{"floor":19,"key":"FairyPotion"},{"floor":22,"key":"Guardian:AcceleratePotion"},{"floor":27,"key":"Explosive Potion"},{"floor":28,"key":"ColorlessPotion"},{"floor":33,"key":"Energy Potion"},{"floor":42,"key":"PowerPotion"},{"floor":45,"key":"bronze:BurnAndBuffPotion"},{"floor":49,"key":"SmokeBomb"}],"is_trial":false,"path_per_floor":["R","M","M","?","M","E","T","R","?","R","E","R","M","M","M","B",null,"R","M","M","?","M","E","T","M","R","E","?","R","$","?","M","B",null,"R","M","M","?","?","E","T","E","$","E","M","R","M","E","M","B",null,"E","$","R","B","B",null],"character_chosen":"GUARDIAN","items_purchased":["Calipers","Guardian:FloatingOrbs","Unceasing Top","LiquidMemories","expansioncontent:Chronoboost","Guardian:DecasProtection","Guardian:BodySlam"],"campfire_rested":1,"item_purchase_floors":[30,30,43,43,53,53,53],"current_hp_per_floor":[80,80,80,56,48,32,32,56,49,49,36,36,32,32,32,39,80,80,78,78,78,78,78,78,78,88,68,68,68,68,68,68,90,90,90,90,70,65,65,67,67,61,63,65,67,67,69,71,73,90,90,90,90,90,87,90],"gold":14,"neow_bonus":"BOSS_RELIC","is_daily":false,"chose_seed":false,"campfire_upgraded":1,"win_rate":0.0,"timestamp":1612655106,"path_taken":["R","M","M","?","M","E","T","R","?","R","E","R","M","M","M","BOSS","R","M","M","?","?","E","T","M","R","E","?","R","$","?","M","BOSS","R","M","M","?","?","E","T","E","$","E","M","R","M","E","M","BOSS","E","$","R","BOSS","BOSS"],"items_purchased_type":["Relic","Card","Relic","Potion","Card","Card","Card"],"build_version":"2020-12-22","purchased_purges":2,"victory":true,"max_hp_per_floor":[80,80,80,80,80,80,80,80,80,80,80,80,80,80,80,80,80,80,80,80,80,80,80,80,80,90,90,90,90,90,90,90,90,90,90,90,90,90,90,90,90,90,90,90,90,90,90,90,90,90,90,90,90,90,90,90],"card_choices":[{"not_picked":["Guardian:Gem_Cyan","Guardian:Emergency"],"picked":"Guardian:Gem_White","floor":2},{"not_picked":["Guardian:Gem_Red","Guardian:ShieldSpikes"],"picked":"Guardian:TemporalShield","floor":3},{"not_picked":["Guardian:Gem_Red","Guardian:CrystalBeam"],"picked":"Guardian:Incinerate","floor":5},{"not_picked":["Guardian:MultiBeam","Guardian:FastForward"],"picked":"Guardian:FloatingOrbs","floor":6},{"not_picked":["Guardian:CrystalBeam","Guardian:VentSteam"],"picked":"Guardian:ChargeCore","floor":11},{"not_picked":["Guardian:PrimingBeam","Guardian:Clone"],"picked":"Guardian:Recover","floor":13},{"not_picked":["Guardian:TemporalStrike","Guardian:PrimingBeam"],"picked":"Guardian:Gem_Green","floor":14},{"not_picked":["Guardian:BronzeOrb","Guardian:Preprogram"],"picked":"Guardian:Clone","floor":15},{"not_picked":["Guardian:GemFire","Guardian:Gem_Synthetic"],"picked":"Guardian:ConstructionForm","floor":16},{"not_picked":["Guardian:EvasiveProtocol+1","Guardian:Gem_Crimson"],"picked":"Guardian:Gem_Cyan","floor":19},{"not_picked":["Guardian:Gem_Cyan","Guardian:PrimingBeam"],"picked":"Guardian:WalkerClaw","floor":20},{"not_picked":["Guardian:Gem_Crimson","Guardian:BronzeArmor"],"picked":"Guardian:ChargeCore","floor":22},{"not_picked":["Guardian:Gem_Red","Guardian:TemporalStrike"],"picked":"Guardian:ShieldCharger","floor":23},{"not_picked":["Guardian:GuardianWhirl","Guardian:ChargeCore"],"picked":"Guardian:Gem_Green","floor":25},{"not_picked":["Guardian:PrimingBeam","Guardian:Gem_Cyan"],"picked":"Guardian:BaubleBeam","floor":27},{"not_picked":["Guardian:PrismaticBeam+1","Guardian:Gem_Blue"],"picked":"Guardian:Gem_Yellow","floor":28},{"not_picked":["Guardian:Gem_Lightblue","Guardian:Reroute"],"picked":"Guardian:BodySlam+1","floor":30},{"not_picked":["Guardian:PrismaticBeam","Guardian:PolyBeam","Guardian:Gem_Lightblue"],"picked":"SKIP","floor":32},{"not_picked":["Guardian:Gem_Synthetic","Guardian:GemFinder"],"picked":"Guardian:AncientConstruct","floor":33},{"not_picked":["Guardian:Planning+1","Guardian:PiercingHide+1"],"picked":"Guardian:TimeBomb","floor":36},{"not_picked":["Guardian:Suspension","Guardian:PrimingBeam+1"],"picked":"Guardian:BodySlam","floor":37},{"not_picked":["Guardian:Preprogram","Guardian:PrimingBeam"],"picked":"Guardian:Recover+1","floor":40},{"not_picked":["Guardian:Gem_Cyan","Guardian:Incinerate"],"picked":"Guardian:ShieldCharger+1","floor":42},{"not_picked":["Guardian:Gem_Cyan","Guardian:TemporalStrike+1"],"picked":"Guardian:SpikerProtocol+1","floor":43},{"not_picked":["Guardian:PrimingBeam+1","Guardian:TemporalStrike+1","Guardian:Planning+1"],"picked":"SKIP","floor":44},{"not_picked":["Guardian:GuardianWhirl","Guardian:Suspension","Guardian:Gem_Lightblue"],"picked":"SKIP","floor":45},{"not_picked":["Guardian:Planning","Guardian:Orbwalk"],"picked":"Guardian:Gem_Green","floor":47},{"not_picked":["Guardian:PiercingHide+1","Guardian:Planning"],"picked":"Guardian:TimeSifter","floor":48},{"not_picked":["Guardian:PrimingBeam+1","Guardian:Gem_Red","Guardian:Incinerate+1"],"picked":"SKIP","floor":49},{"not_picked":["Guardian:Gem_Fragmented","Guardian:WalkerClaw+1"],"picked":"Guardian:Emergency","floor":52}],"player_experience":1563298,"relics_obtained":[{"floor":6,"key":"Pantograph"},{"floor":7,"key":"Kunai"},{"floor":10,"key":"Art of War"},{"floor":11,"key":"InkBottle"},{"floor":12,"key":"Bag of Marbles"},{"floor":23,"key":"Happy Flower"},{"floor":26,"key":"sneckomod:BlankCard"},{"floor":27,"key":"Potion Belt"},{"floor":28,"key":"CaptainsWheel"},{"floor":28,"key":"Bottled Tornado"},{"floor":29,"key":"Oddly Smooth Stone"},{"floor":35,"key":"Blood Vial"},{"floor":40,"key":"bronze:BronzeIdol"},{"floor":41,"key":"HornCleat"},{"floor":42,"key":"Guardian:PocketSentry"},{"floor":44,"key":"Slimebound:StickyStick"},{"floor":46,"key":"Ornamental Fan"},{"floor":48,"key":"Gambling Chip"},{"floor":52,"key":"Ice Cream"},{"floor":54,"key":"StrikeDummy"}],"event_choices":[{"damage_healed":0,"gold_gain":0,"player_choice":"Success","damage_taken":7,"relics_obtained":["Shovel"],"max_hp_gain":0,"max_hp_loss":0,"event_name":"Scrap Ooze","floor":9,"gold_loss":0},{"cards_removed":["Guardian:Defend_Guardian"],"damage_healed":0,"gold_gain":0,"player_choice":"Removed Skill","damage_taken":0,"max_hp_gain":0,"max_hp_loss":0,"event_name":"Falling","floor":39,"gold_loss":0}],"is_beta":false,"boss_relics":[{"not_picked":["expansioncontent:StudyCardRelic","Snecko Eye"],"picked":"Philosopher\u0027s Stone"},{"not_picked":["Guardian:StasisSlotReductionRelic","Cursed Key"],"picked":"Fusion Hammer"}],"items_purged_floors":[30,43],"is_endless":false,"potions_floor_spawned":[3,5,13,14,16,19,22,27,28,33,42,45,49],"ascension_level":4}}