{"host":"dn025qx6yu0j7rqc","time":1612580641,"event":{"mods":["BaseMod","Colored Map","Minty Spire (QoL Compilation)","Relic Stats","StSLib"],"gold_per_floor":[111,125,140,65,79,79,108,108,132,132,149,174,174,192,192,292,292,305,91,141,161,178,211,211,280,280,280,379,128,163,180,180,304,304,317,369,388,402,415,415,447,447,447,447,497,516,536,570,570,570,570,570,39,67,67,67],"floor_reached":55,"language":"ENG","playtime":4861,"items_purged":["Defend_P","Strike_P"],"score":1061,"play_id":"25dc4ea0-3e95-4ac5-a24c-0997789320a1","local_time":"20210205190401","is_ascension_mode":true,"campfire_choices":[{"data":"Transmutation","floor":6.0,"key":"SMITH"},{"data":"WaveOfTheHand","floor":8.0,"key":"SMITH"},{"data":"Eruption","floor":10.0,"key":"SMITH"},{"data":"Adaptation","floor":15.0,"key":"SMITH"},{"data":"MentalFortress","floor":24.0,"key":"SMITH"},{"data":"SpiritShield","floor":27.0,"key":"SMITH"},{"data":"TalkToTheHand","floor":32.0,"key":"SMITH"},{"data":"Meditate","floor":40.0,"key":"SMITH"},{"data":"Devotion","floor":42.0,"key":"SMITH"},{"data":"ClearTheMind","floor":44.0,"key":"SMITH"},{"floor":49.0,"key":"RECALL"},{"data":"FlurryOfBlows","floor":52.0,"key":"SMITH"}],"circlet_count":0,"master_deck":["Strike_P","Defend_P","Defend_P","Defend_P","Eruption+1","Vigilance","Transmutation+1","SandsOfTime","MentalFortress+1","BowlingBash","WaveOfTheHand+1","CrushJoints+1","ClearTheMind+1","Adaptation+1","SpiritShield+1","SashWhip+1","TalkToTheHand+1","InnerPeace+1","FlurryOfBlows+1","Meditate+1","Vengeance+1","Devotion+1","EmptyMind+1","Consecrate+1","CutThroughFate+1","Wallop+1","Tantrum+1","JustLucky+1","Brilliance+1","MentalFortress+1"],"relics":["PureWater","Regal Pillow","Bronze Scales","Ancient Tea Set","Empty Cage","PreservedInsect","Boot","Meat on the Bone","Lee\u0027s Waffle","Bag of Preparation","Philosopher\u0027s Stone","Ginger","Molten Egg 2","Incense Burner","TeardropLocket","Dead Branch","Happy Flower","Bird Faced Urn"],"acts_visited":["Exordium","TheCity","TheBeyond","TheEnding"],"potions_floor_usage":[55,55,55],"damage_taken":[{"damage":7.0,"enemies":"Jaw Worm","floor":1.0,"turns":6.0},{"damage":0.0,"enemies":"Cultist","floor":2.0,"turns":4.0},{"damage":12.0,"enemies":"Small Slimes","floor":3.0,"turns":3.0},{"damage":8.0,"enemies":"Red Slaver","floor":5.0,"turns":6.0},{"damage":7.0,"enemies":"Gremlin Nob","floor":7.0,"turns":3.0},{"damage":0.0,"enemies":"3 Louse","floor":11.0,"turns":2.0},{"damage":4.0,"enemies":"Lagavulin","floor":12.0,"turns":4.0},{"damage":0.0,"enemies":"Large Slime","floor":14.0,"turns":4.0},{"damage":0.0,"enemies":"Hexaghost","floor":16.0,"turns":6.0},{"damage":13.0,"enemies":"Spheric Guardian","floor":18.0,"turns":5.0},{"damage":4.0,"enemies":"Chosen","floor":21.0,"turns":4.0},{"damage":19.0,"enemies":"Snake Plant","floor":22.0,"turns":6.0},{"damage":10.0,"enemies":"Book of Stabbing","floor":23.0,"turns":4.0},{"damage":1.0,"enemies":"Cultist and Chosen","floor":25.0,"turns":6.0},{"damage":16.0,"enemies":"Gremlin Leader","floor":30.0,"turns":5.0},{"damage":17.0,"enemies":"Centurion and Healer","floor":31.0,"turns":7.0},{"damage":19.0,"enemies":"Champ","floor":33.0,"turns":6.0},{"damage":9.0,"enemies":"3 Shapes","floor":35.0,"turns":6.0},{"damage":20.0,"enemies":"2 Orb Walkers","floor":36.0,"turns":3.0},{"damage":0.0,"enemies":"Orb Walker","floor":37.0,"turns":3.0},{"damage":0.0,"enemies":"Writhing Mass","floor":38.0,"turns":5.0},{"damage":22.0,"enemies":"Transient","floor":39.0,"turns":5.0},{"damage":17.0,"enemies":"Reptomancer","floor":41.0,"turns":4.0},{"damage":0.0,"enemies":"Mind Bloom Boss Battle","floor":45.0,"turns":7.0},{"damage":18.0,"enemies":"3 Darklings","floor":46.0,"turns":4.0},{"damage":21.0,"enemies":"Writhing Mass","floor":47.0,"turns":6.0},{"damage":0.0,"enemies":"Nemesis","floor":48.0,"turns":3.0},{"damage":29.0,"enemies":"Donu and Deca","floor":50.0,"turns":7.0},{"damage":4.0,"enemies":"Shield and Spear","floor":54.0,"turns":3.0},{"damage":71,"enemies":"The Heart","floor":55,"turns":3}],"seed_played":"6057336791864546720","potions_obtained":[{"floor":2.0,"key":"ColorlessPotion"},{"floor":11.0,"key":"Dexterity Potion"},{"floor":14.0,"key":"SneckoOil"},{"floor":21.0,"key":"Weak Potion"},{"floor":25.0,"key":"SteroidPotion"},{"floor":33.0,"key":"Fruit Juice"},{"floor":35.0,"key":"ColorlessPotion"},{"floor":37.0,"key":"PowerPotion"},{"floor":39.0,"key":"LiquidMemories"},{"floor":46.0,"key":"Explosive Potion"},{"floor":47.0,"key":"SpeedPotion"},{"floor":54.0,"key":"Energy Potion"}],"is_trial":false,"path_per_floor":["M","M","M","$","M","R","E","R","T","R","M","E","?","M","R","B",null,"M","$","?","M","M","E","R","M","T","R","?","$","E","M","R","B",null,"M","?","M","M","M","R","E","R","T","R","?","M","M","E","R","B",null,"R","$","E","B"],"character_chosen":"WATCHER","items_purchased":["PreservedInsect","TalkToTheHand","Lee\u0027s Waffle","Brilliance+1","Dead Branch","Happy Flower"],"campfire_rested":0,"item_purchase_floors":[19,19,29,53,53,53],"current_hp_per_floor":[58,58,46,46,38,38,31,31,31,31,31,27,27,27,27,27,56,43,43,43,39,20,10,10,9,9,9,9,72,56,39,39,37,67,58,50,50,50,40,40,35,35,35,35,47,41,32,44,44,27,65,65,65,61,0,0],"gold":67,"neow_bonus":"RANDOM_COLORLESS_2","is_daily":false,"chose_seed":false,"campfire_upgraded":11,"win_rate":0.0,"timestamp":1612580641,"path_taken":["M","M","M","$","M","R","E","R","T","R","M","E","?","?","R","BOSS","M","$","?","?","M","E","R","M","T","R","?","$","E","M","R","BOSS","M","?","M","M","M","R","E","R","T","R","?","?","M","E","R","BOSS","R","$","E","BOSS"],"items_purchased_type":["Relic","Card","Relic","Card","Relic","Relic"],"build_version":"2020-12-22","purchased_purges":2,"victory":false,"max_hp_per_floor":[65,65,65,65,65,65,65,65,65,65,65,65,65,65,65,65,65,65,65,65,65,65,65,65,65,65,65,65,72,72,72,72,77,77,77,77,77,77,77,77,77,77,77,77,77,77,77,77,77,77,77,77,77,77,77,77],"relic_stats":{"Regal Pillow":0,"Lee\u0027s Waffle":63,"Happy Flower":[2],"counters":[30,140],"Dead Branch":[9],"PreservedInsect":258,"Bag of Preparation":[30],"Ginger":[5],"Boot":[70],"Bronze Scales":[336],"Bird Faced Urn":[8],"obtain_stats":[{"Regal Pillow":7,"Lee\u0027s Waffle":29,"Happy Flower":53,"Dead Branch":53,"PreservedInsect":19,"Bag of Preparation":30,"Incense Burner":45,"Ginger":36,"TeardropLocket":48,"Ancient Tea Set":12,"Empty Cage":17,"Boot":23,"Bronze Scales":9,"Bird Faced Urn":54,"Philosopher\u0027s Stone":34,"Molten Egg 2":41,"PureWater":0,"Meat on the Bone":26},{"Regal Pillow":5,"Lee\u0027s Waffle":14,"Happy Flower":28,"Dead Branch":28,"PreservedInsect":10,"Bag of Preparation":15,"Incense Burner":24,"Ginger":19,"TeardropLocket":27,"Ancient Tea Set":7,"Empty Cage":9,"Boot":13,"Bronze Scales":5,"Bird Faced Urn":29,"Philosopher\u0027s Stone":17,"Molten Egg 2":23,"PureWater":0,"Meat on the Bone":14},{"Regal Pillow":22,"Lee\u0027s Waffle":63,"Happy Flower":134,"Dead Branch":134,"PreservedInsect":43,"Bag of Preparation":68,"Incense Burner":114,"Ginger":90,"TeardropLocket":127,"Ancient Tea Set":28,"Empty Cage":38,"Boot":57,"Bronze Scales":22,"Bird Faced Urn":137,"Philosopher\u0027s Stone":81,"Molten Egg 2":107,"PureWater":0,"Meat on the Bone":63}],"Meat on the Bone":108},"card_choices":[{"not_picked":["Master of Strategy","Secret Weapon"],"picked":"Transmutation","floor":0.0},{"not_picked":["CutThroughFate","EmptyBody"],"picked":"SandsOfTime","floor":1.0},{"not_picked":["EmptyFist","JustLucky","Crescendo"],"picked":"SKIP","floor":2.0},{"not_picked":["Protect","Evaluate"],"picked":"MentalFortress","floor":3.0},{"not_picked":["CutThroughFate","Vengeance"],"picked":"BowlingBash","floor":5.0},{"not_picked":["CutThroughFate","BowlingBash"],"picked":"WaveOfTheHand","floor":7.0},{"not_picked":["JustLucky","Conclude"],"picked":"CrushJoints","floor":11.0},{"not_picked":["SpiritShield","WaveOfTheHand"],"picked":"ClearTheMind","floor":12.0},{"not_picked":["SashWhip","FlyingSleeves"],"picked":"Adaptation","floor":14.0},{"not_picked":["Wish","Devotion"],"picked":"SpiritShield","floor":16.0},{"not_picked":["SandsOfTime+1","Consecrate"],"picked":"SashWhip+1","floor":18.0},{"not_picked":["BowlingBash","PathToVictory"],"picked":"InnerPeace+1","floor":21.0},{"not_picked":["SashWhip+1","PathToVictory"],"picked":"FlurryOfBlows","floor":22.0},{"not_picked":["Prostrate","SandsOfTime","BowlingBash+1"],"picked":"SKIP","floor":23.0},{"not_picked":["Perseverance","LikeWater+1"],"picked":"Meditate","floor":25.0},{"not_picked":["Worship+1","Alpha","PathToVictory+1"],"picked":"SKIP","floor":30.0},{"not_picked":["JustLucky","EmptyBody"],"picked":"Vengeance+1","floor":31.0},{"not_picked":["Establishment","MasterReality"],"picked":"Devotion","floor":33.0},{"not_picked":["Crescendo","Tantrum"],"picked":"EmptyMind+1","floor":35.0},{"not_picked":["Evaluate","MasterReality"],"picked":"Consecrate+1","floor":37.0},{"not_picked":["CrushJoints+1","Conclude","Crescendo"],"picked":"SKIP","floor":38.0},{"not_picked":["Meditate+1","Consecrate","WaveOfTheHand+1"],"picked":"SKIP","floor":39.0},{"not_picked":["FlyingSleeves+1","Evaluate","PathToVictory"],"picked":"SKIP","floor":41.0},{"not_picked":["Swivel+1","Evaluate+1"],"picked":"CutThroughFate+1","floor":45.0},{"not_picked":["Protect","WindmillStrike+1"],"picked":"Wallop+1","floor":46.0},{"not_picked":["Meditate+1","WheelKick+1"],"picked":"Tantrum+1","floor":47.0},{"not_picked":["Protect+1","FlyingSleeves+1"],"picked":"JustLucky+1","floor":48.0},{"not_picked":["Nirvana+1","WreathOfFlame"],"picked":"MentalFortress+1","floor":54.0}],"player_experience":1077062,"relics_obtained":[{"floor":7.0,"key":"Regal Pillow"},{"floor":9.0,"key":"Bronze Scales"},{"floor":12.0,"key":"Ancient Tea Set"},{"floor":23.0,"key":"Boot"},{"floor":26.0,"key":"Meat on the Bone"},{"floor":30.0,"key":"Bag of Preparation"},{"floor":36.0,"key":"Ginger"},{"floor":41.0,"key":"Molten Egg 2"},{"floor":45.0,"key":"Incense Burner"},{"floor":48.0,"key":"TeardropLocket"},{"floor":54.0,"key":"Bird Faced Urn"}],"event_choices":[{"damage_healed":0.0,"max_hp_gain":0.0,"max_hp_loss":0.0,"gold_gain":0.0,"event_name":"Upgrade Shrine","player_choice":"Upgraded","floor":13.0,"gold_loss":0.0,"damage_taken":0.0,"cards_upgraded":["CrushJoints"]},{"damage_healed":0.0,"max_hp_gain":0.0,"max_hp_loss":0.0,"gold_gain":100.0,"event_name":"The Joust","player_choice":"Bet on Murderer","floor":20.0,"gold_loss":50.0,"damage_taken":0.0},{"damage_healed":0.0,"max_hp_gain":0.0,"max_hp_loss":0.0,"gold_gain":99.0,"event_name":"Nest","player_choice":"Stole From Cult","floor":28.0,"gold_loss":0.0,"damage_taken":0.0},{"damage_healed":0.0,"max_hp_gain":0.0,"max_hp_loss":0.0,"gold_gain":0.0,"event_name":"Mysterious Sphere","player_choice":"Fight","floor":36.0,"gold_loss":0.0,"damage_taken":0.0},{"damage_healed":0.0,"max_hp_gain":0.0,"max_hp_loss":0.0,"gold_gain":0.0,"event_name":"MindBloom","player_choice":"Fight","floor":45.0,"gold_loss":0.0,"damage_taken":0.0}],"is_beta":false,"boss_relics":[{"not_picked":["Tiny House","Runic Dome"],"picked":"Empty Cage"},{"not_picked":["Busted Crown","Velvet Choker"],"picked":"Philosopher\u0027s Stone"}],"items_purged_floors":[4,29],"is_endless":false,"potions_floor_spawned":[2,11,14,21,25,33,35,37,39,46,47,54],"killed_by":"The Heart","ascension_level":5}}