{"host":"kh1j1cf337zr4nij","time":1612612968,"event":{"mods":["2.2 Compatiblity","AchievementEnabler","Act Like it!","Aspiration","BaseMod","Bestiary","CCEM2","Colored Map","Colored Powertips","Conspire","Downfall","Energized Spire","Fireblade Mod","Friendly Minions","GifTheSpireLib","Glutton Mod","Halation","Hermit","Highlight Path","Hubris","Jedi Mod","Mad Scientist","Marisa????????","Minty Spire (QoL Compilation)","Quick Restart","Random Character Button","Relic Stats","Reliquary","Shade Mod","Slumbering Mod","Spikes Relics","StSLib","Stuff the Spire","SuperFastMode","Synergy Search","The Construct","The Cursed","The Disciple","The Forsaken","The Hierophant","The Marked","The Mystic","The Runesmith","The Servant 0.9.4","The Spell Scribe","The Valiant","TheFirefly","Trackpad"],"gold_per_floor":[99,99,112,123,72,92,92,107,17,17,17,52,52,83,99,195,195,195,206,222,232,38,54,54,73,90,100,100,135,35,35,47,144,144,144,159,234,244,264,296,320,120,130,162,162,162,12,25,36,36,36,36,36],"floor_reached":52,"language":"ENG","playtime":3545,"items_purged":["Runesmith:Defend_RS","Runesmith:OneForEveryone","Runesmith:CraftFirestone","Runesmith:Strike_RS"],"score":848,"play_id":"8f5fe867-ed51-4090-8fe3-04b4e64e523e","local_time":"20210206070248","is_ascension_mode":false,"campfire_choices":[{"data":"Runesmith:Fortify","floor":1.0,"key":"SMITH"},{"data":"Runesmith:MetallurgicalResearch","floor":10.0,"key":"SMITH"},{"data":"Runesmith:HammerThrow","floor":13.0,"key":"SMITH"},{"data":"Runesmith:MetallurgicalResearch","floor":18.0,"key":"SMITH"},{"data":"Runesmith:Permafrost","floor":30,"key":"SMITH"},{"floor":35,"key":"RECALL"},{"data":"Runesmith:EnergizedChisel","floor":42,"key":"SMITH"},{"data":"Runesmith:FrozenChisel","floor":46,"key":"SMITH"}],"circlet_count":0,"master_deck":["Runesmith:Strike_RS","Runesmith:Strike_RS","Runesmith:Defend_RS","Runesmith:Defend_RS","Runesmith:Defend_RS","Runesmith:Fortify+1","Runesmith:Fortify+1","Runesmith:FrozenChisel+1","aspiration:UnbridledHammer","Runesmith:HammerThrow+1","Runesmith:MetallurgicalResearch+1","Runesmith:HeatExchange","Runesmith:EnergizedChisel+1","Runesmith:ShiftingStrike","Runesmith:MetallurgicalResearch+1","Runesmith:Retool+1","Runesmith:MakeshiftArmor","Runesmith:HammerThrow+1","Runesmith:Permafrost+1","Runesmith:ChiselStab","Runesmith:PoweredAnvil+1","Runesmith:CreatorForm","PiercingWail","Runesmith:FissionHammer","Runesmith:EarthShield","Dodge and Roll","Runesmith:Grindstone+1","Runesmith:DoubleUp+1","Blade Dance"],"relics":["Runesmith:BrokenRuby","CCEMRelics:Sandal","hubris:Metronome","Dream Catcher","Coffee Dripper","Pantograph","hubris:DisguiseKit","downfall:HeartBlessingGreen","aspiration:SecretTechniqueScroll","Nunchaku","BrokenLever","downfall:HeartBlessingRed","downfall:HeartBlessingBlue","RoseTintedShades"],"acts_visited":["Exordium","TheCity","TheBeyond","TheEnding"],"potions_floor_usage":[29,29,32,39,50],"damage_taken":[{"damage":0.0,"enemies":"conspire:RoseBush","floor":3.0,"turns":3.0},{"damage":0.0,"enemies":"Cultist","floor":4.0,"turns":4.0},{"damage":0.0,"enemies":"downfall:FleeingMerchant","floor":5.0,"turns":4.0},{"damage":0.0,"enemies":"Jaw Worm","floor":6.0,"turns":2.0},{"damage":3.0,"enemies":"Red Slaver","floor":8.0,"turns":5.0},{"damage":0.0,"enemies":"downfall:FleeingMerchant","floor":9.0,"turns":4.0},{"damage":0.0,"enemies":"Lagavulin","floor":12.0,"turns":6.0},{"damage":0.0,"enemies":"3 Sentries","floor":14.0,"turns":6.0},{"damage":12.0,"enemies":"Gremlin Gang","floor":15.0,"turns":5.0},{"damage":9.0,"enemies":"SI_SHIV_ARCHETYPE","floor":16.0,"turns":6.0},{"damage":0.0,"enemies":"Chosen","floor":19.0,"turns":4.0},{"damage":0.0,"enemies":"Shell Parasite","floor":20.0,"turns":4.0},{"damage":0.0,"enemies":"Snake Plant","floor":21.0,"turns":4.0},{"damage":5.0,"enemies":"downfall:FleeingMerchant","floor":22.0,"turns":4.0},{"damage":12.0,"enemies":"Sentry and Sphere","floor":23.0,"turns":4.0},{"damage":0.0,"enemies":"Shelled Parasite and Fungi","floor":25.0,"turns":5.0},{"damage":0.0,"enemies":"Cultist and Chosen","floor":26.0,"turns":3.0},{"damage":5.0,"enemies":"conspire:HollyBat","floor":27.0,"turns":6.0},{"damage":32,"enemies":"Slavers","floor":29,"turns":4},{"damage":6,"enemies":"Chosen and Byrds","floor":32,"turns":5},{"damage":0,"enemies":"DF_ARCHETYPE_CLAW","floor":33,"turns":11},{"damage":9,"enemies":"3 Darklings","floor":36,"turns":6},{"damage":0,"enemies":"downfall:FleeingMerchant","floor":37,"turns":4},{"damage":0,"enemies":"Orb Walker","floor":38,"turns":4},{"damage":16,"enemies":"4 Shapes","floor":39,"turns":7},{"damage":9,"enemies":"Giant Head","floor":40,"turns":11},{"damage":8,"enemies":"Spire Growth","floor":43,"turns":5},{"damage":9,"enemies":"Reptomancer","floor":44,"turns":8},{"damage":0,"enemies":"Writhing Mass","floor":48,"turns":7},{"damage":0,"enemies":"Maw","floor":49,"turns":8},{"damage":25,"enemies":"IC_BLOCK_ARCHETYPE","floor":50,"turns":10},{"damage":123,"enemies":"downfall:CharBossMerchant","floor":52,"turns":7}],"seed_played":"68941131584717830","potions_obtained":[{"floor":6.0,"key":"SteroidPotion"},{"floor":8.0,"key":"Dexterity Potion"},{"floor":14.0,"key":"Dexterity Potion"},{"floor":27.0,"key":"Strength Potion"},{"floor":29,"key":"ColorlessPotion"},{"floor":32,"key":"AttackPotion"},{"floor":39,"key":"hexamod:SoulburnPotion"},{"floor":48,"key":"Dexterity Potion"}],"is_trial":false,"path_per_floor":["R","?","M","M","$","M","T","M","$","R","?","E","R","E","M","B",null,"R","M","M","M","$","M","T","M","M","M","?","E","R","?","M","B",null,"R","M","$","M","M","E","T","R","M","E","?","R","$","M","M","B",null,"E"],"character_chosen":"RUNESMITH_CLASS","items_purchased":["Runesmith:OneForEveryone","Runesmith:Permafrost","Nunchaku"],"campfire_rested":0,"item_purchase_floors":[5,22,37],"current_hp_per_floor":[77,77,77,77,77,77,77,74,74,74,74,74,74,74,62,53,77,77,77,77,77,72,60,60,60,60,55,55,23,23,23,17,42,77,77,68,68,68,52,43,43,53,45,36,28,28,28,28,28,28,87,0,0],"gold":36,"neow_bonus":"TEN_PERCENT_HP_BONUS","is_daily":false,"chose_seed":false,"campfire_upgraded":7,"win_rate":0.0,"timestamp":1612612968,"path_taken":["R","?","M","M","$","M","T","?","?","R","?","E","R","E","M","BOSS","R","M","M","M","$","M","T","M","M","?","?","E","R","?","M","BOSS","R","M","$","M","M","E","T","R","M","E","?","R","$","M","M","BOSS","E"],"items_purchased_type":["Card","Card","Relic"],"build_version":"2020-12-22","purchased_purges":4,"victory":false,"max_hp_per_floor":[77,77,77,77,77,77,77,77,77,77,77,77,77,77,77,77,77,77,77,77,77,77,77,77,77,77,77,77,77,77,77,77,77,77,77,77,77,77,77,77,77,87,87,87,87,87,87,87,87,87,87,87,87],"relic_stats":{"Dream Catcher":0,"Nunchaku":[11],"counters":[32,176],"Pantograph":50,"obtain_stats":[{"hubris:DisguiseKit":29,"Runesmith:BrokenRuby":0,"hubris:Metronome":12,"downfall:HeartBlessingRed":42,"downfall:HeartBlessingGreen":30,"BrokenLever":40,"RoseTintedShades":44,"aspiration:SecretTechniqueScroll":34,"Dream Catcher":14,"Nunchaku":37,"downfall:HeartBlessingBlue":42,"Pantograph":24,"CCEMRelics:Sandal":7,"Coffee Dripper":17},{"hubris:DisguiseKit":19,"Runesmith:BrokenRuby":0,"hubris:Metronome":7,"downfall:HeartBlessingRed":26,"downfall:HeartBlessingGreen":19,"BrokenLever":26,"RoseTintedShades":28,"aspiration:SecretTechniqueScroll":21,"Dream Catcher":8,"Nunchaku":23,"downfall:HeartBlessingBlue":26,"Pantograph":15,"CCEMRelics:Sandal":4,"Coffee Dripper":10},{"hubris:DisguiseKit":83,"Runesmith:BrokenRuby":0,"hubris:Metronome":28,"downfall:HeartBlessingRed":131,"downfall:HeartBlessingGreen":83,"BrokenLever":131,"RoseTintedShades":144,"aspiration:SecretTechniqueScroll":99,"Dream Catcher":34,"Nunchaku":109,"downfall:HeartBlessingBlue":131,"Pantograph":65,"CCEMRelics:Sandal":13,"Coffee Dripper":45}]},"card_choices":[{"not_picked":["Runesmith:ChiselStab","Runesmith:HammerThrow"],"picked":"Runesmith:FrozenChisel","floor":3.0},{"not_picked":["Runesmith:StaticCage","Runesmith:HeatedChisel","Runesmith:EnergizedChisel"],"picked":"SKIP","floor":4.0},{"not_picked":["Runesmith:EnergizedChisel","Runesmith:RunicBlueprint"],"picked":"aspiration:UnbridledHammer","floor":5.0},{"not_picked":["Runesmith:Discharge","Runesmith:Overpower"],"picked":"Runesmith:HammerThrow","floor":6.0},{"not_picked":["Runesmith:Accelerate","Runesmith:Grindstone"],"picked":"Runesmith:MetallurgicalResearch","floor":8.0},{"not_picked":["Runesmith:CraftMagma","Runesmith:HeatExchange"],"picked":"Runesmith:MakeshiftArmor","floor":9.0},{"not_picked":["Runesmith:Augment","Runesmith:CraftReservo"],"picked":"Runesmith:HeatExchange","floor":12.0},{"not_picked":["Runesmith:Terraform","Runesmith:ChargedHammer"],"picked":"Runesmith:EnergizedChisel","floor":14.0},{"not_picked":["Runesmith:BackupBattery","Runesmith:EarthShield"],"picked":"Runesmith:ShiftingStrike","floor":15.0},{"not_picked":["Runesmith:Duplicate","Runesmith:GenerateForcefield"],"picked":"Runesmith:MetallurgicalResearch","floor":16.0},{"not_picked":["Runesmith:EarthShield","Runesmith:LithiumIon"],"picked":"Runesmith:Retool+1","floor":19.0},{"not_picked":["Runesmith:CraftSpiculum","Runesmith:StaticCage+1"],"picked":"Runesmith:MakeshiftArmor","floor":20.0},{"not_picked":["Runesmith:EnergizedChisel","Runesmith:GoWithTheFlow"],"picked":"Runesmith:HammerThrow","floor":21.0},{"not_picked":["Runesmith:CraftProtectio+1","Runesmith:ChiselStab","Runesmith:ShiftingStrike"],"picked":"SKIP","floor":22.0},{"not_picked":["Runesmith:NanitesCloud","Runesmith:Overpower"],"picked":"Runesmith:ChiselStab","floor":23.0},{"not_picked":["Runesmith:Prism","Runesmith:LithiumIon+1"],"picked":"Runesmith:PoweredAnvil","floor":25.0},{"not_picked":["Runesmith:CraftVitae","Runesmith:EnergizedChisel","Runesmith:FrozenChisel"],"picked":"SKIP","floor":26.0},{"not_picked":["Runesmith:CraftIncendium+1","Runesmith:BackupBattery"],"picked":"Runesmith:CreatorForm","floor":27.0},{"not_picked":["Runesmith:PoweredAnvil+1","Runesmith:UnstableHammer","Runesmith:HeatExchange"],"picked":"SKIP","floor":29},{"not_picked":["Runesmith:BackupBattery","Runesmith:Accelerate","aspiration:UnbridledHammer+1"],"picked":"PiercingWail","floor":32},{"not_picked":["Runesmith:DuctTape","Runesmith:UnlimitedPower","aspiration:Lunge"],"picked":"Runesmith:FissionHammer","floor":33},{"not_picked":["Runesmith:ChaoticBlast","Runesmith:Malloc","conspire:PoisonWeapons"],"picked":"Runesmith:EarthShield","floor":36},{"not_picked":["Runesmith:Superposition","Runesmith:MakeshiftArmor+1","Runesmith:Terraform+1","Skewer"],"picked":"SKIP","floor":37},{"not_picked":["Runesmith:FieryHammer+1","Runesmith:EarthShield+1","Runesmith:LithiumIon+1","StuffTheSpire:Shiver"],"picked":"SKIP","floor":38},{"not_picked":["Runesmith:UnstableHammer","Runesmith:MakeshiftArmor+1","Runesmith:MetallurgicalResearch"],"picked":"Dodge and Roll","floor":39},{"not_picked":["Runesmith:NegativeSpace+1","Runesmith:CraftProtectio+1","StuffTheSpire:DoubleShiv"],"picked":"Runesmith:Grindstone+1","floor":40},{"not_picked":["Runesmith:EnergizedChisel+1","Runesmith:Overpower","Runesmith:CraftIncendium","All Out Attack"],"picked":"SKIP","floor":43},{"not_picked":["aspiration:UnbridledHammer+1","Runesmith:EarthShield","Runesmith:Permafrost+1","Prepared"],"picked":"SKIP","floor":44},{"not_picked":["Runesmith:Repurpose","Runesmith:WhiteBalance","StuffTheSpire:BumpUp"],"picked":"Runesmith:DoubleUp+1","floor":48},{"not_picked":["Runesmith:StaticCage","Runesmith:RuneHurl","Runesmith:GoWithTheFlow+1"],"picked":"Blade Dance","floor":49}],"player_experience":49688,"relics_obtained":[{"floor":7.0,"key":"CCEMRelics:Sandal"},{"floor":12.0,"key":"hubris:Metronome"},{"floor":14.0,"key":"Dream Catcher"},{"floor":24.0,"key":"Pantograph"},{"floor":29,"key":"hubris:DisguiseKit"},{"floor":40,"key":"BrokenLever"},{"floor":44,"key":"RoseTintedShades"}],"event_choices":[{"cards_removed":["Runesmith:Strike_RS"],"damage_healed":0.0,"max_hp_gain":0.0,"max_hp_loss":0.0,"gold_gain":0.0,"event_name":"Bonfire Elementals","player_choice":"Offered Basic","floor":11.0,"gold_loss":0.0,"damage_taken":0.0}],"is_beta":false,"boss_relics":[{"not_picked":["conspire:SeveredTorchhead","Fusion Hammer"],"picked":"Coffee Dripper"},{"not_picked":["Snecko Eye","aspiration:FutureDiary"],"picked":"aspiration:SecretTechniqueScroll"}],"items_purged_floors":[9,22,37,47],"is_endless":false,"potions_floor_spawned":[6,8,14,20,23,27,29,32,39,48,49],"killed_by":"downfall:CharBossMerchant","ascension_level":0}}