{"host":"l5zfpd2l2htson6l","time":1612608885,"event":{"mods":["AchievementEnabler","BaseMod","Colored Map","Colored Powertips","Minty Spire (QoL Compilation)","Permanent Neow","Quick Restart","Rare Cards Sparkle","Relic Stats","SuperFastMode"],"gold_per_floor":[115,125,143,143,163,163,163],"floor_reached":6,"language":"ENG","playtime":257,"items_purged":[],"score":76,"play_id":"567a13d9-4d40-4d20-854f-b7efedcfb2c2","local_time":"20210206025445","is_ascension_mode":true,"campfire_choices":[],"circlet_count":0,"master_deck":["AscendersBane","Strike_R","Strike_R","Strike_R","Strike_R","Defend_R","Defend_R","Defend_R","Defend_R","Bash","Armaments","Whirlwind","Thunderclap"],"relics":["Black Star"],"acts_visited":["Exordium"],"potions_floor_usage":[6,6],"damage_taken":[{"damage":9,"enemies":"Small Slimes","floor":1,"turns":4},{"damage":15,"enemies":"Jaw Worm","floor":2,"turns":7},{"damage":2,"enemies":"Cultist","floor":3,"turns":4},{"damage":9,"enemies":"3 Louse","floor":5,"turns":2},{"damage":45,"enemies":"Lagavulin","floor":6,"turns":7}],"seed_played":"-3404008425714123588","potions_obtained":[{"floor":3,"key":"LiquidMemories"},{"floor":5,"key":"DuplicationPotion"}],"is_trial":false,"path_per_floor":["M","M","M","?","M","E"],"character_chosen":"IRONCLAD","items_purchased":[],"campfire_rested":0,"item_purchase_floors":[],"current_hp_per_floor":[59,44,42,35,26,0,0],"gold":163,"neow_bonus":"BOSS_RELIC","is_daily":false,"chose_seed":false,"campfire_upgraded":0,"win_rate":0.0,"timestamp":1612608885,"path_taken":["M","M","M","?","M","E"],"items_purchased_type":[],"build_version":"2020-12-22","purchased_purges":0,"victory":false,"max_hp_per_floor":[75,75,75,75,75,75,75],"relic_stats":{"counters":[5,24],"Black Star":0,"obtain_stats":[{"Black Star":0,"Burning Blood":0},{"Black Star":0,"Burning Blood":0},{"Black Star":0,"Burning Blood":0}]},"card_choices":[{"not_picked":["Combust","Shrug It Off"],"picked":"Armaments","floor":1},{"not_picked":["Wild Strike","Warcry"],"picked":"Whirlwind","floor":2},{"not_picked":["Warcry","Combust","Cleave"],"picked":"SKIP","floor":3},{"not_picked":["Intimidate","Cleave"],"picked":"Thunderclap","floor":5}],"player_experience":920235,"relics_obtained":[],"event_choices":[{"cards_removed":["Strike_R"],"damage_healed":0,"gold_gain":0,"player_choice":"Card Removal","damage_taken":7,"max_hp_gain":0,"max_hp_loss":0,"event_name":"Golden Wing","floor":4,"gold_loss":0}],"is_beta":false,"boss_relics":[],"items_purged_floors":[],"is_endless":false,"potions_floor_spawned":[3,5],"killed_by":"Lagavulin","ascension_level":20}}