{"host":"bvp2uifzy1c463d9","time":1612644199,"event":{"mods":["AchievementEnabler","BaseMod","Block Reminder","ChefMod","Colored Map","Colored Powertips","Hermit","Highlight Path","Infinite Spire","Minty Spire (QoL Compilation)","Random Character Button","Relic Sorter","Relic Stats","Reliquary","Replay The Spire","StSLib","The Jungle","The Servant 0.9.4"],"gold_per_floor":[112,187,197,210,224,224,249,249,249,262,273,291,303,320,320,320,320],"floor_reached":16,"language":"ENG","playtime":1203,"items_purged":[],"score":108,"play_id":"41612d4b-1632-40be-a8e0-232c4fd3c4d8","local_time":"20210206144319","is_ascension_mode":false,"campfire_choices":[{"data":"chefmod:Flambe","floor":6,"key":"SMITH"},{"data":"chefmod:SliceAndDice","floor":6,"key":"SMITH"},{"data":"chefmod:BaoBuns","floor":8,"key":"SMITH"},{"data":"chefmod:PrepCook","floor":8,"key":"SMITH"},{"floor":15,"key":"REST"}],"circlet_count":0,"master_deck":["chefmod:Strike","chefmod:Strike","chefmod:Strike","chefmod:Strike","chefmod:QuickThaw","chefmod:Defend","chefmod:Defend","chefmod:Defend+1","chefmod:Defend","chefmod:TodaysSpecial+1","chefmod:Flambe+1","chefmod:ZaruSoba","chefmod:SliceAndDice+1","chefmod:PrepCook+1","chefmod:BaoBuns+1","chefmod:DoubleChop","chefmod:BaoBuns","chefmod:DinoKale","chefmod:BaoBuns","chefmod:RisingDough"],"relics":["chefmod:TrustyPot","Replay:Arrowhead","War Paint","Kunai"],"acts_visited":["Exordium"],"potions_floor_usage":[16,16],"damage_taken":[{"damage":0,"enemies":"Jaw Worm","floor":1,"turns":4},{"damage":1,"enemies":"Cultist","floor":3,"turns":4},{"damage":2,"enemies":"Small Slimes","floor":4,"turns":2},{"damage":3,"enemies":"2 Fungi Beasts","floor":5,"turns":4},{"damage":14,"enemies":"Gremlin Nob","floor":7,"turns":3},{"damage":2,"enemies":"Exordium Thugs","floor":10,"turns":7},{"damage":4,"enemies":"3 Louse","floor":11,"turns":3},{"damage":4,"enemies":"Blue Slaver","floor":12,"turns":4},{"damage":4,"enemies":"Exordium Wildlife","floor":13,"turns":3},{"damage":17,"enemies":"Exordium Thugs","floor":14,"turns":5},{"damage":27,"enemies":"Slime Boss","floor":16,"turns":8}],"seed_played":"7144159572933792806","potions_obtained":[{"floor":1,"key":"FearPotion"},{"floor":5,"key":"LifebloodPotion"},{"floor":13,"key":"Toxic Potion"}],"is_trial":false,"path_per_floor":["M","?","M","M","M","R","E","R","T","M","M","M","M","M","R","B"],"character_chosen":"THE_CHEF","items_purchased":[],"campfire_rested":1,"item_purchase_floors":[],"current_hp_per_floor":[69,58,57,55,52,52,38,38,38,36,32,28,24,7,27,0,0],"gold":320,"neow_bonus":"ONE_RARE_RELIC","is_daily":false,"chose_seed":false,"campfire_upgraded":4,"win_rate":0.0,"timestamp":1612644199,"path_taken":["M","?","M","M","M","R","E","R","T","M","M","M","M","M","R","BOSS"],"items_purchased_type":[],"build_version":"2020-12-22","purchased_purges":0,"victory":false,"max_hp_per_floor":[69,69,69,69,69,69,69,69,69,69,69,69,69,69,69,69,69],"relic_stats":{"counters":[11,47],"Kunai":[8],"War Paint":["chefmod:Defend","chefmod:TodaysSpecial"],"obtain_stats":[{"chefmod:TrustyPot":0,"Kunai":9,"War Paint":7,"Replay:Arrowhead":0},{"chefmod:TrustyPot":0,"Kunai":5,"War Paint":5,"Replay:Arrowhead":0},{"chefmod:TrustyPot":0,"Kunai":17,"War Paint":17,"Replay:Arrowhead":0}]},"card_choices":[{"not_picked":["chefmod:HotSoup","chefmod:Chop"],"picked":"chefmod:Flambe","floor":1},{"not_picked":["chefmod:Bruschetta","chefmod:Leftovers"],"picked":"chefmod:ZaruSoba","floor":3},{"not_picked":["chefmod:Julienne","chefmod:DimSum"],"picked":"chefmod:SliceAndDice","floor":4},{"not_picked":["chefmod:SliceAndDice","chefmod:FireUp"],"picked":"chefmod:PrepCook","floor":5},{"not_picked":["chefmod:ZaruSoba","chefmod:Defrost"],"picked":"chefmod:BaoBuns","floor":7},{"not_picked":["chefmod:MonsterBait","chefmod:IcePick"],"picked":"chefmod:DoubleChop","floor":10},{"not_picked":["chefmod:Bruschetta","chefmod:SliceAndDice"],"picked":"chefmod:BaoBuns","floor":11},{"not_picked":["chefmod:IcePick","chefmod:Chop"],"picked":"chefmod:DinoKale","floor":12},{"not_picked":["chefmod:Defrost","chefmod:Chop"],"picked":"chefmod:BaoBuns","floor":13},{"not_picked":["chefmod:ZaruSoba","chefmod:ColdSteel"],"picked":"chefmod:RisingDough","floor":14}],"player_experience":264271,"relics_obtained":[{"floor":7,"key":"War Paint"},{"floor":9,"key":"Kunai"}],"event_choices":[{"damage_healed":0,"gold_gain":75,"player_choice":"Gather Gold","damage_taken":11,"max_hp_gain":0,"max_hp_loss":0,"event_name":"World of Goop","floor":2,"gold_loss":0}],"is_beta":false,"boss_relics":[],"items_purged_floors":[],"is_endless":false,"potions_floor_spawned":[1,5,13,14],"killed_by":"Slime Boss","ascension_level":0}}