{"host":"7oiwk103j2prpym5","time":1612628506,"event":{"mods":["BaseMod","BetterRewards","Colored Map","Colored Powertips","GifTheSpireLib","Infinite Spire","Minty Spire (QoL Compilation)","Permanent Neow","Relic Filter Mod","Reliquary","Remove Card Discount Mod","Replay The Spire","StSLib","Stuff the Spire","Weighted Paths"],"gold_per_floor":[111,127,145,145,145,171,209,209,209,244,9,9,43,293,293,398,398,414,414,414,114,74,114,114,154,177,215,215,215,240,252,252,361,361,407,451,303,303,352,352,410,471,494,558,609,681,758,842,842,853],"floor_reached":51,"language":"ENG","playtime":3739,"items_purged":["Spreading Infection","Strike_R","Defend_R","Strike_R","Defend_R","Strike_R"],"score":954,"play_id":"f693ff51-76a8-4aca-ad9f-974ea6abb769","local_time":"20210206102146","daily_mods":["Allstar","Colorless Cards","Heirloom","Time Dilation","Flight","DeadlyEvents"],"is_ascension_mode":true,"campfire_choices":[{"floor":12,"key":"REST"},{"data":"Cleave","floor":12,"key":"SMITH"},{"floor":15,"key":"REST"},{"data":"Double Tap","floor":15,"key":"SMITH"},{"floor":24,"key":"REST"},{"data":"Bludgeon","floor":24,"key":"SMITH"},{"floor":28,"key":"REST"},{"data":"Inflame","floor":28,"key":"SMITH"},{"floor":32,"key":"DIG"},{"data":"Apotheosis","floor":40,"key":"SMITH"},{"data":"Limit Break","floor":49,"key":"SMITH"}],"circlet_count":0,"master_deck":["Strike_R","Strike_R","Defend_R","Defend_R+1","Bash","ReplayTheSpireMod:Necrogeddon","ReplayTheSpireMod:Private Reserves","Sadistic Nature","Swift Strike","ReplayTheSpireMod:Uncanny Aura","Thunderclap+1","Cleave+1","Strike_P+1","Neutralize","The Bomb","StuffTheSpire:FreeRealEstate","Replay:Sssssssssstrike","Double Tap+1","Fire Breathing","Iron Wave","Defend_G","Vigilance","Bludgeon+1","Heavy Blade","Delirium","Transmutation","ReplayReversal","Inflame+1","Armaments","Apotheosis+1","Twin Strike","Pommel Strike","Jack Of All Trades","Armaments+1","Pummel+1","Pommel Strike","Thunderclap","Reckless Charge+1","Anger+1","Whirlwind+1","Magnetism","Shockwave+1","Cleave","Dark Shackles+1","Infernal Blade","Dramatic Entrance+1","Limit Break+1"],"relics":["Black Blood","Ring of Chaos","infinitespire:Magic Flask","reliquary:FeatherDuster","Durian","HandDrill","Du-Vu Doll","reliquary:RedPaperclip","reliquary:HotPoker","PreservedInsect","Mummified Hand","Pocketwatch","Replay:Baseball","ReplayFunnel","Tiny Chest","infinitespire:EvilPickle","ReplayTheSpireMod:TigerMarble","Orrery","Replay:Ringing Soul","reliquary:SilkGlove","StuffTheSpire:RubySignet","Bag of Preparation","Question Card","StuffTheSpire:SapphireSignet","Ice Cream","StoneCalendar"],"acts_visited":["Exordium","TheCity","TheBeyond"],"potions_floor_usage":[2,16,25,27,39,39,42,48,50,50],"damage_taken":[{"damage":1,"enemies":"Cultist","floor":1,"turns":4},{"damage":14,"enemies":"2 Louse","floor":2,"turns":3},{"damage":2,"enemies":"Jaw Worm","floor":3,"turns":2},{"damage":20,"enemies":"Replay:BlueRogue","floor":6,"turns":5},{"damage":27,"enemies":"Gremlin Nob","floor":7,"turns":5},{"damage":26,"enemies":"Lagavulin","floor":10,"turns":5},{"damage":14,"enemies":"Gremlin Nob","floor":13,"turns":3},{"damage":17,"enemies":"Fading Forest","floor":16,"turns":11},{"damage":28,"enemies":"2 Thieves","floor":18,"turns":3},{"damage":32,"enemies":"Gremlin Leader","floor":23,"turns":3},{"damage":17,"enemies":"Replay:Snechameleon","floor":25,"turns":4},{"damage":29,"enemies":"Slavers","floor":27,"turns":4},{"damage":0,"enemies":"Chosen","floor":30,"turns":3},{"damage":12,"enemies":"Snake Plant","floor":31,"turns":2},{"damage":12,"enemies":"Pondfish","floor":33,"turns":9},{"damage":12,"enemies":"3 Shapes","floor":35,"turns":3},{"damage":0,"enemies":"Reptomancer","floor":39,"turns":2},{"damage":5,"enemies":"Nemesis","floor":41,"turns":3},{"damage":22,"enemies":"R_Hoarder","floor":42,"turns":4},{"damage":0,"enemies":"Reptomancer","floor":44,"turns":3},{"damage":0,"enemies":"Orb Walker","floor":45,"turns":1},{"damage":0,"enemies":"R_Hoarder","floor":46,"turns":4},{"damage":15,"enemies":"Nemesis","floor":47,"turns":3},{"damage":0,"enemies":"Giant Head","floor":48,"turns":4},{"damage":53,"enemies":"Time Eater","floor":50,"turns":8}],"seed_played":"5533190185534649528","potions_obtained":[{"floor":1,"key":"Adrenaline Potion"},{"floor":3,"key":"LiquidBronze"},{"floor":18,"key":"Energy Potion"},{"floor":25,"key":"infinitespire:BlackPotion"},{"floor":31,"key":"Strength Potion"},{"floor":35,"key":"DistilledChaos"},{"floor":36,"key":"EntropicBrew"},{"floor":39,"key":"PowerPotion"},{"floor":45,"key":"DistilledChaos"},{"floor":46,"key":"FairyPotion"}],"is_trial":true,"path_per_floor":["M","M","M","WH","WH","E","E","?","T","E","$","R","E","WH","R","B",null,"M","?","WH","$","?","E","R","E","T","E","R","WH","M","M","R_BF","B",null,"M","?","$","WH","E","R","E","E","T","E","M","E","E","E","R","B",null],"character_chosen":"IRONCLAD","items_purchased":["HandDrill","Fire Breathing","PreservedInsect","GamblersBrew","Ancient Potion","Orrery"],"campfire_rested":4,"item_purchase_floors":[11,11,21,21,21,37],"current_hp_per_floor":[80,72,76,76,92,78,57,57,57,42,42,72,64,64,94,83,101,79,79,79,79,79,53,83,72,72,49,79,79,85,79,79,73,91,91,91,91,100,103,103,106,99,99,112,115,118,118,124,124,83],"gold":853,"neow_bonus":"TEN_PERCENT_HP_BONUS","is_daily":false,"chose_seed":false,"campfire_upgraded":6,"win_rate":0.0,"timestamp":1612628506,"path_taken":["M","?","M","WH","WH","E","E","?","T","E","$","R","E","WH","R","BOSS","M","?","WH","$","?","E","R","?","T","E","R","WH","M","?","R_BF","BOSS","M","?","$","WH","?","R","E","E","T","E","M","E","E","E","R","BOSS"],"items_purchased_type":["Relic","Card","Relic","Potion","Potion","Relic"],"build_version":"2020-12-22","purchased_purges":6,"victory":true,"max_hp_per_floor":[80,80,80,80,96,96,96,96,96,101,101,101,101,101,101,101,101,101,101,101,101,101,101,101,101,101,101,101,91,91,91,91,91,91,91,91,91,100,103,103,106,109,109,112,115,118,121,124,124,124],"card_choices":[{"not_picked":["Hemokinesis","Havoc","True Grit"],"picked":"SKIP","floor":1},{"not_picked":["ReplayTheSpireMod:Brewmster","Shrug It Off"],"picked":"Thunderclap","floor":2},{"not_picked":["StuffTheSpire:RockThrow","True Grit"],"picked":"Cleave","floor":3},{"not_picked":["Thinking Ahead","Chrysalis"],"picked":"The Bomb","floor":4},{"not_picked":["StuffTheSpire:TitanForm","Run Through"],"picked":"StuffTheSpire:FreeRealEstate","floor":6},{"not_picked":["Replay:Undeath\u0027s Touch","StuffTheSpire:Incineration"],"picked":"Replay:Sssssssssstrike","floor":7},{"not_picked":["Havoc","ReplayReversal"],"picked":"Double Tap","floor":10},{"not_picked":["Twin Strike","Thunderclap"],"picked":"Iron Wave","floor":13},{"not_picked":["Barricade","Hemogenesis"],"picked":"Bludgeon","floor":16},{"not_picked":["Run Through","Clash"],"picked":"Heavy Blade","floor":18},{"not_picked":["Crow Ritual","ReplayTheSpireMod:Necrogeddon"],"picked":"Transmutation","floor":20},{"not_picked":["Replay:Sssssssssstrike","Specialist"],"picked":"ReplayReversal","floor":23},{"not_picked":["Fire Breathing+1","Metallicize+1"],"picked":"Inflame","floor":25},{"not_picked":["Heavy Blade","Iron Wave"],"picked":"Armaments","floor":27},{"not_picked":["Transmutation","Master of Strategy"],"picked":"Apotheosis","floor":29},{"not_picked":["Bloodletting","ReplayReversal","Thunderclap"],"picked":"SKIP","floor":30},{"not_picked":["Heavy Blade","Body Slam"],"picked":"Twin Strike","floor":31},{"not_picked":["Replay:Sssssssssstrike","Twin Strike"],"picked":"Pommel Strike","floor":35},{"not_picked":["Replay:Sssssssssshield+1","True Grit"],"picked":"Jack Of All Trades","floor":36},{"not_picked":["Sentinel","Headbutt"],"picked":"Armaments+1","floor":36},{"not_picked":["Clash","Hemokinesis+1"],"picked":"Pummel+1","floor":37},{"not_picked":["PanicButton+1","Disarm"],"picked":"Pommel Strike","floor":37},{"not_picked":["Dark Shackles+1","Pommel Strike+1"],"picked":"Thunderclap","floor":37},{"not_picked":["ReplayTheSpireMod:Necrogeddon","Wild Strike"],"picked":"Reckless Charge+1","floor":37},{"not_picked":["Iron Wave+1","StuffTheSpire:Slingshot+1"],"picked":"Anger+1","floor":37},{"not_picked":["StuffTheSpire:Slingshot+1","ReplayUltimateDefense"],"picked":"Whirlwind+1","floor":39},{"not_picked":["Clash","StuffTheSpire:BloodClot+1"],"picked":"Magnetism","floor":41},{"not_picked":["Reaper","Clash"],"picked":"Shockwave+1","floor":42},{"not_picked":["Combust","Clothesline"],"picked":"Cleave","floor":44},{"not_picked":["Wild Strike+1","Specialist","Metallicize"],"picked":"Dark Shackles+1","floor":45},{"not_picked":["Shrug It Off","Blind+1","Dark Embrace+1"],"picked":"Infernal Blade","floor":46},{"not_picked":["StuffTheSpire:Incineration","Juggernaut","Body Slam+1"],"picked":"Dramatic Entrance+1","floor":47},{"not_picked":["Iron Wave","ReplayTheSpireMod:Corrosion Curse","Madness+1"],"picked":"Limit Break","floor":48}],"player_experience":853888,"relics_obtained":[{"floor":6,"key":"Pen Nib"},{"floor":7,"key":"reliquary:FeatherDuster"},{"floor":9,"key":"reliquary:BoilingFlask"},{"floor":10,"key":"Durian"},{"floor":13,"key":"Du-Vu Doll"},{"floor":23,"key":"Mummified Hand"},{"floor":25,"key":"Pocketwatch"},{"floor":26,"key":"Replay:Baseball"},{"floor":27,"key":"ReplayFunnel"},{"floor":32,"key":"Tiny Chest"},{"floor":36,"key":"ReplayTheSpireMod:TigerMarble"},{"floor":39,"key":"Replay:Ringing Soul"},{"floor":41,"key":"reliquary:SilkGlove"},{"floor":42,"key":"StuffTheSpire:RubySignet"},{"floor":43,"key":"Bag of Preparation"},{"floor":44,"key":"Question Card"},{"floor":46,"key":"StuffTheSpire:SapphireSignet"},{"floor":47,"key":"Ice Cream"},{"floor":48,"key":"StoneCalendar"}],"event_choices":[{"damage_healed":0,"gold_gain":0,"player_choice":"Grow","damage_taken":0,"max_hp_gain":0,"max_hp_loss":0,"event_name":"Living Wall","floor":8,"gold_loss":0,"cards_upgraded":["Thunderclap"]},{"damage_healed":0,"gold_gain":0,"player_choice":"Upgraded Two","damage_taken":0,"max_hp_gain":0,"max_hp_loss":0,"event_name":"Designer","floor":22,"gold_loss":40,"cards_upgraded":["Defend_R","Strike_P"]}],"is_beta":false,"boss_relics":[{"not_picked":["infinitespire:Cupcake","reliquary:Craggleroot"],"picked":"reliquary:RedPaperclip"},{"not_picked":["StuffTheSpire:Kangaroo","reliquary:RedCape"],"picked":"Black Blood"}],"items_purged_floors":[11,11,11,11,11,21],"is_endless":false,"potions_floor_spawned":[1,3,18,23,25,31,35,39,45,46,47],"ascension_level":2}}