{"host":"njo8qgvy2a57fcny","time":1612636749,"event":{"mods":["Aspiration","BaseMod","BetterRewards","CCEM2","Colored Map","Colored Powertips","Conspire","Custom Start","Downfall","Energized Spire","GifTheSpireLib","Halation","Hermit","Hubris","Infinite Spire","Jedi Mod","Jorbs\u0027s Wanderer Trilogy","Mimic Mod","Minty Spire (QoL Compilation)","Quick Restart","Random Character Button","Random Character Mod","Rare Cards Sparkle","Relic Sorter","Reliquary","Replay The Spire","Shop Mod","StSLib","Stuff the Spire","The Animator","The Jungle","The Runesmith","The Servant 0.9.4","Unceasing Turn Reminder","thorton"],"gold_per_floor":[99,115,115,115,1,28,55,55,55,55],"floor_reached":8,"language":"ENG","playtime":507,"items_purged":["Regret"],"score":55,"play_id":"3cf8d58f-75c5-45fd-a564-4b6bdf1671b8","local_time":"20210207053909","is_ascension_mode":true,"campfire_choices":[{"floor":1,"key":"RECALL"}],"circlet_count":0,"master_deck":["bronze:Strike","bronze:Strike","bronze:Strike","bronze:Strike","bronze:Defend","bronze:Defend","bronze:Defend","bronze:Defend","bronze:Replicate","bronze:Goto","bronze:FineTuning","bronze:CutThrough","bronze:FineTuning","bronze:Shell"],"relics":["bronze:BronzeCore","StuffTheSpire:RedRose","Blood Vial"],"acts_visited":["Exordium"],"potions_floor_usage":[8],"damage_taken":[{"damage":1,"enemies":"Jaw Worm","floor":2,"turns":4},{"damage":16,"enemies":"downfall:FleeingMerchant","floor":5,"turns":4},{"damage":39,"enemies":"3 Sentries","floor":6,"turns":9},{"damage":44,"enemies":"Lagavulin","floor":8,"turns":10}],"seed_played":"-6700363461472247721","potions_obtained":[{"floor":6,"key":"SkillPotion"}],"is_trial":false,"path_per_floor":["R","M","?","?","$","E","T","E"],"character_chosen":"THE_AUTOMATON","items_purchased":["bronze:FineTuning"],"campfire_rested":0,"item_purchase_floors":[5],"current_hp_per_floor":[77,76,76,81,65,26,26,0,0,0],"gold":55,"neow_bonus":"TEN_PERCENT_HP_BONUS","is_daily":false,"chose_seed":false,"campfire_upgraded":0,"win_rate":0.0,"timestamp":1612636749,"path_taken":["R","M","?","?","?","E","T","E"],"items_purchased_type":["Card"],"build_version":"2020-12-22","purchased_purges":1,"victory":false,"max_hp_per_floor":[77,77,77,82,82,82,82,82,82,82],"card_choices":[{"not_picked":["bronze:Overheat","bronze:CutThrough"],"picked":"bronze:FineTuning","floor":2},{"not_picked":["bronze:ShipIt","bronze:BitShift"],"picked":"bronze:CutThrough","floor":5},{"not_picked":["bronze:BugBarrage","bronze:DelayedSlice"],"picked":"bronze:Shell","floor":6}],"player_experience":797910,"relics_obtained":[{"floor":6,"key":"Blood Vial"}],"event_choices":[{"damage_healed":0,"gold_gain":0,"player_choice":"Donut","damage_taken":0,"max_hp_gain":5,"max_hp_loss":0,"event_name":"Big Fish","floor":4,"gold_loss":0}],"is_beta":false,"boss_relics":[],"items_purged_floors":[5],"is_endless":false,"potions_floor_spawned":[6],"killed_by":"Lagavulin","ascension_level":1}}