{"host":"djoj10dqzzvtkauc","time":1612647195,"event":{"mods":["2.2 Compatiblity","BaseMod","Colored Map","DeckTracker","Highlight Path","Keyboard Shortcuts","Marisa£¨Ùöéë¡¡Øª×âÞÞ£©","Minty Spire (QoL Compilation)","Permanent Neow","Quick Restart","Random Character Button","StSLib","SuperFastMode","everything is the same but u backflip on backflip"],"gold_per_floor":[109,109,34,52,62,62,77,96,168,178,178,78,91,106,106,203,203,222,321,336,348,288,288,320,330,330,330,342,342,359,359,359,359,359],"floor_reached":33,"language":"KOR","playtime":1051,"items_purged":["Strike_G","Strike_G"],"score":354,"play_id":"81bd2759-5db3-4107-b6ab-70b668342122","local_time":"20210207063315","is_ascension_mode":true,"campfire_choices":[{"data":"Grand Finale","floor":6.0,"key":"SMITH"},{"data":"Bane","floor":11.0,"key":"SMITH"},{"data":"Crippling Poison","floor":15.0,"key":"SMITH"},{"data":"Bouncing Flask","floor":23.0,"key":"SMITH"},{"floor":27.0,"key":"REST"},{"floor":29.0,"key":"REST"},{"floor":32.0,"key":"REST"}],"circlet_count":0,"master_deck":["Strike_G","Strike_G","Strike_G","Defend_G","Defend_G","Defend_G","Survivor","Neutralize","Grand Finale+1","Slice","Poisoned Stab","Crippling Poison+1","Bane+1","Dagger Throw","Crippling Poison","Corpse Explosion","CurseOfTheBell","Catalyst","Bouncing Flask+1","Burst","Burst","Backflip+1","Leg Sweep+1","Blur+1"],"relics":["Ring of the Snake","Frozen Egg 2","Pear","Calling Bell","Omamori","Eternal Feather","Lizard Tail","Strawberry","Toxic Egg 2","Enchiridion"],"acts_visited":["Exordium","TheCity"],"potions_floor_usage":[33,33],"damage_taken":[{"damage":3.0,"enemies":"Cultist","floor":1.0,"turns":4.0},{"damage":2.0,"enemies":"Jaw Worm","floor":4.0,"turns":5.0},{"damage":4.0,"enemies":"Small Slimes","floor":5.0,"turns":4.0},{"damage":10.0,"enemies":"Gremlin Gang","floor":7.0,"turns":4.0},{"damage":0.0,"enemies":"Large Slime","floor":8.0,"turns":6.0},{"damage":3.0,"enemies":"Looter","floor":10.0,"turns":3.0},{"damage":5.0,"enemies":"2 Fungi Beasts","floor":13.0,"turns":4.0},{"damage":2.0,"enemies":"Exordium Wildlife","floor":14.0,"turns":4.0},{"damage":14.0,"enemies":"Hexaghost","floor":16.0,"turns":9.0},{"damage":11.0,"enemies":"3 Byrds","floor":18.0,"turns":4.0},{"damage":26.0,"enemies":"Shell Parasite","floor":20.0,"turns":5.0},{"damage":48.0,"enemies":"Centurion and Healer","floor":21.0,"turns":7.0},{"damage":37.0,"enemies":"Book of Stabbing","floor":24.0,"turns":6.0},{"damage":8.0,"enemies":"3 Cultists","floor":25.0,"turns":3.0},{"damage":12.0,"enemies":"Snake Plant","floor":28.0,"turns":4.0},{"damage":8.0,"enemies":"Cultist and Chosen","floor":30.0,"turns":3.0},{"damage":94,"enemies":"Champ","floor":33,"turns":12}],"seed_played":"9162574732981923565","potions_obtained":[{"floor":4.0,"key":"Poison Potion"},{"floor":7.0,"key":"CultistPotion"},{"floor":8.0,"key":"SneckoOil"},{"floor":16.0,"key":"Explosive Potion"},{"floor":18.0,"key":"Dexterity Potion"},{"floor":28.0,"key":"ColorlessPotion"},{"floor":30.0,"key":"Block Potion"}],"is_trial":false,"path_per_floor":["M","T","$","M","M","R","M","M","T","M","R","$","M","M","R","B",null,"M","?","M","M","?","R","E","M","T","R","M","R","M","?","R","B"],"character_chosen":"THE_SILENT","items_purchased":[],"campfire_rested":3,"item_purchase_floors":[],"current_hp_per_floor":[67,67,67,65,61,61,51,51,61,58,58,58,53,51,51,37,69,58,58,32,30,30,42,12,4,4,42,30,68,60,44,82,0,0],"gold":359,"neow_bonus":"ONE_RANDOM_RARE_CARD","is_daily":false,"chose_seed":false,"campfire_upgraded":4,"win_rate":0.0,"timestamp":1612647195,"path_taken":["M","?","$","M","M","R","M","M","T","?","R","$","M","M","R","BOSS","M","?","M","M","?","R","E","?","T","R","M","R","M","?","R","BOSS"],"items_purchased_type":[],"build_version":"2020-12-22","purchased_purges":2,"victory":false,"max_hp_per_floor":[70,70,70,70,70,70,70,70,80,80,80,80,80,80,80,80,80,80,80,80,80,80,80,87,87,87,87,87,87,87,87,87,87,87],"card_choices":[{"not_picked":["Bane","Deadly Poison"],"picked":"Slice","floor":1.0},{"not_picked":["Catalyst","Deadly Poison","Dash"],"picked":"SKIP","floor":4.0},{"not_picked":["Dodge and Roll","Blade Dance"],"picked":"Poisoned Stab","floor":5.0},{"not_picked":["Sucker Punch","Masterful Stab","Bane"],"picked":"SKIP","floor":7.0},{"not_picked":["Sucker Punch","Escape Plan"],"picked":"Crippling Poison","floor":8.0},{"not_picked":["A Thousand Cuts+1","Cloak And Dagger"],"picked":"Bane","floor":10.0},{"not_picked":["Blade Dance","Infinite Blades+1"],"picked":"Dagger Throw","floor":13.0},{"not_picked":["Flying Knee","Night Terror"],"picked":"Crippling Poison","floor":14.0},{"not_picked":["Bullet Time","Doppelganger"],"picked":"Corpse Explosion","floor":16.0},{"not_picked":["Endless Agony","Flying Knee"],"picked":"Catalyst","floor":18.0},{"not_picked":["Dagger Spray","Caltrops+1","Sucker Punch"],"picked":"SKIP","floor":20.0},{"not_picked":["Riddle With Holes","Dagger Spray","Infinite Blades+1"],"picked":"SKIP","floor":21.0},{"not_picked":["Predator","Sucker Punch"],"picked":"Burst","floor":24.0},{"not_picked":["Finisher+1","Deflect"],"picked":"Backflip+1","floor":25.0},{"not_picked":["Dagger Spray+1","Acrobatics+1"],"picked":"Leg Sweep+1","floor":28.0},{"not_picked":["Poisoned Stab","Cloak And Dagger+1"],"picked":"Blur+1","floor":30.0}],"player_experience":179042,"relics_obtained":[{"floor":2.0,"key":"Frozen Egg 2"},{"floor":9.0,"key":"Pear"},{"floor":17.0,"key":"Omamori"},{"floor":17.0,"key":"Eternal Feather"},{"floor":17.0,"key":"Lizard Tail"},{"floor":24.0,"key":"Strawberry"},{"floor":26.0,"key":"Toxic Egg 2"},{"floor":31.0,"key":"Enchiridion"}],"event_choices":[{"damage_healed":0.0,"max_hp_gain":0.0,"max_hp_loss":0.0,"gold_gain":99.0,"event_name":"Nest","player_choice":"Stole From Cult","floor":19.0,"gold_loss":0.0,"damage_taken":0.0},{"damage_healed":0.0,"max_hp_gain":0.0,"max_hp_loss":0.0,"gold_gain":0.0,"cards_transformed":["Defend_G","Defend_G"],"event_name":"Designer","player_choice":"Transformed Cards","floor":22.0,"gold_loss":60.0,"damage_taken":0.0,"cards_obtained":["Bouncing Flask","Burst"]},{"damage_healed":0.0,"max_hp_gain":0.0,"max_hp_loss":0.0,"gold_gain":0.0,"event_name":"Cursed Tome","player_choice":"Obtained Book","floor":31.0,"gold_loss":0.0,"damage_taken":16.0}],"is_beta":false,"boss_relics":[{"not_picked":["Ring of the Serpent","Coffee Dripper"],"picked":"Calling Bell"}],"items_purged_floors":[3,12],"is_endless":false,"potions_floor_spawned":[4,7,8,16,18,20,28,30],"killed_by":"Champ","ascension_level":5}}