{"host":"flk9eme3n59cnu2c","time":1612572859,"event":{"mods":["A Penny For Your Troubles","AchievementEnabler","BaseMod","Better-Laid Plans","Block Reminder","Colored Map","Googly Eyes","Minty Spire (QoL Compilation)","RNG Fix","Rare Cards Sparkle","Relic Stats","Reorder Act Four","Slay-I","StSLib","Weighted Paths"],"gold_per_floor":[113,123,123,44,44,75,75,113,137,137,178,199,218,177,177,273,273,294,129,129,144,160,160,176,176,225,225,225,225],"floor_reached":28,"language":"ENG","playtime":947,"items_purged":["Strike_G"],"score":509,"play_id":"815a3d99-800e-4f2a-b5e8-20a1f13b6135","local_time":"20210205185419","is_ascension_mode":true,"campfire_choices":[{"data":"Neutralize","floor":7,"key":"SMITH"},{"floor":10,"key":"REST"},{"floor":15,"key":"REST"},{"data":"Catalyst","floor":23,"key":"SMITH"},{"data":"Burst","floor":25,"key":"SMITH"}],"circlet_count":0,"master_deck":["AscendersBane","Strike_G","Strike_G","Strike_G","Defend_G","Defend_G","Defend_G","Defend_G","Defend_G","Survivor","Neutralize+1","Dodge and Roll","Well Laid Plans","Noxious Fumes+1","Catalyst+1","Escape Plan","Burst+1","Footwork","Bouncing Flask"],"relics":["Ring of the Snake","NeowsBlessing","Golden Idol","TungstenRod","PreservedInsect","Bronze Scales","Toy Ornithopter","Sozu","Juzu Bracelet"],"acts_visited":["Exordium","TheCity"],"potions_floor_usage":[13,16,18],"damage_taken":[{"damage":0,"enemies":"Jaw Worm","floor":1,"turns":1},{"damage":0,"enemies":"2 Louse","floor":2,"turns":1},{"damage":0,"enemies":"Lagavulin","floor":6,"turns":2},{"damage":44,"enemies":"Gremlin Nob","floor":8,"turns":6},{"damage":19,"enemies":"Lagavulin","floor":11,"turns":7},{"damage":0,"enemies":"Cultist","floor":12,"turns":4},{"damage":17,"enemies":"Exordium Wildlife","floor":13,"turns":4},{"damage":24,"enemies":"Hexaghost","floor":16,"turns":10},{"damage":5,"enemies":"Shell Parasite","floor":18,"turns":6},{"damage":0,"enemies":"3 Byrds","floor":21,"turns":3},{"damage":6,"enemies":"Centurion and Healer","floor":22,"turns":9},{"damage":13,"enemies":"Snake Plant","floor":24,"turns":5},{"damage":17,"enemies":"Colosseum Slavers","floor":27,"turns":5},{"damage":5,"enemies":"Cultist and Chosen","floor":28,"turns":4}],"seed_played":"-1680783418106933791","potions_obtained":[{"floor":11,"key":"FearPotion"},{"floor":13,"key":"SpeedPotion"},{"floor":16,"key":"SneckoOil"}],"is_trial":false,"path_per_floor":["M","M","?","$","?","E","R","E","T","R","E","M","M","?","R","B",null,"M","$","?","M","M","R","M","R","T","?","M"],"character_chosen":"THE_SILENT","items_purchased":["Noxious Fumes","Footwork"],"campfire_rested":2,"item_purchase_floors":[4,19],"current_hp_per_floor":[59,59,59,59,59,59,59,15,15,33,14,14,2,2,20,1,45,45,45,45,45,39,39,26,26,26,9,4,4],"gold":225,"neow_bonus":"THREE_ENEMY_KILL","is_daily":false,"chose_seed":false,"campfire_upgraded":3,"win_rate":0.0,"timestamp":1612572859,"path_taken":["M","M","?","$","?","E","R","E","T","R","E","M","M","?","R","BOSS","M","$","?","?","M","R","M","R","T","?","M"],"items_purchased_type":["Card","Card"],"build_version":"2020-12-22","purchased_purges":1,"victory":false,"max_hp_per_floor":[66,66,60,60,60,60,60,60,60,60,60,60,60,60,60,60,60,60,60,60,60,60,60,60,60,60,60,60,60],"relic_stats":{"Sozu":2,"counters":[14,67],"Golden Idol":62,"Bronze Scales":[248],"PreservedInsect":29,"Juzu Bracelet":0,"obtain_stats":[{"Sozu":17,"NeowsBlessing":0,"Golden Idol":3,"Bronze Scales":9,"PreservedInsect":8,"Juzu Bracelet":26,"TungstenRod":6,"Toy Ornithopter":11,"Ring of the Snake":0},{"Sozu":8,"NeowsBlessing":0,"Golden Idol":2,"Bronze Scales":4,"PreservedInsect":4,"Juzu Bracelet":12,"TungstenRod":3,"Toy Ornithopter":5,"Ring of the Snake":0},{"Sozu":35,"NeowsBlessing":0,"Golden Idol":2,"Bronze Scales":10,"PreservedInsect":10,"Juzu Bracelet":58,"TungstenRod":4,"Toy Ornithopter":17,"Ring of the Snake":0}],"TungstenRod":28,"Toy Ornithopter":15,"Ring of the Snake":[28]},"card_choices":[{"not_picked":["Masterful Stab","Sucker Punch"],"picked":"Dodge and Roll","floor":1},{"not_picked":["Underhanded Strike","Masterful Stab"],"picked":"Well Laid Plans","floor":2},{"not_picked":["Expertise","Backstab","Infinite Blades"],"picked":"SKIP","floor":6},{"not_picked":["Acrobatics","Deadly Poison"],"picked":"Catalyst","floor":8},{"not_picked":["Slice","Predator","Cloak And Dagger"],"picked":"SKIP","floor":11},{"not_picked":["PiercingWail","Dagger Spray"],"picked":"Escape Plan","floor":12},{"not_picked":["Infinite Blades","Accuracy","Bullet Time"],"picked":"SKIP","floor":13},{"not_picked":["Tools of the Trade","Phantasmal Killer"],"picked":"Burst","floor":16},{"not_picked":["Underhanded Strike","Slice","Quick Slash+1"],"picked":"SKIP","floor":18},{"not_picked":["Dodge and Roll","Prepared","Bane"],"picked":"SKIP","floor":21},{"not_picked":["Footwork","Masterful Stab"],"picked":"Bouncing Flask","floor":22},{"not_picked":["Dagger Throw","Flying Knee","Poisoned Stab"],"picked":"SKIP","floor":24}],"player_experience":921138,"relics_obtained":[{"floor":6,"key":"TungstenRod"},{"floor":8,"key":"PreservedInsect"},{"floor":9,"key":"Bronze Scales"},{"floor":11,"key":"Toy Ornithopter"},{"floor":26,"key":"Juzu Bracelet"}],"event_choices":[{"damage_healed":0,"gold_gain":0,"player_choice":"Lose Max HP","damage_taken":0,"relics_obtained":["Golden Idol"],"max_hp_gain":0,"max_hp_loss":6,"event_name":"Golden Idol","floor":3,"gold_loss":0},{"damage_healed":0,"gold_gain":0,"player_choice":"Grow","damage_taken":0,"max_hp_gain":0,"max_hp_loss":0,"event_name":"Living Wall","floor":5,"gold_loss":0,"cards_upgraded":["Noxious Fumes"]},{"damage_healed":0,"gold_gain":0,"player_choice":"Left Gold","damage_taken":0,"max_hp_gain":0,"max_hp_loss":0,"event_name":"World of Goop","floor":14,"gold_loss":41},{"cards_removed":["Strike_G"],"damage_healed":0,"gold_gain":0,"player_choice":"Offered Basic","damage_taken":0,"max_hp_gain":0,"max_hp_loss":0,"event_name":"Bonfire Elementals","floor":20,"gold_loss":0},{"damage_healed":0,"gold_gain":0,"player_choice":"Fight","damage_taken":0,"max_hp_gain":0,"max_hp_loss":0,"event_name":"Colosseum","floor":27,"gold_loss":0},{"damage_healed":0,"gold_gain":0,"player_choice":"Fled From Nobs","damage_taken":0,"max_hp_gain":0,"max_hp_loss":0,"event_name":"Colosseum","floor":27,"gold_loss":0}],"is_beta":false,"boss_relics":[{"not_picked":["Black Star","Snecko Eye"],"picked":"Sozu"}],"items_purged_floors":[19],"is_endless":false,"potions_floor_spawned":[11,12,13,16,18,24],"killed_by":"Cultist and Chosen","ascension_level":19}}