{"host":"dn2xyj3kd3d9cfyb","time":1612590517,"event":{"mods":["BaseMod","Colored Powertips","Downfall","Hubris","Marisa£®ÏF”Í°°ƒß¿Ì…≥£©","Minty Spire (QoL Compilation)","Remilia£®¿Ÿ√◊¿Ú—«£©","Replay The Spire","Shop Mod","StSLib","The Animator","The Construct","The Cursed","The Mystic","Youmu£®ªÍ∆«—˝√Œ£©","Yuri Mod","Yuyuko"],"gold_per_floor":[269,42,75,75,101,144,144,176,201,95,123,123,159,182,182,311,311,331,331,331,75,96,96,119,124,124],"floor_reached":25,"language":"ZHS","playtime":6891,"items_purged":["animator:Strike","Clumsy","animator:Witch"],"score":222,"play_id":"343e38cb-7bdb-4923-b06f-d047c456ec04","local_time":"20210206134837","is_ascension_mode":true,"campfire_choices":[{"floor":7,"key":"REST"},{"data":"animator:MumenRider","floor":15,"key":"SMITH"},{"data":"animator:ItamiYouji","floor":23,"key":"SMITH"}],"circlet_count":0,"master_deck":["animator:Strike_Kancolle","animator:Strike","animator:Defend","animator:Defend","animator:Shimakaze","animator:SuzuneAmano","animator:Shizu","animator:UneriGinkaku","animator:ItamiYouji+1","animator:IzunaHatsuse","animator:Witch","animator:MumenRider+1","animator:Kyubey","animator:Shizu","animator:HinaKagiyama"],"relics":["animator:LivingPicture","animator:TheMissingPiece","animator:PurgingStone","Medical Kit","Golden Idol","CloakClasp","ReplayTheSpireMod:CursedCoin","BargainBundle","ReplayTheSpireMod:TigerMarble","Replay:Ancient Bell","Replay:Wax Seal","Pantograph","TungstenRod","hubris:MysteriousPyramids"],"acts_visited":["Exordium","TheCity"],"potions_floor_usage":[13,16,16],"damage_taken":[{"damage":4,"enemies":"Jaw Worm","floor":1,"turns":6},{"damage":2,"enemies":"Small Slimes","floor":5,"turns":3},{"damage":32,"enemies":"3 Sentries","floor":6,"turns":10},{"damage":5,"enemies":"2 Louse","floor":8,"turns":3},{"damage":6,"enemies":"Blue Slaver","floor":11,"turns":3},{"damage":9,"enemies":"Lagavulin","floor":13,"turns":8},{"damage":0,"enemies":"Gremlin Gang","floor":14,"turns":4},{"damage":12,"enemies":"The Guardian","floor":16,"turns":11},{"damage":8,"enemies":"3 Byrds","floor":18,"turns":5},{"damage":12,"enemies":"2 Thieves","floor":22,"turns":4},{"damage":16,"enemies":"3 Cultists","floor":24,"turns":6},{"damage":34,"enemies":"Gremlin Leader","floor":25,"turns":6}],"seed_played":"8838090761315379765","potions_obtained":[{"floor":8,"key":"Weak Potion"},{"floor":13,"key":"Elixir"},{"floor":16,"key":"ColorlessPotion"},{"floor":22,"key":"LiquidBronze"}],"is_trial":false,"path_per_floor":["M","$","?","?","M","E","R","M","T","$","M","$","E","M","R","B",null,"M","?","?","$","M","R","M","E"],"character_chosen":"THE_ANIMATOR","items_purchased":["Medical Kit","ReplayTheSpireMod:CursedCoin","animator:ItamiYouji","BargainBundle","Fire Potion","Explosive Potion","ColorlessPotion","animator:IzunaHatsuse","animator:Witch","hubris:MysteriousPyramids"],"campfire_rested":1,"item_purchase_floors":[2,10,10,12,12,12,12,12,12,21],"current_hp_per_floor":[56,56,56,41,39,7,25,20,20,20,14,14,13,17,17,9,60,52,52,52,52,40,40,24,0,0],"gold":124,"neow_bonus":"REMOVE_TWO","is_daily":false,"chose_seed":false,"campfire_upgraded":2,"win_rate":0.0,"timestamp":1612590517,"path_taken":["M","$","?","?","M","E","R","M","T","?","?","$","E","M","R","BOSS","M","?","?","$","?","R","M","E"],"items_purchased_type":["Relic","Relic","Card","Relic","Potion","Potion","Potion","Card","Card","Relic"],"build_version":"2020-12-22","purchased_purges":3,"victory":false,"max_hp_per_floor":[60,60,60,60,60,60,60,60,60,60,60,60,60,60,60,60,60,60,60,60,60,60,60,60,60,60],"card_choices":[{"not_picked":["animator:Priestess","animator:LeleiLaLalena"],"picked":"animator:SuzuneAmano","floor":1},{"not_picked":["animator:DwarfShaman","animator:Demiurge","animator:ChaikaBohdan"],"picked":"SKIP","floor":5},{"not_picked":["animator:RoryMercury","animator:Sebas"],"picked":"animator:Shizu","floor":6},{"not_picked":["animator:Hitei","animator:ZankiKiguchi"],"picked":"animator:UneriGinkaku","floor":8},{"not_picked":["animator:LeleiLaLalena","animator:ZankiKiguchi","animator:GuildGirl"],"picked":"SKIP","floor":11},{"not_picked":["animator:Demiurge","animator:ZankiKiguchi","animator:Vesta"],"picked":"SKIP","floor":13},{"not_picked":["animator:KrulTepes","animator:Shion"],"picked":"animator:MumenRider","floor":14},{"not_picked":["animator:Guren","animator:HigakiRinne"],"picked":"animator:Kyubey","floor":16},{"not_picked":["Delirium","Voices"],"picked":"Decay","floor":17},{"not_picked":["Overencumbered","Pain"],"picked":"TheCursedMod:Dregs","floor":17},{"not_picked":["hubris:Gluttony","Replay:Sluggish"],"picked":"Writhe","floor":17},{"not_picked":["animator:Millim","animator:Shuna"],"picked":"animator:Shizu","floor":18},{"not_picked":["animator:Vesta+1","animator:Emonzaemon+1","animator:PandorasActor"],"picked":"SKIP","floor":22},{"not_picked":["animator:Arpeggio","animator:Shinoa","animator:Millim"],"picked":"SKIP","floor":24}],"player_experience":627656,"relics_obtained":[{"floor":6,"key":"CloakClasp"},{"floor":13,"key":"ReplayTheSpireMod:TigerMarble"}],"event_choices":[{"damage_healed":0,"gold_gain":0,"player_choice":"Take Damage","damage_taken":15,"relics_obtained":["Golden Idol"],"max_hp_gain":0,"max_hp_loss":0,"event_name":"Golden Idol","floor":4,"gold_loss":0},{"cards_removed":["animator:Curse_Dizziness","Writhe","TheCursedMod:Dregs","Decay"],"damage_healed":0,"gold_gain":0,"player_choice":"Removed Curses","damage_taken":0,"max_hp_gain":0,"max_hp_loss":0,"event_name":"Fountain of Cleansing","floor":20,"gold_loss":0}],"is_beta":false,"boss_relics":[{"not_picked":["Fusion Hammer","hubris:BlackHole"],"picked":"Replay:Ancient Bell"},{"not_picked":["Art of War","Regal Pillow"],"picked":"Replay:Wax Seal"},{"not_picked":["hubris:PeanutButter","hubris:BottledRain"],"picked":"Pantograph"},{"not_picked":["animator:HeavyHalberd","hubris:Teleporter"],"picked":"TungstenRod"}],"items_purged_floors":[2,10,12],"is_endless":false,"potions_floor_spawned":[8,13,16,22],"killed_by":"Gremlin Leader","ascension_level":1}}