{"host":"04hh9gplt9wkfmr1","time":1612597690,"event":{"mods":["AchievementEnabler","BaseMod","Colored Map","KOR Keyword Fix","Minty Spire (QoL Compilation)","Rare Cards Sparkle","SuperFastMode"],"gold_per_floor":[13,28,46,63,80,113,113,130,130,157,171,182,214,239,239,343,343,362,362,381,291,566,566,600,600,600,600,600],"floor_reached":27,"language":"KOR","playtime":1019,"items_purged":[],"score":458,"play_id":"3c8ebb6a-54e8-42fd-b850-c6d3755263d8","local_time":"20210206164810","is_ascension_mode":true,"campfire_choices":[{"data":"Zap","floor":7.0,"key":"SMITH"},{"floor":15.0,"key":"REST"},{"data":"Genetic Algorithm","floor":23.0,"key":"SMITH"}],"circlet_count":0,"master_deck":["AscendersBane","Strike_B","Strike_B","Defend_B","Defend_B","Defend_B","Defend_B","Zap+1","Dualcast","All For One","Fission","Streamline","Gash","Go for the Eyes","Steam","Sunder","Rebound","Gash","Seek","Beam Cell","Seek","Genetic Algorithm+1","Reinforced Body","Echo Form+1","Go for the Eyes","Beam Cell","Creative AI","Decay"],"relics":["FrozenCore","Juzu Bracelet","PreservedInsect","Du-Vu Doll","Dream Catcher","Odd Mushroom","Shuriken","Art of War","FossilizedHelix"],"acts_visited":["Exordium","TheCity"],"potions_floor_usage":[27],"damage_taken":[{"damage":7.0,"enemies":"Small Slimes","floor":1.0,"turns":3.0},{"damage":2.0,"enemies":"Jaw Worm","floor":2.0,"turns":3.0},{"damage":0.0,"enemies":"Cultist","floor":3.0,"turns":4.0},{"damage":13.0,"enemies":"Gremlin Gang","floor":4.0,"turns":4.0},{"damage":1.0,"enemies":"Exordium Thugs","floor":5.0,"turns":4.0},{"damage":15.0,"enemies":"Lagavulin","floor":6.0,"turns":5.0},{"damage":0.0,"enemies":"Lots of Slimes","floor":8.0,"turns":2.0},{"damage":0.0,"enemies":"3 Sentries","floor":10.0,"turns":4.0},{"damage":4.0,"enemies":"2 Fungi Beasts","floor":11.0,"turns":2.0},{"damage":9.0,"enemies":"3 Louse","floor":12.0,"turns":2.0},{"damage":0.0,"enemies":"Gremlin Nob","floor":13.0,"turns":2.0},{"damage":7.0,"enemies":"The Mushroom Lair","floor":14.0,"turns":3.0},{"damage":9.0,"enemies":"Hexaghost","floor":16.0,"turns":7.0},{"damage":16.0,"enemies":"2 Thieves","floor":18.0,"turns":5.0},{"damage":1.0,"enemies":"Spheric Guardian","floor":20.0,"turns":4.0},{"damage":32.0,"enemies":"Gremlin Leader","floor":24.0,"turns":6.0},{"damage":17,"enemies":"Book of Stabbing","floor":27,"turns":4}],"seed_played":"-4440628804204392867","potions_obtained":[{"floor":2.0,"key":"Fire Potion"},{"floor":4.0,"key":"LiquidMemories"},{"floor":6.0,"key":"Swift Potion"},{"floor":12.0,"key":"ColorlessPotion"},{"floor":20.0,"key":"PotionOfCapacity"}],"is_trial":false,"path_per_floor":["M","M","M","M","M","E","R","M","T","E","M","M","E","?","R","B",null,"M","?","M","?","?","R","E","?","T","E"],"character_chosen":"DEFECT","items_purchased":[],"campfire_rested":1,"item_purchase_floors":[],"current_hp_per_floor":[61,59,59,46,45,30,30,30,30,30,26,17,17,10,32,23,62,46,46,45,45,45,45,13,13,13,0,0],"gold":600,"neow_bonus":"TRANSFORM_TWO_CARDS","is_daily":false,"chose_seed":false,"campfire_upgraded":2,"win_rate":0.0,"timestamp":1612597690,"path_taken":["M","M","M","M","M","E","R","M","T","E","M","M","E","?","R","BOSS","M","?","M","?","?","R","E","?","T","E"],"items_purchased_type":[],"build_version":"2020-12-22","purchased_purges":0,"victory":false,"max_hp_per_floor":[75,75,75,75,75,75,75,75,75,75,75,75,75,75,75,75,75,75,75,75,75,75,75,75,75,75,75,75],"card_choices":[{"not_picked":["Rebound","Cold Snap"],"picked":"Streamline","floor":1.0},{"not_picked":["Aggregate","Cold Snap"],"picked":"Gash","floor":2.0},{"not_picked":["Beam Cell","Consume"],"picked":"Go for the Eyes","floor":3.0},{"not_picked":["Compile Driver","Beam Cell"],"picked":"Steam","floor":4.0},{"not_picked":["Doom and Gloom","Turbo"],"picked":"Sunder","floor":5.0},{"not_picked":["Rip and Tear","Double Energy"],"picked":"Rebound","floor":6.0},{"not_picked":["Storm","Reinforced Body"],"picked":"Gash","floor":8.0},{"not_picked":["FTL","Heatsinks"],"picked":"Seek","floor":10.0},{"not_picked":["Barrage","Chaos","Darkness"],"picked":"SKIP","floor":11.0},{"not_picked":["Coolheaded","Auto Shields"],"picked":"Beam Cell","floor":12.0},{"not_picked":["Steam","Hologram"],"picked":"Seek","floor":13.0},{"not_picked":["Melter","Hologram"],"picked":"Genetic Algorithm","floor":14.0},{"not_picked":["Stack","Lockon"],"picked":"Reinforced Body","floor":15.0},{"not_picked":["Reboot","Creative AI"],"picked":"Echo Form","floor":16.0},{"not_picked":["Compile Driver","Stack"],"picked":"Go for the Eyes","floor":18.0},{"not_picked":["Recycle+1","Leap+1"],"picked":"Beam Cell","floor":20.0},{"not_picked":["Conserve Battery","Sweeping Beam+1"],"picked":"Creative AI","floor":24.0}],"player_experience":131399,"relics_obtained":[{"floor":6.0,"key":"Juzu Bracelet"},{"floor":9.0,"key":"PreservedInsect"},{"floor":10.0,"key":"Du-Vu Doll"},{"floor":13.0,"key":"Dream Catcher"},{"floor":14.0,"key":"Odd Mushroom"},{"floor":24.0,"key":"Art of War"},{"floor":26.0,"key":"FossilizedHelix"}],"event_choices":[{"damage_healed":0.0,"max_hp_gain":0.0,"max_hp_loss":0.0,"gold_gain":0.0,"event_name":"Mushrooms","player_choice":"Fought Mushrooms","floor":14.0,"gold_loss":0.0,"damage_taken":0.0},{"damage_healed":0.0,"max_hp_gain":0.0,"max_hp_loss":0.0,"gold_gain":0.0,"event_name":"The Mausoleum","player_choice":"Opened","floor":19.0,"gold_loss":0.0,"damage_taken":0.0,"relics_obtained":["Shuriken"],"cards_obtained":["Writhe"]},{"cards_removed":["Writhe"],"damage_healed":0.0,"max_hp_gain":0.0,"max_hp_loss":0.0,"gold_gain":0.0,"event_name":"Designer","player_choice":"Upgrade and Remove","floor":21.0,"gold_loss":90.0,"damage_taken":0.0,"cards_upgraded":["Echo Form"]},{"damage_healed":0.0,"max_hp_gain":0.0,"max_hp_loss":0.0,"gold_gain":275.0,"event_name":"Golden Shrine","player_choice":"Desecrate","floor":22.0,"gold_loss":0.0,"damage_taken":0.0,"cards_obtained":["Regret"]},{"damage_healed":0.0,"max_hp_gain":0.0,"max_hp_loss":0.0,"gold_gain":0.0,"cards_transformed":["Regret"],"event_name":"Transmorgrifier","player_choice":"Transformed","floor":25.0,"gold_loss":0.0,"damage_taken":0.0,"cards_obtained":["Decay"]}],"is_beta":false,"boss_relics":[{"not_picked":["Velvet Choker","Snecko Eye"],"picked":"FrozenCore"}],"items_purged_floors":[],"is_endless":false,"potions_floor_spawned":[2,4,6,12,20],"killed_by":"Book of Stabbing","ascension_level":10}}