{"host":"la6t950uoatqs0xt","time":1612610537,"event":{"mods":["AchievementEnabler","BaseMod","Colored Powertips","Minty Spire (QoL Compilation)","Quick Restart","Rare Cards Sparkle"],"gold_per_floor":[116,130,142,157,170,170,200,200,200,220,220,234,234,249,249,349,349,362,59,73,93,93,93,93],"floor_reached":23,"language":"ENG","playtime":934,"items_purged":["Defend_P"],"score":197,"play_id":"00cc9138-836c-4f40-8264-9352962bd9d8","local_time":"20210206062217","is_ascension_mode":false,"campfire_choices":[{"data":"Prostrate","floor":6,"key":"SMITH"},{"floor":8,"key":"REST"},{"floor":11,"key":"REST"},{"floor":15,"key":"REST"}],"circlet_count":0,"master_deck":["Strike_P","Strike_P","Strike_P","Strike_P","Defend_P","Defend_P","Defend_P","Eruption","Vigilance","Protect","CarveReality","JustLucky","CarveReality","Pray","Prostrate+1","JustLucky","Weave+1","FlurryOfBlows+1","Prostrate","Ragnarok+1","Prostrate","Tantrum+1","Nirvana","SandsOfTime+1"],"relics":["PureWater","Kunai","Molten Egg 2","Tiny Chest","SacredBark","Anchor"],"acts_visited":["Exordium","TheCity"],"potions_floor_usage":[5,7,16,16,23],"damage_taken":[{"damage":2,"enemies":"Small Slimes","floor":1,"turns":4},{"damage":0,"enemies":"Jaw Worm","floor":2,"turns":3},{"damage":0,"enemies":"2 Louse","floor":3,"turns":3},{"damage":5,"enemies":"Red Slaver","floor":4,"turns":4},{"damage":0,"enemies":"Gremlin Gang","floor":5,"turns":1},{"damage":39,"enemies":"Gremlin Nob","floor":7,"turns":5},{"damage":3,"enemies":"Looter","floor":10,"turns":4},{"damage":9,"enemies":"3 Louse","floor":12,"turns":4},{"damage":7,"enemies":"Exordium Wildlife","floor":14,"turns":3},{"damage":17,"enemies":"Hexaghost","floor":16,"turns":6},{"damage":7,"enemies":"3 Byrds","floor":18,"turns":5},{"damage":0,"enemies":"Spheric Guardian","floor":20,"turns":1},{"damage":38,"enemies":"Snake Plant","floor":21,"turns":9},{"damage":51,"enemies":"Book of Stabbing","floor":23,"turns":7}],"seed_played":"8701967378685254567","potions_obtained":[{"floor":2,"key":"LiquidBronze"},{"floor":3,"key":"Explosive Potion"},{"floor":7,"key":"BlessingOfTheForge"},{"floor":12,"key":"CultistPotion"},{"floor":20,"key":"ColorlessPotion"}],"is_trial":false,"path_per_floor":["M","M","M","M","M","R","E","R","T","M","R","M","?","M","R","B",null,"M","$","M","M","?","E"],"character_chosen":"WATCHER","items_purchased":["Tantrum+1","Anchor"],"campfire_rested":3,"item_purchase_floors":[19,19],"current_hp_per_floor":[70,70,70,65,65,65,26,47,47,44,65,56,56,49,70,53,72,65,65,65,27,51,0,0],"gold":93,"neow_bonus":"THREE_CARDS","is_daily":false,"chose_seed":false,"campfire_upgraded":1,"win_rate":0.0,"timestamp":1612610537,"path_taken":["M","M","M","M","M","R","E","R","T","M","R","M","?","M","R","BOSS","M","$","M","M","?","E"],"items_purchased_type":["Card","Relic"],"build_version":"2020-12-22","purchased_purges":1,"victory":false,"max_hp_per_floor":[72,72,72,72,72,72,72,72,72,72,72,72,72,72,72,72,72,72,72,72,72,72,72,72],"card_choices":[{"not_picked":["Wallop","EmptyFist"],"picked":"Protect","floor":0},{"not_picked":["BowlingBash","FlyingSleeves"],"picked":"CarveReality","floor":1},{"not_picked":["Indignation","Vengeance"],"picked":"JustLucky","floor":2},{"not_picked":["WheelKick","DeceiveReality"],"picked":"CarveReality","floor":3},{"not_picked":["Worship","SignatureMove"],"picked":"Pray","floor":4},{"not_picked":["EmptyBody","FlyingSleeves"],"picked":"Prostrate","floor":5},{"not_picked":["DeceiveReality","Adaptation"],"picked":"JustLucky","floor":7},{"not_picked":["WindmillStrike+1","WreathOfFlame"],"picked":"Weave+1","floor":10},{"not_picked":["CrushJoints+1","EmptyFist+1"],"picked":"FlurryOfBlows+1","floor":12},{"not_picked":["CrushJoints+1","SashWhip+1"],"picked":"Prostrate","floor":14},{"not_picked":["DevaForm","ConjureBlade"],"picked":"Ragnarok+1","floor":16},{"not_picked":["WreathOfFlame+1","FollowUp+1"],"picked":"Prostrate","floor":18},{"not_picked":["Pray","Halt"],"picked":"Nirvana","floor":20},{"not_picked":["MentalFortress","Conclude+1"],"picked":"SandsOfTime+1","floor":21}],"player_experience":287260,"relics_obtained":[{"floor":7,"key":"Kunai"},{"floor":9,"key":"Molten Egg 2"}],"event_choices":[{"damage_healed":0,"gold_gain":0,"player_choice":"Searched \u00271\u0027 times","damage_taken":0,"relics_obtained":["Tiny Chest"],"max_hp_gain":0,"max_hp_loss":0,"event_name":"Dead Adventurer","floor":13,"gold_loss":0},{"damage_healed":24,"gold_gain":0,"player_choice":"Heal","damage_taken":0,"max_hp_gain":0,"max_hp_loss":0,"event_name":"The Library","floor":22,"gold_loss":0}],"is_beta":false,"boss_relics":[{"not_picked":["Runic Pyramid","Fusion Hammer"],"picked":"SacredBark"}],"items_purged_floors":[19],"is_endless":false,"potions_floor_spawned":[2,3,7,12,20],"killed_by":"Book of Stabbing","ascension_level":0}}