{"host":"7k2a2omxz3voj5ax","time":1612624289,"event":{"mods":["BaseMod","Marisa£¨ìFÓê¡¡Ä§ÀíÉ³£©","Minty Spire (QoL Compilation)","Quick Restart","Spicy Shops","StSLib","Starting Relic: Pandora\u0027s Box","Yakumo Yukari mod","¡¾ÒÅÎï¿¨ÅÆ¡¿REMEMod","óô»ðÖ¸ÄÏ"],"gold_per_floor":[113,1972,1972,1982,1982,1433,1448,1448,1448],"floor_reached":8,"language":"ZHS","playtime":498,"items_purged":["Bash","Flex","Flex"],"score":92,"play_id":"a51f3c70-ae1a-4c74-a6b1-e39a4a8505ae","local_time":"20210207001129","is_ascension_mode":true,"campfire_choices":[],"circlet_count":0,"master_deck":["AscendersBane","Entrench","Power Through","Disarm","Pummel","Dual Wield","Ghostly Armor","REME_GrazeFinale","Pommel Strike","Barricade","Seeing Red","Shrug It Off","Feel No Pain"],"relics":["Pandora\u0027s Box","REME_ComplimentaryCards","NeowsBlessing","Orrery","Omamori"],"acts_visited":["Exordium"],"potions_floor_usage":[8],"damage_taken":[{"damage":0.0,"enemies":"Jaw Worm","floor":1.0,"turns":1.0},{"damage":3.0,"enemies":"Small Slimes","floor":4.0,"turns":3.0},{"damage":0.0,"enemies":"Cultist","floor":7.0,"turns":1.0},{"damage":8,"enemies":"3 Sentries","floor":8,"turns":16}],"seed_played":"6923712617798847814","potions_obtained":[{"floor":4.0,"key":"SkillPotion"}],"is_trial":false,"path_per_floor":["M","$","?","M","?","$","M","E"],"character_chosen":"IRONCLAD","items_purchased":["Orrery","Omamori","Feel No Pain"],"campfire_rested":0,"item_purchase_floors":[2,6,6],"current_hp_per_floor":[68,68,73,70,63,63,63,55,55],"gold":1448,"neow_bonus":"THREE_ENEMY_KILL","is_daily":false,"chose_seed":false,"campfire_upgraded":0,"win_rate":0.0,"timestamp":1612624289,"path_taken":["M","$","?","M","?","$","M","E"],"items_purchased_type":["Relic","Relic","Card"],"build_version":"2020-12-22","purchased_purges":3,"victory":false,"max_hp_per_floor":[75,75,80,80,80,80,80,80,80],"card_choices":[{"not_picked":["Rampage","True Grit","Feel No Pain"],"picked":"SKIP","floor":1.0},{"not_picked":["Headbutt","REME_SingleHolding"],"picked":"Pommel Strike","floor":2.0},{"not_picked":["Flex","Armaments"],"picked":"Barricade","floor":2.0},{"not_picked":["Burning Pact","Cleave"],"picked":"Seeing Red","floor":2.0},{"not_picked":["Hemokinesis","Wild Strike"],"picked":"Shrug It Off","floor":2.0},{"not_picked":["Whirlwind","Demon Form","Armaments"],"picked":"SKIP","floor":4.0},{"not_picked":["Armaments","Blood for Blood","Headbutt"],"picked":"SKIP","floor":7.0}],"player_experience":292987,"relics_obtained":[],"event_choices":[{"damage_healed":0.0,"max_hp_gain":5.0,"max_hp_loss":0.0,"gold_gain":0.0,"event_name":"Big Fish","player_choice":"Donut","floor":3.0,"gold_loss":0.0,"damage_taken":0.0},{"cards_removed":["Armaments"],"damage_healed":0.0,"max_hp_gain":0.0,"max_hp_loss":0.0,"gold_gain":0.0,"event_name":"Golden Wing","player_choice":"Card Removal","floor":5.0,"gold_loss":0.0,"damage_taken":7.0}],"is_beta":false,"boss_relics":[],"items_purged_floors":[2,2,6],"is_endless":false,"potions_floor_spawned":[4],"killed_by":"3 Sentries","ascension_level":20}}