{"host":"xsuxkwaivmtd234a","time":1612630095,"event":{"mods":["BaseMod","Colored Map","Filter the Spire","Minty Spire (QoL Compilation)","Relic Stats","StSLib"],"gold_per_floor":[110,129,129,129,148,148,166,166,166,191,208,10,10,36,36,146,146,167,167,194,293,293,293,293],"floor_reached":23,"language":"ENG","playtime":864,"items_purged":["Strike_R"],"score":249,"play_id":"f8178514-3156-4f71-8393-d5d593286cc1","local_time":"20210206114815","is_ascension_mode":true,"campfire_choices":[{"data":"Hemokinesis","floor":6,"key":"SMITH"},{"data":"Cleave","floor":8,"key":"SMITH"},{"data":"Seeing Red","floor":13,"key":"SMITH"},{"floor":15,"key":"DIG"}],"circlet_count":0,"master_deck":["Strike_R","Strike_R","Strike_R","Defend_R","Defend_R","Defend_R","Defend_R","Bash","Cleave+1","Armaments+1","Hemokinesis+1","Clothesline","Anger","Seeing Red+1","Carnage","Whirlwind","Fiend Fire","Second Wind+1","Dropkick"],"relics":["Burning Blood","Boot","Kunai","Darkstone Periapt","Shovel","CeramicFish","Black Star"],"acts_visited":["Exordium","TheCity"],"potions_floor_usage":[10,16,16,16,23,23],"damage_taken":[{"damage":0,"enemies":"Small Slimes","floor":1,"turns":3},{"damage":7,"enemies":"Jaw Worm","floor":2,"turns":3},{"damage":8,"enemies":"2 Louse","floor":5,"turns":2},{"damage":13,"enemies":"Large Slime","floor":7,"turns":5},{"damage":8,"enemies":"Gremlin Nob","floor":10,"turns":3},{"damage":6,"enemies":"Looter","floor":11,"turns":2},{"damage":12,"enemies":"3 Sentries","floor":14,"turns":5},{"damage":46,"enemies":"The Guardian","floor":16,"turns":9},{"damage":32,"enemies":"Spheric Guardian","floor":18,"turns":5},{"damage":12,"enemies":"Shell Parasite","floor":20,"turns":2},{"damage":76,"enemies":"Gremlin Leader","floor":23,"turns":8}],"seed_played":"1324962083988545554","potions_obtained":[{"floor":5,"key":"FearPotion"},{"floor":7,"key":"GamblersBrew"},{"floor":14,"key":"Strength Potion"},{"floor":16,"key":"BloodPotion"},{"floor":18,"key":"GamblersBrew"}],"is_trial":false,"path_per_floor":["M","M","?","?","M","R","M","R","T","E","M","$","R","E","R","B",null,"M","?","M","?","?","E"],"character_chosen":"IRONCLAD","items_purchased":["Carnage","AttackPotion"],"campfire_rested":0,"item_purchase_floors":[12,12],"current_hp_per_floor":[80,79,72,72,70,70,63,63,63,61,61,61,61,55,55,15,64,38,64,58,58,58,0,0],"gold":293,"neow_bonus":"RANDOM_COMMON_RELIC","is_daily":false,"chose_seed":false,"campfire_upgraded":3,"win_rate":0.0,"timestamp":1612630095,"path_taken":["M","M","?","?","M","R","M","R","T","E","M","$","R","E","R","BOSS","M","?","M","?","?","E"],"items_purchased_type":["Card","Potion"],"build_version":"2020-12-22","purchased_purges":1,"victory":false,"max_hp_per_floor":[80,80,80,80,80,80,80,80,80,80,80,80,80,80,80,80,80,80,80,80,80,80,80,80],"relic_stats":{"Darkstone Periapt":0,"Shovel":1,"counters":[11,47],"CeramicFish":27,"Black Star":0,"Kunai":[13],"Boot":[14],"obtain_stats":[{"Darkstone Periapt":10,"Shovel":14,"CeramicFish":15,"Black Star":17,"Kunai":9,"Boot":0,"Burning Blood":0},{"Darkstone Periapt":5,"Shovel":7,"CeramicFish":7,"Black Star":8,"Kunai":4,"Boot":0,"Burning Blood":0},{"Darkstone Periapt":16,"Shovel":23,"CeramicFish":23,"Black Star":32,"Kunai":13,"Boot":0,"Burning Blood":0}],"Burning Blood":54},"card_choices":[{"not_picked":["Thunderclap","Armaments"],"picked":"Cleave","floor":1},{"not_picked":["Reckless Charge","Body Slam"],"picked":"Armaments","floor":2},{"not_picked":["Headbutt","Body Slam"],"picked":"Hemokinesis","floor":5},{"not_picked":["Clash","Infernal Blade"],"picked":"Clothesline","floor":7},{"not_picked":["Sword Boomerang","Power Through"],"picked":"Anger","floor":10},{"not_picked":["Heavy Blade","Flex"],"picked":"Seeing Red","floor":11},{"not_picked":["Pummel","Limit Break"],"picked":"Whirlwind","floor":14},{"not_picked":["Corruption","Exhume"],"picked":"Fiend Fire","floor":16},{"not_picked":["Armaments","Headbutt+1"],"picked":"Second Wind+1","floor":18},{"not_picked":["Havoc+1","Anger"],"picked":"Dropkick","floor":20}],"player_experience":1214074,"relics_obtained":[{"floor":9,"key":"Kunai"},{"floor":10,"key":"Darkstone Periapt"},{"floor":14,"key":"Shovel"},{"floor":15,"key":"CeramicFish"}],"event_choices":[{"cards_removed":["Strike_R"],"damage_healed":0,"gold_gain":0,"player_choice":"Card Removal","damage_taken":7,"max_hp_gain":0,"max_hp_loss":0,"event_name":"Golden Wing","floor":3,"gold_loss":0},{"damage_healed":0,"gold_gain":0,"player_choice":"Grow","damage_taken":0,"max_hp_gain":0,"max_hp_loss":0,"event_name":"Living Wall","floor":4,"gold_loss":0,"cards_upgraded":["Armaments"]},{"damage_healed":26,"gold_gain":0,"player_choice":"Heal","damage_taken":0,"max_hp_gain":0,"max_hp_loss":0,"event_name":"The Library","floor":19,"gold_loss":0},{"damage_healed":0,"gold_gain":99,"player_choice":"Stole From Cult","damage_taken":0,"max_hp_gain":0,"max_hp_loss":0,"event_name":"Nest","floor":21,"gold_loss":0},{"damage_healed":0,"gold_gain":0,"player_choice":"Ignored","damage_taken":0,"max_hp_gain":0,"max_hp_loss":0,"event_name":"Ghosts","floor":22,"gold_loss":0}],"is_beta":false,"boss_relics":[{"not_picked":["Cursed Key","Coffee Dripper"],"picked":"Black Star"}],"items_purged_floors":[12],"is_endless":false,"potions_floor_spawned":[5,7,14,16,18],"killed_by":"Gremlin Leader","ascension_level":5}}