{"host":"r0e4s450fexxrjel","time":1612645554,"event":{"mods":["AchievementEnabler","Act Like it!","Aspiration","BaseMod","BetterRewards","Clawfect","Colored Map","Conspire","Dota2Spire","Downfall","Energized Spire","Friendly Minions","Gensokyo","GifTheSpireLib","Gold Saver","Halation","Hubris","Minty Spire (QoL Compilation)","Pale of the Ancients","Reliquary","Replay The Spire","Shop Mod","StS++","StSLib","Stuff the Spire","Waifu the Spire"],"gold_per_floor":[1012,1012,1024,814,814,847,867,1066,1066,1206,1226,1226,1241,1251,1251,1350,1350,1365,1380,1396,1148,1148,1248,1248,632,684,699,699,699,699,716,716,821,771,787,686,698,698,708,832,847,864,864,864,875,1015,925,1053,1053,1053],"floor_reached":51,"language":"DEU","playtime":2549,"items_purged":[],"score":1094,"play_id":"753a6f55-4226-4955-b36e-585ea732e7cb","local_time":"20210206220554","is_ascension_mode":false,"campfire_choices":[{"floor":15,"key":"DIG"},{"data":"sneckomod:UnknownRarePower","floor":24,"key":"SMITH"},{"data":"Gensokyo:ManorOfTheDishes","floor":29,"key":"SMITH"},{"floor":49,"key":"REST"}],"circlet_count":0,"master_deck":["sneckomod:Strike","sneckomod:Strike","sneckomod:Defend","sneckomod:Defend","sneckomod:Defend","sneckomod:TailWhip","sneckomod:SnekBite","sneckomod:Unknown","sneckomod:Unknown","sneckomod:UnknownCommonSkill","sneckomod:UnknownCommonSkill","sneckomod:UnknownBlock","Gensokyo:RedCapeBlueCape","sneckomod:Unknown1Cost","sneckomod:UnknownUncommonPower","sneckomod:UnknownCommonAttack","sneckomod:UnknownDraw","sneckomod:SerpentIdol","sneckomod:UnknownCommonSkill","sneckomod:UnknownRarePower+1","sneckomod:IronFang","sneckomod:RainOfDice+1","sneckomod:UnknownExhaust","Gensokyo:ManorOfTheDishes+1","sneckomod:SnakeSap","sneckomod:UnknownRareAttack","sneckomod:UnknownVulnerable+1","sneckomod:UnknownX","sneckomod:DiceCrush","sneckomod:UnknownRareSkill","sneckomod:Strike","sneckomod:SnakeSap","sneckomod:UnknownUncommonPower","sneckomod:UnknownClassGREEN+1","sneckomod:UnknownCommonAttack","sneckomod:UnknownCommonAttack+1","sneckomod:RainOfDice+1","sneckomod:UnknownClassShop Special","sneckomod:UnknownClassShop Special+1","sneckomod:DiceCrush+1","Gensokyo:CustomPotion","sneckomod:DiceCrush+1"],"relics":["StuffTheSpire:OccultApparatus","Dota2Spire:EyeOfSkadi","reliquary:JackalopeAntler","ReplayTheSpireMod:TigerMarble","StuffTheSpire:TintedRock","CaptainsWheel","Dota2Spire:AghanimScepter","ChewingGum","Replay:PocketPolymizer","Dota2Spire:OctarineCore","Replay:Kaleidoscope","Dota2Spire:PhaseBoots","Ornamental Fan","Gensokyo:DirgeOfMelancholy","energizedSpire:HugeHouse","Gensokyo:Companionship","StSpp:WoodenPendulum","Quantum Egg","halation:PrussianBluePaint","StuffTheSpire:ForceGauntlet"],"acts_visited":["Gensokyo:Gensokyo","Gensokyo:Gensokyoer","Gensokyo:Gensokyoest"],"potions_floor_usage":[10,10,10,10,33,33,33,37,39,46,50],"damage_taken":[{"damage":3,"enemies":"Gensokyo:Gryphon","floor":1,"turns":3},{"damage":3,"enemies":"Gensokyo:Python","floor":3,"turns":3},{"damage":7,"enemies":"Gensokyo:Mamizou","floor":6,"turns":7},{"damage":0,"enemies":"Gensokyo:2_Kodama","floor":7,"turns":3},{"damage":1,"enemies":"Gensokyo:Cirno","floor":10,"turns":5},{"damage":0,"enemies":"Gensokyo:Kitsune","floor":11,"turns":2},{"damage":0,"enemies":"Gensokyo:LivingMonolith","floor":13,"turns":3},{"damage":1,"enemies":"Gensokyo:Python_and_Kodama","floor":14,"turns":3},{"damage":0,"enemies":"Gensokyo:Reimu","floor":16,"turns":8},{"damage":10,"enemies":"Gensokyo:3_Dogs","floor":18,"turns":4},{"damage":0,"enemies":"Gensokyo:Chomper","floor":19,"turns":4},{"damage":13,"enemies":"Gensokyo:3_Gloops","floor":20,"turns":5},{"damage":0,"enemies":"Gensokyo:Tenshi","floor":23,"turns":4},{"damage":0,"enemies":"Gensokyo:Swordslinger","floor":27,"turns":4},{"damage":0,"enemies":"Gensokyo:Wraith","floor":31,"turns":4},{"damage":33,"enemies":"Gensokyo:Eternal_Rivals","floor":33,"turns":11},{"damage":0,"enemies":"Gensokyo:3_Boulders","floor":35,"turns":6},{"damage":0,"enemies":"Gensokyo:3_Bats","floor":37,"turns":3},{"damage":0,"enemies":"Gensokyo:3_Boulders","floor":39,"turns":3},{"damage":6,"enemies":"Gensokyo:Doremy","floor":40,"turns":5},{"damage":0,"enemies":"Gensokyo:Dusk_and_Dawn","floor":41,"turns":3},{"damage":31,"enemies":"Gensokyo:AtlasGolem","floor":42,"turns":3},{"damage":2,"enemies":"Gensokyo:4_Bats","floor":45,"turns":3},{"damage":42,"enemies":"Gensokyo:Kasen","floor":46,"turns":7},{"damage":8,"enemies":"Gensokyo:Doremy","floor":48,"turns":4},{"damage":16,"enemies":"Gensokyo:Yuyuko","floor":50,"turns":6}],"seed_played":"3028281972423487559","potions_obtained":[{"floor":1,"key":"CultistPotion"},{"floor":6,"key":"Block Potion"},{"floor":7,"key":"Weak Potion"},{"floor":14,"key":"SteroidPotion"},{"floor":18,"key":"Energy Potion"},{"floor":27,"key":"Block Potion"},{"floor":33,"key":"Adrenaline Potion"},{"floor":35,"key":"PowerPotion"},{"floor":39,"key":"FearPotion"},{"floor":46,"key":"DuplicationPotion"}],"is_trial":false,"path_per_floor":["M","?","M","COS","?","E","M","?","T","E","M","?","M","M","R_BF","B",null,"M","M","M","COS","?","E","R","$","T","M","T","R","?","M","R_BF","B",null,"M","COS","M","?","M","E","M","M","T","?","M","E","?","E","R","B",null],"character_chosen":"THE_SNECKO","items_purchased":["reliquary:JackalopeAntler","sneckomod:UnknownCommonSkill","Dota2Spire:OctarineCore","Replay:Kaleidoscope"],"campfire_rested":1,"item_purchase_floors":[0,0,25,25],"current_hp_per_floor":[83,83,80,80,80,73,73,73,73,72,72,72,72,71,71,71,95,85,85,72,72,72,72,72,72,72,72,72,72,72,72,72,39,90,90,90,90,90,90,84,84,90,90,90,88,61,61,53,80,90],"gold":1053,"neow_bonus":"","is_daily":false,"chose_seed":false,"campfire_upgraded":2,"win_rate":0.0,"timestamp":1612645554,"path_taken":["M","?","M","COS","?","E","M","?","T","E","M","?","M","M","R_BF","BOSS","M","M","M","COS","?","E","R","$","T","M","?","R","?","M","R_BF","BOSS","M","COS","M","?","?","E","M","?","T","?","?","E","?","E","R","BOSS"],"items_purchased_type":["Relic","Card","Relic","Relic"],"build_version":"2020-12-22","purchased_purges":0,"victory":true,"max_hp_per_floor":[95,95,95,95,95,95,95,95,95,95,95,95,95,95,95,95,95,95,95,95,95,95,95,95,95,95,95,95,95,95,95,95,95,90,90,90,90,90,90,90,90,90,90,90,90,90,90,90,90,90],"card_choices":[{"not_picked":["sneckomod:SoulCleanse","sneckomod:Nope"],"picked":"sneckomod:UnknownCommonSkill","floor":1},{"not_picked":["sneckomod:QuickMove","sneckomod:Nope"],"picked":"sneckomod:UnknownBlock","floor":3},{"not_picked":["sneckomod:QuickMove","sneckomod:WideSting"],"picked":"sneckomod:Unknown1Cost","floor":6},{"not_picked":["sneckomod:SoulRoll","sneckomod:Nope"],"picked":"sneckomod:UnknownCommonSkill","floor":7},{"not_picked":["sneckomod:Memorize","sneckomod:UnknownVulnerable"],"picked":"sneckomod:UnknownUncommonPower","floor":8},{"not_picked":["sneckomod:TrashToTreasure","sneckomod:UnknownVulnerable"],"picked":"sneckomod:UnknownCommonAttack","floor":10},{"not_picked":["sneckomod:UnknownUncommonAttack","sneckomod:UnknownUncommonSkill"],"picked":"sneckomod:UnknownDraw","floor":11},{"not_picked":["sneckomod:SoulDraw","sneckomod:UnlimitedRolls"],"picked":"sneckomod:SerpentIdol","floor":13},{"not_picked":["sneckomod:IronFang","sneckomod:PureSnecko"],"picked":"sneckomod:UnknownCommonSkill","floor":14},{"not_picked":["sneckomod:MorePower","sneckomod:UnknownRareSkill"],"picked":"sneckomod:UnknownRarePower","floor":16},{"not_picked":["sneckomod:UnknownUncommonAttack","sneckomod:UnknownClassSLIMEBOUND+1"],"picked":"sneckomod:IronFang","floor":18},{"not_picked":["sneckomod:UnknownCommonAttack","sneckomod:UnknownVulnerable"],"picked":"sneckomod:RainOfDice+1","floor":19},{"not_picked":["sneckomod:RainOfDice","sneckomod:ImprovisedAttack+1"],"picked":"sneckomod:UnknownExhaust","floor":20},{"not_picked":["sneckomod:SoulRoll+1","sneckomod:UnknownVulnerable"],"picked":"sneckomod:SnakeSap","floor":23},{"not_picked":["sneckomod:MorePower","sneckomod:SerpentMind"],"picked":"sneckomod:UnknownRareAttack","floor":27},{"not_picked":["sneckomod:Rotation","sneckomod:UnknownCommonAttack"],"picked":"sneckomod:UnknownVulnerable+1","floor":27},{"not_picked":["sneckomod:SlitherStrike","sneckomod:UnknownDraw"],"picked":"sneckomod:DiceCrush","floor":31},{"not_picked":["sneckomod:MorePower","sneckomod:Mudshield"],"picked":"sneckomod:UnknownRareSkill","floor":33},{"not_picked":["sneckomod:Unknown0Cost","sneckomod:IronFang"],"picked":"sneckomod:UnknownUncommonPower","floor":35},{"not_picked":["sneckomod:WideSting+1","sneckomod:UnknownClassSLIMEBOUND+1"],"picked":"sneckomod:UnknownClassGREEN+1","floor":37},{"not_picked":["sneckomod:DiceCrush","sneckomod:Rotation"],"picked":"sneckomod:UnknownCommonAttack","floor":39},{"not_picked":["sneckomod:SoulDraw","sneckomod:MasterEye"],"picked":"sneckomod:UnknownCommonAttack+1","floor":40},{"not_picked":["sneckomod:IronFang+1","sneckomod:UnknownClassSLIMEBOUND","sneckomod:SoulRoll","sneckomod:DiceCrush"],"picked":"sneckomod:RainOfDice+1","floor":41},{"not_picked":["sneckomod:SoulCleanse","sneckomod:SoulExchange","sneckomod:UnknownX","sneckomod:UnknownDraw+1"],"picked":"sneckomod:UnknownClassShop Special","floor":42},{"not_picked":["sneckomod:UnknownVulnerable+1","sneckomod:UnknownClassSLIMEBOUND+1","sneckomod:DiceBlock","sneckomod:UnknownUncommonPower+1"],"picked":"sneckomod:UnknownClassShop Special+1","floor":45},{"not_picked":["sneckomod:UnknownCommonAttack+1","sneckomod:Memorize+1","sneckomod:UnendingSupply+1","sneckomod:SoulExchange"],"picked":"sneckomod:DiceCrush+1","floor":46},{"not_picked":["sneckomod:Unknown2Cost","sneckomod:SlitherStrike","sneckomod:DiceBoulder","sneckomod:ImprovisedAttack"],"picked":"sneckomod:DiceCrush+1","floor":48}],"player_experience":91746,"relics_obtained":[{"floor":6,"key":"ReplayTheSpireMod:TigerMarble"},{"floor":9,"key":"StuffTheSpire:TintedRock"},{"floor":10,"key":"CaptainsWheel"},{"floor":15,"key":"Dota2Spire:AghanimScepter"},{"floor":23,"key":"Replay:PocketPolymizer"},{"floor":26,"key":"Dota2Spire:PhaseBoots"},{"floor":28,"key":"Ornamental Fan"},{"floor":40,"key":"StSpp:WoodenPendulum"},{"floor":43,"key":"Quantum Egg"},{"floor":46,"key":"halation:PrussianBluePaint"},{"floor":48,"key":"StuffTheSpire:ForceGauntlet"}],"event_choices":[{"damage_healed":0,"gold_gain":0,"player_choice":"Leave","damage_taken":0,"max_hp_gain":0,"max_hp_loss":0,"event_name":"conspire:Investor","floor":44,"gold_loss":0}],"is_beta":false,"boss_relics":[{"not_picked":["hubris:CrackedHourglass","conspire:SeveredTorchhead"],"picked":"ChewingGum"},{"not_picked":["halation:SmartPhone","StuffTheSpire:RunicConfusion"],"picked":"energizedSpire:HugeHouse"}],"items_purged_floors":[],"is_endless":false,"potions_floor_spawned":[1,6,7,14,18,27,33,35,39,46],"ascension_level":0}}