{"host":"1mv6gj0zv8k9e9tz","time":1612613490,"event":{"mods":["AchievementEnabler","BaseMod","Better Third Choice","Colored Map","DeckTracker","Highlight Path","KOR Keyword Fix","Keyboard Shortcuts","Minty Spire (QoL Compilation)","Permanent Neow","Quick Restart","Rare Cards Sparkle","StSLib","SuperFastMode","everything is the same but u backflip on backflip"],"gold_per_floor":[113,126,141,141,57,87,87,87,87],"floor_reached":8,"language":"KOR","playtime":291,"items_purged":[],"score":104,"play_id":"59f283f6-a7db-49b9-b440-deb94e221fba","local_time":"20210206211130","is_ascension_mode":true,"campfire_choices":[{"data":"Zap","floor":7.0,"key":"SMITH"}],"circlet_count":0,"master_deck":["AscendersBane","Strike_B","Strike_B","Strike_B","Strike_B","Defend_B","Defend_B","Defend_B","Defend_B","Zap+1","Dualcast","All For One","Melter","Gash","Self Repair","BootSequence"],"relics":["Cracked Core","FaceOfCleric","Art of War"],"acts_visited":["Exordium"],"potions_floor_usage":[],"damage_taken":[{"damage":2.0,"enemies":"Jaw Worm","floor":1.0,"turns":3.0},{"damage":1.0,"enemies":"Cultist","floor":2.0,"turns":3.0},{"damage":2.0,"enemies":"2 Louse","floor":3.0,"turns":2.0},{"damage":40.0,"enemies":"3 Sentries","floor":6.0,"turns":7.0},{"damage":0,"enemies":"Gremlin Nob","floor":8,"turns":1}],"seed_played":"9530877088978169","potions_obtained":[{"floor":1.0,"key":"Energy Potion"},{"floor":2.0,"key":"LiquidMemories"},{"floor":6.0,"key":"AttackPotion"}],"is_trial":false,"path_per_floor":["M","M","M","?","$","E","R","E"],"character_chosen":"DEFECT","items_purchased":["Self Repair"],"campfire_rested":0,"item_purchase_floors":[5],"current_hp_per_floor":[62,61,59,59,59,27,27,27,27],"gold":87,"neow_bonus":"ONE_RANDOM_RARE_CARD","is_daily":false,"chose_seed":false,"campfire_upgraded":1,"win_rate":0.0,"timestamp":1612613490,"path_taken":["M","M","M","?","$","E","R","E"],"items_purchased_type":["Card"],"build_version":"2020-12-22","purchased_purges":0,"victory":false,"max_hp_per_floor":[71,71,71,71,71,72,72,72,72],"card_choices":[{"not_picked":["Aggregate","Hologram"],"picked":"Melter","floor":1.0},{"not_picked":["Double Energy","Static Discharge","Turbo"],"picked":"SKIP","floor":2.0},{"not_picked":["Hologram","Tempest"],"picked":"Gash","floor":3.0},{"not_picked":["Streamline","Hologram"],"picked":"BootSequence","floor":6.0}],"player_experience":629853,"relics_obtained":[{"floor":6.0,"key":"Art of War"}],"event_choices":[{"damage_healed":0.0,"max_hp_gain":0.0,"max_hp_loss":0.0,"gold_gain":0.0,"event_name":"FaceTrader","player_choice":"Trade","floor":4.0,"gold_loss":0.0,"damage_taken":0.0,"relics_obtained":["FaceOfCleric"]}],"is_beta":false,"boss_relics":[],"items_purged_floors":[],"is_endless":false,"potions_floor_spawned":[1,2,6],"killed_by":"Gremlin Nob","ascension_level":17}}