{"host":"skr63qsdfgeey3it","time":1612597945,"event":{"mods":["BaseMod","Colored Map","Hubris","Minty Spire (QoL Compilation)","Monster B Gone","Reliquary","Replay The Spire","Spicy Shops","StSLib"],"gold_per_floor":[111,111,66,66,84,84,116,131,131,148,148,187,187,205,205,283,283,293,313,41,41,41,41],"floor_reached":22,"language":"ENG","playtime":776,"items_purged":[],"score":355,"play_id":"cb7c26f7-f69c-4cd3-a672-7d3d7d486158","local_time":"20210206015225","is_ascension_mode":true,"campfire_choices":[{"data":"Sword Boomerang","floor":6,"key":"SMITH"},{"data":"Metallicize","floor":13,"key":"SMITH"}],"circlet_count":0,"master_deck":["AscendersBane","Strike_R","Strike_R","Strike_R","Strike_R","Strike_R","Defend_R","Defend_R","Defend_R","Defend_R","Bash","Replay:Undeath\u0027s Touch+1","Armaments+1","Sword Boomerang+1","Impervious+1","Metallicize+1","Cleave","ReplayTheSpireMod:Limb From Limb","Double Tap","CurseOfTheBell","Battle Trance","Flex","Purity","Necronomicurse"],"relics":["Burning Blood","NeowsBlessing","Nunchaku","reliquary:HotPoker","Unceasing Top","Calling Bell","reliquary:RoseTintedGlasses","Incense Burner","hubris:MysteriousPyramids","Membership Card","Tiny Chest","Necronomicon"],"acts_visited":["Exordium","TheCity"],"potions_floor_usage":[18,19,22],"damage_taken":[{"damage":0,"enemies":"Jaw Worm","floor":1,"turns":1},{"damage":0,"enemies":"Cultist","floor":5,"turns":1},{"damage":0,"enemies":"Gremlin Nob","floor":7,"turns":1},{"damage":0,"enemies":"2 Louse","floor":8,"turns":3},{"damage":0,"enemies":"Large Slime","floor":10,"turns":4},{"damage":0,"enemies":"Exordium Wildlife","floor":14,"turns":4},{"damage":38,"enemies":"Slime Boss","floor":16,"turns":16},{"damage":6,"enemies":"Shell Parasite","floor":18,"turns":6},{"damage":15,"enemies":"Chosen","floor":19,"turns":6},{"damage":53,"enemies":"3 Cultists","floor":22,"turns":5}],"seed_played":"-7537263979599830539","potions_obtained":[{"floor":8,"key":"Languid Potion"},{"floor":16,"key":"BlessingOfTheForge"},{"floor":19,"key":"ColorlessPotion"}],"is_trial":false,"path_per_floor":["M","?","$","?","M","R","E","M","T","M","?","?","R","M","R_BF","B",null,"M","M","$","?","M"],"character_chosen":"IRONCLAD","items_purchased":["Armaments+1","Membership Card","Purity","Tiny Chest"],"campfire_rested":0,"item_purchase_floors":[3,20,20,20],"current_hp_per_floor":[74,74,74,74,75,75,75,75,75,75,75,45,45,51,73,41,67,67,58,58,42,0,0],"gold":41,"neow_bonus":"THREE_ENEMY_KILL","is_daily":false,"chose_seed":false,"campfire_upgraded":2,"win_rate":0.0,"timestamp":1612597945,"path_taken":["M","?","$","?","M","R","E","M","T","?","?","?","R","M","R_BF","BOSS","M","M","$","?","M"],"items_purchased_type":["Card","Relic","Card","Relic"],"build_version":"2020-12-22","purchased_purges":0,"victory":false,"max_hp_per_floor":[75,75,75,75,75,75,75,75,75,75,75,75,75,75,75,75,75,75,75,75,75,75,75],"card_choices":[{"not_picked":["Clash","Anger"],"picked":"Replay:Undeath\u0027s Touch","floor":1},{"not_picked":["Clothesline","Thunderclap"],"picked":"Sword Boomerang","floor":5},{"not_picked":["Thunderclap","Clash"],"picked":"Impervious","floor":7},{"not_picked":["Dark Embrace","Twin Strike","True Grit"],"picked":"SKIP","floor":8},{"not_picked":["Carnage","Perfected Strike"],"picked":"Metallicize","floor":10},{"not_picked":["Power Through","Havoc"],"picked":"Cleave","floor":12},{"not_picked":["Warcry","ReplayTheSpireMod:Muscle Training"],"picked":"ReplayTheSpireMod:Limb From Limb","floor":14},{"not_picked":["Exhume","Replay:Many Hands"],"picked":"Double Tap","floor":16},{"not_picked":["Abandon","Clash"],"picked":"Battle Trance","floor":18},{"not_picked":["Armaments","Wild Strike"],"picked":"Flex","floor":19}],"player_experience":892608,"relics_obtained":[{"floor":7,"key":"Nunchaku"},{"floor":9,"key":"reliquary:HotPoker"},{"floor":12,"key":"Unceasing Top"},{"floor":17,"key":"reliquary:RoseTintedGlasses"},{"floor":17,"key":"Incense Burner"},{"floor":17,"key":"hubris:MysteriousPyramids"},{"floor":21,"key":"Necronomicon"}],"event_choices":[{"damage_healed":0,"gold_gain":0,"player_choice":"Leave","damage_taken":0,"max_hp_gain":0,"max_hp_loss":0,"event_name":"The Cleric","floor":2,"gold_loss":0},{"damage_healed":0,"gold_gain":0,"player_choice":"Bought 0 Potions","damage_taken":0,"max_hp_gain":0,"max_hp_loss":0,"event_name":"The Woman in Blue","floor":4,"gold_loss":0},{"damage_healed":0,"gold_gain":0,"player_choice":"Obtained Book","damage_taken":16,"max_hp_gain":0,"max_hp_loss":0,"event_name":"Cursed Tome","floor":21,"gold_loss":0}],"is_beta":false,"boss_relics":[{"not_picked":["Painkiller Herb","hubris:VirtuousBlindfold"],"picked":"Calling Bell"}],"items_purged_floors":[],"is_endless":false,"potions_floor_spawned":[8,16,19],"killed_by":"3 Cultists","ascension_level":14}}