{"host":"sav7uxregyirlf69","time":1612617453,"event":{"mods":["AchievementEnabler","BaseMod","Colored Map","DeckTracker","Keyboard Shortcuts","Minty Spire (QoL Compilation)","READ ME - Guardian Mod","StSLib","SuperFastMode"],"gold_per_floor":[16,27,27,43,57,57,22,22,22,37,61,79,97,130,130,223,223,248,264,149,174,174,209,209,233,233,253,253,253],"floor_reached":28,"language":"KOR","playtime":571,"items_purged":["Strike_R"],"score":492,"play_id":"9286adc5-e2b2-460a-8d81-b5acaefa0e88","local_time":"20210206221733","is_ascension_mode":true,"campfire_choices":[{"data":"Pommel Strike","floor":8,"key":"SMITH"},{"data":"Evolve","floor":15,"key":"SMITH"},{"floor":24,"key":"REST"}],"circlet_count":0,"master_deck":["AscendersBane","Strike_R","Defend_R","Defend_R","Defend_R","Defend_R","Bash","Anger","Evolve+1","Cleave","Pommel Strike+1","Rage","Reckless Charge","Blood for Blood","Infernal Blade","Feel No Pain","Immolate","Pummel+1","Wild Strike+1","Shockwave+1","Power Through","Fire Breathing","Body Slam"],"relics":["Burning Blood","Gambling Chip","Golden Idol","Meat on the Bone","Shuriken","Astrolabe","Oddly Smooth Stone"],"acts_visited":["Exordium","TheCity"],"potions_floor_usage":[14,14,23,27,27,27],"damage_taken":[{"damage":7,"enemies":"Small Slimes","floor":1,"turns":3},{"damage":3,"enemies":"2 Louse","floor":2,"turns":4},{"damage":2,"enemies":"Jaw Worm","floor":4,"turns":4},{"damage":26,"enemies":"Exordium Wildlife","floor":5,"turns":5},{"damage":9,"enemies":"Red Slaver","floor":10,"turns":3},{"damage":16,"enemies":"Exordium Thugs","floor":11,"turns":5},{"damage":11,"enemies":"Looter","floor":12,"turns":3},{"damage":6,"enemies":"Lots of Slimes","floor":13,"turns":2},{"damage":16,"enemies":"Gremlin Nob","floor":14,"turns":4},{"damage":20,"enemies":"Slime Boss","floor":16,"turns":7},{"damage":10,"enemies":"3 Byrds","floor":18,"turns":4},{"damage":20,"enemies":"2 Thieves","floor":19,"turns":4},{"damage":12,"enemies":"Sentry and Sphere","floor":21,"turns":5},{"damage":37,"enemies":"Gremlin Leader","floor":23,"turns":4},{"damage":33,"enemies":"Snake Plant","floor":25,"turns":4},{"damage":17,"enemies":"Centurion and Healer","floor":27,"turns":7},{"damage":35,"enemies":"Book of Stabbing","floor":28,"turns":3}],"seed_played":"3070096843766237246","potions_obtained":[{"floor":2,"key":"EssenceOfSteel"},{"floor":10,"key":"Dexterity Potion"},{"floor":11,"key":"Block Potion"},{"floor":13,"key":"LiquidMemories"},{"floor":16,"key":"SpeedPotion"},{"floor":21,"key":"AttackPotion"},{"floor":22,"key":"EntropicBrew"},{"floor":22,"key":"Block Potion"},{"floor":23,"key":"Explosive Potion"},{"floor":27,"key":"SteroidPotion"}],"is_trial":false,"path_per_floor":["M","M","?","M","M","?","?","R","T","M","M","M","M","E","R","B",null,"M","M","$","M","?","E","R","M","T","M","E"],"character_chosen":"IRONCLAD","items_purchased":["Fire Breathing"],"campfire_rested":1,"item_purchase_floors":[20],"current_hp_per_floor":[67,70,44,48,28,28,46,46,46,55,45,52,52,54,54,52,69,65,51,51,45,45,26,48,33,33,34,0,0],"gold":253,"neow_bonus":"ONE_RARE_RELIC","is_daily":false,"chose_seed":false,"campfire_upgraded":2,"win_rate":0.0,"timestamp":1612617453,"path_taken":["M","M","?","M","M","?","?","R","T","M","?","M","M","E","R","BOSS","M","M","$","M","?","E","R","M","T","M","E"],"items_purchased_type":["Card"],"build_version":"2020-12-22","purchased_purges":1,"victory":false,"max_hp_per_floor":[75,75,75,75,75,75,75,75,75,75,75,75,75,75,75,75,75,75,75,75,75,75,75,75,75,75,75,75,75],"card_choices":[{"not_picked":["Thunderclap","Headbutt"],"picked":"Anger","floor":1},{"not_picked":["Sentinel","Armaments"],"picked":"Evolve","floor":2},{"not_picked":["Body Slam","Warcry"],"picked":"Cleave","floor":4},{"not_picked":["True Grit","Twin Strike"],"picked":"Pommel Strike","floor":5},{"not_picked":["Entrench","Combust"],"picked":"Rage","floor":10},{"not_picked":["Infernal Blade","Dark Embrace"],"picked":"Reckless Charge","floor":11},{"not_picked":["Twin Strike","Warcry"],"picked":"Blood for Blood","floor":12},{"not_picked":["Clothesline","Perfected Strike"],"picked":"Infernal Blade","floor":13},{"not_picked":["Entrench","Double Tap"],"picked":"Feel No Pain","floor":14},{"not_picked":["Bludgeon","Exhume"],"picked":"Immolate","floor":16},{"not_picked":["Infernal Blade","Havoc"],"picked":"Power Through","floor":18},{"not_picked":["Rage","Clash","Headbutt"],"picked":"SKIP","floor":19},{"not_picked":["Fire Breathing","Warcry"],"picked":"Body Slam","floor":21},{"not_picked":["Power Through","Clothesline","Flex"],"picked":"SKIP","floor":23},{"not_picked":["Headbutt+1","Anger","Armaments"],"picked":"SKIP","floor":25},{"not_picked":["Heavy Blade","Pommel Strike","Iron Wave"],"picked":"SKIP","floor":27}],"player_experience":1510680,"relics_obtained":[{"floor":9,"key":"Meat on the Bone"},{"floor":14,"key":"Shuriken"},{"floor":23,"key":"Oddly Smooth Stone"}],"event_choices":[{"damage_healed":0,"gold_gain":0,"player_choice":"Take Damage","damage_taken":26,"relics_obtained":["Golden Idol"],"max_hp_gain":0,"max_hp_loss":0,"event_name":"Golden Idol","floor":3,"gold_loss":0},{"damage_healed":0,"gold_gain":0,"player_choice":"Ignored","damage_taken":0,"max_hp_gain":0,"max_hp_loss":0,"event_name":"Liars Game","floor":6,"gold_loss":0},{"damage_healed":18,"gold_gain":0,"player_choice":"Healed","damage_taken":0,"max_hp_gain":0,"max_hp_loss":0,"event_name":"The Cleric","floor":7,"gold_loss":35},{"damage_healed":0,"gold_gain":0,"player_choice":"Got Potions","damage_taken":0,"max_hp_gain":0,"max_hp_loss":0,"event_name":"Lab","floor":22,"gold_loss":0}],"is_beta":false,"boss_relics":[{"not_picked":["Velvet Choker","Runic Cube"],"picked":"Astrolabe"}],"items_purged_floors":[20],"is_endless":false,"potions_floor_spawned":[2,10,11,13,16,21,23,25,27],"killed_by":"Book of Stabbing","ascension_level":20}}