{"host":"6p0attdrtjqaih7v","time":1612639255,"event":{"mods":["2.2 Compatiblity","AchievementEnabler","Bard","BaseMod","Better Skull","Better Third Choice","Colored Powertips","Hermit","Highlight Path","Key Reminder","Minty Spire (QoL Compilation)","Permanent Neow","Quick Restart","Random Character Button","Relic Stats","Reliquary","Replay The Spire","Robot Space Explorer","StSLib","The Hayseed","The Witch"],"gold_per_floor":[118,129,129,79,4,34,34,46,72,72,72,72,72,101,101,204,204,214,228,241,254,34,69,69,69,69,69,69,69,100,25,25,129,129,143,143,157,177,190,224,224,250,250,110,127,127,127,144,144,144],"floor_reached":51,"language":"ENG","playtime":3665,"items_purged":["TheSimpletonMod:Strike_TheSimpleton","TheSimpletonMod:Strike_TheSimpleton"],"score":762,"play_id":"af55a2ee-7c34-4d5b-b758-a9753ef5c7d6","local_time":"20210206142055","is_ascension_mode":true,"campfire_choices":[{"data":"TheSimpletonMod:KeenEdge","floor":7,"key":"SMITH"},{"data":"TheSimpletonMod:ReapAndSow","floor":11,"key":"SMITH"},{"data":"TheSimpletonMod:PestManagement","floor":13,"key":"SMITH"},{"data":"TheSimpletonMod:Aerate","floor":15,"key":"SMITH"},{"data":"TheSimpletonMod:KeenEdge","floor":24,"key":"SMITH"},{"data":"TheSimpletonMod:KeenEdge","floor":29,"key":"SMITH"},{"data":"TheSimpletonMod:ErosionControl","floor":32,"key":"SMITH"},{"data":"TheSimpletonMod:ErosionControl","floor":41,"key":"SMITH"},{"data":"TheSimpletonMod:HitTheSack","floor":46,"key":"SMITH"},{"floor":49,"key":"REST"}],"circlet_count":0,"master_deck":["TheSimpletonMod:Strike_TheSimpleton","TheSimpletonMod:Defend_TheSimpleton","TheSimpletonMod:Defend_TheSimpleton","TheSimpletonMod:Defend_TheSimpleton","TheSimpletonMod:Haymaker","TheSimpletonMod:ReapAndSow+1","TheSimpletonMod:KeenEdge+1","TheSimpletonMod:PestManagement+1","TheSimpletonMod:DesperatePlunge+1","TheSimpletonMod:Aerate+1","TheSimpletonMod:ErosionControl+1","TheSimpletonMod:Chilis","TheSimpletonMod:KeenEdge+1","TheSimpletonMod:KeenEdge+1","TheSimpletonMod:HitTheSack+1","TheSimpletonMod:Rake+1","TheSimpletonMod:ErosionControl+1","TheSimpletonMod:PestManagement+1","TheSimpletonMod:ErosionControl+1"],"relics":["TheSimpletonMod:NightSoil","TheSimpletonMod:TheHarvester","Snecko Eye","reliquary:ExpiredCoupon","Happy Flower","Question Card","reliquary:BallBearing","Lantern","keyreminder:keyreminder","ReplayTheSpireMod:DimensionalGlitch","Anchor","ReplayTheSpireMod:Lightbulb","reliquary:NewFriend","Enchiridion","Strawberry","Velvet Choker","Mummified Hand","reliquary:PorcupineQuills","HornCleat","MawBank"],"acts_visited":["Exordium","TheCity","TheBeyond"],"potions_floor_usage":[6,14,16,23,33,40,50,50],"damage_taken":[{"damage":1,"enemies":"Jaw Worm","floor":1,"turns":3},{"damage":1,"enemies":"2 Louse","floor":2,"turns":3},{"damage":14,"enemies":"3 Sentries","floor":6,"turns":6},{"damage":0,"enemies":"Small Slimes","floor":8,"turns":2},{"damage":0,"enemies":"Lagavulin","floor":14,"turns":3},{"damage":20,"enemies":"Hexaghost","floor":16,"turns":12},{"damage":7,"enemies":"Shell Parasite","floor":18,"turns":6},{"damage":2,"enemies":"Chosen","floor":19,"turns":3},{"damage":0,"enemies":"Snake Plant","floor":20,"turns":5},{"damage":0,"enemies":"Shelled Parasite and Fungi","floor":21,"turns":4},{"damage":6,"enemies":"Book of Stabbing","floor":23,"turns":5},{"damage":10,"enemies":"Slavers","floor":30,"turns":4},{"damage":2,"enemies":"Automaton","floor":33,"turns":8},{"damage":1,"enemies":"Orb Walker","floor":35,"turns":3},{"damage":9,"enemies":"3 Darklings","floor":37,"turns":3},{"damage":0,"enemies":"4 Shapes","floor":38,"turns":7},{"damage":3,"enemies":"Maw","floor":39,"turns":7},{"damage":27,"enemies":"Giant Head","floor":40,"turns":10},{"damage":1,"enemies":"Reptomancer","floor":42,"turns":6},{"damage":0,"enemies":"Jaw Worm Horde","floor":45,"turns":4},{"damage":0,"enemies":"Transient","floor":48,"turns":5},{"damage":44,"enemies":"Time Eater","floor":50,"turns":14}],"seed_played":"441959327991103199","potions_obtained":[{"floor":1,"key":"FearPotion"},{"floor":2,"key":"Weak Potion"},{"floor":8,"key":"Elixir"},{"floor":18,"key":"DistilledChaos"},{"floor":19,"key":"TheSimpletonMod:AbundancePotion"},{"floor":30,"key":"Block Potion"},{"floor":35,"key":"Fire Potion"}],"is_trial":false,"path_per_floor":["M","M","?","?","$","E","R","M","T","?","R","?","R","E","R","B",null,"M","M","M","M","$","E","R","?","T","?","?","R","E","$","R","B",null,"M","T","M","M","M","E","R","E","T","$","M","R","?","M","R","B",null],"character_chosen":"THE_SIMPLETON","items_purchased":["Regen Potion","TheSimpletonMod:KeenEdge","Anchor","Energy Potion"],"campfire_rested":1,"item_purchase_floors":[5,22,22,44],"current_hp_per_floor":[75,75,68,68,68,58,58,62,62,47,47,47,47,51,51,35,75,68,68,70,72,72,68,68,68,68,43,47,47,46,46,46,55,82,81,81,74,76,75,50,50,51,51,51,53,53,53,53,77,35],"gold":144,"neow_bonus":"BOSS_RELIC","is_daily":false,"chose_seed":false,"campfire_upgraded":9,"win_rate":0.0,"timestamp":1612639255,"path_taken":["M","M","?","?","$","E","R","M","T","?","R","?","R","E","R","BOSS","M","M","M","M","$","E","R","?","T","?","?","R","E","$","R","BOSS","M","?","M","M","M","E","R","E","T","$","M","R","?","?","R","BOSS"],"items_purchased_type":["Potion","Card","Relic","Potion"],"build_version":"2020-12-22","purchased_purges":2,"victory":true,"max_hp_per_floor":[75,75,75,75,75,75,75,75,75,75,75,75,75,75,75,75,75,75,75,75,75,75,75,75,75,75,75,75,75,82,82,82,82,82,82,82,82,82,82,82,82,82,82,82,82,82,82,82,82,82],"relic_stats":{"Happy Flower":[36],"counters":[22,121],"Mummified Hand":[27],"Snecko Eye":[220,211,217,225],"Question Card":17,"MawBank":12,"obtain_stats":[{"Lantern":14,"Happy Flower":9,"Enchiridion":27,"Velvet Choker":34,"Question Card":10,"MawBank":43,"TheSimpletonMod:TheHarvester":0,"keyreminder:keyreminder":14,"reliquary:ExpiredCoupon":6,"Anchor":22,"reliquary:PorcupineQuills":40,"HornCleat":42,"Mummified Hand":36,"Strawberry":30,"Snecko Eye":0,"reliquary:NewFriend":26,"reliquary:BallBearing":10,"TheSimpletonMod:SpudOfTheInnocent":0,"TheSimpletonMod:NightSoil":0,"ReplayTheSpireMod:DimensionalGlitch":17,"ReplayTheSpireMod:Lightbulb":23},{"Lantern":5,"Happy Flower":4,"Enchiridion":11,"Velvet Choker":13,"Question Card":4,"MawBank":19,"TheSimpletonMod:TheHarvester":0,"keyreminder:keyreminder":5,"reliquary:ExpiredCoupon":3,"Anchor":10,"reliquary:PorcupineQuills":18,"HornCleat":19,"Mummified Hand":14,"Strawberry":12,"Snecko Eye":0,"reliquary:NewFriend":11,"reliquary:BallBearing":4,"TheSimpletonMod:SpudOfTheInnocent":0,"TheSimpletonMod:NightSoil":0,"ReplayTheSpireMod:DimensionalGlitch":6,"ReplayTheSpireMod:Lightbulb":11},{"Lantern":17,"Happy Flower":14,"Enchiridion":52,"Velvet Choker":64,"Question Card":14,"MawBank":98,"TheSimpletonMod:TheHarvester":0,"keyreminder:keyreminder":17,"reliquary:ExpiredCoupon":12,"Anchor":47,"reliquary:PorcupineQuills":92,"HornCleat":98,"Mummified Hand":67,"Strawberry":56,"Snecko Eye":0,"reliquary:NewFriend":52,"reliquary:BallBearing":14,"TheSimpletonMod:SpudOfTheInnocent":0,"TheSimpletonMod:NightSoil":0,"ReplayTheSpireMod:DimensionalGlitch":29,"ReplayTheSpireMod:Lightbulb":52}]},"card_choices":[{"not_picked":["TheSimpletonMod:Innovate","TheSimpletonMod:GoToMarket"],"picked":"TheSimpletonMod:KeenEdge","floor":1},{"not_picked":["TheSimpletonMod:StockTheCellar","TheSimpletonMod:SeedCoat"],"picked":"TheSimpletonMod:PestManagement","floor":2},{"not_picked":["TheSimpletonMod:SaltTheEarth","TheSimpletonMod:ControlledBurn"],"picked":"TheSimpletonMod:DesperatePlunge","floor":6},{"not_picked":["TheSimpletonMod:OnionBloom","TheSimpletonMod:Swelter","TheSimpletonMod:StockTheCellar"],"picked":"SKIP","floor":8},{"not_picked":["TheSimpletonMod:StockTheCellar","TheSimpletonMod:Coffee","TheSimpletonMod:BumperCrop"],"picked":"TheSimpletonMod:Aerate","floor":14},{"not_picked":["TheSimpletonMod:FlashPasteurize","TheSimpletonMod:FanTheFlames","TheSimpletonMod:Surplus"],"picked":"TheSimpletonMod:ErosionControl","floor":16},{"not_picked":["TheSimpletonMod:BumperCrop","TheSimpletonMod:SlashAndBurn","TheSimpletonMod:SeedCoat","TheSimpletonMod:ControlledBurn"],"picked":"SKIP","floor":18},{"not_picked":["TheSimpletonMod:Mulch","TheSimpletonMod:CloseScrape","TheSimpletonMod:DoubleBarrel","TheSimpletonMod:Ferment"],"picked":"SKIP","floor":19},{"not_picked":["TheSimpletonMod:Germinate","TheSimpletonMod:OnionBloom","TheSimpletonMod:Aerate"],"picked":"TheSimpletonMod:Chilis","floor":20},{"not_picked":["TheSimpletonMod:Thresh","TheSimpletonMod:Ferment+1","TheSimpletonMod:Rake"],"picked":"TheSimpletonMod:KeenEdge","floor":21},{"not_picked":["TheSimpletonMod:ControlledBurn","TheSimpletonMod:Mulch","TheSimpletonMod:ToughenUp"],"picked":"TheSimpletonMod:HitTheSack","floor":23},{"not_picked":["TheSimpletonMod:Ferment","TheSimpletonMod:GoToMarket","TheSimpletonMod:Sunseed"],"picked":"TheSimpletonMod:Rake+1","floor":30},{"not_picked":["TheSimpletonMod:VolatileFumes","TheSimpletonMod:FlashPasteurize","TheSimpletonMod:HitTheSack"],"picked":"TheSimpletonMod:ErosionControl","floor":33},{"not_picked":["TheSimpletonMod:CloseScrape+1","TheSimpletonMod:DoubleBarrel","TheSimpletonMod:ToughenUp","TheSimpletonMod:SpiceUp+1"],"picked":"SKIP","floor":35},{"not_picked":["TheSimpletonMod:Sunchoke","TheSimpletonMod:ResearchGrant","TheSimpletonMod:Swelter","TheSimpletonMod:OnionBloom+1"],"picked":"SKIP","floor":37},{"not_picked":["TheSimpletonMod:Rake","TheSimpletonMod:ToughenUp+1","TheSimpletonMod:CullingStrike"],"picked":"TheSimpletonMod:PestManagement+1","floor":38},{"not_picked":["TheSimpletonMod:DoubleBarrel+1","TheSimpletonMod:SlashAndBurn","TheSimpletonMod:Thresh+1","TheSimpletonMod:SeedCoat+1"],"picked":"SKIP","floor":39},{"not_picked":["TheSimpletonMod:SeedCoat","TheSimpletonMod:SoilSample+1","TheSimpletonMod:CullingStrike+1","TheSimpletonMod:FanTheFlames"],"picked":"SKIP","floor":40},{"not_picked":["TheSimpletonMod:PestManagement+1","TheSimpletonMod:GoToMarket+1","TheSimpletonMod:Germinate","TheSimpletonMod:RootDown+1"],"picked":"SKIP","floor":42},{"not_picked":["TheSimpletonMod:Ferment","TheSimpletonMod:Rototilling","TheSimpletonMod:OnionBloom","TheSimpletonMod:SpiceUp"],"picked":"SKIP","floor":45},{"not_picked":["TheSimpletonMod:SpiceUp","TheSimpletonMod:Sunchoke+1","TheSimpletonMod:StockTheCellar+1","TheSimpletonMod:ControlledBurn"],"picked":"SKIP","floor":48}],"player_experience":1047782,"relics_obtained":[{"floor":6,"key":"reliquary:ExpiredCoupon"},{"floor":9,"key":"Happy Flower"},{"floor":14,"key":"Lantern"},{"floor":23,"key":"ReplayTheSpireMod:Lightbulb"},{"floor":26,"key":"reliquary:NewFriend"},{"floor":27,"key":"Enchiridion"},{"floor":30,"key":"Strawberry"},{"floor":36,"key":"Mummified Hand"},{"floor":40,"key":"reliquary:PorcupineQuills"},{"floor":42,"key":"HornCleat"},{"floor":43,"key":"MawBank"}],"event_choices":[{"cards_removed":["TheSimpletonMod:Strike_TheSimpleton"],"damage_healed":0,"gold_gain":0,"player_choice":"Card Removal","damage_taken":7,"max_hp_gain":0,"max_hp_loss":0,"event_name":"Golden Wing","floor":3,"gold_loss":0},{"cards_removed":["TheSimpletonMod:Defend_TheSimpleton"],"damage_healed":0,"gold_gain":0,"player_choice":"Card Removal","damage_taken":0,"max_hp_gain":0,"max_hp_loss":0,"event_name":"The Cleric","floor":4,"gold_loss":50},{"damage_healed":0,"gold_gain":1,"player_choice":"Relic Relic ","damage_taken":15,"max_hp_gain":0,"max_hp_loss":0,"event_name":"betterThird:BetterScrap","floor":10,"gold_loss":0,"cards_obtained":["White Noise"]},{"damage_healed":0,"gold_gain":0,"player_choice":"Ignored","damage_taken":0,"max_hp_gain":0,"max_hp_loss":0,"event_name":"Ghosts","floor":25,"gold_loss":0},{"damage_healed":0,"gold_gain":0,"player_choice":"Obtained Book","damage_taken":16,"max_hp_gain":0,"max_hp_loss":0,"event_name":"Cursed Tome","floor":27,"gold_loss":0},{"damage_healed":4,"gold_gain":0,"player_choice":"LEAVE ","damage_taken":0,"relics_obtained":[],"max_hp_gain":0,"max_hp_loss":0,"event_name":"betterSkull:BetterSkull","floor":28,"gold_loss":0,"cards_upgraded":[]},{"damage_healed":0,"gold_gain":0,"player_choice":"Copied","damage_taken":0,"max_hp_gain":0,"max_hp_loss":0,"event_name":"Duplicator","floor":47,"gold_loss":0,"cards_obtained":["TheSimpletonMod:ErosionControl"]}],"is_beta":false,"boss_relics":[{"not_picked":["Runic Pyramid","Calling Bell"],"picked":"ReplayTheSpireMod:DimensionalGlitch"},{"not_picked":["reliquary:Ember","reliquary:WritOfMandamus"],"picked":"Velvet Choker"}],"items_purged_floors":[31,44],"is_endless":false,"potions_floor_spawned":[1,2,8,18,19,21,30,35,37,48],"ascension_level":1}}