{"host":"2xnjhc1nuqzfyzm4","time":1612590927,"event":{"mods":["100% Spire Juice","Act Like it!","Arknights","BaseMod","Beaked The Cultist","Bestiary","Better Match","Better Note","Better Sensory Stone","Better Third Choice","Block Reminder","CapriCore","CatGirl Mod","ChefMod","Colored Powertips","Displayed Cursed Tome","Dota2Spire","Downfall","Ekko","Elementarium","GungeonMod","Hallownest","Hermit","Hubris","Infinite Spire","Jedi Mod","Jorbs\u0027s Wanderer Trilogy","Luminous","Mad Scientist","Marisa????????","Menagerie","Minty Spire (QoL Compilation)","Potionbrewer","Prisma Mod","QueenMod","Relic Stats","Reliquary","Replay The Spire","Robot Space Explorer","SIMod","Shade Mod","Spikes Relics","StSLib","The Alterego","The Animator","The Blackbeard","The Bug Knight","The Cursed","The Death Knight","The Disciple","The Dragon Tamer","The Dragonkin","The Druid","The Elementalist","The Exalted","The Fake Hero","The Florist","The Gatherer","The Hayseed","The Hierophant","The Immortal","The Jungle","The Mystic","The Necromancer","The Poker Player","The Runesmith","The Sage","The Senshi","The Servant 0.9.4","The Showman","The Valiant","The Wild Card","TheBandit","TheSwordswoman","TheVacant","TheVelvet","TheWitcher","Trackpad","Waifu the Spire","WarShipGirlsR/????R mod","Yakumo Yukari mod"],"gold_per_floor":[109,127,147,32,43,43,75,75,99,99,114,114,114,134,134,235,235,248,248,248,268,122,148,148,148,148,148,158,169,185,195,207,207,207,207,207],"floor_reached":35,"language":"ENG","playtime":2722,"items_purged":[],"score":306,"play_id":"3695e3fd-8757-46da-9f20-c8d7736c4e0e","local_time":"20210205215527","is_ascension_mode":false,"campfire_choices":[{"floor":6,"key":"RECALL"},{"floor":12,"key":"REST"},{"floor":15,"key":"REST"},{"data":"hubris:InfiniteBlow+14","floor":24,"key":"SMITH"},{"data":"hubris:InfiniteBlow+15","floor":27,"key":"SMITH"},{"data":"hubris:InfiniteBlow+16","floor":33,"key":"SMITH"}],"circlet_count":0,"master_deck":["Strike_G","Strike_G","Strike_G","Strike_G","Strike_G","Defend_G","Defend_G","Defend_G","Defend_G","Defend_G","Survivor","Neutralize","Cloak And Dagger","Blade Dance","Poisoned Stab","Deflect","Dagger Spray","ReplayTheSpireMod:Black Plague","Replay:Poison Smokescreen","Replay:Sluggish","jedi:studyshivs","Die Die Die","Dagger Spray+1","Toxin Wave","hubris:InfiniteBlow+17","Slice","Acrobatics","Calculated Gamble+1","Dodge and Roll","Eviscerate","Deflect"],"relics":["Ring of the Snake","Juzu Bracelet","DemoMod:PoisonVial","ReplayTheSpireMod:Ring of Collecting","Ring of Panic","hubris:HerbalPaste","trackpad:CultistFigurine","Nloth\u0027s Gift"],"acts_visited":["Exordium","TheCity","DemoMod:Maze"],"potions_floor_usage":[5,11,16,23,30,35,35,35],"damage_taken":[{"damage":0,"enemies":"2 Louse","floor":1,"turns":1},{"damage":0,"enemies":"Jaw Worm","floor":2,"turns":1},{"damage":0,"enemies":"Cultist","floor":3,"turns":1},{"damage":2,"enemies":"Gremlin Gang","floor":5,"turns":6},{"damage":32,"enemies":"3 Sentries","floor":7,"turns":13},{"damage":0,"enemies":"3 Louse","floor":11,"turns":3},{"damage":0,"enemies":"Looter","floor":14,"turns":3},{"damage":12,"enemies":"The Guardian","floor":16,"turns":7},{"damage":12,"enemies":"2 Thieves","floor":18,"turns":4},{"damage":0,"enemies":"3 Byrds","floor":21,"turns":5},{"damage":16,"enemies":"Gremlin Leader","floor":23,"turns":4},{"damage":0,"enemies":"DemoMod:4_Bullet_Kins","floor":28,"turns":1},{"damage":0,"enemies":"DemoMod:Veteran_shot_gun_kin_and_bullet_kin","floor":29,"turns":2},{"damage":5,"enemies":"DemoMod:Veteran_shot_gun_kin_and_blue_shotgun_kin_with_gunsinger","floor":30,"turns":3},{"damage":3,"enemies":"DemoMod:Red_and_blue_shotgun_kin_with_gunsinger","floor":31,"turns":2},{"damage":1,"enemies":"DemoMod:2_Mousers","floor":32,"turns":4},{"damage":73,"enemies":"DemoMod:ResourcefulRat","floor":35,"turns":6}],"seed_played":"2774235090337787988","potions_obtained":[{"floor":3,"key":"Adrenaline Potion"},{"floor":5,"key":"Block Potion"},{"floor":7,"key":"Poison Potion"},{"floor":16,"key":"Strength Potion"},{"floor":23,"key":"Guardian:BlockOnCardUsePotion"},{"floor":29,"key":"potionbrewer:EndurancePotion"},{"floor":30,"key":"Dota2Spire:Clarity"},{"floor":31,"key":"Poison Potion"}],"is_trial":false,"path_per_floor":["M","M","M","$","M","R","E","?","T","$","M","R","?","M","R","B",null,"M","?","AVR","M","$","E","R","?","T","R","M","M","M","M","M","R","B","B"],"character_chosen":"THE_SILENT","items_purchased":["DemoMod:GnawedKey","hubris:HerbalPaste"],"campfire_rested":2,"item_purchase_floors":[4,22],"current_hp_per_floor":[70,70,70,70,68,68,36,18,18,18,18,39,39,39,60,48,70,58,58,58,58,58,48,48,48,70,70,70,70,65,65,70,70,70,0,0],"gold":207,"neow_bonus":"THREE_ENEMY_KILL","is_daily":false,"chose_seed":false,"campfire_upgraded":3,"win_rate":0.0,"timestamp":1612590927,"path_taken":["M","M","M","$","M","R","E","?","T","$","M","R","?","M","R","BOSS","M","?","AVR","M","$","E","R","?","T","R","M","M","M","M","M","R","BOSS","BOSS"],"items_purchased_type":["Relic","Relic"],"build_version":"2020-12-22","purchased_purges":0,"victory":false,"max_hp_per_floor":[70,70,70,70,70,70,70,70,70,70,70,70,70,70,70,70,70,70,70,70,70,70,70,70,70,70,70,70,70,70,70,70,70,70,70,70],"relic_stats":{"counters":[18,68],"Juzu Bracelet":1,"Nloth\u0027s Gift":1,"obtain_stats":[{"hubris:HerbalPaste":22,"NeowsBlessing":0,"DemoMod:PoisonVial":9,"ReplayTheSpireMod:Ring of Collecting":13,"DemoMod:GlassGuonStoneRelic":3,"DemoMod:GnawedKey":4,"Juzu Bracelet":7,"Nloth\u0027s Gift":25,"Ring of Panic":13,"trackpad:CultistFigurine":23,"Ring of the Snake":0},{"hubris:HerbalPaste":10,"NeowsBlessing":0,"DemoMod:PoisonVial":5,"ReplayTheSpireMod:Ring of Collecting":6,"DemoMod:GlassGuonStoneRelic":3,"DemoMod:GnawedKey":3,"Juzu Bracelet":5,"Nloth\u0027s Gift":11,"Ring of Panic":6,"trackpad:CultistFigurine":11,"Ring of the Snake":0},{"hubris:HerbalPaste":44,"NeowsBlessing":0,"DemoMod:PoisonVial":22,"ReplayTheSpireMod:Ring of Collecting":25,"DemoMod:GlassGuonStoneRelic":3,"DemoMod:GnawedKey":3,"Juzu Bracelet":22,"Nloth\u0027s Gift":48,"Ring of Panic":25,"trackpad:CultistFigurine":48,"Ring of the Snake":0}],"Ring of the Snake":[36]},"card_choices":[{"not_picked":["Deadly Poison","Dagger Throw"],"picked":"Cloak And Dagger","floor":1},{"not_picked":["Outmaneuver","Infinite Blades"],"picked":"Blade Dance","floor":2},{"not_picked":["PiercingWail","Dagger Throw"],"picked":"Poisoned Stab","floor":3},{"not_picked":["Sneak Up","Acrobatics"],"picked":"Deflect","floor":5},{"not_picked":["Expertise","Toxin Wave"],"picked":"Dagger Spray","floor":7},{"not_picked":["ReplayTheSpireMod:Haul","ReplayTheSpireMod:Echoes of Time"],"picked":"ReplayTheSpireMod:Black Plague","floor":8},{"not_picked":["jedi:poisonivy","Quick Slash"],"picked":"Replay:Poison Smokescreen","floor":11},{"not_picked":["Replay:Poison Smokescreen","PiercingWail"],"picked":"jedi:studyshivs","floor":14},{"not_picked":["Burst","Storm of Steel"],"picked":"Die Die Die","floor":16},{"not_picked":["Cloak And Dagger","Hidden Blade"],"picked":"Dagger Spray+1","floor":18},{"not_picked":["Deflect","Caltrops"],"picked":"Slice","floor":21},{"not_picked":["Skewer","Hidden Blade"],"picked":"Acrobatics","floor":23},{"not_picked":["Cloak And Dagger+1","hubris:SlightOfHand"],"picked":"Calculated Gamble+1","floor":28},{"not_picked":["Caltrops+1","hubris:SlightOfHand+1"],"picked":"Dodge and Roll","floor":29},{"not_picked":["Malaise","Eviscerate","Dodge and Roll+1"],"picked":"SKIP","floor":30},{"not_picked":["Malaise","Dodge and Roll+1"],"picked":"Eviscerate","floor":30},{"not_picked":["Quick Slash","Dodge and Roll+1"],"picked":"Deflect","floor":31},{"not_picked":["Poisoned Stab","Sucker Punch","Underhanded Strike+1"],"picked":"SKIP","floor":32}],"player_experience":204923,"relics_obtained":[{"floor":7,"key":"Juzu Bracelet"},{"floor":9,"key":"DemoMod:PoisonVial"},{"floor":13,"key":"ReplayTheSpireMod:Ring of Collecting"},{"floor":13,"key":"Ring of Panic"},{"floor":23,"key":"trackpad:CultistFigurine"}],"event_choices":[{"cards_removed":["Cloak And Dagger"],"damage_healed":0,"gold_gain":0,"player_choice":"Take \u0026 Give","damage_taken":0,"max_hp_gain":0,"max_hp_loss":0,"event_name":"betterNote:BetterNote","floor":19,"gold_loss":0,"cards_obtained":["Toxin Wave"]},{"damage_healed":0,"gold_gain":0,"player_choice":"Traded Relic","damage_taken":0,"relics_obtained":["Nloth\u0027s Gift"],"max_hp_gain":0,"max_hp_loss":0,"event_name":"N\u0027loth","floor":25,"relics_lost":["NeowsBlessing"],"gold_loss":0}],"is_beta":false,"boss_relics":[{"not_picked":["Cursed Key","ChewingGum","trackpad:Coffee"]}],"items_purged_floors":[],"is_endless":false,"potions_floor_spawned":[3,5,7,16,23,29,30,31],"killed_by":"DemoMod:ResourcefulRat","ascension_level":0}}