{"host":"w4b7hmige5bnqipq","time":1612608424,"event":{"mods":["2.2 Compatiblity","BaseMod","Colored Map","DeckTracker","Keyboard Shortcuts","Minty Spire (QoL Compilation)","Permanent Neow","Rare Cards Sparkle","SuperFastMode","everything is the same but u backflip on backflip","slay the spire mod where everything is the same but ironclad has a cowboy hat"],"gold_per_floor":[113,188,204,204,379,379,411,424,447,477,505,505,517,530,530,606,606,626,626,606,36,63,63,162,162,238,263,263,294,294,325,325,397,397,409,684,164,189,201,236,267,279,318,330,357,424,103,0,0,0,0,0,0,28,28,28],"floor_reached":55,"language":"KOR","playtime":2780,"items_purged":["Doubt","Regret","Strike_B"],"score":1444,"play_id":"ff67ee9f-e104-4cbd-8056-056616aece0c","local_time":"20210206194704","is_ascension_mode":true,"campfire_choices":[{"floor":6.0,"key":"REST"},{"floor":12.0,"key":"REST"},{"floor":15.0,"key":"REST"},{"data":"Fission","floor":23.0,"key":"SMITH"},{"data":"Buffer","floor":25.0,"key":"SMITH"},{"data":"Defragment","floor":28.0,"key":"SMITH"},{"floor":32.0,"key":"REST"},{"floor":42.0,"key":"RECALL"},{"floor":49.0,"key":"REST"},{"data":"Darkness","floor":52.0,"key":"SMITH"}],"circlet_count":0,"master_deck":["AscendersBane","Strike_B","Defend_B","Defend_B","Defend_B","Defend_B","Zap","Dualcast","Steam Power","Reinforced Body","Genetic Algorithm","Chill","Doom and Gloom","Defragment+1","Undo","Buffer+1","Coolheaded","Fission+1","Consume","Aggregate","Blizzard","Creative AI","Lockon+1","Darkness+1","Glacier","Glacier+1","Defragment+1","Aggregate"],"relics":["Cracked Core","Akabeko","Dead Branch","Tiny Chest","Unceasing Top","Odd Mushroom","Snecko Eye","Nilry\u0027s Codex","Peace Pipe","OrangePellets","Bronze Scales","The Courier","Prayer Wheel","Symbiotic Virus","Blue Candle","Sozu","Ancient Tea Set","Sundial","Happy Flower","Bag of Preparation","MawBank","FossilizedHelix","TheAbacus","Strawberry","Red Mask","Orichalcum"],"acts_visited":["Exordium","TheCity","TheBeyond","TheEnding"],"potions_floor_usage":[],"damage_taken":[{"damage":0.0,"enemies":"Jaw Worm","floor":1.0,"turns":3.0},{"damage":0.0,"enemies":"2 Louse","floor":3.0,"turns":4.0},{"damage":33.0,"enemies":"Lagavulin","floor":7.0,"turns":9.0},{"damage":2.0,"enemies":"Small Slimes","floor":8.0,"turns":4.0},{"damage":0.0,"enemies":"3 Sentries","floor":10.0,"turns":7.0},{"damage":8.0,"enemies":"The Mushroom Lair","floor":11.0,"turns":6.0},{"damage":4.0,"enemies":"2 Fungi Beasts","floor":13.0,"turns":3.0},{"damage":5.0,"enemies":"Exordium Thugs","floor":14.0,"turns":6.0},{"damage":21.0,"enemies":"The Guardian","floor":16.0,"turns":15.0},{"damage":0.0,"enemies":"Spheric Guardian","floor":18.0,"turns":5.0},{"damage":5.0,"enemies":"Book of Stabbing","floor":27.0,"turns":6.0},{"damage":24.0,"enemies":"Slavers","floor":29.0,"turns":5.0},{"damage":0.0,"enemies":"Book of Stabbing","floor":31.0,"turns":6.0},{"damage":26.0,"enemies":"Automaton","floor":33.0,"turns":11.0},{"damage":0.0,"enemies":"3 Darklings","floor":35.0,"turns":7.0},{"damage":0.0,"enemies":"3 Shapes","floor":39.0,"turns":3.0},{"damage":25.0,"enemies":"Reptomancer","floor":40.0,"turns":7.0},{"damage":0.0,"enemies":"Writhing Mass","floor":41.0,"turns":4.0},{"damage":8.0,"enemies":"Spire Growth","floor":45.0,"turns":9.0},{"damage":0.0,"enemies":"2 Orb Walkers","floor":46.0,"turns":6.0},{"damage":0.0,"enemies":"Donu and Deca","floor":50.0,"turns":11.0},{"damage":34,"enemies":"Shield and Spear","floor":54,"turns":8},{"damage":49,"enemies":"The Heart","floor":55,"turns":3}],"seed_played":"2475422699689455519","potions_obtained":[{"floor":1.0,"key":"Fire Potion"},{"floor":3.0,"key":"ColorlessPotion"},{"floor":13.0,"key":"SkillPotion"},{"floor":16.0,"key":"Fruit Juice"},{"floor":20.0,"key":"EssenceOfDarkness"},{"floor":27.0,"key":"PowerPotion"},{"floor":33.0,"key":"GamblersBrew"}],"is_trial":false,"path_per_floor":["M","?","M","?","?","R","E","M","T","E","?","R","M","M","R","B",null,"M","?","?","$","T","R","?","R","T","E","R","E","?","E","R","B",null,"M","?","$","T","M","E","M","R","T","?","M","?","$","?","R","B",null,"R","$","E","B"],"character_chosen":"DEFECT","items_purchased":["Peace Pipe","OrangePellets","Aggregate","Ancient Tea Set","Sundial","Happy Flower","TheAbacus","Strawberry"],"campfire_rested":5,"item_purchase_floors":[21,21,21,37,37,37,47,47],"current_hp_per_floor":[46,35,35,28,28,49,16,14,14,14,6,27,23,18,39,18,58,58,42,42,42,42,42,42,42,42,42,42,18,18,18,40,14,61,61,61,61,61,61,36,36,36,36,36,28,28,35,35,59,59,77,77,77,43,0,0],"gold":28,"neow_bonus":"TRANSFORM_TWO_CARDS","is_daily":false,"chose_seed":false,"campfire_upgraded":4,"win_rate":0.0,"timestamp":1612608424,"path_taken":["M","?","M","?","?","R","E","M","T","E","?","R","M","M","R","BOSS","M","?","?","$","?","R","?","R","T","E","R","E","?","E","R","BOSS","M","?","$","?","M","E","M","R","T","?","M","?","$","?","R","BOSS","R","$","E","BOSS"],"items_purchased_type":["Relic","Relic","Card","Relic","Relic","Relic","Relic","Relic"],"build_version":"2020-12-22","purchased_purges":3,"victory":false,"max_hp_per_floor":[71,71,71,71,71,71,71,71,71,71,71,71,71,71,71,71,71,71,71,71,71,71,71,71,71,71,76,76,76,76,76,76,76,76,76,76,76,76,76,76,76,76,76,76,76,76,83,83,83,83,83,83,83,83,83,83],"card_choices":[{"not_picked":["Cold Snap","Chaos"],"picked":"Genetic Algorithm","floor":1.0},{"not_picked":["Conserve Battery","Scrape"],"picked":"Chill","floor":3.0},{"not_picked":["Sweeping Beam","Streamline"],"picked":"Doom and Gloom","floor":7.0},{"not_picked":["Double Energy","Beam Cell"],"picked":"Defragment","floor":8.0},{"not_picked":["Steam","Redo","Hologram"],"picked":"SKIP","floor":10.0},{"not_picked":["Reinforced Body","Redo"],"picked":"Undo","floor":11.0},{"not_picked":["Leap","BootSequence"],"picked":"Buffer","floor":13.0},{"not_picked":["Steam","Fusion"],"picked":"Coolheaded","floor":14.0},{"not_picked":["Amplify","All For One"],"picked":"Fission","floor":16.0},{"not_picked":["Compile Driver","Leap"],"picked":"Consume","floor":18.0},{"not_picked":["Thunder Strike","Consume"],"picked":"Blizzard","floor":27.0},{"not_picked":["Sunder","Skim"],"picked":"Compile Driver+1","floor":29.0},{"not_picked":["Chaos","BootSequence","Leap+1"],"picked":"SKIP","floor":31.0},{"not_picked":["Hyperbeam","Biased Cognition"],"picked":"Creative AI","floor":33.0},{"not_picked":["Scrape+1","Go for the Eyes"],"picked":"Lockon+1","floor":35.0},{"not_picked":["Ball Lightning","Steam","Genetic Algorithm+1"],"picked":"SKIP","floor":35.0},{"not_picked":["Ball Lightning","Steam","Genetic Algorithm+1"],"picked":"SKIP","floor":35.0},{"not_picked":["Sunder","Hologram","Barrage+1"],"picked":"SKIP","floor":39.0},{"not_picked":["Rebound","Genetic Algorithm","Force Field"],"picked":"SKIP","floor":39.0},{"not_picked":["White Noise","Redo"],"picked":"Darkness","floor":40.0},{"not_picked":["Beam Cell+1","Storm"],"picked":"Glacier","floor":41.0},{"not_picked":["Tempest","Hello World","Barrage"],"picked":"SKIP","floor":41.0},{"not_picked":["Undo+1","Cold Snap"],"picked":"Glacier+1","floor":45.0},{"not_picked":["Hologram","Turbo","Redo+1"],"picked":"SKIP","floor":45.0},{"not_picked":["Gash","Steam Power"],"picked":"Defragment+1","floor":46.0},{"not_picked":["Beam Cell","Gash+1"],"picked":"Aggregate","floor":54}],"player_experience":715335,"relics_obtained":[{"floor":7.0,"key":"Dead Branch"},{"floor":9.0,"key":"Tiny Chest"},{"floor":10.0,"key":"Unceasing Top"},{"floor":11.0,"key":"Odd Mushroom"},{"floor":19.0,"key":"Nilry\u0027s Codex"},{"floor":22.0,"key":"Bronze Scales"},{"floor":26.0,"key":"The Courier"},{"floor":27.0,"key":"Prayer Wheel"},{"floor":29.0,"key":"Symbiotic Virus"},{"floor":31.0,"key":"Blue Candle"},{"floor":38.0,"key":"Bag of Preparation"},{"floor":40.0,"key":"MawBank"},{"floor":46.0,"key":"FossilizedHelix"},{"floor":54,"key":"Orichalcum"}],"event_choices":[{"damage_healed":0.0,"max_hp_gain":0.0,"max_hp_loss":0.0,"gold_gain":75.0,"event_name":"World of Goop","player_choice":"Gather Gold","floor":2.0,"gold_loss":0.0,"damage_taken":11.0},{"damage_healed":0.0,"max_hp_gain":0.0,"max_hp_loss":0.0,"gold_gain":0.0,"event_name":"Scrap Ooze","player_choice":"Success","floor":4.0,"gold_loss":0.0,"damage_taken":7.0,"relics_obtained":["Akabeko"]},{"damage_healed":0.0,"max_hp_gain":0.0,"max_hp_loss":0.0,"gold_gain":175.0,"event_name":"Liars Game","player_choice":"AGREE","floor":5.0,"gold_loss":0.0,"damage_taken":0.0,"cards_obtained":["Doubt"]},{"damage_healed":0.0,"max_hp_gain":0.0,"max_hp_loss":0.0,"gold_gain":0.0,"event_name":"Mushrooms","player_choice":"Fought Mushrooms","floor":11.0,"gold_loss":0.0,"damage_taken":0.0},{"damage_healed":0.0,"max_hp_gain":0.0,"max_hp_loss":0.0,"gold_gain":0.0,"event_name":"Cursed Tome","player_choice":"Obtained Book","floor":19.0,"gold_loss":0.0,"damage_taken":16.0},{"damage_healed":0.0,"max_hp_gain":0.0,"max_hp_loss":0.0,"gold_gain":0.0,"event_name":"The Woman in Blue","player_choice":"Bought 1 Potion","floor":20.0,"gold_loss":0.0,"damage_taken":0.0},{"damage_healed":0.0,"max_hp_gain":0.0,"max_hp_loss":0.0,"gold_gain":99.0,"event_name":"Nest","player_choice":"Stole From Cult","floor":24.0,"gold_loss":0.0,"damage_taken":0.0},{"damage_healed":0.0,"max_hp_gain":0.0,"max_hp_loss":0.0,"gold_gain":0.0,"event_name":"Vampires","player_choice":"Ignored","floor":30.0,"gold_loss":0.0,"damage_taken":0.0},{"damage_healed":0.0,"max_hp_gain":0.0,"max_hp_loss":0.0,"gold_gain":275.0,"event_name":"Golden Shrine","player_choice":"Desecrate","floor":36.0,"gold_loss":0.0,"damage_taken":0.0,"cards_obtained":["Regret"]},{"cards_removed":["Compile Driver"],"damage_healed":0.0,"max_hp_gain":0.0,"max_hp_loss":0.0,"gold_gain":0.0,"event_name":"Falling","player_choice":"Removed Attack","floor":44.0,"gold_loss":0.0,"damage_taken":0.0},{"damage_healed":0.0,"max_hp_gain":0.0,"max_hp_loss":0.0,"gold_gain":0.0,"event_name":"Mysterious Sphere","player_choice":"Fight","floor":46.0,"gold_loss":0.0,"damage_taken":0.0},{"damage_healed":0.0,"max_hp_gain":0.0,"max_hp_loss":0.0,"gold_gain":0.0,"event_name":"Tomb of Lord Red Mask","player_choice":"Paid","floor":48.0,"gold_loss":103.0,"damage_taken":0.0,"relics_obtained":["Red Mask"]}],"is_beta":false,"boss_relics":[{"not_picked":["Pandora\u0027s Box","Cursed Key"],"picked":"Snecko Eye"},{"not_picked":["Inserter","Black Star"],"picked":"Sozu"}],"items_purged_floors":[21,37,47],"is_endless":false,"potions_floor_spawned":[1,3,13,16,27,33,35,41,45,54],"killed_by":"The Heart","ascension_level":14}}