{"host":"630px4nyj50z5id8","time":1612596137,"event":{"mods":["BaseMod","Better Note","Colored Powertips","Good Game Mod","Minty Spire (QoL Compilation)","Quick Restart","Rare Cards Sparkle","Relic Filter Mod","Replay The Spire","StSLib","Waifu the Spire"],"gold_per_floor":[116,129,2,2,2,43,43,76,76,94,118,136,152,190,190,190,190],"floor_reached":16,"language":"ZHS","playtime":728,"items_purged":["Strike_R"],"score":223,"play_id":"2ff62f88-8197-450c-95b4-2d912383d3a5","local_time":"20210206152217","is_ascension_mode":true,"campfire_choices":[{"data":"Flex","floor":7.0,"key":"SMITH"},{"data":"Feed","floor":15,"key":"SMITH"}],"circlet_count":0,"master_deck":["Strike_R","Strike_R","Strike_R","Strike_R","Defend_R","Defend_R","Defend_R","Bash","Feed+1","Power Through","Massacre","Flex+1","Demonic Infusion","Burning Pact","Spot Weakness","Fire Breathing","Hemogenesis"],"relics":["Burning Blood","REME:ComplimentaryCards","NeowsBlessing","Golden Idol","Durian","Lantern","ReplayTheSpireMod:Shallot","Bag of Preparation"],"acts_visited":["Exordium"],"potions_floor_usage":[14,14,16],"damage_taken":[{"damage":0.0,"enemies":"2 Louse","floor":1.0,"turns":2.0},{"damage":0.0,"enemies":"Small Slimes","floor":2.0,"turns":2.0},{"damage":0.0,"enemies":"Gremlin Nob","floor":6.0,"turns":1.0},{"damage":42.0,"enemies":"3 Sentries","floor":8.0,"turns":10.0},{"damage":0.0,"enemies":"Jaw Worm","floor":10.0,"turns":5.0},{"damage":8.0,"enemies":"Gremlin Gang","floor":11.0,"turns":4.0},{"damage":5.0,"enemies":"Lots of Slimes","floor":12.0,"turns":4.0},{"damage":12.0,"enemies":"3 Louse","floor":13.0,"turns":4.0},{"damage":1,"enemies":"Lagavulin","floor":14,"turns":6},{"damage":64,"enemies":"Hexaghost","floor":16,"turns":11}],"seed_played":"7502026667804844993","potions_obtained":[{"floor":6.0,"key":"ElixirPotion"},{"floor":11.0,"key":"AttackPotion"},{"floor":13.0,"key":"BlessingOfTheForge"},{"floor":14,"key":"Weak Potion"}],"is_trial":false,"path_per_floor":["M","M","$","?","?","E","R","E","T","M","M","M","M","E","R","B"],"character_chosen":"IRONCLAD","items_purchased":["Flex"],"campfire_rested":0,"item_purchase_floors":[3],"current_hp_per_floor":[81,86,86,65,58,72,72,36,36,45,46,50,47,52,52,0,0],"gold":190,"neow_bonus":"THREE_ENEMY_KILL","is_daily":false,"chose_seed":false,"campfire_upgraded":2,"win_rate":0.0,"timestamp":1612596137,"path_taken":["M","M","$","?","?","E","R","E","T","M","M","M","M","E","R","BOSS"],"items_purchased_type":["Card"],"build_version":"2020-12-22","purchased_purges":1,"victory":false,"max_hp_per_floor":[83,86,86,86,86,94,94,94,94,97,100,103,106,106,106,106,106],"card_choices":[{"not_picked":["Warcry","Havoc"],"picked":"Power Through","floor":1.0},{"not_picked":["Run Through","Anger"],"picked":"Massacre","floor":2.0},{"not_picked":["Headbutt","Run Through"],"picked":"Demonic Infusion","floor":6.0},{"not_picked":["Sword Boomerang","Perfected Strike"],"picked":"Burning Pact","floor":8.0},{"not_picked":["Life Link","Cleave"],"picked":"Spot Weakness","floor":10.0},{"not_picked":["Pommel Strike","Body Slam"],"picked":"Fire Breathing","floor":11.0},{"not_picked":["Thunderclap","Perfected Strike","ReplayReversal"],"picked":"SKIP","floor":12.0},{"not_picked":["Clash","Metallicize","Havoc"],"picked":"SKIP","floor":13.0},{"not_picked":["Massacre","Immolate"],"picked":"Hemogenesis","floor":14}],"player_experience":398036,"relics_obtained":[{"floor":6.0,"key":"Durian"},{"floor":8.0,"key":"Lantern"},{"floor":9.0,"key":"ReplayTheSpireMod:Shallot"},{"floor":14,"key":"Bag of Preparation"}],"event_choices":[{"damage_healed":0.0,"max_hp_gain":0.0,"max_hp_loss":0.0,"gold_gain":0.0,"event_name":"Golden Idol","player_choice":"Take Damage","floor":4.0,"gold_loss":0.0,"damage_taken":21.0,"relics_obtained":["Golden Idol"]},{"cards_removed":["Defend_R"],"damage_healed":0.0,"max_hp_gain":0.0,"max_hp_loss":0.0,"gold_gain":0.0,"event_name":"Golden Wing","player_choice":"Card Removal","floor":5.0,"gold_loss":0.0,"damage_taken":7.0}],"is_beta":false,"boss_relics":[],"items_purged_floors":[3],"is_endless":false,"potions_floor_spawned":[6,11,13,14],"killed_by":"Hexaghost","ascension_level":7}}