{"host":"i0m6ffz3lpe3z1ky","time":1612633243,"event":{"mods":["Aspiration","BaseMod","Bestiary","BetterRewards","Colored Map","Conspire","Energized Spire","Highlight Path","Hubris","Ironclad Rager","Minty Spire (QoL Compilation)","Quick Restart","Reliquary","Shop Mod","Spicy Shops","StSLib","Thieving Mod"],"gold_per_floor":[113,131,149,224,61,61,90,90,117,117,149,173,185,185,185],"floor_reached":14,"language":"KOR","playtime":407,"items_purged":[],"score":196,"play_id":"104062b7-5f94-4577-89ca-23fbfee0e1bc","local_time":"20210207024043","is_ascension_mode":true,"campfire_choices":[{"data":"Carnage","floor":6.0,"key":"SMITH"},{"data":"Perfected Strike","floor":8,"key":"SMITH"},{"floor":10,"key":"REST"}],"circlet_count":0,"master_deck":["AscendersBane","Strike_R","Strike_R","Strike_R","Strike_R","Strike_R","Defend_R","Defend_R","Defend_R","Defend_R","Bash","Cleave","Carnage+1","Seeing Red","Perfected Strike+1"],"relics":["Burning Blood","hubris:Potato","reliquary:Stiletto","hubris:AstralHammer","aspiration:FetidBarrel","ClockworkSouvenir","Dream Catcher","Blood Vial","conspire:InfiniteJournal"],"acts_visited":["Exordium"],"potions_floor_usage":[7],"damage_taken":[{"damage":8.0,"enemies":"Small Slimes","floor":1.0,"turns":3.0},{"damage":7.0,"enemies":"Jaw Worm","floor":2.0,"turns":4.0},{"damage":0.0,"enemies":"Cultist","floor":3.0,"turns":2.0},{"damage":10,"enemies":"3 Sentries","floor":7,"turns":5},{"damage":30,"enemies":"Lagavulin","floor":11,"turns":5},{"damage":17,"enemies":"Lots of Slimes","floor":13,"turns":3},{"damage":10,"enemies":"3 Sentries","floor":14,"turns":3}],"seed_played":"5639949852614858563","potions_obtained":[{"floor":2.0,"key":"Swift Potion"},{"floor":11,"key":"Ancient Potion"}],"is_trial":false,"path_per_floor":["M","M","M","?","$","R","E","R","T","R","E","T","M","E"],"character_chosen":"IRONCLAD","items_purchased":["hubris:Potato","reliquary:Stiletto","hubris:AstralHammer","aspiration:FetidBarrel","Cleave","ClockworkSouvenir"],"campfire_rested":1,"item_purchase_floors":[0,0,0,0,0,5],"current_hp_per_floor":[31,30,36,25,25,25,21,21,21,43,21,21,12,4,4],"gold":185,"neow_bonus":"","is_daily":false,"chose_seed":false,"campfire_upgraded":2,"win_rate":0.0,"timestamp":1612633243,"path_taken":["M","M","M","?","$","R","E","R","T","R","E","?","?","E"],"items_purchased_type":["Relic","Relic","Relic","Relic","Card","Relic"],"build_version":"2020-12-22","purchased_purges":0,"victory":false,"max_hp_per_floor":[75,75,75,75,75,75,75,75,75,75,75,75,75,75,75],"card_choices":[{"not_picked":["Rampage","Entrench","Flex"],"picked":"SKIP","floor":1.0},{"not_picked":["Flame Barrier","Shrug It Off"],"picked":"Carnage","floor":2.0},{"not_picked":["Body Slam","Warcry"],"picked":"Seeing Red","floor":3.0},{"not_picked":["Bloodletting","Rupture"],"picked":"Perfected Strike","floor":7},{"not_picked":["Rupture","Uppercut","Thunderclap"],"picked":"SKIP","floor":11},{"not_picked":["Sword Boomerang","Warcry","Infernal Blade"],"picked":"SKIP","floor":13}],"player_experience":505727,"relics_obtained":[{"floor":7,"key":"Dream Catcher"},{"floor":9,"key":"Blood Vial"},{"floor":11,"key":"conspire:InfiniteJournal"}],"event_choices":[{"damage_healed":0.0,"max_hp_gain":0.0,"max_hp_loss":0.0,"gold_gain":75.0,"event_name":"World of Goop","player_choice":"Gather Gold","floor":4.0,"gold_loss":0.0,"damage_taken":11.0}],"is_beta":false,"boss_relics":[],"items_purged_floors":[],"is_endless":false,"potions_floor_spawned":[2,3,11],"killed_by":"3 Sentries","ascension_level":20}}