{"host":"6p0attdrtjqaih7v","time":1612591822,"event":{"mods":["2.2 Compatiblity","AchievementEnabler","Bard","BaseMod","Better Skull","Better Third Choice","Colored Powertips","Hermit","Highlight Path","Key Reminder","Minty Spire (QoL Compilation)","Permanent Neow","Quick Restart","Random Character Button","Relic Stats","Reliquary","Replay The Spire","Robot Space Explorer","StSLib","The Hayseed","The Witch"],"gold_per_floor":[116,136,152,166,166,166,191,191,191,213,239,267,306,318,330,437,449,481,513,440,85,101,135,135,35,35,48,77,90,90,106,106,106,106],"floor_reached":33,"language":"ENG","playtime":1683,"items_purged":["TheSimpletonMod:Strike_TheSimpleton","TheSimpletonMod:Strike_TheSimpleton"],"score":301,"play_id":"bb4bd969-6b34-4c44-ad1e-833bdb11a245","local_time":"20210206011022","is_ascension_mode":false,"campfire_choices":[{"data":"TheSimpletonMod:ReapAndSow","floor":6,"key":"SMITH"},{"data":"TheSimpletonMod:Haymaker","floor":8,"key":"SMITH"},{"floor":15,"key":"REST"},{"data":"TheSimpletonMod:RootDown","floor":24,"key":"SMITH"},{"data":"TheSimpletonMod:ToughenUp","floor":30,"key":"SMITH"},{"data":"TheSimpletonMod:ToughenUp","floor":32,"key":"SMITH"}],"circlet_count":0,"master_deck":["TheSimpletonMod:Strike_TheSimpleton","TheSimpletonMod:Strike_TheSimpleton","TheSimpletonMod:Defend_TheSimpleton","TheSimpletonMod:Defend_TheSimpleton","TheSimpletonMod:Defend_TheSimpleton","TheSimpletonMod:Defend_TheSimpleton","TheSimpletonMod:Haymaker+1","TheSimpletonMod:ReapAndSow+1","TheSimpletonMod:Fertilaser","TheSimpletonMod:VineRipen","TheSimpletonMod:PestManagement","TheSimpletonMod:RootDown+1","TheSimpletonMod:Squash+1","TheSimpletonMod:VineRipen","TheSimpletonMod:Sunchoke","TheSimpletonMod:HitTheSack","TheSimpletonMod:KeenEdge+1","TheSimpletonMod:ToughenUp+1","TheSimpletonMod:Fertilaser+1","TheSimpletonMod:VineRipen","TheSimpletonMod:ToughenUp+1"],"relics":["TheSimpletonMod:NightSoil","TheSimpletonMod:TheHarvester","Sozu","reliquary:TatteredRug","MawBank","Snack Pack","reliquary:Craggleroot","Torii","Lantern","Nunchaku","Replay:Rubber Ducky","HornCleat","reliquary:SharkskinSheath","keyreminder:keyreminder"],"acts_visited":["Exordium","TheCity"],"potions_floor_usage":[],"damage_taken":[{"damage":0,"enemies":"2 Louse","floor":1,"turns":1},{"damage":2,"enemies":"Jaw Worm","floor":2,"turns":4},{"damage":7,"enemies":"Small Slimes","floor":3,"turns":4},{"damage":6,"enemies":"Exordium Wildlife","floor":4,"turns":3},{"damage":3,"enemies":"Lagavulin","floor":7,"turns":9},{"damage":1,"enemies":"2 Fungi Beasts","floor":10,"turns":2},{"damage":13,"enemies":"3 Louse","floor":11,"turns":4},{"damage":25,"enemies":"Gremlin Gang","floor":12,"turns":4},{"damage":36,"enemies":"Gremlin Nob","floor":13,"turns":6},{"damage":2,"enemies":"The Guardian","floor":16,"turns":12},{"damage":5,"enemies":"Chosen","floor":18,"turns":6},{"damage":11,"enemies":"Spheric Guardian","floor":19,"turns":5},{"damage":18,"enemies":"Shelled Parasite and Fungi","floor":22,"turns":6},{"damage":23,"enemies":"Gremlin Leader","floor":23,"turns":10},{"damage":0,"enemies":"Centurion and Healer","floor":27,"turns":7},{"damage":58,"enemies":"Book of Stabbing","floor":28,"turns":9},{"damage":0,"enemies":"Snecko","floor":29,"turns":5},{"damage":0,"enemies":"3 Cultists","floor":31,"turns":6},{"damage":73,"enemies":"Collector","floor":33,"turns":8}],"seed_played":"-6245535780278842903","potions_obtained":[],"is_trial":false,"path_per_floor":["M","M","M","M","?","R","E","R","T","M","M","M","E","?","R","B",null,"M","M","?","$","M","E","R","$","T","M","E","M","R","M","R","B"],"character_chosen":"THE_SIMPLETON","items_purchased":["Lantern","Nunchaku"],"campfire_rested":1,"item_purchase_floors":[21,21],"current_hp_per_floor":[75,75,68,66,71,71,72,72,72,77,70,51,21,21,45,69,80,80,73,73,73,67,68,68,68,68,80,31,35,35,43,43,0,0],"gold":106,"neow_bonus":"BOSS_RELIC","is_daily":false,"chose_seed":false,"campfire_upgraded":5,"win_rate":0.0,"timestamp":1612591822,"path_taken":["M","M","M","M","?","R","E","R","T","M","M","M","E","?","R","BOSS","M","M","?","$","M","E","R","?","T","M","E","M","R","M","R","BOSS"],"items_purchased_type":["Relic","Relic"],"build_version":"2020-12-22","purchased_purges":2,"victory":false,"max_hp_per_floor":[75,75,75,75,80,80,80,80,80,80,80,80,80,80,80,80,80,80,80,80,80,80,80,80,80,80,80,80,80,80,80,80,80,80],"relic_stats":{"Sozu":8,"Nunchaku":[14],"Torii":19,"counters":[19,111],"MawBank":144,"obtain_stats":[{"Lantern":21,"Torii":20,"reliquary:TatteredRug":7,"MawBank":9,"Replay:Rubber Ducky":23,"TheSimpletonMod:TheHarvester":0,"Sozu":0,"keyreminder:keyreminder":28,"Nunchaku":21,"HornCleat":26,"reliquary:Craggleroot":17,"TheSimpletonMod:SpudOfTheInnocent":0,"Snack Pack":13,"TheSimpletonMod:NightSoil":0,"reliquary:SharkskinSheath":28},{"Lantern":12,"Torii":12,"reliquary:TatteredRug":5,"MawBank":5,"Replay:Rubber Ducky":14,"TheSimpletonMod:TheHarvester":0,"Sozu":0,"keyreminder:keyreminder":16,"Nunchaku":12,"HornCleat":14,"reliquary:Craggleroot":10,"TheSimpletonMod:SpudOfTheInnocent":0,"Snack Pack":9,"TheSimpletonMod:NightSoil":0,"reliquary:SharkskinSheath":16},{"Lantern":60,"Torii":60,"reliquary:TatteredRug":21,"MawBank":21,"Replay:Rubber Ducky":76,"TheSimpletonMod:TheHarvester":0,"Sozu":0,"keyreminder:keyreminder":92,"Nunchaku":60,"HornCleat":76,"reliquary:Craggleroot":49,"TheSimpletonMod:SpudOfTheInnocent":0,"Snack Pack":37,"TheSimpletonMod:NightSoil":0,"reliquary:SharkskinSheath":92}]},"card_choices":[{"not_picked":["TheSimpletonMod:CloseScrape","TheSimpletonMod:ControlledBurn"],"picked":"TheSimpletonMod:Fertilaser","floor":1},{"not_picked":["TheSimpletonMod:PestManagement","TheSimpletonMod:Ferment"],"picked":"TheSimpletonMod:VineRipen","floor":2},{"not_picked":["TheSimpletonMod:BumperCrop","TheSimpletonMod:DoubleBarrel"],"picked":"TheSimpletonMod:PestManagement","floor":3},{"not_picked":["TheSimpletonMod:GoToMarket","TheSimpletonMod:CropRotation"],"picked":"TheSimpletonMod:RootDown","floor":4},{"not_picked":["TheSimpletonMod:VolatileFumes","TheSimpletonMod:OnionBloom","TheSimpletonMod:DoubleBarrel"],"picked":"SKIP","floor":7},{"not_picked":["TheSimpletonMod:SpiceUp","TheSimpletonMod:Pruning","TheSimpletonMod:SaladShooter"],"picked":"SKIP","floor":10},{"not_picked":["TheSimpletonMod:PestManagement","TheSimpletonMod:Sunchoke"],"picked":"TheSimpletonMod:Squash","floor":11},{"not_picked":["TheSimpletonMod:Ferment","TheSimpletonMod:Sunchoke"],"picked":"TheSimpletonMod:VineRipen","floor":12},{"not_picked":["TheSimpletonMod:GoToMarket","TheSimpletonMod:CropRotation"],"picked":"TheSimpletonMod:Sunchoke","floor":13},{"not_picked":["TheSimpletonMod:TakeHeart","TheSimpletonMod:FlashPasteurize"],"picked":"TheSimpletonMod:HitTheSack","floor":16},{"not_picked":["TheSimpletonMod:Rototilling","TheSimpletonMod:CropRotation+1"],"picked":"TheSimpletonMod:KeenEdge+1","floor":18},{"not_picked":["TheSimpletonMod:DoubleBarrel","TheSimpletonMod:SeedCoat"],"picked":"TheSimpletonMod:ToughenUp","floor":19},{"not_picked":["TheSimpletonMod:StockTheCellar","TheSimpletonMod:SlashAndBurn","TheSimpletonMod:Corn+1"],"picked":"SKIP","floor":22},{"not_picked":["TheSimpletonMod:Rototilling","TheSimpletonMod:PestManagement"],"picked":"TheSimpletonMod:Fertilaser+1","floor":23},{"not_picked":["TheSimpletonMod:OnionBloom","TheSimpletonMod:Innovate+1"],"picked":"TheSimpletonMod:VineRipen","floor":27},{"not_picked":["TheSimpletonMod:DesperatePlunge","TheSimpletonMod:FlashPasteurize"],"picked":"TheSimpletonMod:ToughenUp","floor":28},{"not_picked":["TheSimpletonMod:OnionBloom","TheSimpletonMod:CullingStrike","TheSimpletonMod:DoubleBarrel"],"picked":"SKIP","floor":29},{"not_picked":["TheSimpletonMod:CullingStrike","TheSimpletonMod:DoubleBarrel+1","TheSimpletonMod:CloseScrape"],"picked":"SKIP","floor":31}],"player_experience":1031215,"relics_obtained":[{"floor":7,"key":"reliquary:TatteredRug"},{"floor":9,"key":"MawBank"},{"floor":13,"key":"Snack Pack"},{"floor":23,"key":"Replay:Rubber Ducky"},{"floor":26,"key":"HornCleat"},{"floor":28,"key":"reliquary:SharkskinSheath"}],"event_choices":[{"damage_healed":0,"gold_gain":0,"player_choice":"Donut","damage_taken":0,"max_hp_gain":5,"max_hp_loss":0,"event_name":"Big Fish","floor":5,"gold_loss":0},{"damage_healed":0,"gold_gain":0,"player_choice":"Obtained Relic","damage_taken":0,"relics_obtained":["Torii"],"max_hp_gain":0,"max_hp_loss":0,"event_name":"Addict","floor":20,"gold_loss":85}],"is_beta":false,"boss_relics":[{"not_picked":["Replay:Drink Me","Velvet Choker"],"picked":"reliquary:Craggleroot"}],"items_purged_floors":[21,25],"is_endless":false,"potions_floor_spawned":[7,10,11,12,18,22,29,31],"killed_by":"Collector","ascension_level":0}}