{"host":"bnpj5ln693dhfj4y","time":1612627359,"event":{"mods":["AchievementEnabler","BaseMod","Colored Map","Colored Powertips","DeckTracker","Minty Spire (QoL Compilation)","Weighted Paths"],"gold_per_floor":[367,383,241,252,252,252,278,296,373,406,424,424,436,125,125,220,220,237,249,249,249,266,292,292,317,398,410,422,434,446,476,488,602,614,637,660,722,734,662,712,712,741,741,303,319,319,319,319,319,319,319,319,64,64,64],"floor_reached":54,"language":"ENG","playtime":4678,"items_purged":["Shame","White Noise"],"score":814,"play_id":"0b340243-9dce-4367-bc9a-56028fce65b5","local_time":"20210206170239","is_ascension_mode":true,"campfire_choices":[{"data":"Consume","floor":6,"key":"SMITH"},{"floor":12,"key":"REST"},{"floor":15,"key":"REST"},{"data":"Apotheosis","floor":24,"key":"SMITH"},{"floor":28,"key":"REST"},{"floor":32,"key":"REST"},{"floor":41,"key":"REST"},{"floor":47,"key":"REST"},{"floor":49,"key":"RECALL"},{"floor":52,"key":"DIG"}],"circlet_count":0,"master_deck":["Strike_B+1","Strike_B+1","Strike_B+1","Defend_B+1","Defend_B+1","Defend_B+1","Defend_B+1","Zap+1","Dualcast","Ball Lightning","Consume+1","Melter","Rainbow","Coolheaded","Hologram","Fission","Apotheosis+1","Rainbow","Coolheaded+1","Zap+1","Undo+1","Thunder Strike","White Noise+1","Fission","Fusion","Go for the Eyes+1","White Noise+1","Defragment","Go for the Eyes+1","Writhe"],"relics":["Cracked Core","Shovel","Mercury Hourglass","Juzu Bracelet","Sling","Nuclear Battery","GremlinMask","StoneCalendar","MawBank","Mummified Hand","Empty Cage","CaptainsWheel","Incense Burner","Vajra","Singing Bowl","Regal Pillow","Gremlin Horn","Anchor"],"acts_visited":["Exordium","TheCity","TheBeyond","TheEnding"],"potions_floor_usage":[11,19,23,25,31,40,42,50,54],"damage_taken":[{"damage":0,"enemies":"Jaw Worm","floor":1,"turns":3},{"damage":1,"enemies":"Cultist","floor":2,"turns":3},{"damage":8,"enemies":"Small Slimes","floor":4,"turns":3},{"damage":40,"enemies":"Gremlin Nob","floor":7,"turns":4},{"damage":6,"enemies":"Looter","floor":8,"turns":2},{"damage":18,"enemies":"3 Sentries","floor":10,"turns":5},{"damage":0,"enemies":"2 Fungi Beasts","floor":11,"turns":2},{"damage":5,"enemies":"Exordium Wildlife","floor":13,"turns":3},{"damage":5,"enemies":"The Guardian","floor":16,"turns":8},{"damage":2,"enemies":"Shell Parasite","floor":18,"turns":3},{"damage":11,"enemies":"3 Byrds","floor":19,"turns":3},{"damage":0,"enemies":"Sentry and Sphere","floor":22,"turns":3},{"damage":6,"enemies":"Book of Stabbing","floor":23,"turns":5},{"damage":43,"enemies":"Slavers","floor":25,"turns":3},{"damage":10,"enemies":"Cultist and Chosen","floor":31,"turns":3},{"damage":41,"enemies":"Automaton","floor":33,"turns":7},{"damage":17,"enemies":"3 Darklings","floor":35,"turns":4},{"damage":15,"enemies":"Orb Walker","floor":36,"turns":4},{"damage":42,"enemies":"2 Orb Walkers","floor":37,"turns":5},{"damage":0,"enemies":"Mind Bloom Boss Battle","floor":40,"turns":7},{"damage":23,"enemies":"Reptomancer","floor":42,"turns":5},{"damage":4,"enemies":"Maw","floor":45,"turns":6},{"damage":46,"enemies":"Awakened One","floor":50,"turns":12},{"damage":81,"enemies":"Shield and Spear","floor":54,"turns":5}],"seed_played":"-2601376645750307829","potions_obtained":[{"floor":4,"key":"EssenceOfDarkness"},{"floor":7,"key":"PotionOfCapacity"},{"floor":10,"key":"SpeedPotion"},{"floor":13,"key":"Strength Potion"},{"floor":18,"key":"DuplicationPotion"},{"floor":23,"key":"BlessingOfTheForge"},{"floor":25,"key":"DistilledChaos"},{"floor":36,"key":"FearPotion"},{"floor":40,"key":"Regen Potion"}],"is_trial":false,"path_per_floor":["M","M","$","M","?","R","E","M","T","E","M","R","M","$","R","B",null,"M","M","?","?","M","E","R","E","T","$","R","?","?","M","R","B",null,"M","M","?","?","$","?","R","E","T","$","M","?","R","?","R","B",null,"R","$","E"],"character_chosen":"DEFECT","items_purchased":["Melter","Apotheosis","Sling","Defragment","SkillPotion","Singing Bowl","Regal Pillow","FocusPotion","Anchor"],"campfire_rested":6,"item_purchase_floors":[3,14,14,39,39,44,44,44,53],"current_hp_per_floor":[75,74,74,66,66,66,26,20,20,2,2,24,19,19,41,36,75,73,62,62,62,62,56,56,13,13,13,35,35,35,25,47,6,75,58,43,1,1,1,1,23,14,14,14,12,14,52,72,72,26,79,79,79,0,0],"gold":64,"neow_bonus":"TWO_FIFTY_GOLD","is_daily":false,"chose_seed":false,"campfire_upgraded":2,"win_rate":0.0,"timestamp":1612627359,"path_taken":["M","M","$","M","?","R","E","M","T","E","M","R","M","$","R","BOSS","M","M","?","?","M","E","R","E","T","?","R","?","?","M","R","BOSS","M","M","?","?","$","?","R","E","T","$","M","?","R","?","R","BOSS","R","$","E"],"items_purchased_type":["Card","Card","Relic","Card","Potion","Relic","Relic","Potion","Relic"],"build_version":"2020-12-22","purchased_purges":2,"victory":false,"max_hp_per_floor":[75,75,75,75,75,75,75,75,75,75,75,75,75,75,75,75,75,75,75,75,75,75,75,75,75,75,75,75,75,75,75,75,75,75,75,75,75,75,75,75,75,75,75,75,77,79,79,79,79,79,79,79,79,79,79],"card_choices":[{"not_picked":["Go for the Eyes","Steam"],"picked":"Ball Lightning","floor":1},{"not_picked":["Redo","Gash"],"picked":"Consume","floor":2},{"not_picked":["Stack","Rebound"],"picked":"Reprogram","floor":4},{"not_picked":["Hologram","Leap"],"picked":"Rainbow","floor":7},{"not_picked":["Leap","Conserve Battery"],"picked":"Coolheaded","floor":8},{"not_picked":["Biased Cognition","Turbo"],"picked":"White Noise","floor":10},{"not_picked":["Steam","Compile Driver"],"picked":"Hologram","floor":11},{"not_picked":["Redo","Static Discharge"],"picked":"Fission","floor":13},{"not_picked":["Biased Cognition","Amplify"],"picked":"Rainbow","floor":16},{"not_picked":["Compile Driver+1","Sunder"],"picked":"Streamline+1","floor":18},{"not_picked":["Heatsinks","Conserve Battery+1"],"picked":"Coolheaded+1","floor":19},{"not_picked":["Stack","Barrage"],"picked":"Undo+1","floor":22},{"not_picked":["Steam","Rebound"],"picked":"Thunder Strike","floor":23},{"not_picked":["Go for the Eyes","Chill+1"],"picked":"White Noise+1","floor":25},{"not_picked":["Coolheaded","Biased Cognition","Sweeping Beam"],"picked":"SKIP","floor":31},{"not_picked":["Buffer","Multi-Cast"],"picked":"Fission","floor":33},{"not_picked":["Barrage+1","Rebound+1"],"picked":"Fusion","floor":35},{"not_picked":["Beam Cell","Compile Driver"],"picked":"Go for the Eyes+1","floor":36},{"not_picked":["Static Discharge","Coolheaded+1"],"picked":"White Noise+1","floor":37},{"not_picked":["Conserve Battery+1","Amplify"],"picked":"Go for the Eyes+1","floor":40},{"not_picked":["Turbo","Rebound","Go for the Eyes"],"picked":"SKIP","floor":42},{"not_picked":["Hologram","Compile Driver","Barrage"],"picked":"Singing Bowl","floor":45},{"not_picked":["Finesse","Discovery","HandOfGreed"],"picked":"Singing Bowl","floor":46}],"player_experience":345547,"relics_obtained":[{"floor":7,"key":"Shovel"},{"floor":9,"key":"Mercury Hourglass"},{"floor":10,"key":"Juzu Bracelet"},{"floor":23,"key":"StoneCalendar"},{"floor":25,"key":"MawBank"},{"floor":26,"key":"Mummified Hand"},{"floor":37,"key":"CaptainsWheel"},{"floor":40,"key":"Incense Burner"},{"floor":42,"key":"Vajra"},{"floor":52,"key":"Gremlin Horn"}],"event_choices":[{"damage_healed":0,"gold_gain":0,"player_choice":"Forge","damage_taken":0,"max_hp_gain":0,"max_hp_loss":0,"event_name":"Accursed Blacksmith","floor":5,"gold_loss":0,"cards_upgraded":["Zap"]},{"damage_healed":0,"gold_gain":0,"player_choice":"Trade","damage_taken":0,"relics_obtained":["GremlinMask"],"max_hp_gain":0,"max_hp_loss":0,"event_name":"FaceTrader","floor":20,"gold_loss":0},{"damage_healed":0,"gold_gain":0,"player_choice":"Copied","damage_taken":0,"max_hp_gain":0,"max_hp_loss":0,"event_name":"Duplicator","floor":21,"gold_loss":0,"cards_obtained":["Zap"]},{"damage_healed":0,"gold_gain":0,"cards_transformed":["Reprogram"],"player_choice":"Transformed","damage_taken":0,"max_hp_gain":0,"max_hp_loss":0,"event_name":"Transmorgrifier","floor":29,"gold_loss":0,"cards_obtained":["Rebound"]},{"damage_healed":0,"gold_gain":0,"player_choice":"Simplicity","damage_taken":0,"max_hp_gain":0,"max_hp_loss":0,"event_name":"Back to Basics","floor":30,"gold_loss":0,"cards_upgraded":["Strike_B","Strike_B","Strike_B","Strike_B","Defend_B","Defend_B","Defend_B","Defend_B"]},{"damage_healed":0,"gold_gain":0,"player_choice":"Fight","damage_taken":0,"max_hp_gain":0,"max_hp_loss":0,"event_name":"Mysterious Sphere","floor":37,"gold_loss":0},{"cards_removed":["Strike_B"],"damage_healed":0,"gold_gain":0,"player_choice":"Removed Attack","damage_taken":0,"max_hp_gain":0,"max_hp_loss":0,"event_name":"Falling","floor":38,"gold_loss":0},{"damage_healed":0,"gold_gain":0,"player_choice":"Fight","damage_taken":0,"max_hp_gain":0,"max_hp_loss":0,"event_name":"MindBloom","floor":40,"gold_loss":0},{"damage_healed":0,"gold_gain":0,"player_choice":"Memory 1","damage_taken":0,"max_hp_gain":0,"max_hp_loss":0,"event_name":"SensoryStone","floor":46,"gold_loss":0},{"damage_healed":20,"gold_gain":0,"player_choice":"Writhe","damage_taken":0,"max_hp_gain":0,"max_hp_loss":0,"event_name":"Winding Halls","floor":48,"gold_loss":0,"cards_obtained":["Writhe"]}],"is_beta":false,"boss_relics":[{"not_picked":["Tiny House","Coffee Dripper"],"picked":"Nuclear Battery"},{"not_picked":["SacredBark","Philosopher\u0027s Stone"],"picked":"Empty Cage"}],"items_purged_floors":[3,53],"is_endless":false,"potions_floor_spawned":[4,7,10,13,18,23,25,36,40],"killed_by":"Shield and Spear","ascension_level":3}}