{"host":"mo324zvkdr1xwprd","time":1612619348,"event":{"mods":["BaseMod","Better Note","BetterRewards","Hermit","Highlight Path","Hubris","Minty Spire (QoL Compilation)","Quick Restart","Rare Cards Sparkle","Shop Mod","StSLib","The Cursed","The Hierophant"],"gold_per_floor":[131,165,179,179,191,191,224,279,279,307,4,4,4,78,78,150,150,170,188,188,207,207,241,253,253,277,291,168,16,66,85,85,182,182,200,248,248,19,37,37,48,83,83,83,114,151,190,190,190,230,230,230,57,110,110],"floor_reached":56,"language":"ENG","playtime":5988,"items_purged":[],"score":2648,"play_id":"54515e49-8def-4b2b-918a-efc600913395","local_time":"20210206134908","is_ascension_mode":true,"campfire_choices":[{"floor":6.0,"key":"REST"},{"floor":13.0,"key":"REST"},{"floor":15.0,"key":"REST"},{"floor":25.0,"key":"REST"},{"floor":32.0,"key":"RECALL"},{"data":"TheCursedMod:ForbiddenAlchemy","floor":40.0,"key":"SMITH"},{"data":"TheCursedMod:NeowsMight","floor":49.0,"key":"SMITH"},{"data":"TheCursedMod:NeowsMight","floor":52.0,"key":"SMITH"}],"circlet_count":0,"master_deck":["AscendersBane","TheCursedMod:Strike_TheCursed","TheCursedMod:Strike_TheCursed","TheCursedMod:Strike_TheCursed","TheCursedMod:Defend_TheCursed+1","TheCursedMod:Defend_TheCursed","TheCursedMod:Defend_TheCursed","TheCursedMod:Defend_TheCursed","TheCursedMod:CursedWand","TheCursedMod:CleanUpWorkshop","TheCursedMod:Dregs","TheCursedMod:SurpriseAttack","Flash of Steel","TheCursedMod:Torture","HandOfGreed","TheCursedMod:CircleOfCorruption","Dramatic Entrance","TheCursedMod:Stigma","TheCursedMod:ReleasedStrength","TheCursedMod:TacticalStrike","TheCursedMod:CursedSpellbook","TheCursedMod:SpitefulPray+1","TheCursedMod:Stigma","TheCursedMod:VitalStrike","TheCursedMod:Stigma","TheCursedMod:CursedSpellbook","TheCursedMod:SoulReap","TheCursedMod:RapidMovement","TheCursedMod:NeowsMight+1","TheCursedMod:CircleOfCorruption","TheCursedMod:RapidMovement","TheCursedMod:TroublousMinions","TheCursedMod:Wield","TheCursedMod:ForbiddenAlchemy+1","TheCursedMod:SoulReap","Normality","TheCursedMod:DemonicPact","TheCursedMod:LuckyCharm","TheCursedMod:SpreadPlague","TheCursedMod:RapidMovement","TheCursedMod:LuckyCharm","TheCursedMod:SurpriseAttack","TheCursedMod:NeowsMight+1","TheCursedMod:SurpriseAttack","TheCursedMod:WearCloak","TheCursedMod:Obscuration","TheCursedMod:CursedShiv","Parasite","TheCursedMod:CursedBlade","TheCursedMod:WearCloak+1","hubris:Despair","TheCursedMod:ReleasedStrength","TheCursedMod:SmokeScreen","TheCursedMod:StingEye","TheCursedMod:CircleOfBlood","TheCursedMod:Wield","TheCursedMod:Neurasthenia","hubris:Disease","TheCursedMod:Stretching","TheCursedMod:AshesToAshes+1"],"relics":["TheCursedMod:BlackMagic101","TungstenRod","Ice Cream","hubris:SphereOfDissonance","hubris:Towel","Juzu Bracelet","Matryoshka","Toy Ornithopter","Art of War","Cursed Key","Mummified Hand","Bag of Preparation","Potion Belt","Centennial Puzzle","hubris:GrandSneckoEye","hubris:Spice","hubris:SlimyHat","Prayer Wheel","Lantern","Oddly Smooth Stone","StoneCalendar","Vajra","Happy Flower","Pen Nib"],"acts_visited":["Exordium","TheCity","TheBeyond","TheEnding"],"potions_floor_usage":[55,55,55,55,55,55,55,55,55,55,55,55,55,55,55,55,55,55],"damage_taken":[{"damage":0.0,"enemies":"2 Louse","floor":1.0,"turns":1.0},{"damage":0.0,"enemies":"Small Slimes","floor":2.0,"turns":2.0},{"damage":0.0,"enemies":"Jaw Worm","floor":3.0,"turns":2.0},{"damage":0.0,"enemies":"Gremlin Gang","floor":5.0,"turns":2.0},{"damage":8.0,"enemies":"Red Slaver","floor":7.0,"turns":2.0},{"damage":0.0,"enemies":"Gremlin Nob","floor":8.0,"turns":2.0},{"damage":14.0,"enemies":"Lagavulin","floor":10.0,"turns":3.0},{"damage":29.0,"enemies":"Hexaghost","floor":16.0,"turns":5.0},{"damage":15.0,"enemies":"2 Thieves","floor":18.0,"turns":2.0},{"damage":5.0,"enemies":"Shell Parasite","floor":19.0,"turns":2.0},{"damage":10.0,"enemies":"Snake Plant","floor":21.0,"turns":2.0},{"damage":43.0,"enemies":"Gremlin Leader","floor":23.0,"turns":8.0},{"damage":0.0,"enemies":"Sentry and Sphere","floor":24.0,"turns":3.0},{"damage":1.0,"enemies":"Shelled Parasite and Fungi","floor":27.0,"turns":2.0},{"damage":4.0,"enemies":"Slavers","floor":30.0,"turns":3.0},{"damage":0.0,"enemies":"Centurion and Healer","floor":31.0,"turns":2.0},{"damage":15.0,"enemies":"hubris:MusketHawk","floor":33.0,"turns":5.0},{"damage":0.0,"enemies":"3 Darklings","floor":35.0,"turns":4.0},{"damage":2.0,"enemies":"2 Orb Walkers","floor":36.0,"turns":4.0},{"damage":0.0,"enemies":"3 Shapes","floor":39.0,"turns":2.0},{"damage":0.0,"enemies":"Writhing Mass","floor":41.0,"turns":4.0},{"damage":0.0,"enemies":"Reptomancer","floor":42.0,"turns":4.0},{"damage":12.0,"enemies":"Nemesis","floor":45.0,"turns":3.0},{"damage":0.0,"enemies":"Jaw Worm Horde","floor":46.0,"turns":2.0},{"damage":3.0,"enemies":"Sphere and 2 Shapes","floor":47.0,"turns":2.0},{"damage":11.0,"enemies":"Awakened One","floor":50.0,"turns":13.0},{"damage":33.0,"enemies":"Shield and Spear","floor":54.0,"turns":6.0},{"damage":27,"enemies":"The Heart","floor":55,"turns":5}],"seed_played":"7920836052988285165","potions_obtained":[{"floor":2.0,"key":"Strength Potion"},{"floor":5.0,"key":"Fire Potion"},{"floor":10.0,"key":"Explosive Potion"},{"floor":16.0,"key":"SpeedPotion"},{"floor":18.0,"key":"Fire Potion"},{"floor":23.0,"key":"Regen Potion"},{"floor":30.0,"key":"BlessingOfTheForge"},{"floor":33.0,"key":"TheCursedMod:DregsPotion"},{"floor":35.0,"key":"Block Potion"},{"floor":36.0,"key":"Fruit Juice"},{"floor":47.0,"key":"Weak Potion"}],"is_trial":false,"path_per_floor":["M","M","M","?","M","R","M","E","T","E","$","?","R","?","R","B",null,"M","M","?","M","?","E","M","R","T","M","?","$","E","M","R","B",null,"M","?","?","$","M","R","M","E","T","?","E","M","M","T","R","B",null,"R","$","E","B",null],"character_chosen":"THE_CURSED","items_purchased":["TheCursedMod:SurpriseAttack","Flash of Steel","TheCursedMod:Torture","TheCursedMod:LuckyCharm","Dramatic Entrance","TheCursedMod:Stigma","TheCursedMod:ReleasedStrength","SteroidPotion","SkillPotion","TheCursedMod:SoulReap","TheCursedMod:RapidMovement","Art of War","PowerPotion","TheCursedMod:LuckyCharm","TheCursedMod:SpreadPlague","TheCursedMod:RapidMovement","hubris:SlimyHat","TheCursedMod:Obscuration","Strength Potion","Happy Flower","TheCursedMod:Stretching"],"campfire_rested":4,"item_purchase_floors":[0,0,0,0,0,0,0,0,0,11,11,11,11,29,29,29,38,38,38,53,53],"current_hp_per_floor":[35,35,35,35,35,59,51,51,51,37,37,25,49,52,76,59,76,66,73,76,66,69,36,55,79,79,78,81,82,82,82,82,82,82,82,95,95,95,95,95,95,95,95,95,95,95,95,95,95,95,95,95,95,69,95],"gold":110,"neow_bonus":"","is_daily":false,"chose_seed":false,"campfire_upgraded":3,"win_rate":0.0,"timestamp":1612619348,"path_taken":["M","M","M","?","M","R","M","E","T","E","$","?","R","?","R","BOSS","M","M","?","M","?","E","M","R","T","M","?","?","E","M","R","BOSS","M","?","?","$","M","R","M","E","T","?","E","M","M","?","R","BOSS","R","$","E","BOSS"],"items_purchased_type":["Card","Card","Card","Card","Card","Card","Card","Potion","Potion","Card","Card","Relic","Potion","Card","Card","Card","Relic","Card","Potion","Relic","Card"],"build_version":"2020-12-22","purchased_purges":0,"victory":true,"max_hp_per_floor":[82,82,82,82,82,82,82,82,82,82,82,82,82,82,82,82,82,82,82,82,82,82,82,82,82,82,82,82,82,82,82,82,82,82,82,95,95,95,95,95,95,95,95,95,95,95,95,95,95,95,95,95,95,95,95],"card_choices":[{"not_picked":["TheCursedMod:Stretching","TheCursedMod:CircleOfWindfury"],"picked":"TheCursedMod:TacticalStrike","floor":1.0},{"not_picked":["TheCursedMod:RapidMovement","TheCursedMod:Wield"],"picked":"TheCursedMod:CursedSpellbook","floor":2.0},{"not_picked":["TheCursedMod:SpreadPlague","TheCursedMod:CircleOfWindfury"],"picked":"TheCursedMod:SpitefulPray","floor":3.0},{"not_picked":["TheCursedMod:RavingStaff","TheCursedMod:FleshFromBone"],"picked":"TheCursedMod:Stigma","floor":5.0},{"not_picked":["TheCursedMod:Wield","TheCursedMod:RavingStaff"],"picked":"TheCursedMod:VitalStrike","floor":7.0},{"not_picked":["TheCursedMod:CursedMace","TheCursedMod:Torture"],"picked":"TheCursedMod:Stigma","floor":8.0},{"not_picked":["TheCursedMod:CircleOfAbyss","TheCursedMod:StingEye"],"picked":"TheCursedMod:CursedSpellbook","floor":10.0},{"not_picked":["TheCursedMod:DarkBarrier","TheCursedMod:Neurasthenia"],"picked":"TheCursedMod:NeowsMight","floor":16.0},{"not_picked":["TheCursedMod:ManaBullet","TheCursedMod:BloodBarrier"],"picked":"TheCursedMod:CircleOfCorruption","floor":18.0},{"not_picked":["TheCursedMod:PrepareRite","TheCursedMod:DoubleShield"],"picked":"TheCursedMod:RapidMovement","floor":19.0},{"not_picked":["TheCursedMod:HellsGateOpen","TheCursedMod:SpreadPlague+1"],"picked":"TheCursedMod:TroublousMinions","floor":21.0},{"not_picked":["TheCursedMod:CursedBlade","TheCursedMod:Hemoplague"],"picked":"TheCursedMod:ForbiddenAlchemy","floor":23.0},{"not_picked":["TheCursedMod:SoulCrush","TheCursedMod:VitalStrike"],"picked":"TheCursedMod:SoulReap","floor":24.0},{"not_picked":["TheCursedMod:SpitefulStrike+1","TheCursedMod:VitalStrike+1"],"picked":"TheCursedMod:DemonicPact","floor":27.0},{"not_picked":["TheCursedMod:Mangle","TheCursedMod:Torture"],"picked":"TheCursedMod:LuckyCharm","floor":30.0},{"not_picked":["TheCursedMod:RavingStaff","TheCursedMod:CursedBoomerang"],"picked":"TheCursedMod:SurpriseAttack","floor":31.0},{"not_picked":["TheCursedMod:OutForBlood","TheCursedMod:CursedRelics"],"picked":"TheCursedMod:NeowsMight","floor":33.0},{"not_picked":["TheCursedMod:VitalStrike","TheCursedMod:RavingStaff"],"picked":"TheCursedMod:SurpriseAttack","floor":35.0},{"not_picked":["TheCursedMod:Torture","TheCursedMod:SpitefulPray"],"picked":"TheCursedMod:WearCloak","floor":36.0},{"not_picked":["TheCursedMod:SpitefulStrike+1","TheCursedMod:TacticalStrike"],"picked":"TheCursedMod:CursedShiv","floor":39.0},{"not_picked":["TheCursedMod:StingEye","TheCursedMod:Stigma"],"picked":"TheCursedMod:CursedBlade","floor":41.0},{"not_picked":["TheCursedMod:RavingStaff+1","TheCursedMod:Stigma"],"picked":"TheCursedMod:WearCloak+1","floor":42.0},{"not_picked":["TheCursedMod:CursedMace","TheCursedMod:UltimatePain"],"picked":"TheCursedMod:SmokeScreen","floor":45.0},{"not_picked":["TheCursedMod:Stigma","TheCursedMod:SoulCrush"],"picked":"TheCursedMod:StingEye","floor":46.0},{"not_picked":["TheCursedMod:SoulReap","TheCursedMod:RapidMovement"],"picked":"TheCursedMod:CircleOfBlood","floor":46.0},{"not_picked":["TheCursedMod:CursedMace","TheCursedMod:VitalStrike"],"picked":"TheCursedMod:Wield","floor":47.0},{"not_picked":["TheCursedMod:RavingStaff","TheCursedMod:FleshFromBone+1"],"picked":"TheCursedMod:Neurasthenia","floor":47.0},{"not_picked":["TheCursedMod:CircleOfFlame+1","TheCursedMod:CursedBlade+1"],"picked":"TheCursedMod:AshesToAshes+1","floor":54.0}],"player_experience":482581,"relics_obtained":[{"floor":8.0,"key":"Juzu Bracelet"},{"floor":9.0,"key":"Matryoshka"},{"floor":10.0,"key":"Toy Ornithopter"},{"floor":23.0,"key":"Mummified Hand"},{"floor":26.0,"key":"Bag of Preparation"},{"floor":30.0,"key":"Centennial Puzzle"},{"floor":36.0,"key":"hubris:Spice"},{"floor":42.0,"key":"Prayer Wheel"},{"floor":43.0,"key":"Lantern"},{"floor":43.0,"key":"Oddly Smooth Stone"},{"floor":45.0,"key":"StoneCalendar"},{"floor":48.0,"key":"Vajra"},{"floor":54.0,"key":"Pen Nib"}],"event_choices":[{"damage_healed":0.0,"max_hp_gain":0.0,"max_hp_loss":0.0,"gold_gain":0.0,"event_name":"Shining Light","player_choice":"Entered Light","floor":12.0,"gold_loss":0.0,"damage_taken":16.0,"cards_upgraded":["TheCursedMod:SpitefulPray","TheCursedMod:Defend_TheCursed"]},{"damage_healed":0.0,"max_hp_gain":0.0,"max_hp_loss":0.0,"gold_gain":74.0,"event_name":"Golden Wing","player_choice":"Gained Gold","floor":14.0,"gold_loss":0.0,"damage_taken":0.0},{"damage_healed":0.0,"max_hp_gain":0.0,"max_hp_loss":0.0,"gold_gain":0.0,"event_name":"Beggar","player_choice":"Ignored","floor":20.0,"gold_loss":0.0,"damage_taken":0.0},{"damage_healed":0.0,"max_hp_gain":0.0,"max_hp_loss":0.0,"gold_gain":0.0,"event_name":"Match and Keep!","player_choice":"1 cards matched","floor":22.0,"gold_loss":0.0,"damage_taken":0.0,"cards_obtained":["TheCursedMod:Wield"]},{"damage_healed":0.0,"max_hp_gain":0.0,"max_hp_loss":0.0,"gold_gain":0.0,"event_name":"WeMeetAgain","player_choice":"Paid Gold","floor":28.0,"gold_loss":123.0,"damage_taken":0.0,"relics_obtained":["Potion Belt"]},{"damage_healed":0.0,"max_hp_gain":0.0,"max_hp_loss":0.0,"gold_gain":0.0,"event_name":"Mysterious Sphere","player_choice":"Fight","floor":36.0,"gold_loss":0.0,"damage_taken":0.0},{"cards_removed":["TheCursedMod:LuckyCharm"],"damage_healed":0.0,"max_hp_gain":0.0,"max_hp_loss":0.0,"gold_gain":0.0,"event_name":"Falling","player_choice":"Removed Power","floor":37.0,"gold_loss":0.0,"damage_taken":0.0}],"is_beta":false,"boss_relics":[{"not_picked":["Runic Dome","Calling Bell"],"picked":"Cursed Key"},{"not_picked":["hubris:Backtick","TheCursedMod:FourLeafCloverCharm"],"picked":"hubris:GrandSneckoEye"}],"items_purged_floors":[],"is_endless":false,"potions_floor_spawned":[1,2,5,10,16,18,23,30,33,35,36,39,47],"ascension_level":13}}