{"host":"gsscz6k9fq2x5v2h","time":1612634873,"event":{"mods":["100% Spire Juice","AchievementEnabler","BaseMod","Better Note","Better Skull","Better Synergies","Better Third Choice","Better Vampires","Block Reminder","Colored Map","Colored Powertips","Dark Map","Friendly Minions","Minty Spire (QoL Compilation)","Permanent Neow","Quick Restart","Replay The Spire","Retaliation","Shop Mod","Spicy Shops","Spikes Relics","StSLib","SuperFastMode","TestMod","??????REMEMod","????"],"gold_per_floor":[114,129,129,54,73,111,130,168,218,218,218,218,237,256,256,381,381,400,400,438,457,180,218,218,237,237,275,313,332,370,389,389,514,577,596,615,615,615,110,110,148,167,167,205,205,224,262,300,207,207],"floor_reached":51,"language":"FRA","playtime":2264,"items_purged":["Injury"],"score":1075,"play_id":"7bab3376-1246-412b-af1b-fd592353841f","local_time":"20210206190752","daily_mods":["Draft","Diverse","DeadlyEvents"],"is_ascension_mode":false,"campfire_choices":[{"data":"BasicCrystalCard","floor":10.0,"key":"SMITH"},{"data":"DDmod:EasePowerCard","floor":12.0,"key":"SMITH"},{"data":"Seeing Red","floor":15.0,"key":"SMITH"},{"data":"Heavy Blade","floor":24,"key":"SMITH"},{"floor":32,"key":"REST"},{"data":"Dark Embrace","floor":40,"key":"SMITH"}],"circlet_count":0,"master_deck":["Seeing Red+1","Blade Dance","DDmod:EasePowerCard+1","Coolheaded","Ball Lightning","Backflip","DDmod:SpikedSkill","Compile Driver+1","Cloak And Dagger","ReachHeaven","BasicCrystalCard+1","Prepared","Deflect","Spot Weakness","FollowUp","Go for the Eyes+1","REME_TheLastStrike","Replay:Undeath\u0027s Touch+1","Moonworks:CloudOfSeagulls","Alpha","Go for the Eyes+1","Moonworks:DeployBits","Moonworks:BeyondHell","Heavy Blade+1","FIFO Queue","Tempest+1","Pray+1","FIFO Queue","Rampage+1","Rebound+1","ReplayRNGCard","Dark Embrace+1","DDmod:EasePowerCard","DDmod:BurningFumesPowerCard","Conserve Battery","Armaments","Loop+1","Sweeping Beam","BasicCrystalCard+1","Moonworks:Assault","testmod-BackupPower"],"relics":["PureWater","testmod-TestBox","REME_ComplimentaryCards","testmod-Brilliant","Golden Idol","RetroEgg","testmod-AssaultLearning","SpikesRelics:DaevaFist","Ornamental Fan","Replay:Drink Me","Bag of Preparation","Shuriken","testmod-Hope","ReplayTheSpireMod:TigerMarble","Counterbalance","Replay:Mystery Machine","testmod-ArcanaOfDestiny","Tiny House","testmod-LifeArmor","ReplayTheSpireMod:Ninjato","MerchantsRug","testmod-CasingShield","Damaru","Lantern","Bronze Scales","Medical Kit"],"acts_visited":["Exordium","TheCity","TheBeyond"],"potions_floor_usage":[28,33,33,35,39,50],"damage_taken":[{"damage":0.0,"enemies":"Small Slimes","floor":1.0,"turns":1.0},{"damage":0.0,"enemies":"2 Louse","floor":2.0,"turns":1.0},{"damage":0.0,"enemies":"Cultist","floor":5.0,"turns":3.0},{"damage":10.0,"enemies":"Replay:BlueRogue","floor":6.0,"turns":4.0},{"damage":0.0,"enemies":"Red Slaver","floor":7.0,"turns":2.0},{"damage":4.0,"enemies":"Gremlin Nob","floor":8.0,"turns":3.0},{"damage":0.0,"enemies":"Looter","floor":13.0,"turns":1.0},{"damage":0.0,"enemies":"3 Louse","floor":14.0,"turns":1.0},{"damage":26.0,"enemies":"The Guardian","floor":16.0,"turns":6.0},{"damage":0.0,"enemies":"3 Byrds","floor":18.0,"turns":1.0},{"damage":0.0,"enemies":"Slavers","floor":20.0,"turns":1.0},{"damage":0.0,"enemies":"Spheric Guardian","floor":21.0,"turns":1.0},{"damage":15,"enemies":"REME_1_Revenger","floor":23,"turns":5},{"damage":0,"enemies":"Cultist and Chosen","floor":25,"turns":2},{"damage":15,"enemies":"Replay:Snechameleon","floor":27,"turns":4},{"damage":0,"enemies":"Slavers","floor":28,"turns":1},{"damage":2,"enemies":"Chosen and Byrds","floor":29,"turns":2},{"damage":11,"enemies":"Book of Stabbing","floor":30,"turns":4},{"damage":0,"enemies":"3 Cultists","floor":31,"turns":1},{"damage":40,"enemies":"Automaton","floor":33,"turns":8},{"damage":0,"enemies":"Orb Walker","floor":35,"turns":1},{"damage":0,"enemies":"3 Darklings","floor":36,"turns":1},{"damage":33,"enemies":"R_Hoarder","floor":41,"turns":7},{"damage":0,"enemies":"Sphere and 2 Shapes","floor":42,"turns":3},{"damage":17,"enemies":"Reptomancer","floor":44,"turns":5},{"damage":13,"enemies":"Writhing Mass","floor":46,"turns":7},{"damage":1,"enemies":"Nemesis","floor":47,"turns":5},{"damage":0,"enemies":"Reptomancer","floor":48,"turns":2},{"damage":17,"enemies":"Awakened One","floor":50,"turns":8}],"seed_played":"5285009320175426936","potions_obtained":[{"floor":2.0,"key":"BottledMiracle"},{"floor":7.0,"key":"Weak Potion"},{"floor":16.0,"key":"DDmod:CleansePotion"},{"floor":18.0,"key":"Dexterity Potion"},{"floor":25,"key":"FairyPotion"},{"floor":29,"key":"EssenceOfSteel"},{"floor":33,"key":"Doom Potion"},{"floor":34,"key":"Fire Potion"},{"floor":35,"key":"testmod-SpacePotion"},{"floor":36,"key":"Regen Potion"},{"floor":46,"key":"LiquidMemories"},{"floor":47,"key":"ColorlessPotion"}],"is_trial":false,"path_per_floor":["M","M","?","$","M","E","M","E","T","R","?","R","M","M","R","B",null,"M","?","E","M","$","E","R","M","T","E","E","M","E","M","R","B",null,"M","M","?","?","$","R","E","M","T","E","T","M","E","E","R_BF","B",null],"character_chosen":"WATCHER","items_purchased":["Shuriken","Heavy Blade","ReplayTheSpireMod:Ninjato","Fruit Juice","MerchantsRug","Conserve Battery","Medical Kit","testmod-BackupPower"],"campfire_rested":1,"item_purchase_floors":[22,22,39,39,39,39,49,49],"current_hp_per_floor":[72,72,72,72,72,67,67,63,63,63,63,63,63,63,63,55,54,54,54,54,54,54,45,45,45,45,30,30,28,25,25,41,21,59,59,59,59,59,64,64,43,43,43,26,26,50,64,67,67,67],"gold":207,"neow_bonus":"","is_daily":true,"chose_seed":false,"campfire_upgraded":5,"win_rate":0.0,"timestamp":1612634872,"path_taken":["M","M","?","$","M","E","M","E","T","R","?","R","M","?","R","BOSS","M","?","?","M","?","E","R","?","T","E","?","M","E","?","R","BOSS","M","M","?","?","$","R","?","M","T","E","?","M","?","E","R_BF","BOSS"],"items_purchased_type":["Relic","Card","Relic","Potion","Relic","Card","Relic","Card"],"build_version":"2020-12-22","purchased_purges":1,"victory":true,"max_hp_per_floor":[72,72,72,72,72,72,72,72,72,72,72,72,72,72,72,72,54,54,54,54,54,54,54,54,54,54,54,54,54,54,54,54,54,59,59,59,59,59,64,64,64,64,64,64,64,64,64,67,67,67],"card_choices":[{"not_picked":["Concentrate","Moonworks:DeployBits"],"picked":"Blade Dance","floor":0.0},{"not_picked":["Crystallizer","Moonworks:Dinner"],"picked":"DDmod:EasePowerCard","floor":0.0},{"not_picked":["Underhanded Strike","Static Discharge"],"picked":"Twin Strike","floor":0.0},{"not_picked":["ReplayReversal","Sweeping Beam"],"picked":"Coolheaded","floor":0.0},{"not_picked":["Acrobatics","Moonworks:NicePresent"],"picked":"Ball Lightning","floor":0.0},{"not_picked":["Defy Death","Consecrate"],"picked":"Backflip","floor":0.0},{"not_picked":["Replay:AtTheReady","Accuracy"],"picked":"Leap","floor":0.0},{"not_picked":["FlyingSleeves","Sword Boomerang"],"picked":"DDmod:SpikedSkill","floor":0.0},{"not_picked":["Well Laid Plans","Halt"],"picked":"Shockwave","floor":0.0},{"not_picked":["Whirlwind","Hologram"],"picked":"Prepared","floor":0.0},{"not_picked":["Moonworks:ForcedRevival","Prepared"],"picked":"Compile Driver","floor":0.0},{"not_picked":["Dodge and Roll","Cleave"],"picked":"Cloak And Dagger","floor":0.0},{"not_picked":["Intimidate","Iron Wave"],"picked":"ReachHeaven","floor":0.0},{"not_picked":["FlurryOfBlows","Caltrops"],"picked":"BasicCrystalCard","floor":0.0},{"not_picked":["Slice","DDmod:CallousedSkill"],"picked":"Prepared","floor":0.0},{"not_picked":["Acrobatics","Riddle With Holes"],"picked":"Deflect","floor":1.0},{"not_picked":["Blizzard","Go for the Eyes"],"picked":"Spot Weakness","floor":2.0},{"not_picked":["Moonworks:ExtendedPhotonRifle","Recycle"],"picked":"FollowUp","floor":5.0},{"not_picked":["Flame Barrier","Replay:BluntJabs"],"picked":"Go for the Eyes","floor":6.0},{"not_picked":["ClearTheMind","CutThroughFate","JustLucky"],"picked":"SKIP","floor":7.0},{"not_picked":["BasicCrystalCard","REME_Whirling"],"picked":"REME_TheLastStrike","floor":8.0},{"not_picked":["Defy Death","Carnage"],"picked":"Replay:Undeath\u0027s Touch","floor":13.0},{"not_picked":["PiercingWail","DDmod:SpikedSkill"],"picked":"Moonworks:CloudOfSeagulls","floor":14.0},{"not_picked":["Eclipse","DDmod:RechargeSkill"],"picked":"Alpha","floor":16.0},{"not_picked":["Thunderclap","Skewer"],"picked":"Go for the Eyes","floor":18.0},{"not_picked":["Doom and Gloom","Moonworks:Assault"],"picked":"Moonworks:BeyondHell","floor":20.0},{"not_picked":["Entrench","Replay:ManipulateFuture","Prepared"],"picked":"SKIP","floor":21.0},{"not_picked":["True Grit","Moonworks:BigBangBell"],"picked":"FIFO Queue","floor":23},{"not_picked":["SashWhip","Moonworks:IndiscriminateFireSupport"],"picked":"Tempest+1","floor":25},{"not_picked":["Die Die Die","Tantrum"],"picked":"Pray+1","floor":27},{"not_picked":["Moonworks:Poppoformation","Bane"],"picked":"FIFO Queue","floor":28},{"not_picked":["Poisoned Stab","Slice+1"],"picked":"Rampage+1","floor":29},{"not_picked":["Dodge and Roll+1","Defy Death+1","Poisoned Stab"],"picked":"SKIP","floor":30},{"not_picked":["Slice","Static Discharge"],"picked":"Rebound+1","floor":31},{"not_picked":["Moonworks:AnotherUltimateWeapon","Die Die Die"],"picked":"ReplayRNGCard","floor":33},{"not_picked":["Coolheaded","Wireheading"],"picked":"Dark Embrace","floor":34},{"not_picked":["Combust","Moonworks:Dinner+1"],"picked":"DDmod:EasePowerCard","floor":35},{"not_picked":["Bane+1","DeceiveReality"],"picked":"DDmod:BurningFumesPowerCard","floor":36},{"not_picked":["Compile Driver","ReplayTheSpireMod:Necrosis","CrushJoints"],"picked":"SKIP","floor":41},{"not_picked":["Moonworks:CloudOfSeagulls+1","Compile Driver"],"picked":"Armaments","floor":42},{"not_picked":["Clothesline+1","Multi-Cast"],"picked":"Loop+1","floor":44},{"not_picked":["Slice","Acrobatics+1"],"picked":"Sweeping Beam","floor":46},{"not_picked":["EmptyBody+1","Quick Slash+1"],"picked":"BasicCrystalCard+1","floor":47},{"not_picked":["InnerPeace+1","PiercingWail"],"picked":"Moonworks:Assault","floor":48}],"player_experience":1560663,"relics_obtained":[{"floor":6.0,"key":"RetroEgg"},{"floor":8.0,"key":"testmod-AssaultLearning"},{"floor":9.0,"key":"SpikesRelics:DaevaFist"},{"floor":20.0,"key":"Bag of Preparation"},{"floor":23,"key":"testmod-Hope"},{"floor":26,"key":"ReplayTheSpireMod:TigerMarble"},{"floor":27,"key":"Counterbalance"},{"floor":28,"key":"Replay:Mystery Machine"},{"floor":30,"key":"testmod-ArcanaOfDestiny"},{"floor":41,"key":"testmod-CasingShield"},{"floor":43,"key":"Damaru"},{"floor":44,"key":"Lantern"},{"floor":45,"key":"Bronze Scales"},{"floor":47,"key":"Pantograph"},{"floor":48,"key":"Replay:Ringing Soul"}],"event_choices":[{"damage_healed":0.0,"max_hp_gain":0.0,"max_hp_loss":0.0,"gold_gain":0.0,"event_name":"Golden Idol","player_choice":"Take Wound","floor":3.0,"gold_loss":0.0,"damage_taken":0.0,"relics_obtained":["Golden Idol"],"cards_obtained":["Injury"]},{"damage_healed":0.0,"max_hp_gain":0.0,"max_hp_loss":0.0,"gold_gain":0.0,"event_name":"Big Fish","player_choice":"Box","floor":11.0,"gold_loss":0.0,"damage_taken":0.0,"relics_obtained":["Ornamental Fan"],"cards_obtained":["Regret"]},{"damage_healed":0.0,"max_hp_gain":0.0,"max_hp_loss":0.0,"gold_gain":0.0,"cards_transformed":["Leap"],"event_name":"Transmorgrifier","player_choice":"Transformed","floor":19.0,"gold_loss":0.0,"damage_taken":0.0,"cards_obtained":["Moonworks:DeployBits"]},{"cards_removed":["Twin Strike"],"damage_healed":0,"gold_gain":0,"player_choice":"Purged","damage_taken":0,"max_hp_gain":0,"max_hp_loss":0,"event_name":"Purifier","floor":38,"gold_loss":0}],"is_beta":false,"boss_relics":[{"not_picked":["testmod-KeyOfTheVoid","REME_ChargedStone"],"picked":"Replay:Drink Me"},{"not_picked":["testmod-Recursion","testmod-CardMagician"],"picked":"Tiny House"}],"items_purged_floors":[4],"is_endless":false,"potions_floor_spawned":[2,7,16,18,21,25,29,30,33,35,36,46,47],"ascension_level":0}}