{"host":"sc0o2qwpf9j16a4i","time":1612623874,"event":{"mods":["AchievementEnabler","BaseMod","BetterRewards","Block Reminder","Colored Map","Colored Powertips","Custom Start","Highlight Path","Minty Spire (QoL Compilation)","Relic Stats"],"gold_per_floor":[114,130,140,215,23,53,53,63,63,78,78,78,78,109,109,234,234,248,264,264,300,45,45,83,106,133,133,153,192,192,192,192],"floor_reached":31,"language":"ENG","playtime":936,"items_purged":[],"score":533,"play_id":"b4ef02aa-f5d4-488f-844c-1ebce20f91a8","local_time":"20210206170434","daily_mods":["Insanity","Red Cards","Lethality"],"is_ascension_mode":false,"campfire_choices":[{"data":"Whirlwind","floor":7.0,"key":"SMITH"},{"data":"Armaments","floor":15.0,"key":"SMITH"},{"data":"Apotheosis","floor":23.0,"key":"SMITH"}],"circlet_count":0,"master_deck":["Tantrum","Evaluate","FlyingSleeves","CutThroughFate","Evolve","Evaluate+1","Evaluate","Rampage","CutThroughFate","FearNoEvil","BowlingBash","WindmillStrike","Halt","Whirlwind+1","Meditate","Warcry","Cleave","Flex","Fasting2","CrushJoints","Body Slam","WreathOfFlame","Anger","BowlingBash","Prostrate","Perfected Strike","Halt","Flex","Swivel","Evaluate","EmptyFist","Clothesline","JustLucky","JustLucky","FollowUp","Anger","ThirdEye","Bloodletting","CutThroughFate","Iron Wave","PathToVictory","Halt+1","Consecrate","Shrug It Off","Dual Wield","Protect","Halt","Cleave","Sentinel","Armaments+1","Anger","Prostrate","Meditate","Body Slam","Pommel Strike","Bloodletting","Injury","BowlingBash","Omniscience","Perfected Strike","Disarm","Armaments+1","Apotheosis+1","Inflame","True Grit+1","FlyingSleeves","Consecrate","Barricade","Flame Barrier","Bite","Bite","Bite","Bite","Bite"],"relics":["PureWater","Frozen Eye","InkBottle","Darkstone Periapt","Sundial","Juzu Bracelet","Golden Idol","FossilizedHelix","SlaversCollar","Red Mask","Tiny Chest","War Paint","Prayer Wheel"],"acts_visited":["Exordium","TheCity"],"potions_floor_usage":[],"damage_taken":[{"damage":0.0,"enemies":"Cultist","floor":1.0,"turns":3.0},{"damage":0.0,"enemies":"2 Louse","floor":2.0,"turns":2.0},{"damage":0.0,"enemies":"Small Slimes","floor":3.0,"turns":1.0},{"damage":0.0,"enemies":"Lagavulin","floor":6.0,"turns":3.0},{"damage":0.0,"enemies":"Gremlin Gang","floor":8.0,"turns":3.0},{"damage":0.0,"enemies":"2 Fungi Beasts","floor":10.0,"turns":2.0},{"damage":0.0,"enemies":"Gremlin Nob","floor":14.0,"turns":3.0},{"damage":0.0,"enemies":"Slime Boss","floor":16.0,"turns":3.0},{"damage":0.0,"enemies":"Spheric Guardian","floor":18.0,"turns":3.0},{"damage":0.0,"enemies":"3 Byrds","floor":19.0,"turns":3.0},{"damage":0.0,"enemies":"Masked Bandits","floor":21.0,"turns":2.0},{"damage":0.0,"enemies":"Gremlin Leader","floor":24.0,"turns":3.0},{"damage":0.0,"enemies":"Shelled Parasite and Fungi","floor":25.0,"turns":1.0},{"damage":7.0,"enemies":"Snake Plant","floor":28.0,"turns":3.0},{"damage":70.0,"enemies":"Book of Stabbing","floor":29.0,"turns":6.0},{"damage":16,"enemies":"Snecko","floor":31,"turns":3}],"seed_played":"-3083106208907546062","potions_obtained":[{"floor":1.0,"key":"GamblersBrew"},{"floor":6.0,"key":"Strength Potion"},{"floor":14.0,"key":"Dexterity Potion"},{"floor":19.0,"key":"Strength Potion"}],"is_trial":true,"path_per_floor":["M","M","M","?","$","E","R","M","T","M","?","?","?","E","R","B",null,"M","M","?","?","$","R","E","M","T","?","M","E","?","M"],"character_chosen":"WATCHER","items_purchased":["Frozen Eye","Meditate","Apotheosis","Inflame"],"campfire_rested":0,"item_purchase_floors":[5,5,22,22],"current_hp_per_floor":[72,72,72,61,61,61,61,61,61,61,54,54,60,60,60,60,78,78,78,78,78,78,78,78,78,78,78,71,1,1,0,0],"gold":192,"neow_bonus":"","is_daily":false,"chose_seed":false,"campfire_upgraded":3,"win_rate":0.0,"timestamp":1612623874,"path_taken":["M","?","M","?","$","E","R","M","T","M","?","?","?","E","R","BOSS","M","M","?","?","?","R","E","M","T","?","M","E","?","M"],"items_purchased_type":["Relic","Card","Card","Card"],"build_version":"2020-12-22","purchased_purges":0,"victory":false,"max_hp_per_floor":[72,72,72,72,72,72,72,72,72,72,72,72,78,78,78,78,78,78,78,78,78,78,78,78,78,78,78,78,78,54,54,54],"relic_stats":{"Darkstone Periapt":6,"counters":[16,44],"Sundial":[0],"Golden Idol":69,"Tiny Chest":0,"Prayer Wheel":0,"Juzu Bracelet":1,"War Paint":["Evaluate","Halt"],"obtain_stats":[{"Darkstone Periapt":9,"Golden Idol":13,"Juzu Bracelet":12,"War Paint":26,"Frozen Eye":5,"SlaversCollar":17,"Sundial":11,"Tiny Chest":24,"Prayer Wheel":29,"Red Mask":21,"PureWater":0,"InkBottle":6,"FossilizedHelix":14},{"Darkstone Periapt":5,"Golden Idol":6,"Juzu Bracelet":6,"War Paint":13,"Frozen Eye":3,"SlaversCollar":8,"Sundial":6,"Tiny Chest":12,"Prayer Wheel":15,"Red Mask":11,"PureWater":0,"InkBottle":4,"FossilizedHelix":7},{"Darkstone Periapt":12,"Golden Idol":14,"Juzu Bracelet":14,"War Paint":32,"Frozen Eye":6,"SlaversCollar":20,"Sundial":14,"Tiny Chest":31,"Prayer Wheel":41,"Red Mask":28,"PureWater":0,"InkBottle":9,"FossilizedHelix":17}],"InkBottle":[15]},"card_choices":[{"not_picked":["Shrug It Off","SignatureMove"],"picked":"Armaments","floor":1.0},{"not_picked":["Infernal Blade","Twin Strike"],"picked":"Anger","floor":2.0},{"not_picked":["Bloodletting","True Grit"],"picked":"Prostrate","floor":3.0},{"not_picked":["Pommel Strike","Indignation"],"picked":"Body Slam","floor":6.0},{"not_picked":["CarveReality","ForeignInfluence"],"picked":"Pommel Strike","floor":8.0},{"not_picked":["Fire Breathing","Collect"],"picked":"Bloodletting","floor":10.0},{"not_picked":["CarveReality","Judgement"],"picked":"BowlingBash","floor":14.0},{"not_picked":["SpiritShield","Bludgeon"],"picked":"Omniscience","floor":16.0},{"not_picked":["Anger","Clash"],"picked":"Perfected Strike","floor":18.0},{"not_picked":["Wild Strike","Blood for Blood"],"picked":"Disarm","floor":19.0},{"not_picked":["ThirdEye","Crescendo"],"picked":"Armaments+1","floor":21.0},{"not_picked":["Dropkick","Battle Trance"],"picked":"True Grit+1","floor":24.0},{"not_picked":["Clothesline+1","Power Through"],"picked":"FlyingSleeves","floor":25.0},{"not_picked":["Disarm","CrushJoints"],"picked":"Barricade","floor":28.0},{"not_picked":["Dual Wield","SignatureMove"],"picked":"Flame Barrier","floor":29.0}],"player_experience":1229667,"relics_obtained":[{"floor":6.0,"key":"InkBottle"},{"floor":9.0,"key":"Darkstone Periapt"},{"floor":14.0,"key":"FossilizedHelix"},{"floor":21.0,"key":"Red Mask"},{"floor":24.0,"key":"Tiny Chest"},{"floor":26.0,"key":"War Paint"},{"floor":29.0,"key":"Prayer Wheel"}],"event_choices":[{"damage_healed":0.0,"max_hp_gain":0.0,"max_hp_loss":0.0,"gold_gain":75.0,"event_name":"World of Goop","player_choice":"Gather Gold","floor":4.0,"gold_loss":0.0,"damage_taken":11.0},{"damage_healed":0.0,"max_hp_gain":0.0,"max_hp_loss":0.0,"gold_gain":0.0,"event_name":"Scrap Ooze","player_choice":"Success","floor":11.0,"gold_loss":0.0,"damage_taken":7.0,"relics_obtained":["Sundial"]},{"cards_removed":["Dark Embrace"],"damage_healed":0.0,"max_hp_gain":0.0,"max_hp_loss":0.0,"gold_gain":0.0,"event_name":"WeMeetAgain","player_choice":"Gave Card","floor":12.0,"gold_loss":0.0,"damage_taken":0.0,"relics_obtained":["Juzu Bracelet"]},{"damage_healed":0.0,"max_hp_gain":0.0,"max_hp_loss":0.0,"gold_gain":0.0,"event_name":"Golden Idol","player_choice":"Take Wound","floor":13.0,"gold_loss":0.0,"damage_taken":0.0,"relics_obtained":["Golden Idol"],"cards_obtained":["Injury"]},{"damage_healed":0.0,"max_hp_gain":0.0,"max_hp_loss":0.0,"gold_gain":0.0,"event_name":"Beggar","player_choice":"Ignored","floor":20.0,"gold_loss":0.0,"damage_taken":0.0},{"damage_healed":0.0,"max_hp_gain":0.0,"max_hp_loss":0.0,"gold_gain":0.0,"event_name":"Masked Bandits","player_choice":"Fought Bandits","floor":21.0,"gold_loss":0.0,"damage_taken":0.0},{"damage_healed":0.0,"max_hp_gain":0.0,"max_hp_loss":0.0,"gold_gain":0.0,"event_name":"The Library","player_choice":"Read","floor":27.0,"gold_loss":0.0,"damage_taken":0.0,"cards_obtained":["Consecrate"]},{"damage_healed":0.0,"max_hp_gain":0.0,"max_hp_loss":24.0,"gold_gain":0.0,"event_name":"Vampires","player_choice":"Became a vampire","floor":30.0,"gold_loss":0.0,"damage_taken":0.0,"cards_obtained":["Bite","Bite","Bite","Bite","Bite"]}],"is_beta":false,"boss_relics":[{"not_picked":["Runic Pyramid","Coffee Dripper"],"picked":"SlaversCollar"}],"items_purged_floors":[],"is_endless":false,"potions_floor_spawned":[1,6,14,19],"killed_by":"Snecko","ascension_level":0}}