{"host":"skr63qsdfgeey3it","time":1612650487,"event":{"mods":["BaseMod","Colored Map","Hubris","Minty Spire (QoL Compilation)","Monster B Gone","Reliquary","Replay The Spire","Spicy Shops","StSLib"],"gold_per_floor":[113,188,188,200,200,200,350,379,379,379,379,396,408,408,369,20,20,20,20],"floor_reached":18,"language":"ENG","playtime":545,"items_purged":[],"score":193,"play_id":"f380794a-95cd-4044-9285-388a5912c4cf","local_time":"20210206162807","is_ascension_mode":true,"campfire_choices":[{"data":"Crow Ritual","floor":6.0,"key":"SMITH"},{"floor":14.0,"key":"REST"},{"floor":17,"key":"REST"}],"circlet_count":0,"master_deck":["AscendersBane","Strike_R","Strike_R","Strike_R","Strike_R","Strike_R","Defend_R","Defend_R","Defend_R","Defend_R","Bash","Crow Ritual+1","Carnage","Doubt","Intimidate","True Grit"],"relics":["Burning Blood","hubris:Icosahedron","reliquary:Knoch","King of Hearts","Charon\u0027s Ashes"],"acts_visited":["Exordium"],"potions_floor_usage":[],"damage_taken":[{"damage":1.0,"enemies":"Cultist","floor":1.0,"turns":3.0},{"damage":0.0,"enemies":"Small Slimes","floor":4.0,"turns":3.0},{"damage":60.0,"enemies":"Lagavulin","floor":8.0,"turns":7.0},{"damage":1.0,"enemies":"2 Louse","floor":12.0,"turns":4.0},{"damage":16.0,"enemies":"Exordium Wildlife","floor":13.0,"turns":5.0},{"damage":11.0,"enemies":"Looter","floor":15.0,"turns":3.0},{"damage":91,"enemies":"Fading Forest","floor":18,"turns":11}],"seed_played":"7110435557701563433","potions_obtained":[{"floor":1.0,"key":"Adrenaline Potion"},{"floor":4.0,"key":"LiquidBronze"},{"floor":12.0,"key":"GamblersBrew"}],"is_trial":false,"path_per_floor":["M","?","?","M","?","R","?","E","T","PTL","PTL","M","M","R","M","$","R","B"],"character_chosen":"IRONCLAD","items_purchased":["True Grit","Charon\u0027s Ashes"],"campfire_rested":2,"item_purchase_floors":[16,16],"current_hp_per_floor":[68,57,57,66,66,66,66,12,12,12,12,17,7,28,23,23,44,0,0],"gold":20,"neow_bonus":"RANDOM_COLORLESS_2","is_daily":false,"chose_seed":false,"campfire_upgraded":1,"win_rate":0.0,"timestamp":1612650487,"path_taken":["M","?","?","M","?","R","?","E","T","PTL","PTL","M","M","R","?","$","R","BOSS"],"items_purchased_type":["Card","Relic"],"build_version":"2020-12-22","purchased_purges":0,"victory":false,"max_hp_per_floor":[68,68,68,71,71,71,71,71,71,71,71,71,71,71,71,71,71,71,71],"card_choices":[{"not_picked":["Secret Technique","Magnetism"],"picked":"Crow Ritual","floor":0.0},{"not_picked":["Sever Soul","Cleave"],"picked":"Carnage","floor":1.0},{"not_picked":["Twin Strike","Headbutt","Thunderclap"],"picked":"SKIP","floor":4.0},{"not_picked":["ReplayTheSpireMod:Strike From Hell","Run Through","Shrug It Off"],"picked":"SKIP","floor":8.0},{"not_picked":["Run Through","Feel No Pain","Perfected Strike"],"picked":"SKIP","floor":12.0},{"not_picked":["Heavy Blade","Perfected Strike"],"picked":"Intimidate","floor":13.0},{"not_picked":["Sword Boomerang","Iron Wave","Anger"],"picked":"SKIP","floor":15.0}],"player_experience":897322,"relics_obtained":[{"floor":8.0,"key":"reliquary:Knoch"},{"floor":9.0,"key":"King of Hearts"}],"event_choices":[{"damage_healed":0.0,"max_hp_gain":0.0,"max_hp_loss":0.0,"gold_gain":75.0,"event_name":"World of Goop","player_choice":"Gather Gold","floor":2.0,"gold_loss":0.0,"damage_taken":11.0},{"damage_healed":0.0,"max_hp_gain":0.0,"max_hp_loss":0.0,"gold_gain":150.0,"event_name":"Liars Game","player_choice":"AGREE","floor":7.0,"gold_loss":0.0,"damage_taken":0.0,"cards_obtained":["Doubt"]}],"is_beta":false,"boss_relics":[],"items_purged_floors":[],"is_endless":false,"potions_floor_spawned":[1,4,12],"killed_by":"Fading Forest","ascension_level":15}}