{"host":"2zu68f54ie7ltg2f","time":1612594794,"event":{"mods":["AchievementEnabler","BaseMod","Colored Map","Colored Powertips","Minty Spire (QoL Compilation)","StSLib"],"gold_per_floor":[111,111,127,141,141,155,155,181,181,197,230,241,241,2,2,2,2],"floor_reached":16,"language":"ENG","playtime":474,"items_purged":["Strike_G"],"score":213,"play_id":"52bb7460-597e-466e-a890-099c0a804511","local_time":"20210205225954","is_ascension_mode":true,"campfire_choices":[{"data":"Footwork","floor":7,"key":"SMITH"},{"data":"Crippling Poison","floor":15,"key":"SMITH"}],"circlet_count":0,"master_deck":["AscendersBane","Strike_G","Strike_G","Strike_G","Strike_G","Defend_G","Defend_G+1","Defend_G+1","Defend_G","Defend_G","Survivor","Neutralize","All Out Attack+1","Quick Slash","Footwork+1","Leg Sweep","Dash","Crippling Poison+1","Burst"],"relics":["Runic Dome","Boot","War Paint","Blue Candle"],"acts_visited":["Exordium"],"potions_floor_usage":[11,16,16],"damage_taken":[{"damage":1,"enemies":"Small Slimes","floor":1,"turns":5},{"damage":4,"enemies":"Jaw Worm","floor":3,"turns":4},{"damage":0,"enemies":"2 Louse","floor":4,"turns":2},{"damage":21,"enemies":"Exordium Thugs","floor":6,"turns":5},{"damage":8,"enemies":"3 Sentries","floor":8,"turns":7},{"damage":0,"enemies":"2 Fungi Beasts","floor":10,"turns":4},{"damage":4,"enemies":"Lagavulin","floor":11,"turns":6},{"damage":1,"enemies":"Blue Slaver","floor":12,"turns":5},{"damage":21,"enemies":"Slime Boss","floor":16,"turns":9}],"seed_played":"5925695075446412156","potions_obtained":[{"floor":6,"key":"Swift Potion"},{"floor":8,"key":"AttackPotion"},{"floor":11,"key":"AttackPotion"}],"is_trial":false,"path_per_floor":["M","?","M","M","?","M","R","E","T","M","E","M","$","$","R","B"],"character_chosen":"THE_SILENT","items_purchased":["Burst"],"campfire_rested":0,"item_purchase_floors":[14],"current_hp_per_floor":[58,58,54,54,54,33,33,25,25,25,21,20,20,20,20,0,0],"gold":2,"neow_bonus":"BOSS_RELIC","is_daily":false,"chose_seed":false,"campfire_upgraded":2,"win_rate":0.0,"timestamp":1612594794,"path_taken":["M","?","M","M","?","M","R","E","T","M","E","M","?","$","R","BOSS"],"items_purchased_type":["Card"],"build_version":"2020-12-22","purchased_purges":1,"victory":false,"max_hp_per_floor":[66,66,66,66,66,66,66,66,66,66,66,66,66,66,66,66,66],"card_choices":[{"not_picked":["Backflip","PiercingWail"],"picked":"All Out Attack","floor":1},{"not_picked":["Dagger Spray","Prepared"],"picked":"Quick Slash","floor":3},{"not_picked":["Prepared","Accuracy"],"picked":"Footwork","floor":4},{"not_picked":["Deadly Poison","Outmaneuver","Setup"],"picked":"SKIP","floor":6},{"not_picked":["Deadly Poison","Outmaneuver","Setup"],"picked":"SKIP","floor":6},{"not_picked":["PiercingWail","Flying Knee"],"picked":"Leg Sweep","floor":8},{"not_picked":["Escape Plan","Quick Slash"],"picked":"Dash","floor":10},{"not_picked":["Choke","Tactician"],"picked":"Crippling Poison","floor":11},{"not_picked":["Finisher","Blur","Bane"],"picked":"SKIP","floor":12}],"player_experience":488278,"relics_obtained":[{"floor":8,"key":"Boot"},{"floor":9,"key":"War Paint"},{"floor":11,"key":"Blue Candle"}],"event_choices":[{"damage_healed":0,"gold_gain":0,"player_choice":"Grow","damage_taken":0,"max_hp_gain":0,"max_hp_loss":0,"event_name":"Living Wall","floor":2,"gold_loss":0,"cards_upgraded":["All Out Attack"]},{"damage_healed":0,"gold_gain":0,"player_choice":"Ignored","damage_taken":0,"max_hp_gain":0,"max_hp_loss":0,"event_name":"Liars Game","floor":5,"gold_loss":0}],"is_beta":false,"boss_relics":[],"items_purged_floors":[14],"is_endless":false,"potions_floor_spawned":[6,8,11,12],"killed_by":"Slime Boss","ascension_level":18}}