{"host":"us276jvng1kxsmoz","time":1612633123,"event":{"mods":["Act Like it!","BaseMod","Better Match","BetterRewards","Friendly Minions","Minty Spire (QoL Compilation)","Replay The Spire","StS++","StSLib"],"gold_per_floor":[364,439,465,465,515,550,570,602,602,621,633,633,633,633],"floor_reached":13,"language":"ITA","playtime":353,"items_purged":[],"score":186,"play_id":"53f86aa1-c6ca-4a09-b31a-a2437b53ff0e","local_time":"20210206183843","is_ascension_mode":true,"campfire_choices":[{"floor":12,"key":"REST"}],"circlet_count":0,"master_deck":["AscendersBane","Strike_B+1","Strike_B","Strike_B+1","Strike_B","Defend_B","Defend_B","Defend_B","Defend_B","Zap","Dualcast","Strike_G","Defend_G","Redo","ReplayTheSpireMod:Calculation Training","Conserve Battery","Ball Lightning","Loop"],"relics":["Cracked Core","PreservedInsect","Bag of Marbles","ReplayTheSpireMod:Lightbulb","Whetstone"],"acts_visited":["Exordium"],"potions_floor_usage":[6,8,13],"damage_taken":[{"damage":0,"enemies":"2 Louse","floor":1,"turns":2},{"damage":1,"enemies":"Replay:BlueRogue","floor":6,"turns":4},{"damage":2,"enemies":"Jaw Worm","floor":7,"turns":3},{"damage":22,"enemies":"Lagavulin","floor":8,"turns":6},{"damage":9,"enemies":"Small Slimes","floor":10,"turns":3},{"damage":18,"enemies":"3 Louse","floor":11,"turns":3},{"damage":23,"enemies":"3 Sentries","floor":13,"turns":4}],"seed_played":"-1494479178222021427","potions_obtained":[{"floor":1,"key":"Fire Potion"},{"floor":7,"key":"Block Potion"},{"floor":10,"key":"Elixir"}],"is_trial":false,"path_per_floor":["M","?","T","?","?","E","M","E","T","M","M","R","E"],"character_chosen":"DEFECT","items_purchased":[],"campfire_rested":1,"item_purchase_floors":[],"current_hp_per_floor":[64,53,53,53,53,52,50,28,28,19,1,22,0,0],"gold":633,"neow_bonus":"TWO_FIFTY_GOLD","is_daily":false,"chose_seed":false,"campfire_upgraded":0,"win_rate":0.0,"timestamp":1612633123,"path_taken":["M","?","?","?","?","E","?","E","T","M","M","R","E"],"items_purchased_type":[],"build_version":"2020-12-22","purchased_purges":0,"victory":false,"max_hp_per_floor":[71,71,71,71,71,71,71,71,71,71,71,71,71,71],"card_choices":[{"not_picked":["Hello World","Beam Cell"],"picked":"Redo","floor":1},{"not_picked":["Hello World","Melter"],"picked":"ReplayTheSpireMod:Calculation Training","floor":6},{"not_picked":["Cold Snap","Streamline"],"picked":"Conserve Battery","floor":7},{"not_picked":["Conserve Battery","Rebound","Machine Learning"],"picked":"SKIP","floor":8},{"not_picked":["Leap","Turbo"],"picked":"Ball Lightning","floor":10},{"not_picked":["Compile Driver","ReplayTheSpireMod:Repulse"],"picked":"Loop","floor":11}],"player_experience":4236265,"relics_obtained":[{"floor":3,"key":"PreservedInsect"},{"floor":6,"key":"Bag of Marbles"},{"floor":8,"key":"ReplayTheSpireMod:Lightbulb"},{"floor":9,"key":"Whetstone"}],"event_choices":[{"damage_healed":0,"gold_gain":75,"player_choice":"Gather Gold","damage_taken":11,"max_hp_gain":0,"max_hp_loss":0,"event_name":"World of Goop","floor":2,"gold_loss":0},{"damage_healed":0,"gold_gain":0,"player_choice":"Ignored","damage_taken":0,"max_hp_gain":0,"max_hp_loss":0,"event_name":"Liars Game","floor":4,"gold_loss":0},{"damage_healed":0,"gold_gain":50,"player_choice":"Pray","damage_taken":0,"max_hp_gain":0,"max_hp_loss":0,"event_name":"Golden Shrine","floor":5,"gold_loss":0}],"is_beta":false,"boss_relics":[],"items_purged_floors":[],"is_endless":false,"potions_floor_spawned":[1,7,10],"killed_by":"3 Sentries","ascension_level":20}}