{"host":"39i3emxub3h8uyq3","time":1612580954,"event":{"mods":["AchievementEnabler","BaseMod","Clockwork Mod","Colored Map","Colored Powertips","DeckTracker","Downfall","Glutton Mod","Gold Saver","Hubris","Minty Spire (QoL Compilation)","Permanent Neow","Quick Restart","Rare Cards Sparkle","Replay The Spire","StSLib","The Bug Knight","The Jungle","The Necromancer","TheHeartMod","Wandering Minibosses"],"gold_per_floor":[307,307,327,343,359,359,359,372,372,9,23,23,23,34,34,34,34],"floor_reached":16,"language":"ENG","playtime":1186,"items_purged":[],"score":94,"play_id":"8a472b67-2784-40ad-9fe6-0b5f360b4635","local_time":"20210205220914","is_ascension_mode":false,"campfire_choices":[{"floor":6,"key":"REST"},{"floor":13,"key":"REST"},{"floor":15,"key":"REST"}],"circlet_count":0,"master_deck":["Strike_G","Strike_G","Strike_G","Strike_G","Strike_G","Defend_G","Defend_G","Defend_G","Defend_G","Defend_G","Leg Sweep","Pain","Sucker Punch","Dagger Throw","Riddle With Holes","Leap","Beam Cell","Poisoned Stab","Accuracy","Sucker Punch","Outmaneuver","Night Terror","Bouncing Flask"],"relics":["hubris:HollowSoul","WarpedTongs","Ornamental Fan","Meat on the Bone"],"acts_visited":["Exordium"],"potions_floor_usage":[11],"damage_taken":[{"damage":0,"enemies":"Small Slimes","floor":1,"turns":5},{"damage":6,"enemies":"Cultist","floor":3,"turns":4},{"damage":5,"enemies":"2 Louse","floor":4,"turns":4},{"damage":4,"enemies":"Blue Slaver","floor":5,"turns":4},{"damage":17,"enemies":"Exordium Thugs","floor":8,"turns":4},{"damage":9,"enemies":"Exordium Wildlife","floor":11,"turns":4},{"damage":7,"enemies":"Blue Slaver","floor":14,"turns":4},{"damage":18,"enemies":"Slime Boss","floor":16,"turns":4}],"seed_played":"7833813153961976013","potions_obtained":[{"floor":1,"key":"Languid Potion"},{"floor":5,"key":"AttackPotion"},{"floor":14,"key":"AttackPotion"}],"is_trial":false,"path_per_floor":["M","?","M","M","M","R","?","M","T","$","M","?","R","M","R","B"],"character_chosen":"THE_SILENT","items_purchased":["Accuracy","Meat on the Bone","Sucker Punch"],"campfire_rested":3,"item_purchase_floors":[10,10,10],"current_hp_per_floor":[70,70,64,59,55,70,70,53,53,53,35,35,56,49,70,0,0],"gold":34,"neow_bonus":"BOSS_RELIC","is_daily":false,"chose_seed":false,"campfire_upgraded":0,"win_rate":0.0,"timestamp":1612580954,"path_taken":["M","?","M","?","M","R","?","M","T","$","M","?","R","M","R","BOSS"],"items_purchased_type":["Card","Relic","Card"],"build_version":"2020-12-22","purchased_purges":0,"victory":false,"max_hp_per_floor":[70,70,70,70,70,70,70,70,70,70,70,70,70,70,70,70,70],"card_choices":[{"not_picked":["ReplayTheSpireMod:Shiv Toss","Footwork"],"picked":"Leg Sweep","floor":1},{"not_picked":["PiercingWail","Prepared"],"picked":"Sucker Punch","floor":3},{"not_picked":["Quick Slash","Underhanded Strike"],"picked":"Dagger Throw","floor":4},{"not_picked":["Acrobatics","ReplayTheSpireMod:From All Sides"],"picked":"Riddle With Holes","floor":5},{"not_picked":["Dash","ReplayTheSpireMod:The Works"],"picked":"Poisoned Stab","floor":8},{"not_picked":["Choke","Reflex"],"picked":"Outmaneuver","floor":11},{"not_picked":["Blade Dance","Crippling Poison"],"picked":"Bouncing Flask","floor":14}],"player_experience":100191,"relics_obtained":[{"floor":9,"key":"Ornamental Fan"}],"event_choices":[{"damage_healed":0,"gold_gain":0,"player_choice":"Rummage","damage_taken":0,"relics_obtained":["WarpedTongs"],"max_hp_gain":0,"max_hp_loss":0,"event_name":"Accursed Blacksmith","floor":2,"gold_loss":0,"cards_obtained":["Pain"]},{"damage_healed":0,"gold_gain":0,"cards_transformed":["Accuracy"],"player_choice":"Transformed","damage_taken":0,"max_hp_gain":0,"max_hp_loss":0,"event_name":"Transmorgrifier","floor":12,"gold_loss":0,"cards_obtained":["Night Terror"]}],"is_beta":false,"boss_relics":[],"items_purged_floors":[],"is_endless":false,"potions_floor_spawned":[1,5,14],"killed_by":"Slime Boss","ascension_level":0}}