{"host":"d52brwsy6af8zvaq","time":1612578266,"event":{"mods":["AchievementEnabler","BaseMod","Bestiary","Highlight Path","Minty Spire (QoL Compilation)","Quick Restart","Relic Stats","ojb\u0027s Better Paths Mod"],"gold_per_floor":[116,116,128,139,9,9,42,56,130,150,150,150],"floor_reached":11,"language":"ENG","playtime":282,"items_purged":["Strike_B"],"score":150,"play_id":"b107d5b9-342c-4abc-abb6-cce5660c8528","local_time":"20210205192426","is_ascension_mode":true,"campfire_choices":[{"data":"Zap","floor":6.0,"key":"SMITH"}],"circlet_count":0,"master_deck":["AscendersBane","Strike_B","Strike_B","Strike_B","Defend_B","Defend_B","Defend_B","Defend_B","Zap+1","Dualcast","Redo","Leap","Barrage","Gash","Creative AI","BootSequence","Gash"],"relics":["Cracked Core","Unceasing Top","Letter Opener"],"acts_visited":["Exordium"],"potions_floor_usage":[],"damage_taken":[{"damage":3.0,"enemies":"2 Louse","floor":1.0,"turns":3.0},{"damage":15.0,"enemies":"Small Slimes","floor":3.0,"turns":4.0},{"damage":0.0,"enemies":"Cultist","floor":4.0,"turns":3.0},{"damage":33.0,"enemies":"Lagavulin","floor":7.0,"turns":8.0},{"damage":0.0,"enemies":"2 Fungi Beasts","floor":8.0,"turns":3.0},{"damage":13.0,"enemies":"Blue Slaver","floor":10.0,"turns":3.0},{"damage":14,"enemies":"Gremlin Nob","floor":11,"turns":2}],"seed_played":"-1385081766879587657","potions_obtained":[{"floor":4.0,"key":"LiquidMemories"},{"floor":7.0,"key":"AttackPotion"}],"is_trial":false,"path_per_floor":["M","?","M","M","$","R","E","M","T","M","E"],"character_chosen":"DEFECT","items_purchased":["Gash"],"campfire_rested":0,"item_purchase_floors":[5],"current_hp_per_floor":[68,68,53,53,53,53,20,20,20,7,0,0],"gold":150,"neow_bonus":"TEN_PERCENT_HP_BONUS","is_daily":false,"chose_seed":false,"campfire_upgraded":1,"win_rate":0.0,"timestamp":1612578266,"path_taken":["M","?","M","M","$","R","E","M","T","M","E"],"items_purchased_type":["Card"],"build_version":"2020-12-22","purchased_purges":1,"victory":false,"max_hp_per_floor":[78,78,78,78,78,78,78,78,78,78,78,78],"relic_stats":{"counters":[7,26],"Letter Opener":[5],"obtain_stats":[{"Letter Opener":9,"Cracked Core":0,"Unceasing Top":7},{"Letter Opener":5,"Cracked Core":0,"Unceasing Top":4},{"Letter Opener":21,"Cracked Core":0,"Unceasing Top":18}],"Unceasing Top":[1]},"card_choices":[{"not_picked":["Streamline","Coolheaded"],"picked":"Redo","floor":1.0},{"not_picked":["Go for the Eyes","Heatsinks"],"picked":"Leap","floor":3.0},{"not_picked":["Storm","Melter"],"picked":"Barrage","floor":4.0},{"not_picked":["Ball Lightning","Stack"],"picked":"Creative AI","floor":7.0},{"not_picked":["Compile Driver","Lockon"],"picked":"BootSequence","floor":8.0},{"not_picked":["Stack","Go for the Eyes"],"picked":"Gash","floor":10.0}],"player_experience":2160207,"relics_obtained":[{"floor":7.0,"key":"Unceasing Top"},{"floor":9.0,"key":"Letter Opener"}],"event_choices":[{"damage_healed":0.0,"max_hp_gain":0.0,"max_hp_loss":0.0,"gold_gain":0.0,"event_name":"Shining Light","player_choice":"Ignored","floor":2.0,"gold_loss":0.0,"damage_taken":0.0}],"is_beta":false,"boss_relics":[],"items_purged_floors":[5],"is_endless":false,"potions_floor_spawned":[4,7],"killed_by":"Gremlin Nob","ascension_level":20}}