{"host":"5jdby9iqu3ct6557","time":1612650811,"event":{"mods":["BaseMod","DeckTracker","Highlight Path","Minty Spire (QoL Compilation)","Relic Stats","StSLib"],"gold_per_floor":[17,29,104,104,125,125,125,125],"floor_reached":7,"language":"ENG","playtime":731,"items_purged":[],"score":82,"play_id":"b1535ca8-afe7-4f84-ba6b-738a6b960543","local_time":"20210206173331","is_ascension_mode":true,"campfire_choices":[{"data":"EmptyFist","floor":6,"key":"SMITH"}],"circlet_count":0,"master_deck":["AscendersBane","Strike_P","Strike_P","Strike_P","Defend_P","Defend_P","Defend_P","Eruption","Vigilance","EmptyFist+1","FollowUp","MentalFortress"],"relics":["PureWater","Golden Idol"],"acts_visited":["Exordium"],"potions_floor_usage":[],"damage_taken":[{"damage":1,"enemies":"Cultist","floor":1,"turns":4},{"damage":10,"enemies":"Small Slimes","floor":2,"turns":3},{"damage":3,"enemies":"2 Louse","floor":5,"turns":3},{"damage":61,"enemies":"Lagavulin","floor":7,"turns":7}],"seed_played":"-2293081680391298723","potions_obtained":[],"is_trial":false,"path_per_floor":["M","M","?","?","M","R","E"],"character_chosen":"WATCHER","items_purchased":[],"campfire_rested":0,"item_purchase_floors":[],"current_hp_per_floor":[60,50,39,39,36,36,0,0],"gold":125,"neow_bonus":"REMOVE_TWO","is_daily":false,"chose_seed":false,"campfire_upgraded":1,"win_rate":0.0,"timestamp":1612650811,"path_taken":["M","?","?","?","M","R","E"],"items_purchased_type":[],"build_version":"2020-12-22","purchased_purges":0,"victory":false,"max_hp_per_floor":[68,68,68,62,62,62,62,62],"relic_stats":{"counters":[4,17],"Golden Idol":4,"obtain_stats":[{"Golden Idol":4,"PureWater":0},{"Golden Idol":2,"PureWater":0},{"Golden Idol":7,"PureWater":0}]},"card_choices":[{"not_picked":["EmptyBody","Prostrate"],"picked":"EmptyFist","floor":1},{"not_picked":["JustLucky","ThirdEye"],"picked":"FollowUp","floor":2},{"not_picked":["Swivel","TalkToTheHand"],"picked":"MentalFortress","floor":5}],"player_experience":2552874,"relics_obtained":[],"event_choices":[{"damage_healed":0,"gold_gain":75,"player_choice":"Gather Gold","damage_taken":11,"max_hp_gain":0,"max_hp_loss":0,"event_name":"World of Goop","floor":3,"gold_loss":0},{"damage_healed":0,"gold_gain":0,"player_choice":"Lose Max HP","damage_taken":0,"relics_obtained":["Golden Idol"],"max_hp_gain":0,"max_hp_loss":6,"event_name":"Golden Idol","floor":4,"gold_loss":0}],"is_beta":false,"boss_relics":[],"items_purged_floors":[],"is_endless":false,"potions_floor_spawned":[],"killed_by":"Lagavulin","ascension_level":20}}