{"host":"8e3sp1tozjyrh64l","time":1612585791,"event":{"mods":["BaseMod","Better Altar","Better Match","Better Note","Better Sensory Stone","Better Silent Start","Better Skull","Better Third Choice","BetterRewards","Curses Come First","Defuse TimeMaze Blight","Infinite Spire","Minty Spire (QoL Compilation)","Permanent Neow","Rare Cards Sparkle","Relic Sorter","Reliquary","Replay The Spire","Shop Mod","Spicy Shops","StSLib","SuperFastMode","Wandering Minibosses"],"gold_per_floor":[367,367,378,39,55,55,82,82,82,182,199,219,219,236,236,236,236],"floor_reached":16,"language":"ENG","playtime":475,"items_purged":[],"score":107,"play_id":"c6c797b7-2537-484e-96a5-ab3e19c3d26a","local_time":"20210205212951","is_ascension_mode":true,"campfire_choices":[{"data":"Mayhem","floor":6,"key":"SMITH"},{"data":"Envenom","floor":8,"key":"SMITH"},{"data":"Blade Dance","floor":13,"key":"SMITH"},{"data":"Accuracy","floor":15,"key":"SMITH"}],"circlet_count":0,"master_deck":["Strike_G","Strike_G","Strike_G","Strike_G","Defend_G","Defend_G","Defend_G","Defend_G","Survivor","Neutralize","Envenom+1","Mayhem+1","Blade Dance+1","Accuracy+1","Cloak And Dagger"],"relics":["Ring of the Snake","Tough Bandages","Pondfish Scales"],"acts_visited":["Exordium"],"potions_floor_usage":[12,16],"damage_taken":[{"damage":4,"enemies":"Cultist","floor":1,"turns":4},{"damage":0,"enemies":"Small Slimes","floor":3,"turns":4},{"damage":2,"enemies":"2 Louse","floor":5,"turns":4},{"damage":27,"enemies":"Lagavulin","floor":7,"turns":9},{"damage":7,"enemies":"Red Slaver","floor":11,"turns":4},{"damage":1,"enemies":"3 Louse","floor":12,"turns":3},{"damage":1,"enemies":"2 Fungi Beasts","floor":14,"turns":3},{"damage":28,"enemies":"Fading Forest","floor":16,"turns":7}],"seed_played":"114000998657210677","potions_obtained":[{"floor":7,"key":"Fruit Juice"},{"floor":11,"key":"SpeedPotion"},{"floor":12,"key":"Venom Potion"}],"is_trial":false,"path_per_floor":["M","?","M","$","M","R","E","R","T","?","M","M","R","M","R","B"],"character_chosen":"THE_SILENT","items_purchased":["Envenom","Mayhem"],"campfire_rested":0,"item_purchase_floors":[4,4],"current_hp_per_floor":[45,45,45,45,43,43,16,16,16,16,9,8,8,7,7,0,0],"gold":236,"neow_bonus":"TWO_FIFTY_GOLD","is_daily":false,"chose_seed":false,"campfire_upgraded":4,"win_rate":0.0,"timestamp":1612585791,"path_taken":["M","?","M","$","M","R","E","R","T","?","?","M","R","M","R","BOSS"],"items_purchased_type":["Card","Card"],"build_version":"2020-12-22","purchased_purges":0,"victory":false,"max_hp_per_floor":[70,70,70,70,70,70,70,70,70,70,70,70,70,70,70,75,75],"card_choices":[{"not_picked":["Bane","Well Laid Plans","Dodge and Roll"],"picked":"SKIP","floor":1},{"not_picked":["Dagger Throw","ReplayTheSpireMod:Exploit Weakness","Eviscerate"],"picked":"SKIP","floor":3},{"not_picked":["Expertise","Blur","Footwork"],"picked":"SKIP","floor":5},{"not_picked":["Acrobatics","Night Terror"],"picked":"Blade Dance","floor":7},{"not_picked":["Well Laid Plans","Poisoned Stab","Underhanded Strike"],"picked":"SKIP","floor":11},{"not_picked":["Outmaneuver","Dagger Spray"],"picked":"Accuracy","floor":12},{"not_picked":["ReplayTheSpireMod:Exploit Weakness","Dagger Spray"],"picked":"Cloak And Dagger","floor":14}],"player_experience":910730,"relics_obtained":[{"floor":7,"key":"Tough Bandages"},{"floor":9,"key":"Pondfish Scales"}],"event_choices":[{"damage_healed":0,"gold_gain":100,"player_choice":"Pray","damage_taken":0,"max_hp_gain":0,"max_hp_loss":0,"event_name":"Golden Shrine","floor":10,"gold_loss":0}],"is_beta":false,"boss_relics":[],"items_purged_floors":[],"is_endless":false,"potions_floor_spawned":[7,11,12],"killed_by":"Fading Forest","ascension_level":1}}