{"host":"alk2ftu785mujiir","time":1612632107,"event":{"mods":["BaseMod","Bossed Relics","Colored Map","Downfall","Minty Spire (QoL Compilation)","StSLib"],"gold_per_floor":[368,382,457,471,471,471,500,500,550,562,582,497,497,522,522,627,627,639,656,667,667,667,701,701,732,732,766,844,844,844,24,24,129,129,144,160,160,171,195,226,226,237,261,261,311,323,30,62,62,62],"floor_reached":51,"language":"ENG","playtime":2749,"items_purged":["Slimebound:Tackle+1","Pommel Strike"],"score":1189,"play_id":"d538547d-146c-4e85-b1b7-aa9f06653e4f","local_time":"20210206122147","is_ascension_mode":true,"campfire_choices":[{"data":"Bash","floor":6.0,"key":"SMITH"},{"floor":8.0,"key":"REST"},{"data":"Searing Blow","floor":13.0,"key":"SMITH"},{"data":"Searing Blow+1","floor":15.0,"key":"SMITH"},{"data":"Searing Blow+2","floor":24.0,"key":"SMITH"},{"data":"Searing Blow+3","floor":29.0,"key":"SMITH"},{"floor":32.0,"key":"REST"},{"data":"Berserk","floor":41.0,"key":"SMITH"},{"data":"Metallicize","floor":49.0,"key":"SMITH"}],"circlet_count":0,"master_deck":["Defend_R","Defend_R+1","Defend_R","Bash+1","Armaments+1","Shrug It Off","Shockwave","Searing Blow+4","Metallicize","Pummel+1","Slimebound:Tackle+1","Slimebound:Tackle+1","Rage+1","Berserk+1","Disarm+1","Battle Trance+1","Thunderclap+1","Entrench","Body Slam+1","Metallicize+1","Dropkick+1"],"relics":["Burning Blood","Orichalcum","Oddly Smooth Stone","Tiny Chest","Happy Flower","expansioncontent:StudyCardRelic","Matryoshka","Ancient Tea Set","Regal Pillow","Question Card","Anchor","The Courier","Meat on the Bone","Enchiridion","Molten Egg 2","HandDrill","HornCleat","CaptainsWheel","Sozu","Bag of Marbles","Strawberry","Toy Ornithopter","Thread and Needle","War Paint","Omamori"],"acts_visited":["Exordium","TheCity","TheBeyond"],"potions_floor_usage":[50],"damage_taken":[{"damage":0.0,"enemies":"Small Slimes","floor":1.0,"turns":3.0},{"damage":3.0,"enemies":"2 Louse","floor":2.0,"turns":3.0},{"damage":0.0,"enemies":"Cultist","floor":4.0,"turns":4.0},{"damage":42.0,"enemies":"Lagavulin","floor":7.0,"turns":9.0},{"damage":0.0,"enemies":"3 Louse","floor":10.0,"turns":4.0},{"damage":0.0,"enemies":"Gremlin Gang","floor":11.0,"turns":6.0},{"damage":24.0,"enemies":"Gremlin Nob","floor":14.0,"turns":4.0},{"damage":26.0,"enemies":"Slime Boss","floor":16.0,"turns":10.0},{"damage":10.0,"enemies":"Spheric Guardian","floor":18.0,"turns":4.0},{"damage":0.0,"enemies":"Chosen","floor":19.0,"turns":4.0},{"damage":0.0,"enemies":"Snecko","floor":20.0,"turns":4.0},{"damage":13.0,"enemies":"Gremlin Leader","floor":23.0,"turns":5.0},{"damage":0.0,"enemies":"Book of Stabbing","floor":25.0,"turns":4.0},{"damage":11.0,"enemies":"Gremlin Leader","floor":27.0,"turns":7.0},{"damage":43.0,"enemies":"Automaton","floor":33.0,"turns":11.0},{"damage":10.0,"enemies":"3 Shapes","floor":35.0,"turns":4.0},{"damage":0.0,"enemies":"Orb Walker","floor":36.0,"turns":2.0},{"damage":0.0,"enemies":"Maw","floor":38.0,"turns":6.0},{"damage":0.0,"enemies":"Reptomancer","floor":40.0,"turns":5.0},{"damage":0.0,"enemies":"3 Darklings","floor":42.0,"turns":3.0},{"damage":6.0,"enemies":"Mind Bloom Boss Battle","floor":45.0,"turns":4.0},{"damage":0.0,"enemies":"Sphere and 2 Shapes","floor":46.0,"turns":3.0},{"damage":0.0,"enemies":"Giant Head","floor":48.0,"turns":3.0},{"damage":0,"enemies":"Awakened One","floor":50,"turns":9}],"seed_played":"495301871008256089","potions_obtained":[{"floor":2.0,"key":"Fire Potion"},{"floor":7.0,"key":"Fire Potion"},{"floor":11.0,"key":"Strength Potion"},{"floor":16.0,"key":"SteroidPotion"},{"floor":19.0,"key":"LiquidMemories"},{"floor":23.0,"key":"AttackPotion"},{"floor":25.0,"key":"Block Potion"}],"is_trial":false,"path_per_floor":["M","M","?","M","?","R","E","R","T","M","M","?","R","E","R","B",null,"M","M","M","?","?","E","R","E","T","E","T","R","?","$","R","B",null,"M","M","?","M","T","E","R","M","T","?","?","M","$","E","R","B",null],"character_chosen":"IRONCLAD","items_purchased":["Molten Egg 2","HandDrill","HornCleat","CaptainsWheel","War Paint","Metallicize","Dropkick+1"],"campfire_rested":2,"item_purchase_floors":[31,31,31,31,47,47,47],"current_hp_per_floor":[72,72,61,67,67,67,31,52,52,58,64,64,64,46,46,26,61,57,63,69,69,69,62,62,68,68,63,63,63,47,47,72,47,66,62,68,68,72,72,79,79,79,79,79,79,79,79,79,79,79],"gold":62,"neow_bonus":"TWO_FIFTY_GOLD","is_daily":false,"chose_seed":false,"campfire_upgraded":7,"win_rate":0.0,"timestamp":1612632107,"path_taken":["M","M","?","M","?","R","E","R","T","M","?","?","R","E","R","BOSS","M","M","?","?","?","E","R","E","T","E","?","R","?","?","R","BOSS","M","M","?","M","?","E","R","M","T","?","?","M","$","E","R","BOSS"],"items_purchased_type":["Relic","Relic","Relic","Relic","Relic","Card","Card"],"build_version":"2020-12-22","purchased_purges":2,"victory":true,"max_hp_per_floor":[72,72,72,72,72,72,72,72,72,72,72,72,72,72,72,72,72,72,72,72,72,72,72,72,72,72,72,72,72,72,72,72,72,72,72,72,72,72,72,79,79,79,79,79,79,79,79,79,79,79],"card_choices":[{"not_picked":["Twin Strike","Anger"],"picked":"Armaments","floor":1.0},{"not_picked":["Power Through","Flex"],"picked":"Pommel Strike","floor":2.0},{"not_picked":["Anger","Clash"],"picked":"Shrug It Off","floor":4.0},{"not_picked":["Thunderclap","Dropkick"],"picked":"Shockwave","floor":7.0},{"not_picked":["Entrench","Sword Boomerang"],"picked":"Searing Blow","floor":10.0},{"not_picked":["Bludgeon","Heavy Blade","Pommel Strike"],"picked":"SKIP","floor":11.0},{"not_picked":["Wild Strike","Fire Breathing"],"picked":"Metallicize","floor":14.0},{"not_picked":["Pommel Strike","Armaments+1","True Grit"],"picked":"SKIP","floor":18.0},{"not_picked":["Pommel Strike+1","Blood for Blood","Second Wind"],"picked":"SKIP","floor":19.0},{"not_picked":["Perfected Strike","Headbutt"],"picked":"Pummel+1","floor":20.0},{"not_picked":["Rampage","Limit Break"],"picked":"Rage","floor":23.0},{"not_picked":["Hemokinesis","Body Slam","Havoc"],"picked":"SKIP","floor":25.0},{"not_picked":["Hemokinesis","Body Slam","Havoc"],"picked":"SKIP","floor":25.0},{"not_picked":["Exhume","Warcry","Thunderclap","Clash"],"picked":"SKIP","floor":27.0},{"not_picked":["Brutality","Offering","Fiend Fire+1"],"picked":"Berserk","floor":33.0},{"not_picked":["Pommel Strike+1","Headbutt+1","Flex"],"picked":"Disarm+1","floor":35.0},{"not_picked":["Sword Boomerang+1","Armaments+1","Twin Strike+1","Shockwave"],"picked":"SKIP","floor":36.0},{"not_picked":["Blood for Blood+1","Rampage+1","Exhume"],"picked":"Battle Trance+1","floor":38.0},{"not_picked":["Sword Boomerang+1","Power Through+1","Heavy Blade+1","Twin Strike+1"],"picked":"SKIP","floor":40.0},{"not_picked":["Feel No Pain+1","Battle Trance","Heavy Blade+1"],"picked":"Thunderclap+1","floor":42.0},{"not_picked":["Warcry","Armaments+1","Sentinel+1"],"picked":"Entrench","floor":45.0},{"not_picked":["Warcry+1","Wild Strike+1","Armaments+1"],"picked":"Body Slam+1","floor":46.0},{"not_picked":["True Grit","Seeing Red+1","Whirlwind+1","Perfected Strike+1"],"picked":"SKIP","floor":48.0}],"player_experience":1812922,"relics_obtained":[{"floor":7.0,"key":"Orichalcum"},{"floor":9.0,"key":"Oddly Smooth Stone"},{"floor":14.0,"key":"Happy Flower"},{"floor":23.0,"key":"Matryoshka"},{"floor":25.0,"key":"Ancient Tea Set"},{"floor":26.0,"key":"Regal Pillow"},{"floor":26.0,"key":"Question Card"},{"floor":27.0,"key":"Anchor"},{"floor":28.0,"key":"The Courier"},{"floor":28.0,"key":"Meat on the Bone"},{"floor":30.0,"key":"Enchiridion"},{"floor":39.0,"key":"Bag of Marbles"},{"floor":40.0,"key":"Strawberry"},{"floor":43.0,"key":"Toy Ornithopter"},{"floor":45.0,"key":"Thread and Needle"},{"floor":48.0,"key":"Omamori"}],"event_choices":[{"damage_healed":0.0,"max_hp_gain":0.0,"max_hp_loss":0.0,"gold_gain":75.0,"event_name":"World of Goop","player_choice":"Gather Gold","floor":3.0,"gold_loss":0.0,"damage_taken":11.0},{"damage_healed":0.0,"max_hp_gain":0.0,"max_hp_loss":0.0,"gold_gain":0.0,"event_name":"Upgrade Shrine","player_choice":"Upgraded","floor":5.0,"gold_loss":0.0,"damage_taken":0.0,"cards_upgraded":["Armaments"]},{"damage_healed":0.0,"max_hp_gain":0.0,"max_hp_loss":0.0,"gold_gain":0.0,"event_name":"WeMeetAgain","player_choice":"Paid Gold","floor":12.0,"gold_loss":85.0,"damage_taken":0.0,"relics_obtained":["Tiny Chest"]},{"damage_healed":0.0,"max_hp_gain":0.0,"max_hp_loss":0.0,"gold_gain":0.0,"event_name":"Vampires","player_choice":"Ignored","floor":22.0,"gold_loss":0.0,"damage_taken":0.0},{"damage_healed":0.0,"max_hp_gain":0.0,"max_hp_loss":0.0,"gold_gain":0.0,"event_name":"Cursed Tome","player_choice":"Obtained Book","floor":30.0,"gold_loss":0.0,"damage_taken":16.0},{"cards_removed":["Defend_R"],"damage_healed":0.0,"max_hp_gain":0.0,"max_hp_loss":0.0,"gold_gain":0.0,"event_name":"Falling","player_choice":"Removed Skill","floor":37.0,"gold_loss":0.0,"damage_taken":0.0},{"damage_healed":0.0,"max_hp_gain":0.0,"max_hp_loss":0.0,"gold_gain":0.0,"event_name":"Tomb of Lord Red Mask","player_choice":"Ignored","floor":44.0,"gold_loss":0.0,"damage_taken":0.0},{"damage_healed":0.0,"max_hp_gain":0.0,"max_hp_loss":0.0,"gold_gain":0.0,"event_name":"MindBloom","player_choice":"Fight","floor":45.0,"gold_loss":0.0,"damage_taken":0.0}],"is_beta":false,"boss_relics":[{"not_picked":["Astrolabe","SacredBark"],"picked":"expansioncontent:StudyCardRelic"},{"not_picked":["Snecko Eye","Cursed Key"],"picked":"Sozu"}],"items_purged_floors":[31,47],"is_endless":false,"potions_floor_spawned":[2,7,11,16,19,23,25,36,40,46,48],"ascension_level":5}}