{"host":"v0mw6c8s9jqyt2m0","time":1612615962,"event":{"mods":["Astrologer","BaseMod","Hermit","Marisa????????","Minty Spire (QoL Compilation)","StSLib","The Bug Knight","The Construct","The Cursed","The Disciple","The Gatherer","The Hierophant","The Mystic","The Necromancer","The Runesmith","The Servant 0.9.4","TheBandit"],"gold_per_floor":[369,384,404,10,29,54,54,84,84,84,104,104,119,44,44,145,145,165,184,199,60,40,69,69,89,89,100,100,127,147,178,178,280,280,293,348,348,364,714,714,745,771,796,830,486,499,217,229,229,229,229,229,76,105,105,105],"floor_reached":55,"language":"ENG","playtime":4727,"items_purged":["Clumsy","Strike_G","Strike_G"],"score":927,"play_id":"db2becfc-b188-46ca-94ec-6d05b5737705","local_time":"20210206135242","is_ascension_mode":true,"campfire_choices":[{"data":"Neutralize","floor":10,"key":"SMITH"},{"data":"Noxious Fumes","floor":12,"key":"SMITH"},{"data":"Die Die Die","floor":15,"key":"SMITH"},{"data":"Distraction","floor":24,"key":"SMITH"},{"data":"Sucker Punch","floor":28,"key":"SMITH"},{"floor":32,"key":"RECALL"},{"floor":40,"key":"REST"},{"floor":49,"key":"REST"},{"floor":52,"key":"REST"}],"circlet_count":0,"master_deck":["Strike_G","Strike_G","Strike_G","Defend_G","Defend_G","Defend_G","Defend_G","Defend_G","Survivor","Neutralize+1","Backflip","All Out Attack","Noxious Fumes+1","Well Laid Plans","Die Die Die+1","Poisoned Stab","Backflip","Bane","Corpse Explosion","Poisoned Stab","Deflect+1","Sucker Punch+1","Tools of the Trade+1","Distraction+1","Blur+1","Backstab","PiercingWail+1","Heel Hook+1","Catalyst+1","Night Terror+1","Noxious Fumes+1","PiercingWail+1","Deflect+1","Outmaneuver+1","Distraction+1","Thinking Ahead+1","Well Laid Plans+1","Distraction+1"],"relics":["Ring of the Snake","Frozen Egg 2","Eternal Feather","InkBottle","Pantograph","Meat on the Bone","Philosopher\u0027s Stone","Mercury Hourglass","Toxic Egg 2","Bottled Tornado","Tiny Chest","Fusion Hammer","StoneCalendar","Old Coin","Ornamental Fan","Dream Catcher","The Specimen","Strange Spoon","Snake Skull","Ninja Scroll"],"acts_visited":["Exordium","TheCity","TheBeyond","TheEnding"],"potions_floor_usage":[6,8,16,23,31,33,50,55,55],"damage_taken":[{"damage":5,"enemies":"Cultist","floor":1,"turns":6},{"damage":0,"enemies":"2 Louse","floor":2,"turns":3},{"damage":0,"enemies":"Jaw Worm","floor":3,"turns":5},{"damage":5,"enemies":"Red Slaver","floor":5,"turns":5},{"damage":8,"enemies":"3 Sentries","floor":6,"turns":5},{"damage":24,"enemies":"Lagavulin","floor":8,"turns":7},{"damage":4,"enemies":"Blue Slaver","floor":11,"turns":4},{"damage":0,"enemies":"Exordium Wildlife","floor":13,"turns":4},{"damage":30,"enemies":"Hexaghost","floor":16,"turns":11},{"damage":18,"enemies":"Spheric Guardian","floor":18,"turns":4},{"damage":12,"enemies":"Shell Parasite","floor":19,"turns":6},{"damage":26,"enemies":"Snake Plant","floor":20,"turns":5},{"damage":10,"enemies":"HollowMod:Nosk","floor":23,"turns":8},{"damage":27,"enemies":"Centurion and Healer","floor":25,"turns":5},{"damage":0,"enemies":"3 Cultists","floor":27,"turns":2},{"damage":9,"enemies":"Slavers","floor":29,"turns":3},{"damage":10,"enemies":"Sentry and Sphere","floor":30,"turns":6},{"damage":5,"enemies":"HollowMod:Nosk","floor":31,"turns":6},{"damage":6,"enemies":"Champ","floor":33,"turns":7},{"damage":0,"enemies":"3 Darklings","floor":35,"turns":4},{"damage":43,"enemies":"2 Orb Walkers","floor":36,"turns":4},{"damage":1,"enemies":"3 Shapes","floor":38,"turns":3},{"damage":18,"enemies":"Mind Bloom Boss Battle","floor":39,"turns":5},{"damage":2,"enemies":"Nemesis","floor":41,"turns":7},{"damage":0,"enemies":"Reptomancer","floor":44,"turns":5},{"damage":0,"enemies":"Transient","floor":46,"turns":5},{"damage":8,"enemies":"3 Darklings","floor":48,"turns":3},{"damage":35,"enemies":"Donu and Deca","floor":50,"turns":7},{"damage":68,"enemies":"Shield and Spear","floor":54,"turns":7},{"damage":40,"enemies":"The Heart","floor":55,"turns":3}],"seed_played":"4679514487385400127","potions_obtained":[{"floor":5,"key":"Block Potion"},{"floor":6,"key":"PowerPotion"},{"floor":11,"key":"PowerPotion"},{"floor":22,"key":"ColorlessPotion"},{"floor":23,"key":"DistilledChaos"},{"floor":29,"key":"GamblersBrew"},{"floor":30,"key":"SmokeBomb"},{"floor":39,"key":"Ancient Potion"},{"floor":41,"key":"SteroidPotion"},{"floor":46,"key":"Ancient Potion"},{"floor":54,"key":"Poison Potion"}],"is_trial":false,"path_per_floor":["M","M","M","$","M","E","T","E","T","R","M","R","M","$","R","B",null,"M","M","M","$","?","E","R","M","T","M","R","E","M","E","R","B",null,"M","?","?","M","?","R","E","T","T","E","$","M","$","M","R","B",null,"R","$","E","B"],"character_chosen":"THE_SILENT","items_purchased":["Well Laid Plans","Die Die Die","Frozen Egg 2","Tools of the Trade+1","Distraction+1","Thinking Ahead+1","Strange Spoon","Snake Skull"],"campfire_rested":3,"item_purchase_floors":[4,4,4,21,45,45,47,53],"current_hp_per_floor":[65,65,65,65,60,52,52,28,28,40,36,48,48,48,60,40,70,52,40,26,26,26,28,43,28,28,40,55,46,36,43,61,64,70,70,39,39,38,45,70,68,68,68,68,68,68,68,60,70,47,70,70,70,14,0,0],"gold":105,"neow_bonus":"TWO_FIFTY_GOLD","is_daily":false,"chose_seed":false,"campfire_upgraded":5,"win_rate":0.0,"timestamp":1612615962,"path_taken":["M","M","M","$","M","E","?","E","T","R","M","R","M","$","R","BOSS","M","M","M","$","?","E","R","M","T","M","R","E","?","E","R","BOSS","M","?","?","M","?","R","E","?","T","E","$","M","$","M","R","BOSS","R","$","E","BOSS"],"items_purchased_type":["Card","Card","Relic","Card","Card","Card","Relic","Relic"],"build_version":"2020-12-22","purchased_purges":3,"victory":false,"max_hp_per_floor":[70,70,70,70,70,70,70,70,70,70,70,70,70,70,70,70,70,70,70,70,70,70,70,70,70,70,70,70,70,70,70,70,70,70,70,70,70,70,70,70,70,70,70,70,70,70,70,70,70,70,70,70,70,70,70,70],"card_choices":[{"not_picked":["Underhanded Strike","Blade Dance"],"picked":"Backflip","floor":1},{"not_picked":["Deadly Poison","Outmaneuver"],"picked":"All Out Attack","floor":2},{"not_picked":["Outmaneuver","Dagger Spray"],"picked":"Noxious Fumes","floor":3},{"not_picked":["Dagger Throw","PiercingWail"],"picked":"Poisoned Stab","floor":5},{"not_picked":["Quick Slash","A Thousand Cuts+1"],"picked":"Backflip","floor":6},{"not_picked":["Underhanded Strike","Endless Agony","Blade Dance"],"picked":"SKIP","floor":8},{"not_picked":["Acrobatics","Heel Hook"],"picked":"Bane","floor":11},{"not_picked":["Predator","Dagger Throw","Dodge and Roll"],"picked":"SKIP","floor":13},{"not_picked":["Die Die Die","Malaise"],"picked":"Corpse Explosion","floor":16},{"not_picked":["Acrobatics","PiercingWail"],"picked":"Poisoned Stab","floor":18},{"not_picked":["Poisoned Stab","Skewer+1"],"picked":"Deflect+1","floor":19},{"not_picked":["Dash","Prepared"],"picked":"Sucker Punch","floor":20},{"not_picked":["Die Die Die","Sucker Punch"],"picked":"Distraction","floor":23},{"not_picked":["Acrobatics","Bane+1"],"picked":"Blur+1","floor":25},{"not_picked":["Flying Knee","Eviscerate"],"picked":"Backstab","floor":27},{"not_picked":["Slice","Well Laid Plans+1"],"picked":"PiercingWail+1","floor":29},{"not_picked":["Bane","Leg Sweep+1"],"picked":"Heel Hook+1","floor":30},{"not_picked":["Expertise+1","Tactician+1"],"picked":"Catalyst+1","floor":31},{"not_picked":["Unload","Malaise+1"],"picked":"Night Terror+1","floor":33},{"not_picked":["Dagger Throw","Backflip+1"],"picked":"Noxious Fumes+1","floor":35},{"not_picked":["Endless Agony","Finisher"],"picked":"PiercingWail+1","floor":38},{"not_picked":["Infinite Blades+1","Endless Agony+1"],"picked":"Deflect+1","floor":39},{"not_picked":["Underhanded Strike+1","Dagger Throw","Deadly Poison+1"],"picked":"SKIP","floor":41},{"not_picked":["Sucker Punch+1","Corpse Explosion+1"],"picked":"Outmaneuver+1","floor":44},{"not_picked":["Dodge and Roll+1","Sucker Punch+1","Outmaneuver+1"],"picked":"SKIP","floor":46},{"not_picked":["Dodge and Roll+1","Dash","Deflect+1"],"picked":"SKIP","floor":48},{"not_picked":["Predator","Sucker Punch"],"picked":"Well Laid Plans+1","floor":49},{"not_picked":["Skewer+1","Bane+1"],"picked":"Distraction+1","floor":52},{"not_picked":["Dash","Sucker Punch","Flechettes"],"picked":"SKIP","floor":54}],"player_experience":167342,"relics_obtained":[{"floor":6,"key":"Eternal Feather"},{"floor":7,"key":"InkBottle"},{"floor":8,"key":"Pantograph"},{"floor":9,"key":"Meat on the Bone"},{"floor":23,"key":"Mercury Hourglass"},{"floor":26,"key":"Toxic Egg 2"},{"floor":29,"key":"Bottled Tornado"},{"floor":31,"key":"Tiny Chest"},{"floor":36,"key":"StoneCalendar"},{"floor":39,"key":"Old Coin"},{"floor":41,"key":"Ornamental Fan"},{"floor":43,"key":"Dream Catcher"},{"floor":44,"key":"The Specimen"},{"floor":54,"key":"Ninja Scroll"}],"event_choices":[{"damage_healed":0,"gold_gain":0,"player_choice":"Bought 1 Potion","damage_taken":0,"max_hp_gain":0,"max_hp_loss":0,"event_name":"The Woman in Blue","floor":22,"gold_loss":0},{"damage_healed":0,"gold_gain":0,"player_choice":"Fight","damage_taken":0,"max_hp_gain":0,"max_hp_loss":0,"event_name":"Mysterious Sphere","floor":36,"gold_loss":0},{"damage_healed":0,"gold_gain":0,"player_choice":"Ignored","damage_taken":0,"max_hp_gain":0,"max_hp_loss":0,"event_name":"Tomb of Lord Red Mask","floor":37,"gold_loss":0},{"damage_healed":0,"gold_gain":0,"player_choice":"Fight","damage_taken":0,"max_hp_gain":0,"max_hp_loss":0,"event_name":"MindBloom","floor":39,"gold_loss":0}],"is_beta":false,"boss_relics":[{"not_picked":["Sozu","construct:ClawGrip"],"picked":"Philosopher\u0027s Stone"},{"not_picked":["Black Star","SlaversCollar"],"picked":"Fusion Hammer"}],"items_purged_floors":[14,45,47],"is_endless":false,"potions_floor_spawned":[5,6,11,23,29,30,39,41,46,54],"killed_by":"The Heart","ascension_level":2}}