{"host":"r70xsz6j1oj94nbd","time":1612613993,"event":{"mods":["Act Like it!","BaseMod","Downfall-Rebalance","Minty Spire (QoL Compilation)","Permanent Neow","Quick Restart","RNG Fix","Reliquary","Shop Mod","Spicy Shops","StSLib","The Alterego","The Animator","【功能Mod】混沌之环修复补丁"],"gold_per_floor":[113,213,239,239,84,84,112,112,112,128,128,139,92,115,115,215,215,230,241,60,60,76,76,92,111,157,173,134,159,175,95,95,95,95],"floor_reached":33,"language":"ZHS","playtime":2903,"items_purged":[],"score":274,"play_id":"5cd1e498-a644-4c19-9f68-1cefa38072ab","local_time":"20210206201953","is_ascension_mode":false,"campfire_choices":[{"floor":6.0,"key":"RECALL"},{"data":"animator:KyokoSakura","floor":8.0,"key":"SMITH"},{"floor":15.0,"key":"REST"},{"floor":23,"key":"REST"},{"floor":32,"key":"REST"}],"circlet_count":0,"master_deck":["animator:Strike_MadokaMagica","animator:Defend_MadokaMagica","animator:Strike","animator:Strike","animator:Defend","animator:Defend","animator:Defend","animator:IrohaTamaki","animator:YuiTsuruno","animator:Mikaela","animator:KyokoSakura+1","animator:HomuraAkemi","animator:SayakaMiki+1","animator:YuiTsuruno","animator:MadokaKaname+1","animator:Saber","animator:WinryRockbell","animator:YachiyoNanami","animator:Saber","animator:Gilgamesh+1","animator:SayakaMiki","animator:Saber"],"relics":["animator:LivingPicture","animator:TheMissingPiece","animator:HallowedScabbard","Pantograph","Fusion Hammer","Membership Card","DollysMirror","War Paint","Regal Pillow"],"acts_visited":["Exordium","TheCity"],"potions_floor_usage":[25],"damage_taken":[{"damage":0.0,"enemies":"2 Louse","floor":1.0,"turns":3.0},{"damage":1.0,"enemies":"Cultist","floor":3.0,"turns":4.0},{"damage":33.0,"enemies":"3 Sentries","floor":7.0,"turns":10.0},{"damage":1.0,"enemies":"Small Slimes","floor":10.0,"turns":4.0},{"damage":4.0,"enemies":"Gremlin Gang","floor":12.0,"turns":6.0},{"damage":1.0,"enemies":"Blue Slaver","floor":14.0,"turns":4.0},{"damage":42.0,"enemies":"Hexaghost","floor":16.0,"turns":10.0},{"damage":8,"enemies":"Chosen","floor":18,"turns":6},{"damage":13,"enemies":"2 Thieves","floor":19,"turns":5},{"damage":13,"enemies":"Snecko","floor":22,"turns":7},{"damage":0,"enemies":"Sentry and Sphere","floor":24,"turns":7},{"damage":16,"enemies":"Centurion and Healer","floor":25,"turns":10},{"damage":0,"enemies":"Chosen and Byrds","floor":27,"turns":7},{"damage":27,"enemies":"Snake Plant","floor":30,"turns":5},{"damage":92,"enemies":"Collector","floor":33,"turns":7}],"seed_played":"2058451481107625507","potions_obtained":[{"floor":3.0,"key":"Strength Potion"},{"floor":7.0,"key":"SpeedPotion"},{"floor":12.0,"key":"Block Potion"},{"floor":18,"key":"AttackPotion"},{"floor":22,"key":"LiquidBronze"},{"floor":25,"key":"Energy Potion"}],"is_trial":false,"path_per_floor":["M","?","M","?","$","R","E","R","T","M","?","M","$","M","R","B",null,"M","M","$","?","M","R","M","M","T","M","$","?","M","$","R","B"],"character_chosen":"THE_ANIMATOR","items_purchased":["animator:HomuraAkemi","animator:YuiTsuruno","Membership Card","DollysMirror","War Paint","animator:Saber"],"campfire_rested":3,"item_purchase_floors":[5,13,20,20,28,31],"current_hp_per_floor":[66,66,65,65,65,65,32,32,32,32,32,28,28,27,47,44,67,59,51,51,39,26,47,53,47,47,56,56,56,38,38,73,0,0],"gold":95,"neow_bonus":"TRANSFORM_CARD","is_daily":false,"chose_seed":false,"campfire_upgraded":1,"win_rate":0.0,"timestamp":1612613993,"path_taken":["M","?","M","?","?","R","E","R","T","M","?","M","$","M","R","BOSS","M","M","$","?","M","R","M","?","T","?","?","?","M","$","R","BOSS"],"items_purchased_type":["Card","Card","Relic","Relic","Relic","Card"],"build_version":"2020-12-22","purchased_purges":0,"victory":false,"max_hp_per_floor":[66,66,66,66,66,66,66,66,66,67,67,67,67,67,67,67,67,67,68,68,73,73,73,73,73,73,73,73,73,73,73,73,73,73],"card_choices":[{"not_picked":["animator:Berserker","animator:Add","animator:DolaSchwi"],"picked":"SKIP","floor":1.0},{"not_picked":["animator:RoyMustang","animator:Shigure"],"picked":"animator:KyokoSakura","floor":3.0},{"not_picked":["animator:Priestess","animator:Add","animator:Spearman"],"picked":"SKIP","floor":7.0},{"not_picked":["animator:MamiTomoe","animator:YachiyoNanami"],"picked":"animator:SayakaMiki","floor":10.0},{"not_picked":["animator:Assassin","animator:Scar","animator:SakuraMatou"],"picked":"SKIP","floor":12.0},{"not_picked":["animator:Priestess","animator:Jibril"],"picked":"animator:MadokaKaname","floor":14.0},{"not_picked":["animator:Eve","animator:Sora"],"picked":"animator:Saber","floor":16.0},{"not_picked":["animator:Yoichi","animator:Alexander+1"],"picked":"animator:WinryRockbell","floor":18},{"not_picked":["animator:MamiTomoe","animator:SayakaMiki"],"picked":"animator:YachiyoNanami","floor":19},{"not_picked":["animator:Shigure+1","animator:Rena+1","animator:ShinjiMatou"],"picked":"SKIP","floor":22},{"not_picked":["animator:Yoichi","animator:Priestess","animator:Mitsuba"],"picked":"SKIP","floor":24},{"not_picked":["animator:Chung","animator:SakuraMatou"],"picked":"animator:Gilgamesh","floor":25},{"not_picked":["animator:Kyubey","animator:OrikoMikuni"],"picked":"animator:SayakaMiki","floor":27},{"not_picked":["animator:Yoichi","animator:Assassin","animator:Mikaela"],"picked":"SKIP","floor":30}],"player_experience":268761,"relics_obtained":[{"floor":7.0,"key":"animator:HallowedScabbard"},{"floor":9.0,"key":"Pantograph"}],"event_choices":[{"damage_healed":0.0,"max_hp_gain":0.0,"max_hp_loss":0.0,"gold_gain":100.0,"event_name":"Golden Shrine","player_choice":"Pray","floor":2.0,"gold_loss":0.0,"damage_taken":0.0},{"damage_healed":0.0,"max_hp_gain":0.0,"max_hp_loss":0.0,"gold_gain":0.0,"event_name":"Liars Game","player_choice":"Ignored","floor":4.0,"gold_loss":0.0,"damage_taken":0.0},{"damage_healed":0.0,"max_hp_gain":0.0,"max_hp_loss":0.0,"gold_gain":0.0,"event_name":"Shining Light","player_choice":"Ignored","floor":11.0,"gold_loss":0.0,"damage_taken":0.0},{"damage_healed":0,"gold_gain":0,"player_choice":"Shed Blood","damage_taken":17,"max_hp_gain":5,"max_hp_loss":0,"event_name":"Forgotten Altar","floor":21,"gold_loss":0},{"damage_healed":0,"gold_gain":0,"player_choice":"Opened","damage_taken":0,"relics_obtained":["Regal Pillow"],"max_hp_gain":0,"max_hp_loss":0,"event_name":"The Mausoleum","floor":29,"gold_loss":0}],"is_beta":false,"boss_relics":[{"not_picked":["Sozu","Runic Dome"],"picked":"Fusion Hammer"}],"items_purged_floors":[],"is_endless":false,"potions_floor_spawned":[3,7,12,18,22,25,30],"killed_by":"Collector","ascension_level":0}}