{"host":"vx9g5eyuglzorf3u","time":1612588889,"event":{"mods":["2.2 Compatiblity","BaseMod","DeckTracker","Keyboard Shortcuts","Minty Spire (QoL Compilation)","Relic Stats","StSLib","SuperFastMode","everything is the same but u backflip on backflip"],"gold_per_floor":[109,128,128,128,144,179,179,218,218,236,236,257,295,220,220,315,315,331,354,375,200,200,200,200],"floor_reached":23,"language":"KOR","playtime":590,"items_purged":["Strike_B"],"score":522,"play_id":"9948351d-9792-4e82-a97b-003a0f8579cf","local_time":"20210206142129","is_ascension_mode":true,"campfire_choices":[{"data":"Dualcast","floor":7,"key":"SMITH"},{"floor":11,"key":"REST"},{"floor":15,"key":"RECALL"}],"circlet_count":0,"master_deck":["AscendersBane","Defend_B","Defend_B","Defend_B","Defend_B","Zap+1","Dualcast+1","Ball Lightning+1","Storm+1","Tempest+1","Coolheaded+1","Chill+1","Compile Driver+1","BootSequence+1","Creative AI+1","Glacier+1","Self Repair+1","Sweeping Beam+1"],"relics":["Cracked Core","Mummified Hand","Black Star","Frozen Egg 2","Toxic Egg 2","Molten Egg 2","NeowsBlessing","Golden Idol","Shuriken","Pantograph","Akabeko","Toy Ornithopter","Pear","Blood Vial","Meat on the Bone","Empty Cage"],"acts_visited":["Exordium","TheCity"],"potions_floor_usage":[6,13,16],"damage_taken":[{"damage":0,"enemies":"Cultist","floor":1,"turns":1},{"damage":0,"enemies":"Small Slimes","floor":2,"turns":1},{"damage":0,"enemies":"Jaw Worm","floor":5,"turns":1},{"damage":5,"enemies":"3 Sentries","floor":6,"turns":2},{"damage":25,"enemies":"Lagavulin","floor":8,"turns":6},{"damage":31,"enemies":"Exordium Thugs","floor":10,"turns":3},{"damage":0,"enemies":"3 Louse","floor":12,"turns":3},{"damage":10,"enemies":"3 Sentries","floor":13,"turns":4},{"damage":0,"enemies":"Slime Boss","floor":16,"turns":7},{"damage":7,"enemies":"3 Byrds","floor":18,"turns":3},{"damage":13,"enemies":"2 Thieves","floor":19,"turns":4},{"damage":28,"enemies":"Shelled Parasite and Fungi","floor":20,"turns":4},{"damage":48,"enemies":"Slavers","floor":23,"turns":3}],"seed_played":"5234136675707108505","potions_obtained":[{"floor":2,"key":"PowerPotion"},{"floor":8,"key":"BlessingOfTheForge"},{"floor":10,"key":"DistilledChaos"},{"floor":13,"key":"Strength Potion"}],"is_trial":false,"path_per_floor":["M","M","?","?","M","E","R","E","T","M","R","M","E","?","R","B",null,"M","M","M","$","?","E"],"character_chosen":"DEFECT","items_purchased":["Self Repair+1","Sweeping Beam+1"],"campfire_rested":1,"item_purchase_floors":[21,21],"current_hp_per_floor":[64,64,64,64,64,59,59,34,44,13,35,35,30,30,30,62,71,66,55,41,41,41,0,0],"gold":200,"neow_bonus":"THREE_ENEMY_KILL","is_daily":false,"chose_seed":false,"campfire_upgraded":1,"win_rate":0.0,"timestamp":1612588889,"path_taken":["M","?","?","?","M","E","R","E","T","M","R","?","E","?","R","BOSS","M","M","M","$","?","E"],"items_purchased_type":["Card","Card"],"build_version":"2020-12-22","purchased_purges":1,"victory":false,"max_hp_per_floor":[71,71,64,64,64,64,64,64,74,74,74,74,74,74,74,74,74,74,74,74,74,74,74,74],"relic_stats":{"Blood Vial":10,"counters":[13,42],"Mummified Hand":[20],"Golden Idol":65,"Shuriken":[2],"Pantograph":25,"Black Star":3,"obtain_stats":[{"Pear":9,"NeowsBlessing":0,"Golden Idol":3,"Frozen Egg 2":0,"Empty Cage":17,"Akabeko":8,"Blood Vial":13,"Mummified Hand":0,"Shuriken":6,"Pantograph":6,"Molten Egg 2":0,"Black Star":0,"Toxic Egg 2":0,"Cracked Core":0,"Toy Ornithopter":8,"Meat on the Bone":13},{"Pear":5,"NeowsBlessing":0,"Golden Idol":2,"Frozen Egg 2":0,"Empty Cage":9,"Akabeko":5,"Blood Vial":8,"Mummified Hand":0,"Shuriken":4,"Pantograph":4,"Molten Egg 2":0,"Black Star":0,"Toxic Egg 2":0,"Cracked Core":0,"Toy Ornithopter":5,"Meat on the Bone":8},{"Pear":11,"NeowsBlessing":0,"Golden Idol":2,"Frozen Egg 2":0,"Empty Cage":28,"Akabeko":11,"Blood Vial":21,"Mummified Hand":0,"Shuriken":5,"Pantograph":5,"Molten Egg 2":0,"Black Star":0,"Toxic Egg 2":0,"Cracked Core":0,"Toy Ornithopter":11,"Meat on the Bone":21}],"Toy Ornithopter":10,"Meat on the Bone":12},"card_choices":[{"not_picked":["Streamline+1","Coolheaded+1"],"picked":"Ball Lightning+1","floor":1},{"not_picked":["Steam+1","Go for the Eyes+1"],"picked":"Storm+1","floor":2},{"not_picked":["Gash+1","Chill+1"],"picked":"Tempest+1","floor":5},{"not_picked":["Compile Driver+1","Gash+1","Chaos+1"],"picked":"SKIP","floor":6},{"not_picked":["Compile Driver+1","Gash+1","Chaos+1"],"picked":"SKIP","floor":6},{"not_picked":["Conserve Battery+1","Multi-Cast+1"],"picked":"Coolheaded+1","floor":8},{"not_picked":["Rebound+1","Scrape+1"],"picked":"Chill+1","floor":10},{"not_picked":["Compile Driver+1","Cold Snap+1","Coolheaded+1"],"picked":"SKIP","floor":12},{"not_picked":["Cold Snap+1","Coolheaded+1"],"picked":"Compile Driver+1","floor":12},{"not_picked":["Leap+1","Steam+1"],"picked":"BootSequence+1","floor":13},{"not_picked":["Thunder Strike+1","Biased Cognition+1"],"picked":"Creative AI+1","floor":16},{"not_picked":["Rebound+1","Steam+1"],"picked":"Glacier+1","floor":18},{"not_picked":["Ball Lightning+1","Leap+1","Redo+1"],"picked":"SKIP","floor":19},{"not_picked":["Leap+1","Turbo+1","Cold Snap+1"],"picked":"SKIP","floor":20}],"player_experience":1516012,"relics_obtained":[{"floor":6,"key":"Shuriken"},{"floor":6,"key":"Pantograph"},{"floor":8,"key":"Akabeko"},{"floor":8,"key":"Toy Ornithopter"},{"floor":9,"key":"Pear"},{"floor":13,"key":"Blood Vial"},{"floor":13,"key":"Meat on the Bone"}],"event_choices":[{"damage_healed":0,"gold_gain":0,"player_choice":"Lose Max HP","damage_taken":0,"relics_obtained":["Golden Idol"],"max_hp_gain":0,"max_hp_loss":7,"event_name":"Golden Idol","floor":3,"gold_loss":0},{"damage_healed":0,"gold_gain":0,"player_choice":"Forge","damage_taken":0,"max_hp_gain":0,"max_hp_loss":0,"event_name":"Accursed Blacksmith","floor":4,"gold_loss":0,"cards_upgraded":["Zap"]},{"cards_removed":["Strike_B"],"damage_healed":0,"gold_gain":0,"player_choice":"Card Removal","damage_taken":0,"max_hp_gain":0,"max_hp_loss":0,"event_name":"The Cleric","floor":14,"gold_loss":75},{"damage_healed":0,"gold_gain":0,"player_choice":"Ignored","damage_taken":0,"max_hp_gain":0,"max_hp_loss":0,"event_name":"Ghosts","floor":22,"gold_loss":0}],"is_beta":false,"boss_relics":[{"not_picked":["SacredBark","Black Star"],"picked":"Empty Cage"}],"items_purged_floors":[21],"is_endless":false,"potions_floor_spawned":[2,8,10,13],"killed_by":"Slavers","ascension_level":20}}