{"host":"5m2js577gj4e7pak","time":1612585084,"event":{"mods":["AchievementEnabler","BaseMod","Better Match","BetterRewards","Colored Map","Colored Powertips","Googly Eyes","Highlight Path","Lobotomy","LobotomyExtend","Minty Spire (QoL Compilation)","Quick Restart","Relic Filter","StSLib"],"gold_per_floor":[118,130,305,320,331,331,331,211,238,255,282,296,324,324,324,324,324],"floor_reached":16,"language":"ENG","playtime":384,"items_purged":[],"score":137,"play_id":"5661d64d-fbcb-4474-a74f-fef597856c60","local_time":"20210206051804","is_ascension_mode":false,"campfire_choices":[],"circlet_count":0,"master_deck":["SpecialBullet","SpecialBullet","SpecialBullet","SpecialBullet","SpecialBullet","SpecialBullet","SpecialBullet","InformationCode","SecurityCode","Regret","CrimsonScar","WristCuter","Doubt","LaLuna","Beak","Amita","Harvest","ShyLook","Penitence","Funeral","Moonlight","Pain","RecordCode"],"relics":["CogitoBucket","LetterFromLob","Juzu Bracelet","War Paint","Pear","HellTrain","Toxic Egg 2","WarpedTongs"],"acts_visited":["Exordium"],"potions_floor_usage":[13,16],"damage_taken":[{"damage":3,"enemies":"Small Slimes","floor":1,"turns":3},{"damage":0,"enemies":"Cultist","floor":2,"turns":2},{"damage":19,"enemies":"2 Louse","floor":4,"turns":3},{"damage":28,"enemies":"Exordium Wildlife","floor":5,"turns":3},{"damage":3,"enemies":"Large Slime","floor":10,"turns":4},{"damage":38,"enemies":"3 Sentries","floor":11,"turns":5},{"damage":31,"enemies":"Red Slaver","floor":12,"turns":3},{"damage":20,"enemies":"Lagavulin","floor":13,"turns":5},{"damage":49,"enemies":"Hexaghost","floor":16,"turns":5}],"seed_played":"6762373458396207330","potions_obtained":[{"floor":10,"key":"Energy Potion"},{"floor":11,"key":"SteroidPotion"},{"floor":13,"key":"Explosive Potion"}],"is_trial":false,"path_per_floor":["M","M","?","M","M","R","?","?","T","M","E","M","E","?","R","B"],"character_chosen":"Angela","items_purchased":[],"campfire_rested":0,"item_purchase_floors":[],"current_hp_per_floor":[84,84,84,76,59,59,75,75,75,84,70,53,47,47,47,0,0],"gold":324,"neow_bonus":"TWENTY_PERCENT_HP_BONUS","is_daily":false,"chose_seed":false,"campfire_upgraded":0,"win_rate":0.0,"timestamp":1612585084,"path_taken":["M","M","?","M","M","R","?","?","T","M","E","M","E","?","R","BOSS"],"items_purchased_type":[],"build_version":"2020-12-22","purchased_purges":0,"victory":false,"max_hp_per_floor":[84,84,84,84,84,84,84,84,84,84,94,94,94,94,94,94,94],"card_choices":[{"not_picked":["RedEyes"],"picked":"CrimsonScar","floor":1},{"not_picked":["CherryBlossom"],"picked":"WristCuter","floor":2},{"not_picked":["Loneliness"],"picked":"FourthMatchFlame","floor":4},{"not_picked":["CherryBlossoms","OSAHOGD"],"picked":"LaLuna","floor":5},{"not_picked":["Hypocrisy"],"picked":"Beak","floor":5},{"not_picked":["Discord"],"picked":"Amita","floor":10},{"not_picked":["Pleasure"],"picked":"Harvest","floor":11},{"not_picked":["Bloodbath","CrumblingArmor"],"picked":"ShyLook","floor":12},{"not_picked":["Lantern"],"picked":"Penitence","floor":12},{"not_picked":["HeroicMonk","RedShoes"],"picked":"Funeral","floor":13},{"not_picked":["SomewhereSpear+1"],"picked":"Moonlight","floor":13}],"player_experience":51359,"relics_obtained":[{"floor":1,"key":"LetterFromLob"},{"floor":9,"key":"War Paint"},{"floor":11,"key":"Pear"},{"floor":13,"key":"Toxic Egg 2"}],"event_choices":[{"damage_healed":0,"gold_gain":175,"player_choice":"AGREE","damage_taken":0,"max_hp_gain":0,"max_hp_loss":0,"event_name":"Liars Game","floor":3,"gold_loss":0,"cards_obtained":["Doubt"]},{"damage_healed":0,"gold_gain":0,"player_choice":"Paid Gold","damage_taken":0,"relics_obtained":["Juzu Bracelet"],"max_hp_gain":0,"max_hp_loss":0,"event_name":"WeMeetAgain","floor":8,"gold_loss":120},{"damage_healed":0,"gold_gain":0,"player_choice":"Rummage","damage_taken":0,"relics_obtained":["WarpedTongs"],"max_hp_gain":0,"max_hp_loss":0,"event_name":"Accursed Blacksmith","floor":14,"gold_loss":0,"cards_obtained":["Pain"]}],"is_beta":false,"boss_relics":[],"items_purged_floors":[],"is_endless":false,"potions_floor_spawned":[10,11,13],"killed_by":"Hexaghost","ascension_level":0}}