{"host":"6r762osam2bvfm66","time":1612634822,"event":{"mods":["BaseMod","Colored Map","Minty Spire (QoL Compilation)"],"gold_per_floor":[119,69,84,84,96,125,135,154,154,171,171,186,186,77,77,176,176,176,176],"floor_reached":18,"language":"ENG","playtime":811,"items_purged":["Strike_B"],"score":189,"play_id":"22bab614-02b2-473a-96a8-e813cc9a599f","local_time":"20210206120702","is_ascension_mode":true,"campfire_choices":[{"floor":11,"key":"REST"},{"floor":15,"key":"REST"}],"circlet_count":0,"master_deck":["Defend_B","Defend_B","Defend_B","Defend_B","Zap","Dualcast+1","Sunder","Compile Driver","BootSequence","Glacier","Conserve Battery","Genetic Algorithm+1","Meteor Strike","Self Repair","Core Surge","Decay","Static Discharge+1","Sunder+1"],"relics":["Cracked Core","Juzu Bracelet","Bag of Preparation","Singing Bowl","Ginger","Astrolabe"],"acts_visited":["Exordium","TheCity"],"potions_floor_usage":[6,16],"damage_taken":[{"damage":0,"enemies":"Cultist","floor":1,"turns":3},{"damage":9,"enemies":"Jaw Worm","floor":3,"turns":3},{"damage":3,"enemies":"Small Slimes","floor":5,"turns":2},{"damage":32,"enemies":"Lagavulin","floor":6,"turns":6},{"damage":13,"enemies":"Blue Slaver","floor":7,"turns":4},{"damage":6,"enemies":"Red Slaver","floor":8,"turns":3},{"damage":6,"enemies":"Looter","floor":10,"turns":3},{"damage":13,"enemies":"Blue Slaver","floor":12,"turns":4},{"damage":14,"enemies":"The Guardian","floor":16,"turns":13},{"damage":0,"enemies":"Chosen","floor":18,"turns":1}],"seed_played":"-8254341357862213133","potions_obtained":[{"floor":3,"key":"Dexterity Potion"},{"floor":5,"key":"FocusPotion"},{"floor":7,"key":"FairyPotion"},{"floor":10,"key":"FocusPotion"}],"is_trial":false,"path_per_floor":["M","?","M","?","M","E","M","M","T","M","R","M","?","$","R","B",null,"M"],"character_chosen":"DEFECT","items_purchased":["Self Repair"],"campfire_rested":2,"item_purchase_floors":[14],"current_hp_per_floor":[75,75,66,66,63,31,18,12,12,6,28,17,2,2,25,18,77,77,77],"gold":176,"neow_bonus":"RANDOM_COMMON_RELIC","is_daily":false,"chose_seed":false,"campfire_upgraded":0,"win_rate":0.0,"timestamp":1612634822,"path_taken":["M","?","M","?","M","E","M","M","T","M","R","M","?","$","R","BOSS","M"],"items_purchased_type":["Card"],"build_version":"2020-12-22","purchased_purges":1,"victory":false,"max_hp_per_floor":[75,75,75,75,75,75,75,75,75,75,75,77,77,77,77,77,77,77,77],"card_choices":[{"not_picked":["Gash","Double Energy"],"picked":"Sunder","floor":1},{"not_picked":["Rebound","Steam Power"],"picked":"Compile Driver","floor":3},{"not_picked":["Barrage","Sunder"],"picked":"BootSequence","floor":5},{"not_picked":["Sweeping Beam","Hologram"],"picked":"Glacier","floor":6},{"not_picked":["Turbo","Hologram"],"picked":"Conserve Battery","floor":7},{"not_picked":["Sweeping Beam","Static Discharge"],"picked":"Genetic Algorithm","floor":8},{"not_picked":["Genetic Algorithm","Reinforced Body"],"picked":"Meteor Strike","floor":10},{"not_picked":["Chaos","Steam","White Noise"],"picked":"Singing Bowl","floor":12},{"not_picked":["All For One","Buffer"],"picked":"Core Surge","floor":16}],"player_experience":58988,"relics_obtained":[{"floor":6,"key":"Singing Bowl"},{"floor":9,"key":"Ginger"}],"event_choices":[{"cards_removed":["Strike_B"],"damage_healed":0,"gold_gain":0,"player_choice":"Card Removal","damage_taken":0,"max_hp_gain":0,"max_hp_loss":0,"event_name":"The Cleric","floor":2,"gold_loss":50},{"damage_healed":0,"gold_gain":0,"player_choice":"Box","damage_taken":0,"relics_obtained":["Bag of Preparation"],"max_hp_gain":0,"max_hp_loss":0,"event_name":"Big Fish","floor":4,"gold_loss":0,"cards_obtained":["Regret"]},{"damage_healed":0,"gold_gain":0,"player_choice":"Entered Light","damage_taken":15,"max_hp_gain":0,"max_hp_loss":0,"event_name":"Shining Light","floor":13,"gold_loss":0,"cards_upgraded":["Dualcast","Genetic Algorithm"]}],"is_beta":false,"boss_relics":[{"not_picked":["Ectoplasm","Fusion Hammer"],"picked":"Astrolabe"}],"items_purged_floors":[14],"is_endless":false,"potions_floor_spawned":[3,5,7,10,12],"killed_by":"Chosen","ascension_level":3}}