{"host":"johnydays","time":1612616264,"event":{"mods":["BaseMod","Bestiary","Block Reminder","Colored Map","Colored Powertips","DeckTracker","Highlight Path","Minty Spire (QoL Compilation)","Relic Stats","Slay-I","StSLib","SuperFastMode"],"gold_per_floor":[114,129,129,129,144,144,174,274,324,324,354,369,369,399,399,499,499,514,529,544,559,559,589,589,589,614,614,644,659,387,437,437,537,537,552,277,309,324,339,339,339],"floor_reached":40,"language":"ENG","playtime":3139,"items_purged":["Strike_R","Strike_R"],"score":494,"play_id":"c41fdf1d-7737-41cb-8a9d-2772ee51b57f","local_time":"20210206125744","daily_mods":["Specialized","Colorless Cards","Terminal"],"is_ascension_mode":false,"campfire_choices":[{"data":"Uppercut","floor":6.0,"key":"SMITH"},{"data":"Body Slam","floor":10.0,"key":"SMITH"},{"data":"Armaments","floor":15.0,"key":"SMITH"},{"data":"Armaments","floor":25.0,"key":"SMITH"},{"data":"Trip","floor":27.0,"key":"SMITH"},{"data":"Shockwave","floor":32.0,"key":"SMITH"}],"circlet_count":0,"master_deck":["Strike_R","Strike_R","Defend_R","Defend_R","Defend_R","Bash","Flame Barrier","Flame Barrier","Flame Barrier","Flame Barrier","Flame Barrier","Uppercut+1","Body Slam+1","Twin Strike","Armaments+1","Flash of Steel","Bludgeon","Clash","Armaments+1","Whirlwind+1","Sever Soul","Trip+1","Shrug It Off","Shrug It Off+1","Shrug It Off","Body Slam+1","Shockwave+1","Dark Shackles"],"relics":["Burning Blood","Potion Belt","Smiling Mask","Juzu Bracelet","HornCleat","PreservedInsect","Coffee Dripper","Charon\u0027s Ashes","Bag of Preparation","Pear","DollysMirror","Strawberry","Busted Crown","Membership Card","Bronze Scales","Gambling Chip"],"acts_visited":["Exordium","TheCity","TheBeyond"],"potions_floor_usage":[],"damage_taken":[{"damage":0.0,"enemies":"Cultist","floor":1.0,"turns":4.0},{"damage":0.0,"enemies":"Jaw Worm","floor":2.0,"turns":5.0},{"damage":0.0,"enemies":"Small Slimes","floor":5.0,"turns":4.0},{"damage":4.0,"enemies":"3 Sentries","floor":7.0,"turns":14.0},{"damage":5.0,"enemies":"Lagavulin","floor":11.0,"turns":6.0},{"damage":0.0,"enemies":"Exordium Wildlife","floor":12.0,"turns":6.0},{"damage":7.0,"enemies":"Gremlin Nob","floor":14.0,"turns":3.0},{"damage":3.0,"enemies":"Hexaghost","floor":16.0,"turns":11.0},{"damage":0.0,"enemies":"3 Byrds","floor":18.0,"turns":4.0},{"damage":8.0,"enemies":"Shell Parasite","floor":19.0,"turns":6.0},{"damage":3.0,"enemies":"Cultist and Chosen","floor":20.0,"turns":6.0},{"damage":12.0,"enemies":"Sentry and Sphere","floor":21.0,"turns":6.0},{"damage":0.0,"enemies":"Book of Stabbing","floor":23.0,"turns":4.0},{"damage":1.0,"enemies":"Gremlin Leader","floor":28.0,"turns":4.0},{"damage":0.0,"enemies":"Chosen and Byrds","floor":29.0,"turns":3.0},{"damage":11.0,"enemies":"Champ","floor":33.0,"turns":16.0},{"damage":1.0,"enemies":"3 Shapes","floor":35.0,"turns":2.0},{"damage":9.0,"enemies":"2 Orb Walkers","floor":37.0,"turns":3.0},{"damage":0.0,"enemies":"3 Darklings","floor":38.0,"turns":1.0},{"damage":1.0,"enemies":"Maw","floor":39.0,"turns":7.0},{"damage":0,"enemies":"Reptomancer","floor":40,"turns":1}],"seed_played":"-828330817948855686","potions_obtained":[{"floor":2.0,"key":"AttackPotion"},{"floor":11.0,"key":"CultistPotion"},{"floor":12.0,"key":"EntropicBrew"},{"floor":13.0,"key":"CultistPotion"},{"floor":13.0,"key":"Regen Potion"},{"floor":13.0,"key":"EntropicBrew"},{"floor":14.0,"key":"DuplicationPotion"},{"floor":18.0,"key":"AttackPotion"},{"floor":23.0,"key":"Ancient Potion"},{"floor":35.0,"key":"ColorlessPotion"},{"floor":37.0,"key":"LiquidMemories"}],"is_trial":false,"path_per_floor":["M","M","?","?","M","R","E","?","T","R","E","M","?","E","R","B",null,"M","M","M","M","?","E","?","R","T","R","E","M","$","T","R","B",null,"M","$","?","M","M","E"],"character_chosen":"IRONCLAD","items_purchased":["DollysMirror","Shockwave","Membership Card","Bronze Scales"],"campfire_rested":0,"item_purchase_floors":[30,30,36,36],"current_hp_per_floor":[78,77,81,80,79,78,77,76,75,74,73,72,71,70,69,68,67,66,64,64,58,58,61,60,59,58,57,66,65,64,70,69,64,67,66,65,62,63,62,62,62],"gold":339,"neow_bonus":"","is_daily":true,"chose_seed":false,"campfire_upgraded":6,"win_rate":0.0,"timestamp":1612616264,"path_taken":["M","M","?","?","?","R","E","?","T","R","E","M","?","E","R","BOSS","M","M","M","M","?","E","?","R","T","R","E","M","$","?","R","BOSS","M","$","?","M","M","E"],"items_purchased_type":["Relic","Card","Relic","Relic"],"build_version":"2020-12-18","purchased_purges":2,"victory":false,"max_hp_per_floor":[78,77,81,80,79,78,77,76,75,74,73,72,71,70,69,68,67,66,65,64,63,62,61,60,59,58,57,66,65,64,70,69,68,67,66,65,64,63,62,62,62],"relic_stats":{"Busted Crown":8,"counters":[21,116],"Bronze Scales":[24],"Gambling Chip":[8],"PreservedInsect":144,"Charon\u0027s Ashes":[21],"Juzu Bracelet":1,"Bag of Preparation":[16],"Smiling Mask":25,"obtain_stats":[{"Potion Belt":4,"Pear":28,"PreservedInsect":14,"Charon\u0027s Ashes":23,"Juzu Bracelet":9,"Bag of Preparation":26,"Smiling Mask":7,"Burning Blood":0,"HornCleat":11,"Busted Crown":34,"DollysMirror":30,"Strawberry":31,"Bronze Scales":36,"Gambling Chip":37,"Coffee Dripper":17,"Membership Card":36},{"Potion Belt":2,"Pear":14,"PreservedInsect":7,"Charon\u0027s Ashes":13,"Juzu Bracelet":4,"Bag of Preparation":13,"Smiling Mask":4,"Burning Blood":0,"HornCleat":5,"Busted Crown":16,"DollysMirror":15,"Strawberry":15,"Bronze Scales":17,"Gambling Chip":18,"Coffee Dripper":8,"Membership Card":17},{"Potion Belt":9,"Pear":83,"PreservedInsect":42,"Charon\u0027s Ashes":79,"Juzu Bracelet":27,"Bag of Preparation":79,"Smiling Mask":27,"Burning Blood":0,"HornCleat":33,"Busted Crown":102,"DollysMirror":86,"Strawberry":86,"Bronze Scales":104,"Gambling Chip":107,"Coffee Dripper":53,"Membership Card":104}],"Burning Blood":55},"card_choices":[{"not_picked":["Pommel Strike","Flex"],"picked":"Uppercut","floor":1.0},{"not_picked":["Clothesline","Pummel","Searing Blow"],"picked":"SKIP","floor":2.0},{"not_picked":["Hemokinesis","Headbutt"],"picked":"Body Slam","floor":5.0},{"not_picked":["Thunderclap","Panacea"],"picked":"Twin Strike","floor":7.0},{"not_picked":["Headbutt","Flex","Mind Blast"],"picked":"SKIP","floor":11.0},{"not_picked":["Cleave","Panacea"],"picked":"Armaments","floor":12.0},{"not_picked":["Wild Strike","Ghostly Armor","Flash of Steel"],"picked":"SKIP","floor":14.0},{"not_picked":["Wild Strike","Ghostly Armor"],"picked":"Flash of Steel","floor":14.0},{"not_picked":["Brutality","Berserk"],"picked":"Bludgeon","floor":16.0},{"not_picked":["Inflame","Warcry","Clothesline"],"picked":"SKIP","floor":18.0},{"not_picked":["Searing Blow+1","Clothesline"],"picked":"Clash","floor":19.0},{"not_picked":["Heavy Blade","Whirlwind"],"picked":"Armaments","floor":20.0},{"not_picked":["Discovery+1","Uppercut"],"picked":"Whirlwind+1","floor":21.0},{"not_picked":["Flex+1","Thunderclap"],"picked":"Shrug It Off","floor":23.0},{"not_picked":["Power Through","Sentinel+1"],"picked":"Shrug It Off+1","floor":28.0},{"not_picked":["Rage","Armaments"],"picked":"Shrug It Off","floor":29.0},{"not_picked":["Impatience+1"],"picked":"SKIP","floor":35.0},{"not_picked":[],"picked":"Dark Shackles","floor":38.0},{"not_picked":["Discovery"],"picked":"SKIP","floor":39.0}],"player_experience":493172,"relics_obtained":[{"floor":7.0,"key":"Smiling Mask"},{"floor":9.0,"key":"Juzu Bracelet"},{"floor":11.0,"key":"HornCleat"},{"floor":14.0,"key":"PreservedInsect"},{"floor":23.0,"key":"Charon\u0027s Ashes"},{"floor":26.0,"key":"Bag of Preparation"},{"floor":28.0,"key":"Pear"},{"floor":31.0,"key":"Strawberry"},{"floor":37.0,"key":"Gambling Chip"}],"event_choices":[{"damage_healed":0.0,"max_hp_gain":5.0,"max_hp_loss":0.0,"gold_gain":0.0,"event_name":"Big Fish","player_choice":"Donut","floor":3.0,"gold_loss":0.0,"damage_taken":0.0},{"damage_healed":0.0,"max_hp_gain":0.0,"max_hp_loss":0.0,"gold_gain":0.0,"event_name":"WeMeetAgain","player_choice":"Gave Potion","floor":4.0,"gold_loss":0.0,"damage_taken":0.0,"relics_obtained":["Potion Belt"]},{"damage_healed":0.0,"max_hp_gain":0.0,"max_hp_loss":0.0,"gold_gain":100.0,"event_name":"Golden Shrine","player_choice":"Pray","floor":8.0,"gold_loss":0.0,"damage_taken":0.0},{"damage_healed":0.0,"max_hp_gain":0.0,"max_hp_loss":0.0,"gold_gain":0.0,"event_name":"Lab","player_choice":"Got Potions","floor":13.0,"gold_loss":0.0,"damage_taken":0.0},{"damage_healed":0.0,"max_hp_gain":0.0,"max_hp_loss":0.0,"gold_gain":0.0,"cards_transformed":["Strike_R","Defend_R"],"event_name":"Drug Dealer","player_choice":"Became Test Subject","floor":22.0,"gold_loss":0.0,"damage_taken":0.0,"cards_obtained":["Sever Soul","Trip"]},{"damage_healed":0.0,"max_hp_gain":0.0,"max_hp_loss":0.0,"gold_gain":0.0,"event_name":"Ghosts","player_choice":"Ignored","floor":24.0,"gold_loss":0.0,"damage_taken":0.0},{"damage_healed":0.0,"max_hp_gain":0.0,"max_hp_loss":0.0,"gold_gain":0.0,"event_name":"Mysterious Sphere","player_choice":"Fight","floor":37.0,"gold_loss":0.0,"damage_taken":0.0}],"is_beta":true,"boss_relics":[{"not_picked":["Calling Bell","Runic Dome"],"picked":"Coffee Dripper"},{"not_picked":["Tiny House","SacredBark"],"picked":"Busted Crown"}],"items_purged_floors":[30,36],"is_endless":false,"potions_floor_spawned":[2,11,12,14,18,21,23,28,35,37],"killed_by":"Reptomancer","ascension_level":0}}