{"host":"p08oqmr389b4tgxi","time":1612600286,"event":{"mods":["100% Spire Juice","ATMod(°¢èªMod)","Act Like it!","Arknights","BaseMod","Colored Powertips","Gensokyo","Hallownest","KomeijiMod","Minty Spire (QoL Compilation)","Quick Restart","Relic Filter Mod","Relic Stats","Reliquary","StSLib","Yakumo Yukari mod","¡¾ÒÅÎï¿¨ÅÆ¡¿REMEMod"],"gold_per_floor":[110,126,140,31,42,60,90,90,90,26,26,121,184,222,222,350,350,33,95,161,311,867,917,929,941,978,990,1062,1132,419,37,37,37,37],"floor_reached":33,"language":"ZHS","playtime":3614,"items_purged":["Moonworks:Strike"],"score":351,"play_id":"6e4350fd-0581-4ffe-b9e3-c409a831ac92","local_time":"20210206163126","is_ascension_mode":false,"campfire_choices":[{"floor":15.0,"key":"REST"},{"data":"AT_EmpoweredMortalDraw","floor":32,"key":"SMITH"}],"circlet_count":0,"master_deck":["Moonworks:Strike","Moonworks:Defend","Moonworks:Defend+1","Moonworks:Defend","Moonworks:Defend","Moonworks:Ambush","Moonworks:LongDistanceShot","Moonworks:DevilHand","AT_MachinaRedman","Moonworks:x16BigRocket","Moonworks:NicePresent","Moonworks:HolyNight","Moonworks:Encore","AT_EmpoweredMortalDraw+1","Moonworks:Flamethrower","Moonworks:Gamble"],"relics":["Moonworks:Homemark","REME_ComplimentaryCards","AT_ATBox","Snecko Eye","AT_SunfireAegis","AT_MibuBalloonWealth","Anchor","MawBank","AT_ImmortalShieldbow","Kunai","Sling","REME_LimitBreaker","reliquary:Knoch","Vajra"],"acts_visited":["Exordium","Hallownest:Greenpath"],"potions_floor_usage":[],"damage_taken":[{"damage":3.0,"enemies":"Hallownest:2_MossCreeps","floor":1.0,"turns":5.0},{"damage":4.0,"enemies":"Hallownest:monsterHuskWarrior","floor":2.0,"turns":4.0},{"damage":0.0,"enemies":"Hallownest:2_Tiktiks_and_1_Crawlid","floor":3.0,"turns":2.0},{"damage":26.0,"enemies":"Hallownest:Guard_and_Warrior","floor":4.0,"turns":6.0},{"damage":6.0,"enemies":"Hallownest:1_Ooma_and_2_Uuma","floor":5.0,"turns":5.0},{"damage":0.0,"enemies":"Hallownest:monsterFoolEater","floor":6.0,"turns":2.0},{"damage":0.0,"enemies":"Hallownest:eliteMossKnight","floor":7.0,"turns":3.0},{"damage":18.0,"enemies":"Hallownest:eliteCrystalGuardian","floor":10.0,"turns":4.0},{"damage":0.0,"enemies":"Hallownest:monsterAspidMother","floor":12.0,"turns":4.0},{"damage":0.0,"enemies":"Hallownest:Guard_and_Warrior","floor":13.0,"turns":3.0},{"damage":1.0,"enemies":"Hallownest:monsterFoolEater","floor":14.0,"turns":2.0},{"damage":15.0,"enemies":"Hallownest:BossHornet","floor":16.0,"turns":10.0},{"damage":0.0,"enemies":"Hallownest:Flukemon_and_Top","floor":18.0,"turns":1.0},{"damage":0.0,"enemies":"Hallownest:2_Mistakes","floor":19.0,"turns":2.0},{"damage":0.0,"enemies":"Hallownest:Master_and_Novice","floor":20.0,"turns":2.0},{"damage":19.0,"enemies":"Hallownest:eliteSoulWarrior","floor":23.0,"turns":5.0},{"damage":0,"enemies":"Hallownest:Warrior_and_Youth","floor":28,"turns":2},{"damage":7,"enemies":"Hallownest:Nosk","floor":29,"turns":6},{"damage":993,"enemies":"Hallownest:BossSoulMaster","floor":33,"turns":3}],"seed_played":"4195869662029855273","potions_obtained":[{"floor":2.0,"key":"SkillPotion"},{"floor":4.0,"key":"REME_GoldPotion"},{"floor":5.0,"key":"CalmPotion"},{"floor":10.0,"key":"REME_GoldPotion"},{"floor":12.0,"key":"PowerPotion"},{"floor":18.0,"key":"Regen Potion"}],"is_trial":false,"path_per_floor":["M","M","M","M","M","M","E","?","T","E","?","M","M","M","R","B",null,"M","M","M","?","?","E","?","?","T","?","M","E","$","$","R","B"],"character_chosen":"THE_STARBREAKER","items_purchased":["Kunai","Sling","REME_LimitBreaker","reliquary:Knoch","Vajra","Moonworks:Gamble"],"campfire_rested":1,"item_purchase_floors":[30,30,30,31,31,31],"current_hp_per_floor":[57,53,53,27,21,21,21,21,21,3,3,3,3,2,20,5,60,60,60,60,60,60,41,37,51,51,51,51,44,44,44,44,0,0],"gold":37,"neow_bonus":"BOSS_RELIC","is_daily":false,"chose_seed":false,"campfire_upgraded":1,"win_rate":0.0,"timestamp":1612600286,"path_taken":["M","M","M","M","M","M","E","?","T","E","?","M","M","?","R","BOSS","M","M","?","?","?","E","?","?","T","?","M","E","?","$","R","BOSS"],"items_purchased_type":["Relic","Relic","Relic","Relic","Relic","Card"],"build_version":"2020-12-22","purchased_purges":1,"victory":false,"max_hp_per_floor":[60,60,60,60,60,60,60,60,60,60,60,60,60,60,60,60,60,60,60,60,60,60,60,60,60,60,60,60,60,60,60,60,60,60],"relic_stats":{"counters":[19,71],"Snecko Eye":[131,123,131,145],"Kunai":[0],"MawBank":84,"obtain_stats":[{"AT_ATBox":0,"AT_MibuBalloonWealth":9,"AT_MortalBlade":17,"Vajra":31,"REME_LimitBreaker":30,"MawBank":23,"Sling":30,"AT_ImmortalShieldbow":29,"Anchor":10,"Moonworks:Homemark":0,"Snecko Eye":0,"Kunai":30,"reliquary:Knoch":31,"AT_SunfireAegis":7,"Moonworks:BrokenBomb":0,"REME_ComplimentaryCards":0},{"AT_ATBox":0,"AT_MibuBalloonWealth":7,"AT_MortalBlade":12,"Vajra":18,"REME_LimitBreaker":18,"MawBank":16,"Sling":18,"AT_ImmortalShieldbow":18,"Anchor":8,"Moonworks:Homemark":0,"Snecko Eye":0,"Kunai":18,"reliquary:Knoch":18,"AT_SunfireAegis":7,"Moonworks:BrokenBomb":0,"REME_ComplimentaryCards":0},{"AT_ATBox":0,"AT_MibuBalloonWealth":27,"AT_MortalBlade":50,"Vajra":68,"REME_LimitBreaker":68,"MawBank":60,"Sling":68,"AT_ImmortalShieldbow":68,"Anchor":31,"Moonworks:Homemark":0,"Snecko Eye":0,"Kunai":68,"reliquary:Knoch":68,"AT_SunfireAegis":27,"Moonworks:BrokenBomb":0,"REME_ComplimentaryCards":0}]},"card_choices":[{"not_picked":["Moonworks:AngelHand","Moonworks:LulusLuckyEgg","Moonworks:DeployBits"],"picked":"SKIP","floor":1.0},{"not_picked":["Moonworks:SakisCookie","Moonworks:ImOnFire","Moonworks:EvilSpyWorkPreparation"],"picked":"SKIP","floor":2.0},{"not_picked":["Moonworks:ImOnFire","Moonworks:SinkOrSwim"],"picked":"Moonworks:x16BigRocket","floor":3.0},{"not_picked":["Moonworks:Dash","Moonworks:Dinner","Moonworks:ImOnFire"],"picked":"SKIP","floor":4.0},{"not_picked":["Moonworks:NicePresent","Moonworks:ImOnFire","Moonworks:DeployBits"],"picked":"SKIP","floor":5.0},{"not_picked":["Moonworks:SakisCookie","Moonworks:UnpaidWork","Moonworks:StiffCrystal"],"picked":"SKIP","floor":6.0},{"not_picked":["Moonworks:Assault","Moonworks:EvilSpyWorkPreparation","Moonworks:NicePresent"],"picked":"SKIP","floor":7.0},{"not_picked":["Moonworks:EvilSpyWorkPreparation","Moonworks:SweetBattle","Moonworks:ImOnFire"],"picked":"SKIP","floor":10.0},{"not_picked":["Moonworks:IntelligenceOfficer","Moonworks:Assault"],"picked":"Moonworks:HolyNight","floor":12.0},{"not_picked":["Moonworks:LulusLuckyEgg","Moonworks:SealedMemories","Moonworks:BigMagnum"],"picked":"SKIP","floor":13.0},{"not_picked":["Moonworks:Flamethrower","Moonworks:SweetBattle","Moonworks:Assault"],"picked":"SKIP","floor":14.0},{"not_picked":["Moonworks:Blazing","Moonworks:RocketCannon"],"picked":"Moonworks:Encore","floor":16.0},{"not_picked":["Moonworks:ImOnFire","Moonworks:CookingTime+1","Moonworks:UnpaidWork"],"picked":"SKIP","floor":18.0},{"not_picked":["Moonworks:ImOnFire","Moonworks:CookingTime+1","Moonworks:UnpaidWork"],"picked":"SKIP","floor":18.0},{"not_picked":["Moonworks:ImOnFire","Moonworks:AngelHand","Moonworks:EvilSpyWorkPreparation+1"],"picked":"SKIP","floor":19.0},{"not_picked":["Moonworks:ImOnFire+1","Moonworks:MixPhenomenon","Moonworks:LulusLuckyEgg+1"],"picked":"SKIP","floor":20.0},{"not_picked":["Moonworks:LulusLuckyEgg","Moonworks:SakisCookie","Moonworks:DeployBits"],"picked":"SKIP","floor":23.0},{"not_picked":["Moonworks:SakisCookie","Moonworks:NicePresent+1"],"picked":"Moonworks:Flamethrower","floor":27},{"not_picked":["Moonworks:ImOnFire+1","Moonworks:Assault","Moonworks:BigMagnum+1"],"picked":"SKIP","floor":28},{"not_picked":["Moonworks:ImOnFire+1","Moonworks:CastOff","Moonworks:NicePresent"],"picked":"SKIP","floor":29}],"player_experience":71834,"relics_obtained":[{"floor":7.0,"key":"AT_SunfireAegis"},{"floor":9.0,"key":"AT_MibuBalloonWealth"},{"floor":10.0,"key":"Anchor"},{"floor":23.0,"key":"MawBank"},{"floor":29,"key":"AT_ImmortalShieldbow"}],"event_choices":[],"is_beta":false,"boss_relics":[{"not_picked":["Coffee Dripper","AT_TrinityForce"],"picked":"AT_MortalBlade"}],"items_purged_floors":[30],"is_endless":false,"potions_floor_spawned":[2,4,5,10,12,14,18,28],"killed_by":"Hallownest:BossSoulMaster","ascension_level":0}}