{"host":"wkjgcu9pecufay4p","time":1612633307,"event":{"mods":["AchievementEnabler","BaseMod","Bestiary","Block Reminder","Filter the Spire","Minty Spire (QoL Compilation)","Relic Stats","Weighted Paths","ojb\u0027s Info Mod"],"gold_per_floor":[116,126,126,126,126,126,136,156,156,156,184,184,197,121,121,226,226,246,246,261,261,274,274,292,319,346,346,346,23,23,56,68,185,197,219,231,243,265,290,302,326,353,365,377,389,430,442,454,466,478],"floor_reached":51,"language":"ENG","playtime":1047,"items_purged":[],"score":1040,"play_id":"b8974953-390b-49c0-94cb-a1c0816f23eb","local_time":"20210206114147","is_ascension_mode":false,"campfire_choices":[{"data":"Bash","floor":6,"key":"SMITH"},{"data":"Reaper","floor":10,"key":"SMITH"},{"data":"Inflame","floor":12,"key":"SMITH"},{"data":"Metallicize","floor":15,"key":"SMITH"},{"floor":23,"key":"REST"},{"data":"Offering","floor":27,"key":"SMITH"},{"data":"Rupture","floor":30,"key":"SMITH"},{"data":"Fiend Fire","floor":32,"key":"SMITH"},{"data":"Corruption","floor":40,"key":"SMITH"},{"data":"Carnage","floor":45,"key":"SMITH"},{"data":"Twin Strike","floor":49,"key":"SMITH"}],"circlet_count":0,"master_deck":["Strike_R","Strike_R","Strike_R","Strike_R","Defend_R","Defend_R","Defend_R","Defend_R","Bash+1","Reaper+1","Inflame+1","Metallicize+1","Offering+1","Twin Strike+1","Twin Strike","Twin Strike+1","Rupture+1","Fiend Fire+1","Corruption+1","Battle Trance+1","Carnage+1","Carnage+1"],"relics":["Black Star","Toy Ornithopter","Shuriken","Gambling Chip","Snecko Eye","Champion Belt","Pear","Anchor","White Beast Statue","Mummified Hand","MawBank","Charon\u0027s Ashes","Cursed Key","Red Skull","Sundial","Regal Pillow"],"acts_visited":["Exordium","TheCity","TheBeyond"],"potions_floor_usage":[],"damage_taken":[{"damage":0.0,"enemies":"Jaw Worm","floor":1.0,"turns":1.0},{"damage":0.0,"enemies":"2 Louse","floor":2.0,"turns":1.0},{"damage":0,"enemies":"Small Slimes","floor":7,"turns":1},{"damage":0,"enemies":"Gremlin Gang","floor":8,"turns":1},{"damage":0,"enemies":"Lagavulin","floor":11,"turns":1},{"damage":0,"enemies":"Exordium Thugs","floor":13,"turns":1},{"damage":0,"enemies":"The Guardian","floor":16,"turns":1},{"damage":0,"enemies":"2 Thieves","floor":18,"turns":1},{"damage":0,"enemies":"3 Byrds","floor":20,"turns":1},{"damage":0,"enemies":"Snecko","floor":22,"turns":1},{"damage":0,"enemies":"Sentry and Sphere","floor":24,"turns":1},{"damage":0,"enemies":"Slavers","floor":25,"turns":1},{"damage":0,"enemies":"Gremlin Leader","floor":31,"turns":1},{"damage":0,"enemies":"Champ","floor":33,"turns":1},{"damage":0,"enemies":"3 Darklings","floor":35,"turns":1},{"damage":0,"enemies":"3 Shapes","floor":38,"turns":1},{"damage":0,"enemies":"Writhing Mass","floor":39,"turns":1},{"damage":0,"enemies":"Maw","floor":41,"turns":1},{"damage":0,"enemies":"4 Shapes","floor":42,"turns":1},{"damage":0,"enemies":"Giant Head","floor":46,"turns":1},{"damage":0,"enemies":"Sphere and 2 Shapes","floor":48,"turns":1},{"damage":0,"enemies":"Awakened One","floor":50,"turns":2}],"seed_played":"7980507574678116232","potions_obtained":[{"floor":2.0,"key":"EntropicBrew"},{"floor":7,"key":"PowerPotion"},{"floor":13,"key":"SneckoOil"}],"is_trial":false,"path_per_floor":["M","M","?","?","?","R","M","M","T","R","E","R","M","$","R","B",null,"M","?","M","?","M","R","M","E","T","R","T","$","R","E","R","B",null,"M","T","?","M","M","R","M","M","T","?","R","E","$","M","R","B",null],"character_chosen":"IRONCLAD","items_purchased":["Metallicize","Mummified Hand","Rupture"],"campfire_rested":1,"item_purchase_floors":[14,29,29],"current_hp_per_floor":[80,80,80,80,80,80,80,80,80,80,80,80,80,80,80,80,80,80,80,80,80,80,80,80,90,90,90,90,90,90,90,90,90,90,90,90,90,90,90,90,90,90,90,90,90,90,90,90,90,90],"gold":490,"neow_bonus":"BOSS_RELIC","is_daily":false,"chose_seed":false,"campfire_upgraded":10,"win_rate":0.0,"timestamp":1612633307,"path_taken":["M","M","?","?","?","R","M","?","T","R","E","R","M","$","R","BOSS","M","?","M","?","?","R","?","E","T","R","?","$","R","E","R","BOSS","M","?","?","M","M","R","?","M","T","?","R","E","$","M","R","BOSS"],"items_purchased_type":["Card","Relic","Card"],"build_version":"2020-12-22","purchased_purges":0,"victory":true,"max_hp_per_floor":[80,80,80,80,80,80,80,80,80,80,80,80,80,80,80,80,80,80,80,80,80,80,80,80,90,90,90,90,90,90,90,90,90,90,90,90,90,90,90,90,90,90,90,90,90,90,90,90,90,90],"relic_stats":{"Regal Pillow":0,"counters":[22,15],"Charon\u0027s Ashes":[0],"MawBank":240,"Cursed Key":1,"Shuriken":[0],"Mummified Hand":[0],"Sundial":[0],"Gambling Chip":[0],"Snecko Eye":[23,26,27,29],"Black Star":4,"Champion Belt":[0],"obtain_stats":[{"Regal Pillow":46,"Pear":25,"Charon\u0027s Ashes":31,"MawBank":31,"Cursed Key":34,"Burning Blood":0,"White Beast Statue":28,"Anchor":26,"Shuriken":11,"Mummified Hand":29,"Sundial":46,"Gambling Chip":11,"Snecko Eye":17,"Black Star":0,"Champion Belt":25,"Toy Ornithopter":9,"Red Skull":36},{"Regal Pillow":20,"Pear":12,"Charon\u0027s Ashes":13,"MawBank":13,"Cursed Key":14,"Burning Blood":0,"White Beast Statue":12,"Anchor":12,"Shuriken":5,"Mummified Hand":12,"Sundial":20,"Gambling Chip":5,"Snecko Eye":7,"Black Star":0,"Champion Belt":12,"Toy Ornithopter":4,"Red Skull":15},{"Regal Pillow":14,"Pear":10,"Charon\u0027s Ashes":10,"MawBank":10,"Cursed Key":11,"Burning Blood":0,"White Beast Statue":10,"Anchor":10,"Shuriken":5,"Mummified Hand":10,"Sundial":14,"Gambling Chip":5,"Snecko Eye":7,"Black Star":0,"Champion Belt":10,"Toy Ornithopter":4,"Red Skull":12}],"Toy Ornithopter":0},"card_choices":[{"not_picked":["Perfected Strike","Clash","Rampage"],"picked":"SKIP","floor":1.0},{"not_picked":["Second Wind","Pommel Strike","Burning Pact"],"picked":"SKIP","floor":2.0},{"not_picked":["Clothesline","Infernal Blade"],"picked":"Reaper","floor":7},{"not_picked":["Cleave","Intimidate","Ghostly Armor"],"picked":"SKIP","floor":8},{"not_picked":["Sword Boomerang","Perfected Strike"],"picked":"Inflame","floor":11},{"not_picked":["Flex","Whirlwind","Pommel Strike"],"picked":"SKIP","floor":13},{"not_picked":["Reaper","Impervious"],"picked":"Offering","floor":16},{"not_picked":["Pommel Strike","Bloodletting"],"picked":"Twin Strike+1","floor":18},{"not_picked":["Anger","Warcry"],"picked":"Twin Strike","floor":20},{"not_picked":["Rage","Armaments","Iron Wave"],"picked":"SKIP","floor":22},{"not_picked":["Rage+1","Clash"],"picked":"Twin Strike","floor":24},{"not_picked":["Clash","Warcry","Burning Pact+1"],"picked":"SKIP","floor":25},{"not_picked":["Rage","Twin Strike+1"],"picked":"Fiend Fire","floor":31},{"not_picked":["Reaper","Impervious"],"picked":"Corruption","floor":33},{"not_picked":["Thunderclap+1","Cleave"],"picked":"Battle Trance+1","floor":35},{"not_picked":["Body Slam+1","Dual Wield"],"picked":"Carnage","floor":38},{"not_picked":["Offering","Twin Strike"],"picked":"Carnage+1","floor":39},{"not_picked":["Thunderclap","Perfected Strike","Anger+1"],"picked":"SKIP","floor":41},{"not_picked":["Searing Blow","Flex+1","True Grit"],"picked":"SKIP","floor":42},{"not_picked":["Impervious","Infernal Blade+1","Combust+1"],"picked":"SKIP","floor":46},{"not_picked":["Perfected Strike+1","Body Slam+1","Sword Boomerang+1"],"picked":"SKIP","floor":48}],"player_experience":26,"relics_obtained":[{"floor":9,"key":"Toy Ornithopter"},{"floor":11,"key":"Shuriken"},{"floor":11,"key":"Gambling Chip"},{"floor":25,"key":"Champion Belt"},{"floor":25,"key":"Pear"},{"floor":26,"key":"Anchor"},{"floor":28,"key":"White Beast Statue"},{"floor":31,"key":"MawBank"},{"floor":31,"key":"Charon\u0027s Ashes"},{"floor":36,"key":"Red Skull"},{"floor":46,"key":"Sundial"},{"floor":46,"key":"Regal Pillow"}],"event_choices":[{"cards_removed":["Strike_R"],"damage_healed":0,"gold_gain":0,"player_choice":"Forget","damage_taken":0,"max_hp_gain":0,"max_hp_loss":0,"event_name":"Living Wall","floor":3,"gold_loss":0},{"damage_healed":0,"gold_gain":0,"player_choice":"Ignored","damage_taken":0,"max_hp_gain":0,"max_hp_loss":0,"event_name":"Shining Light","floor":4,"gold_loss":0},{"damage_healed":0,"gold_gain":0,"player_choice":"Leave","damage_taken":0,"max_hp_gain":0,"max_hp_loss":0,"event_name":"The Cleric","floor":5,"gold_loss":0},{"damage_healed":0,"gold_gain":0,"player_choice":"Ignored","damage_taken":0,"max_hp_gain":0,"max_hp_loss":0,"event_name":"Beggar","floor":19,"gold_loss":0},{"damage_healed":0,"gold_gain":0,"player_choice":"Ignored","damage_taken":0,"max_hp_gain":0,"max_hp_loss":0,"event_name":"NoteForYourself","floor":21,"gold_loss":0},{"cards_removed":["Regret"],"damage_healed":0,"gold_gain":0,"player_choice":"Removed Curses","damage_taken":0,"max_hp_gain":0,"max_hp_loss":0,"event_name":"Fountain of Cleansing","floor":37,"gold_loss":0},{"damage_healed":0,"gold_gain":0,"player_choice":"Ignored","damage_taken":0,"max_hp_gain":0,"max_hp_loss":0,"event_name":"Tomb of Lord Red Mask","floor":44,"gold_loss":0}],"is_beta":false,"boss_relics":[{"not_picked":["Velvet Choker","Fusion Hammer"],"picked":"Snecko Eye"},{"not_picked":["Sozu","Busted Crown"],"picked":"Cursed Key"}],"items_purged_floors":[],"is_endless":false,"potions_floor_spawned":[2,7,13,16,20,22,24,31,33,35,38,39,41,42,46,48],"ascension_level":0}}