{"host":"pft5kheyb7v7gger","time":1612603868,"event":{"mods":["Act Like it!","BaseMod","Energized Spire","LagranYue(拉格朗・月)","Lobotomy","LobotomyExtend","Minty Spire (QoL Compilation)","Replay The Spire","StSLib","The Gatherer","WarShipGirlsR/战舰少女R mod","【遗物卡牌】REMEMod"],"gold_per_floor":[19,29,304,36,50,81,81,81,81,101,120,120,151,169,169,169,169],"floor_reached":16,"language":"ZHS","playtime":642,"items_purged":[],"score":112,"play_id":"35c7a772-553d-4124-a076-db407f81265f","local_time":"20210206173108","is_ascension_mode":false,"campfire_choices":[{"floor":7.0,"key":"REST"},{"floor":12,"key":"REST"},{"floor":15,"key":"REST"}],"circlet_count":0,"master_deck":["rmod:strick","rmod:strick","rmod:strick","rmod:defend","rmod:defend","rmod:defend","rmod:defend","rmod:basicallowance","rmod:maingunfire","rmod:acesubmarine","rmod:goodfighter","rmod:fuelsupply","Regret","rmod:expedition","rmod:diamondstrike","rmod:wasp","rmod:rockthrower","rmod:steelsupply","rmod:firesupport","rmod:diaomin","rmod:maintain","rmod:fletcherpendant"],"relics":["rmod:firstchargereward","REME_ComplimentaryCards","LagranYue:RandomDrawCardRelic","Incense Burner","LetterFromLob","rmod:extraamm","White Beast Statue","Smiling Mask","Juzu Bracelet"],"acts_visited":["Exordium"],"potions_floor_usage":[13,16],"damage_taken":[{"damage":4.0,"enemies":"Jaw Worm","floor":1.0,"turns":2.0},{"damage":0.0,"enemies":"Cultist","floor":2.0,"turns":2.0},{"damage":8.0,"enemies":"Small Slimes","floor":5.0,"turns":3.0},{"damage":40.0,"enemies":"3 Sentries","floor":6.0,"turns":7.0},{"damage":22,"enemies":"Gremlin Gang","floor":10,"turns":5},{"damage":11,"enemies":"Looter","floor":11,"turns":3},{"damage":18,"enemies":"Lagavulin","floor":13,"turns":5},{"damage":9,"enemies":"Blue Slaver","floor":14,"turns":4},{"damage":32,"enemies":"Slime Boss","floor":16,"turns":8}],"seed_played":"-5662121779828234816","potions_obtained":[{"floor":1.0,"key":"Block Potion"},{"floor":5.0,"key":"FearPotion"},{"floor":10,"key":"SneckoOil"},{"floor":13,"key":"EssenceOfSteel"}],"is_trial":false,"path_per_floor":["M","M","?","$","M","E","R","?","T","M","M","R","E","M","R","B"],"character_chosen":"PRAEFECT","items_purchased":["rmod:expedition","rmod:diamondstrike","rmod:extraamm"],"campfire_rested":3,"item_purchase_floors":[4,4,4],"current_hp_per_floor":[71,71,71,71,63,23,45,45,45,23,12,34,16,7,29,0,0],"gold":169,"neow_bonus":"ONE_RARE_RELIC","is_daily":false,"chose_seed":false,"campfire_upgraded":0,"win_rate":0.0,"timestamp":1612603868,"path_taken":["M","M","?","?","M","E","R","?","T","?","M","R","E","M","R","BOSS"],"items_purchased_type":["Card","Card","Relic"],"build_version":"2020-12-22","purchased_purges":0,"victory":false,"max_hp_per_floor":[75,75,75,75,75,75,75,75,75,75,75,75,75,75,75,75,75],"card_choices":[{"not_picked":["rmod:royalracing","rmod:tearstotiara"],"picked":"rmod:goodfighter","floor":1.0},{"not_picked":["rmod:victimresponsibility","rmod:steelsupply"],"picked":"rmod:fuelsupply","floor":2.0},{"not_picked":["rmod:luckystar","rmod:tearstotiara"],"picked":"rmod:wasp","floor":5.0},{"not_picked":["rmod:u235","rmod:goodfighter"],"picked":"rmod:rockthrower","floor":6.0},{"not_picked":["rmod:steelsupply","rmod:tearstotiara"],"picked":"rmod:firesupport","floor":10},{"not_picked":["rmod:tearstotiara","rmod:ring"],"picked":"rmod:diaomin","floor":11},{"not_picked":["rmod:wolves","rmod:wasp"],"picked":"rmod:maintain","floor":13},{"not_picked":["rmod:fuelsupply","rmod:tearstotiara"],"picked":"rmod:fletcherpendant","floor":14}],"player_experience":255678,"relics_obtained":[{"floor":1.0,"key":"LetterFromLob"},{"floor":6.0,"key":"White Beast Statue"},{"floor":9,"key":"Smiling Mask"},{"floor":13,"key":"Juzu Bracelet"}],"event_choices":[{"damage_healed":0.0,"max_hp_gain":0.0,"max_hp_loss":0.0,"gold_gain":275.0,"event_name":"Golden Shrine","player_choice":"Desecrate","floor":3.0,"gold_loss":0.0,"damage_taken":0.0,"cards_obtained":["Regret"]},{"damage_healed":0,"gold_gain":0,"cards_transformed":["rmod:strick"],"player_choice":"Transformed","damage_taken":0,"max_hp_gain":0,"max_hp_loss":0,"event_name":"Transmorgrifier","floor":8,"gold_loss":0,"cards_obtained":["rmod:steelsupply"]}],"is_beta":false,"boss_relics":[],"items_purged_floors":[],"is_endless":false,"potions_floor_spawned":[1,5,10,11,13,14],"killed_by":"Slime Boss","ascension_level":0}}