{"host":"92wx9z21c4p52du4","time":1612638657,"event":{"mods":["100% Spire Juice","Arknights","BaseMod","Downfall","Minty Spire (QoL Compilation)","Reliquary","Robot Space Explorer","StSLib","The Blue Laboratory","The Jungle","TheSurvivalist"],"gold_per_floor":[111,111,29,46,46,73,73,73,97,97,112,124,136,151,151,255,255,266,365,365,275,293,293,311,0,0,0,0,15,33,44,44,44,44],"floor_reached":33,"language":"ENG","playtime":1523,"items_purged":[],"score":274,"play_id":"61160dde-ac08-4be6-bc03-5e316aeab112","local_time":"20210206131057","is_ascension_mode":false,"campfire_choices":[{"data":"ats:Emotion Absorption","floor":7.0,"key":"SMITH"},{"data":"ats:Red Shift","floor":10.0,"key":"SMITH"},{"data":"ats:Absolute Focus","floor":15.0,"key":"SMITH"},{"data":"ats:Song Of Battle","floor":23,"key":"SMITH"},{"floor":32,"key":"REST"}],"circlet_count":0,"master_deck":["ats:Strike G","ats:Strike V","ats:Armor Crushing Shot","ats:Defend","ats:Defend","ats:Defend","ats:Defend+1","ats:Emotion Absorption+1","ats:Mental Burst","ats:Healing Strengthening+1","ats:Hammer On+1","ats:Curse Doll","ats:Red Shift+1","ats:Absolute Focus+1","ats:Song Of Battle+1","ats:Support Order","ats:Spore Proliferation","ats:True Silver Slash","ats:Overload+1","ats:Blood Oath+1","ats:Charging Defense","ats:Wolf Pack","Decay","Pain","ats:Charging Defense","ats:Rapid Magazine","ats:Flexible Camouflage+1"],"relics":["ats:Sanity","NeowsBlessing","ats:Originium","ats:Remnant Ash","Sozu","Matryoshka","ats:Bonebreaker","Blue Candle","WarpedTongs"],"acts_visited":["Exordium","TheCity"],"potions_floor_usage":[18,29],"damage_taken":[{"damage":0.0,"enemies":"Jaw Worm","floor":1.0,"turns":1.0},{"damage":0.0,"enemies":"Cultist","floor":4.0,"turns":1.0},{"damage":0.0,"enemies":"Gremlin Nob","floor":6.0,"turns":1.0},{"damage":0.0,"enemies":"Small Slimes","floor":11.0,"turns":1.0},{"damage":0.0,"enemies":"2 Fungi Beasts","floor":12.0,"turns":4.0},{"damage":0.0,"enemies":"Exordium Wildlife","floor":13.0,"turns":2.0},{"damage":1.0,"enemies":"3 Louse","floor":14.0,"turns":3.0},{"damage":21.0,"enemies":"Slime Boss","floor":16.0,"turns":9.0},{"damage":21,"enemies":"2 Thieves","floor":18,"turns":3},{"damage":6,"enemies":"Chosen","floor":22,"turns":3},{"damage":27,"enemies":"Centurion and Healer","floor":24,"turns":6},{"damage":15,"enemies":"Snake Plant","floor":29,"turns":6},{"damage":3,"enemies":"Cultist and Chosen","floor":30,"turns":4},{"damage":0,"enemies":"3 Cultists","floor":31,"turns":3},{"damage":10038,"enemies":"Automaton","floor":33,"turns":8}],"seed_played":"8848491925348829798","potions_obtained":[{"floor":1.0,"key":"blueLaboratory:BubblePotion"},{"floor":4.0,"key":"Block Potion"},{"floor":16.0,"key":"blueLaboratory:TrueEctoplasm"}],"is_trial":false,"path_per_floor":["M","?","$","M","?","E","R","?","T","R","M","M","M","M","R","B",null,"M","?","?","?","M","R","M","$","T","?","?","M","M","M","R","B"],"character_chosen":"DOCTOR_CLASS","items_purchased":["ats:Healing Strengthening","Matryoshka","ats:Wolf Pack"],"campfire_rested":1,"item_purchase_floors":[3,25,25],"current_hp_per_floor":[72,72,72,72,72,72,72,58,58,58,58,58,58,57,57,36,72,51,51,51,51,45,45,25,25,25,25,25,15,12,19,40,0,0],"gold":44,"neow_bonus":"THREE_ENEMY_KILL","is_daily":false,"chose_seed":false,"campfire_upgraded":4,"win_rate":0.0,"timestamp":1612638657,"path_taken":["M","?","$","?","?","E","R","?","T","R","M","M","M","M","R","BOSS","M","?","?","?","M","R","?","$","T","?","?","M","?","M","R","BOSS"],"items_purchased_type":["Card","Relic","Card"],"build_version":"2020-12-22","purchased_purges":0,"victory":false,"max_hp_per_floor":[72,72,72,72,72,72,72,72,72,72,72,72,72,72,72,72,72,72,72,72,72,72,72,72,72,72,72,72,72,72,72,72,72,72],"card_choices":[{"not_picked":["ats:Blood Oath","ats:Charging Defense"],"picked":"ats:Mental Burst","floor":1.0},{"not_picked":["ats:Poison Spread","ats:Soul Absorption"],"picked":"ats:Hammer On","floor":4.0},{"not_picked":["ats:Apocalypse","ats:Directed Diagnosis"],"picked":"ats:Red Shift","floor":6.0},{"not_picked":["ats:Cat Scratch","ats:Very Hot Blade"],"picked":"ats:Absolute Focus","floor":11.0},{"not_picked":["ats:Ignite","ats:Blood Oath"],"picked":"ats:Song Of Battle","floor":12.0},{"not_picked":["ats:Curse Doll","ats:Volcano"],"picked":"ats:Support Order","floor":13.0},{"not_picked":["ats:Composite Medical Shells","ats:Guard Mode"],"picked":"ats:Spore Proliferation","floor":14.0},{"not_picked":["ats:Fractured Body","ats:Ambush"],"picked":"ats:True Silver Slash","floor":16.0},{"not_picked":["ats:Song Of Battle","ats:Closed Bolt Burst Fire"],"picked":"ats:Overload+1","floor":18},{"not_picked":["ats:Powerful Strike+1","ats:Closed Bolt Burst Fire"],"picked":"ats:Blood Oath+1","floor":22},{"not_picked":["ats:Automatic Cover","ats:Defend Order"],"picked":"ats:Charging Defense","floor":24},{"not_picked":["ats:Song Of Battle","ats:Red Shift"],"picked":"ats:Charging Defense","floor":29},{"not_picked":["ats:Ignite","ats:Cat Scratch"],"picked":"ats:Rapid Magazine","floor":30},{"not_picked":["ats:Explosion Area Strengthen+1","ats:Guardian Obelisk"],"picked":"ats:Flexible Camouflage+1","floor":31}],"player_experience":266560,"relics_obtained":[{"floor":6.0,"key":"ats:Originium"},{"floor":6.0,"key":"ats:Remnant Ash"},{"floor":26,"key":"ats:Bonebreaker"},{"floor":26,"key":"Blue Candle"}],"event_choices":[{"damage_healed":0.0,"max_hp_gain":0.0,"max_hp_loss":0.0,"gold_gain":0.0,"event_name":"The Woman in Blue","player_choice":"Bought 0 Potions","floor":2.0,"gold_loss":0.0,"damage_taken":0.0},{"damage_healed":0.0,"max_hp_gain":0.0,"max_hp_loss":0.0,"gold_gain":0.0,"cards_transformed":["ats:Strike C"],"event_name":"Living Wall","player_choice":"Change","floor":5.0,"gold_loss":0.0,"damage_taken":0.0,"cards_obtained":["ats:Curse Doll"]},{"damage_healed":0.0,"max_hp_gain":0.0,"max_hp_loss":0.0,"gold_gain":0.0,"event_name":"Shining Light","player_choice":"Entered Light","floor":8.0,"gold_loss":0.0,"damage_taken":14.0,"cards_upgraded":["ats:Hammer On","ats:Healing Strengthening"]},{"damage_healed":0,"gold_gain":99,"player_choice":"Stole From Cult","damage_taken":0,"max_hp_gain":0,"max_hp_loss":0,"event_name":"Nest","floor":19,"gold_loss":0},{"damage_healed":0,"gold_gain":0,"player_choice":"Ignored","damage_taken":0,"max_hp_gain":0,"max_hp_loss":0,"event_name":"Ghosts","floor":20,"gold_loss":0},{"cards_removed":["ats:Strike S"],"damage_healed":0,"gold_gain":0,"player_choice":"Upgrade and Remove","damage_taken":0,"max_hp_gain":0,"max_hp_loss":0,"event_name":"Designer","floor":21,"gold_loss":90,"cards_upgraded":["ats:Defend"]},{"damage_healed":0,"gold_gain":0,"player_choice":"Smashed Altar","damage_taken":0,"max_hp_gain":0,"max_hp_loss":0,"event_name":"Forgotten Altar","floor":27,"gold_loss":0,"cards_obtained":["Decay"]},{"damage_healed":0,"gold_gain":0,"player_choice":"Rummage","damage_taken":0,"relics_obtained":["WarpedTongs"],"max_hp_gain":0,"max_hp_loss":0,"event_name":"Accursed Blacksmith","floor":28,"gold_loss":0,"cards_obtained":["Pain"]}],"is_beta":false,"boss_relics":[{"not_picked":["Calling Bell","reliquary:RedCape"],"picked":"Sozu"}],"items_purged_floors":[],"is_endless":false,"potions_floor_spawned":[1,4,16,18,30,31],"killed_by":"Automaton","ascension_level":0}}