{"host":"6drv1qzpbnls60z2","time":1612598787,"event":{"mods":["ATMod(°¢èªMod)","Act Like it!","Arknights","BaseMod","Hallownest","Jedi Mod","Minty Spire (QoL Compilation)","Reliquary","Replay The Spire","Shop Mod","Spicy Shops","StSLib","Uncapped","¡¾ÒÅÎï¿¨ÅÆ¡¿REMEMod","²ÐÁôÖ®Îï","óô»ðÖ¸ÄÏ"],"gold_per_floor":[114,132,132,132,7,7,34,34,34,46,121,155,155,165,165,244,244,262,50,67,67,67],"floor_reached":21,"language":"ZHS","playtime":1202,"items_purged":[],"score":599,"play_id":"d7940c5f-4842-4c2c-98c8-ba90674145aa","local_time":"20210206160627","daily_mods":["SealedDeck","Heirloom"],"is_ascension_mode":true,"campfire_choices":[{"data":"ats:Phantom","floor":6,"key":"SMITH"},{"data":"ats:Literary Storm","floor":8,"key":"SMITH"},{"data":"Judgement","floor":13,"key":"SMITH"},{"data":"AT_RealColorLess","floor":15,"key":"SMITH"}],"circlet_count":0,"master_deck":["AscendersBane","AT_RealColorLess+1","Judgement+1","ats:Overload","ats:Shell Defense","ats:Collapsing Strike","ats:Closed Bolt Burst Fire","ats:Literary Storm+1","ats:Magnetic Hammer","ats:Directed Diagnosis","ats:Apocalypse","ats:Chain Hook","ats:Phantom","ats:Apocalypse","ats:Collapsing Strike","ats:Phantom+1","ats:Absolute Focus","ats:Apocalypse","ats:Thermite Blade","ats:Roar Of Ursus","ats:Collapsing Strike"],"relics":["ats:Sanity","AT_ATBox","REME_ComplimentaryCards","AT_GoldPhoenixTree","ats:Originium","reliquary:RosewoodLute","AT_SilvercatRing","Pear","reliquary:WritOfMandamus","Medical Kit"],"acts_visited":["Exordium","TheCity"],"potions_floor_usage":[12,12,14],"damage_taken":[{"damage":0,"enemies":"2 Louse","floor":1,"turns":2},{"damage":0,"enemies":"Small Slimes","floor":2,"turns":1},{"damage":10,"enemies":"Gremlin Nob","floor":7,"turns":3},{"damage":0,"enemies":"Cultist","floor":10,"turns":2},{"damage":35,"enemies":"3 Sentries","floor":12,"turns":7},{"damage":24,"enemies":"Gremlin Gang","floor":14,"turns":2},{"damage":63,"enemies":"Slime Boss","floor":16,"turns":9},{"damage":52,"enemies":"2 Thieves","floor":18,"turns":4},{"damage":0,"enemies":"Chosen","floor":20,"turns":2},{"damage":44,"enemies":"Snake Plant","floor":21,"turns":2}],"seed_played":"2209604807355437747","potions_obtained":[{"floor":1,"key":"PowerPotion"},{"floor":10,"key":"jedi:tentaclejuice"},{"floor":12,"key":"jedi:StrikingPotion"},{"floor":16,"key":"jedi:holywater"}],"is_trial":true,"path_per_floor":["M","M","$","?","$","R","E","R","T","M","?","E","R","M","R","B",null,"M","$","M","M"],"character_chosen":"DOCTOR_CLASS","items_purchased":["ats:Phantom","ats:Collapsing Strike","Medical Kit"],"campfire_rested":0,"item_purchase_floors":[5,19,19],"current_hp_per_floor":[69,69,69,74,74,74,67,67,67,72,59,54,54,39,39,8,67,25,25,34,0,0],"gold":67,"neow_bonus":"","is_daily":false,"chose_seed":false,"campfire_upgraded":4,"win_rate":0.0,"timestamp":1612598787,"path_taken":["M","M","$","?","$","R","E","R","T","M","?","E","R","M","R","BOSS","M","$","M","M"],"items_purchased_type":["Card","Card","Relic"],"build_version":"2020-12-22","purchased_purges":0,"victory":false,"max_hp_per_floor":[72,72,72,77,77,77,77,77,77,77,77,87,87,87,87,87,87,87,87,87,87,87],"card_choices":[{"not_picked":["ats:Closed Bolt Burst Fire","ats:Song Of Battle"],"picked":"ats:Apocalypse","floor":1},{"not_picked":["ats:Flexible Camouflage","ats:Powerful Strike"],"picked":"ats:Collapsing Strike","floor":2},{"not_picked":["ats:Flexible Camouflage","ats:Poison Spread","ats:Leaping Hammer"],"picked":"SKIP","floor":7},{"not_picked":["ats:Beaten Up","ats:Shell Defense"],"picked":"ats:Absolute Focus","floor":10},{"not_picked":["ats:Beaten Up","ats:Ignite"],"picked":"ats:Apocalypse","floor":12},{"not_picked":["ats:Burning Ground","ats:Explosion Area Strengthen"],"picked":"ats:Thermite Blade","floor":14},{"not_picked":["ats:Rat Pack","ats:Echo Reverb"],"picked":"ats:Roar Of Ursus","floor":16},{"not_picked":["ats:Directed Diagnosis","ats:Magnetic Hammer","ats:Rapid Magazine"],"picked":"SKIP","floor":18},{"not_picked":["ats:Thorns","ats:LN2 Cannon","ats:Revitalization"],"picked":"SKIP","floor":20}],"player_experience":188027,"relics_obtained":[{"floor":7,"key":"ats:Originium"},{"floor":7,"key":"reliquary:RosewoodLute"},{"floor":9,"key":"AT_SilvercatRing"},{"floor":12,"key":"ats:Originium"},{"floor":12,"key":"Pear"}],"event_choices":[{"damage_healed":0,"gold_gain":0,"player_choice":"Donut","damage_taken":0,"max_hp_gain":5,"max_hp_loss":0,"event_name":"Big Fish","floor":4,"gold_loss":0},{"damage_healed":0,"gold_gain":75,"player_choice":"Gather Gold","damage_taken":11,"max_hp_gain":0,"max_hp_loss":0,"event_name":"World of Goop","floor":11,"gold_loss":0}],"is_beta":false,"boss_relics":[{"not_picked":["Busted Crown","Runic Pyramid"],"picked":"reliquary:WritOfMandamus"}],"items_purged_floors":[],"is_endless":true,"potions_floor_spawned":[1,10,12,16],"killed_by":"Snake Plant","ascension_level":20}}