{"host":"usru02jcpe2a942d","time":1612616590,"event":{"mods":["ATMod(阿瑾Mod)","Act Like it!","BaseMod","Better Altar","Better Match","Better Note","Better Sensory Stone","Better Skull","Better Third Choice","Better Vampires","Challenge The Spire","Colored Powertips","Friendly Minions","GifTheSpireLib","Highlight Path","Hubris","Infinite Spire","Jedi Mod","KinomotoSakuraMod(木之本樱)","Minty Spire (QoL Compilation)","MostiFishMod","Pale of the Ancients","Quick Restart","Relic Stats","RumiaBox-露米娅的神秘盒子","StSLib","noobMod","【遗物卡牌】REMEMod","篝火指南"],"gold_per_floor":[111,36,36,36,49,77,91,91,91,91,102,129,142,49,49,153,153,166,183,183,201,214,214,233,233,233,243,254,272,272,283,29,132,132,143,161,171,184,202,234,234,247,319,338,338,369,116,116,116,116],"floor_reached":51,"language":"ZHS","playtime":3730,"items_purged":["ClowCardTheSword","ClowCardTheLock","Parasite"],"score":902,"play_id":"a65d4c56-8a8c-42bc-9475-d93a33257b08","local_time":"20210206210310","is_ascension_mode":false,"campfire_choices":[{"data":"AT_FamilyPortrait","floor":10.0,"key":"SMITH"},{"data":"ClowCardTheFly","floor":15.0,"key":"SMITH"},{"data":"ClowCardTheFly","floor":23.0,"key":"SMITH"},{"data":"ClowCardTheTwin","floor":25.0,"key":"SMITH"},{"data":"ClowCardTheLight","floor":45.0,"key":"SMITH"},{"data":"SpellCardSeal","floor":49.0,"key":"SMITH"}],"circlet_count":0,"master_deck":["SakuraCardTheFly+","SakuraCardTheFirey+","ClowCardTheSword","ClowCardTheSword","ClowCardTheSword","ClowCardTheShield","ClowCardTheShield","ClowCardTheShield","SpellCardSeal+1","SpellCardRelease","AT_FamilyPortrait+1","ClowCardTheFly+1","ClowCardTheSand","ClowCardTheTwin+1","ClowCardTheBubbles+1","jedi:forcepull","ClowCardTheDash+1","ClowCardTheFly+1","ClowCardTheGlow+1","ClowCardTheMaze+1","ClowCardTheTwin+1","ClowCardTheLight+1","ClowCardTheFlower+1","ClowCardTheFloat+1","ClowCardTheSilent+1","ClowCardTheFlower+1","ClowCardTheRain+1","ClowCardTheFly+1"],"relics":["KSMOD_SealedBook","KSMOD_SealedWand","DaveBox","ice","REME_ComplimentaryCards","AT_ATBox","Civilization","Bag of Preparation","SynthV:TestCard","MealTicket","AT_BellDemon","infinitespire:Midas Blood","Pantograph","hubris:Backtick","hubris:Potato","MagicDraw1","hubris:SlimyHat","JellyFishMachine","MagicDraw3","Toxic Egg 2","Kunai","GodSword4","infinitespire:Eraser","Meat on the Bone","Nunchaku","Art of War","Nloth\u0027s Gift","Blood Vial","Mummified Hand","CaptainsWheel","ChiXiaoBlade","hubris:PeanutButter","jedi:arcanewood","KSMOD_SwordJade","KSMOD_Cerberus","AT_GuinsooRageblade","TungstenRod","KSMOD_TomoyosHeart","HollowDreamFlower","jedi:shrinkray","infinitespire:CheckeredPen","KSMOD_TeddyBear","Boot","Shovel","Technique"],"acts_visited":["Exordium","TheCity","TheBeyond"],"potions_floor_usage":[50,50],"damage_taken":[{"damage":0.0,"enemies":"Small Slimes","floor":1.0,"turns":4.0},{"damage":0.0,"enemies":"2 Louse","floor":5.0,"turns":1.0},{"damage":3.0,"enemies":"Gremlin Nob","floor":6.0,"turns":3.0},{"damage":0.0,"enemies":"Cultist","floor":7.0,"turns":2.0},{"damage":1.0,"enemies":"Blue Slaver","floor":11.0,"turns":4.0},{"damage":18.0,"enemies":"Lagavulin","floor":12.0,"turns":5.0},{"damage":12.0,"enemies":"Exordium Thugs","floor":13.0,"turns":4.0},{"damage":5.0,"enemies":"Hexaghost","floor":16.0,"turns":7.0},{"damage":0.0,"enemies":"Spheric Guardian","floor":18.0,"turns":2.0},{"damage":4.0,"enemies":"3 Byrds","floor":19.0,"turns":4.0},{"damage":0.0,"enemies":"Snecko","floor":21.0,"turns":2.0},{"damage":0.0,"enemies":"Centurion and Healer","floor":22.0,"turns":2.0},{"damage":0.0,"enemies":"Cultist and Chosen","floor":24.0,"turns":2.0},{"damage":0.0,"enemies":"Snake Plant","floor":27.0,"turns":2.0},{"damage":0.0,"enemies":"Centurion and Healer","floor":28.0,"turns":3.0},{"damage":14.0,"enemies":"Chosen and Byrds","floor":29.0,"turns":4.0},{"damage":0.0,"enemies":"Cultist and Chosen","floor":31.0,"turns":2.0},{"damage":42.0,"enemies":"Collector","floor":33.0,"turns":6.0},{"damage":0.0,"enemies":"3 Darklings","floor":35.0,"turns":2.0},{"damage":0.0,"enemies":"3 Shapes","floor":36.0,"turns":2.0},{"damage":0.0,"enemies":"Writhing Mass","floor":37.0,"turns":2.0},{"damage":0.0,"enemies":"Transient","floor":38.0,"turns":5.0},{"damage":0.0,"enemies":"Sphere and 2 Shapes","floor":39.0,"turns":3.0},{"damage":0.0,"enemies":"Reptomancer","floor":40.0,"turns":4.0},{"damage":0.0,"enemies":"Jaw Worm Horde","floor":42.0,"turns":2.0},{"damage":0.0,"enemies":"Transient","floor":44.0,"turns":5.0},{"damage":0.0,"enemies":"Giant Head","floor":46.0,"turns":4.0},{"damage":0,"enemies":"Awakened One","floor":50,"turns":5}],"seed_played":"7849160324815307418","potions_obtained":[{"floor":5.0,"key":"Strength Potion"},{"floor":11.0,"key":"GamblersBrew"},{"floor":12.0,"key":"LiquidBronze"},{"floor":22.0,"key":"Fruit Juice"},{"floor":24.0,"key":"Block Potion"},{"floor":27.0,"key":"jedi:hoardpotion"},{"floor":29.0,"key":"AttackPotion"},{"floor":38.0,"key":"PowerPotion"},{"floor":39.0,"key":"Explosive Potion"},{"floor":40.0,"key":"Fruit Juice"},{"floor":44.0,"key":"EssenceOfSteel"}],"is_trial":false,"path_per_floor":["M","$","?","?","M","E","M","?","T","R","M","E","M","$","R","B",null,"M","M","AVR","M","M","R","M","R","T","M","M","M","?","M","R","B",null,"M","M","M","M","M","E","?","M","T","M","R","E","R","?","R","B",null],"character_chosen":"KINOMOTOSAKURA","items_purchased":["jedi:forcepull","Mummified Hand","Technique"],"campfire_rested":0,"item_purchase_floors":[14,32,47],"current_hp_per_floor":[72,72,77,77,81,83,88,88,88,88,92,79,72,87,87,87,111,116,118,118,123,133,133,138,138,138,143,148,145,145,150,150,124,166,171,176,181,186,191,201,201,206,206,211,211,216,213,213,213,218],"gold":116,"neow_bonus":"RANDOM_COMMON_RELIC","is_daily":false,"chose_seed":false,"campfire_upgraded":6,"win_rate":0.0,"timestamp":1612616590,"path_taken":["M","$","?","?","M","E","?","?","T","R","?","E","M","?","R","BOSS","M","?","AVR","M","M","R","M","R","T","?","M","M","?","M","R","BOSS","M","M","?","?","M","E","?","M","T","M","R","E","R","?","R","BOSS"],"items_purchased_type":["Card","Relic","Relic"],"build_version":"2020-12-22","purchased_purges":3,"victory":true,"max_hp_per_floor":[72,72,77,77,81,86,91,91,91,91,96,101,106,106,106,111,111,116,121,121,126,136,136,141,141,141,146,151,156,156,161,161,166,166,171,176,181,186,191,201,201,206,206,211,211,216,213,213,213,218],"relic_stats":{"counters":[28,93],"Bag of Preparation":[56],"Boot":[2],"Blood Vial":2,"Nunchaku":[13],"Shovel":0,"Mummified Hand":[69],"Pantograph":9,"MealTicket":15,"Art of War":[2],"Nloth\u0027s Gift":3,"Kunai":[34],"obtain_stats":[{"AT_BellDemon":12,"AT_ATBox":0,"DaveBox":0,"KSMOD_TeddyBear":44,"ice":0,"Bag of Preparation":0,"hubris:SlimyHat":19,"MagicDraw3":20,"Boot":46,"MagicDraw1":18,"jedi:shrinkray":42,"Blood Vial":31,"Civilization":0,"Nunchaku":28,"hubris:Backtick":17,"Shovel":46,"Mummified Hand":32,"Pantograph":16,"MealTicket":6,"KSMOD_SealedWand":0,"Kunai":22,"Toxic Egg 2":21,"infinitespire:Eraser":26,"KSMOD_Cerberus":38,"AT_GuinsooRageblade":39,"HollowDreamFlower":42,"KSMOD_SealedBook":0,"JellyFishMachine":20,"infinitespire:CheckeredPen":43,"White Beast Statue":9,"CaptainsWheel":33,"SynthV:TestCard":1,"KSMOD_TomoyosHeart":40,"ChiXiaoBlade":34,"hubris:PeanutButter":35,"KSMOD_SwordJade":37,"Art of War":29,"Nloth\u0027s Gift":30,"Technique":47,"GodSword4":24,"jedi:arcanewood":36,"hubris:Potato":17,"TungstenRod":40,"REME_ComplimentaryCards":0,"infinitespire:Midas Blood":13,"Meat on the Bone":27},{"AT_BellDemon":6,"AT_ATBox":0,"DaveBox":0,"KSMOD_TeddyBear":26,"ice":0,"Bag of Preparation":0,"hubris:SlimyHat":10,"MagicDraw3":10,"Boot":27,"MagicDraw1":9,"jedi:shrinkray":25,"Blood Vial":17,"Civilization":0,"Nunchaku":15,"hubris:Backtick":8,"Shovel":27,"Mummified Hand":17,"Pantograph":8,"MealTicket":3,"KSMOD_SealedWand":0,"Kunai":12,"Toxic Egg 2":11,"infinitespire:Eraser":13,"KSMOD_Cerberus":22,"AT_GuinsooRageblade":23,"HollowDreamFlower":25,"KSMOD_SealedBook":0,"JellyFishMachine":10,"infinitespire:CheckeredPen":25,"White Beast Statue":4,"CaptainsWheel":18,"SynthV:TestCard":1,"KSMOD_TomoyosHeart":24,"ChiXiaoBlade":18,"hubris:PeanutButter":19,"KSMOD_SwordJade":21,"Art of War":16,"Nloth\u0027s Gift":16,"Technique":27,"GodSword4":13,"jedi:arcanewood":20,"hubris:Potato":8,"TungstenRod":24,"REME_ComplimentaryCards":0,"infinitespire:Midas Blood":7,"Meat on the Bone":14},{"AT_BellDemon":19,"AT_ATBox":0,"DaveBox":0,"KSMOD_TeddyBear":84,"ice":0,"Bag of Preparation":0,"hubris:SlimyHat":36,"MagicDraw3":36,"Boot":88,"MagicDraw1":32,"jedi:shrinkray":79,"Blood Vial":53,"Civilization":0,"Nunchaku":47,"hubris:Backtick":30,"Shovel":88,"Mummified Hand":53,"Pantograph":30,"MealTicket":8,"KSMOD_SealedWand":0,"Kunai":40,"Toxic Egg 2":38,"infinitespire:Eraser":42,"KSMOD_Cerberus":70,"AT_GuinsooRageblade":73,"HollowDreamFlower":79,"KSMOD_SealedBook":0,"JellyFishMachine":36,"infinitespire:CheckeredPen":79,"White Beast Statue":10,"CaptainsWheel":59,"SynthV:TestCard":4,"KSMOD_TomoyosHeart":77,"ChiXiaoBlade":59,"hubris:PeanutButter":61,"KSMOD_SwordJade":65,"Art of War":51,"Nloth\u0027s Gift":51,"Technique":88,"GodSword4":42,"jedi:arcanewood":63,"hubris:Potato":30,"TungstenRod":77,"REME_ComplimentaryCards":0,"infinitespire:Midas Blood":23,"Meat on the Bone":44}],"TungstenRod":0,"Meat on the Bone":0},"card_choices":[{"not_picked":["ClowCardThePower","ClowCardTheLibra"],"picked":"ClowCardTheFly","floor":1.0},{"not_picked":["ClowCardTheArrow","ClowCardTheWave","ClowCardTheMirror","ClowCardTheBig"],"picked":"ClowCardTheSand","floor":5.0},{"not_picked":["ClowCardTheSand","ClowCardTheShadow","ClowCardThePower","ClowCardTheSong"],"picked":"ClowCardTheTwin","floor":6.0},{"not_picked":["ClowCardTheBubbles","ClowCardTheSnow","ClowCardTheShot","ClowCardTheMove"],"picked":"ClowCardTheLock","floor":7.0},{"not_picked":["ClowCardTheArrow","ClowCardTheLittle","ClowCardTheMaze","ClowCardTheErase","ClowCardTheIllusion"],"picked":"SKIP","floor":11.0},{"not_picked":["ClowCardTheSand","ClowCardTheVoice","ClowCardTheFly","ClowCardTheShadow"],"picked":"ClowCardTheBubbles","floor":12.0},{"not_picked":["ClowCardTheThrough","ClowCardTheFly","ClowCardTheChange","ClowCardTheShadow"],"picked":"ClowCardTheFirey","floor":13.0},{"not_picked":["ClowCardTheCreate","ClowCardTheTime","ClowCardTheThrough","ClowCardTheThunder"],"picked":"ClowCardTheDash","floor":16.0},{"not_picked":["ClowCardTheShadow","ClowCardThePower","ClowCardTheChange","ClowCardTheDream"],"picked":"ClowCardTheFly","floor":18.0},{"not_picked":["ClowCardTheFirey","ClowCardTheBubbles","ClowCardTheJump+1","ClowCardTheFreeze","ClowCardTheWatery+1"],"picked":"SKIP","floor":19.0},{"not_picked":["ClowCardTheIllusion+1","ClowCardTheBubbles","ClowCardTheCloud+1","ClowCardTheChange+1"],"picked":"ClowCardTheGlow+1","floor":21.0},{"not_picked":["ClowCardTheFloat+1","ClowCardTheWindy+1","ClowCardTheFlower+1","ClowCardThePower+1"],"picked":"ClowCardTheMaze+1","floor":22.0},{"not_picked":["ClowCardTheSilent+1","ClowCardTheSand","ClowCardTheWave","ClowCardTheWood+1"],"picked":"ClowCardTheFly+1","floor":24.0},{"not_picked":["ClowCardTheLittle+1","ClowCardTheSand","ClowCardTheLock+1","ClowCardTheMaze+1"],"picked":"ClowCardTheTwin","floor":27.0},{"not_picked":["ClowCardTheMirror+1","ClowCardTheWood+1","ClowCardTheStorm+1","ClowCardTheErase","ClowCardTheSnow"],"picked":"SKIP","floor":28.0},{"not_picked":["ClowCardTheLittle","ClowCardTheLibra+1","ClowCardTheChange+1","ClowCardTheCloud+1","ClowCardThePower"],"picked":"SKIP","floor":29.0},{"not_picked":["ClowCardTheFirey+1","ClowCardTheReturn","ClowCardTheMist+1","ClowCardTheFreeze+1","ClowCardTheVoice+1"],"picked":"SKIP","floor":31.0},{"not_picked":["ClowCardTheTime+1","ClowCardTheDark","ClowCardTheFight","ClowCardTheDash+1"],"picked":"ClowCardTheLight","floor":33.0},{"not_picked":["ClowCardTheIllusion+1","ClowCardTheSand+1","ClowCardTheWood+1","ClowCardTheErase"],"picked":"ClowCardTheFlower+1","floor":35.0},{"not_picked":["ClowCardTheJump+1","ClowCardTheCloud+1","ClowCardTheShot+1","ClowCardTheIllusion+1"],"picked":"ClowCardTheFloat+1","floor":36.0},{"not_picked":["ClowCardTheIllusion+1","ClowCardTheShot","ClowCardTheSong+1","ClowCardTheSand+1"],"picked":"ClowCardTheSilent+1","floor":37.0},{"not_picked":["ClowCardTheArrow+1","ClowCardTheWave+1","ClowCardTheThunder","ClowCardTheMirror+1","ClowCardTheChange+1"],"picked":"SKIP","floor":38.0},{"not_picked":["ClowCardTheBig+1","ClowCardTheSilent+1","ClowCardTheSnow+1","ClowCardTheLoop"],"picked":"ClowCardTheFlower+1","floor":39.0},{"not_picked":["ClowCardTheFirey+1","ClowCardTheLight","ClowCardTheDark","ClowCardTheSleep+1"],"picked":"ClowCardTheCreate","floor":40.0},{"not_picked":["ClowCardTheFlower+1","ClowCardTheArrow+1","ClowCardTheShadow+1","ClowCardTheShot"],"picked":"ClowCardTheRain+1","floor":42.0},{"not_picked":["ClowCardTheWindy+1","ClowCardTheIllusion+1","ClowCardTheWatery+1","ClowCardTheBig"],"picked":"ClowCardTheFly+1","floor":44.0},{"not_picked":["ClowCardTheWood+1","ClowCardTheTwin","ClowCardTheShadow+1","ClowCardTheVoice+1","ClowCardTheFirey+1"],"picked":"SKIP","floor":46.0}],"player_experience":245732,"relics_obtained":[{"floor":1.0,"key":"SynthV:TestCard"},{"floor":6.0,"key":"MealTicket"},{"floor":9.0,"key":"White Beast Statue"},{"floor":12.0,"key":"AT_BellDemon"},{"floor":13.0,"key":"infinitespire:Midas Blood"},{"floor":16.0,"key":"Pantograph"},{"floor":18.0,"key":"MagicDraw1"},{"floor":19.0,"key":"hubris:SlimyHat"},{"floor":21.0,"key":"Toxic Egg 2"},{"floor":22.0,"key":"Kunai"},{"floor":24.0,"key":"GodSword4"},{"floor":26.0,"key":"infinitespire:Eraser"},{"floor":27.0,"key":"Meat on the Bone"},{"floor":28.0,"key":"Nunchaku"},{"floor":29.0,"key":"Art of War"},{"floor":31.0,"key":"Blood Vial"},{"floor":33.0,"key":"CaptainsWheel"},{"floor":35.0,"key":"hubris:PeanutButter"},{"floor":36.0,"key":"jedi:arcanewood"},{"floor":37.0,"key":"KSMOD_SwordJade"},{"floor":38.0,"key":"KSMOD_Cerberus"},{"floor":39.0,"key":"AT_GuinsooRageblade"},{"floor":40.0,"key":"TungstenRod"},{"floor":40.0,"key":"KSMOD_TomoyosHeart"},{"floor":42.0,"key":"HollowDreamFlower"},{"floor":42.0,"key":"jedi:shrinkray"},{"floor":43.0,"key":"infinitespire:CheckeredPen"},{"floor":44.0,"key":"KSMOD_TeddyBear"},{"floor":46.0,"key":"Boot"},{"floor":46.0,"key":"Shovel"}],"event_choices":[{"damage_healed":0.0,"max_hp_gain":5.0,"max_hp_loss":0.0,"gold_gain":0.0,"event_name":"Big Fish","player_choice":"Donut","floor":3.0,"gold_loss":0.0,"damage_taken":0.0},{"cards_removed":["ClowCardTheShield"],"damage_healed":0.0,"max_hp_gain":0.0,"max_hp_loss":0.0,"gold_gain":0.0,"event_name":"Bonfire Elementals","player_choice":"Offered Basic","floor":4.0,"gold_loss":0.0,"damage_taken":0.0},{"damage_healed":0.0,"max_hp_gain":0.0,"max_hp_loss":0.0,"gold_gain":0.0,"event_name":"The Woman in Blue","player_choice":"Bought 0 Potions","floor":8.0,"gold_loss":0.0,"damage_taken":0.0},{"damage_healed":0.0,"max_hp_gain":0.0,"max_hp_loss":0.0,"gold_gain":0.0,"event_name":"N\u0027loth","player_choice":"Traded Relic","floor":30.0,"relics_lost":["White Beast Statue"],"gold_loss":0.0,"damage_taken":0.0,"relics_obtained":["Nloth\u0027s Gift"]},{"damage_healed":0.0,"max_hp_gain":0.0,"max_hp_loss":0.0,"gold_gain":0.0,"event_name":"Tomb of Lord Red Mask","player_choice":"Ignored","floor":41.0,"gold_loss":0.0,"damage_taken":0.0},{"damage_healed":0.0,"max_hp_gain":0.0,"max_hp_loss":0.0,"gold_gain":0.0,"event_name":"Accursed Blacksmith","player_choice":"Forge","floor":48.0,"gold_loss":0.0,"damage_taken":0.0,"cards_upgraded":["ClowCardTheDash"]}],"is_beta":false,"boss_relics":[{"not_picked":["hubris:HollowSoul","RhineCircuit"],"picked":"hubris:Backtick"},{"not_picked":["RhineFirstAidKit","Philosopher\u0027s Stone"],"picked":"ChiXiaoBlade"}],"items_purged_floors":[2,20,47],"is_endless":false,"potions_floor_spawned":[5,11,12,13,16,18,19,21,22,24,27,28,29,38,39,40,44],"ascension_level":0}}