{"host":"ifz8qk6i1wysca9i","time":1612590626,"event":{"mods":["Act Like it!","BaseMod","Colored Powertips","Duelist Mod","GifTheSpireLib","Hallownest","Hermit","Minty Spire (QoL Compilation)","Quick Restart","StSLib","The Bug Knight","The Senshi","The Wild Card"],"gold_per_floor":[143,118,118,130,146,181,241,260,314,324,13,13,23,41,41,143,143,160,171,171,186,186,186,211,211,211,221,0,35,55,70,70,166,166,180,199,199,211,225,243,243,243,243,243,243,243,11,31,31,31,31,31,5,5,5],"floor_reached":54,"language":"ENG","playtime":8281,"items_purged":["Parasite"],"score":758,"play_id":"105d2cbd-2db4-4ce7-bd50-a20ae83d334c","local_time":"20210205235026","is_ascension_mode":false,"campfire_choices":[{"floor":12.0,"key":"RECALL"},{"data":"theDuelist:SwordsConcealing","floor":15.0,"key":"SMITH"},{"data":"theDuelist:GridRod","floor":23.0,"key":"SMITH"},{"data":"theDuelist:SpiralSpearStrike","floor":25.0,"key":"SMITH"},{"floor":32.0,"key":"REST"},{"floor":41,"key":"REST"},{"data":"theDuelist:GravityAxe","floor":49,"key":"SMITH"},{"floor":52,"key":"REST"}],"circlet_count":0,"master_deck":["theDuelist:BeaverWarrior+1","theDuelist:BeaverWarrior+1","theDuelist:CastleWalls+1","theDuelist:CastleWalls+1","theDuelist:FinalFlame+1","theDuelist:GiantSoldier+1","theDuelist:GiantSoldier+1","theDuelist:ScrapFactory+1","theDuelist:Sparks+1","theDuelist:Sparks+1","theDuelist:MagnumShield+1","theDuelist:Tuningware+1","theDuelist:FinalFlame+1","theDuelist:SilentDoom+1","theDuelist:Downbeat+1","theDuelist:RainbowNeos+1","theDuelist:PreventRat+1","theDuelist:MudGolem+1","theDuelist:SwordsConcealing+1","theDuelist:FuryFire+1","theDuelist:AttackTheMoon+1","theDuelist:GridRod+1","CurseOfTheBell","theDuelist:WormApocalypse+1","theDuelist:FrontierWiseman+1","theDuelist:RainbowKuriboh+1","theDuelist:SpiralSpearStrike+2","theDuelist:RainbowNeos+1","theDuelist:MeteorDestruction+1","theDuelist:ImperialOrder+1","theDuelist:HammerShot+1","theDuelist:KamionTimelord+1","theDuelist:DoubleTool+1","theDuelist:SpellShatteringArrow+1","theDuelist:Hinotama+5","theDuelist:SwordsRevealing+1","theDuelist:DoubleTool+2","theDuelist:FrontierWiseman+1","theDuelist:GravityAxe+1","theDuelist:PowerKaishin","theDuelist:KamionTimelord+1","theDuelist:ScrapFactory"],"relics":["theDuelist:MillenniumPuzzle","theDuelist:CardPoolRelic","theDuelist:CardPoolBasicRelic","theDuelist:BoosterPackPoolRelic","theDuelist:CardPoolAddRelic","theDuelist:CardPoolMinusRelic","theDuelist:CardPoolSaveRelic","theDuelist:CardPoolOptionsRelic","theDuelist:NamelessPowerRelicA","theDuelist:YugiMirror","Pen Nib","Calipers","Regal Pillow","Calling Bell","Bronze Scales","theDuelist:MillenniumRing","Unceasing Top","theDuelist:CursedHealer","Ice Cream","Potion Belt","Bronze Scales","theDuelist:MetronomeRelicB","theDuelist:ElectricKey","Bottled Tornado","Mark of the Bloom","theDuelist:PointPass","theDuelist:MillenniumPrayerbook"],"acts_visited":["Exordium","TheCity","TheBeyond","TheEnding"],"potions_floor_usage":[40,50],"damage_taken":[{"damage":0.0,"enemies":"2 Louse","floor":1.0,"turns":2.0},{"damage":0.0,"enemies":"Small Slimes","floor":4.0,"turns":3.0},{"damage":0.0,"enemies":"Jaw Worm","floor":5.0,"turns":3.0},{"damage":6.0,"enemies":"3 Sentries","floor":6.0,"turns":10.0},{"damage":3.0,"enemies":"3 Sentries","floor":7.0,"turns":6.0},{"damage":3.0,"enemies":"Large Slime","floor":8.0,"turns":4.0},{"damage":0.0,"enemies":"Gremlin Gang","floor":10.0,"turns":4.0},{"damage":0.0,"enemies":"Looter","floor":13.0,"turns":2.0},{"damage":0.0,"enemies":"2 Fungi Beasts","floor":14.0,"turns":3.0},{"damage":8.0,"enemies":"Hexaghost","floor":16.0,"turns":8.0},{"damage":5.0,"enemies":"2 Thieves","floor":18.0,"turns":4.0},{"damage":0.0,"enemies":"3 Byrds","floor":19.0,"turns":2.0},{"damage":4.0,"enemies":"3 Cultists","floor":21.0,"turns":5.0},{"damage":0.0,"enemies":"HollowMod:Nosk","floor":24.0,"turns":8.0},{"damage":1.0,"enemies":"Cultist and Chosen","floor":27.0,"turns":6.0},{"damage":48.0,"enemies":"Slavers","floor":29.0,"turns":7.0},{"damage":0.0,"enemies":"Snake Plant","floor":30.0,"turns":3.0},{"damage":3.0,"enemies":"3 Cultists","floor":31.0,"turns":5.0},{"damage":21.0,"enemies":"Collector","floor":33.0,"turns":8.0},{"damage":0.0,"enemies":"Orb Walker","floor":35.0,"turns":3.0},{"damage":23.0,"enemies":"3 Shapes","floor":36.0,"turns":5.0},{"damage":32.0,"enemies":"Writhing Mass","floor":38.0,"turns":7.0},{"damage":0.0,"enemies":"Sphere and 2 Shapes","floor":39.0,"turns":4.0},{"damage":7,"enemies":"3 Darklings","floor":40,"turns":4},{"damage":1,"enemies":"Spire Growth","floor":48,"turns":4},{"damage":13,"enemies":"Awakened One","floor":50,"turns":10},{"damage":52,"enemies":"Shield and Spear","floor":54,"turns":7}],"seed_played":"5535023340228351410","potions_obtained":[{"floor":4.0,"key":"theDuelist:BigTributeBottle"},{"floor":5.0,"key":"EntropicBrew"},{"floor":6.0,"key":"theDuelist:StunPotion"},{"floor":19.0,"key":"theDuelist:IcePotion"},{"floor":29.0,"key":"Block Potion"},{"floor":30.0,"key":"theDuelist:MillenniumElixir"},{"floor":31.0,"key":"theDuelist:TokenPotionB"},{"floor":38.0,"key":"Weak Potion"}],"is_trial":false,"path_per_floor":["M","?","?","M","M","E","?","M","T","M","$","R","M","M","R","B",null,"M","M","?","M","?","R","E","R","T","M","?","E","M","M","R","B",null,"M","M","?","M","M","M","R","?","T","?","$","?","$","M","R","B",null,"R","$","E"],"character_chosen":"THE_DUELIST","items_purchased":["Regal Pillow","theDuelist:SwordsConcealing","theDuelist:PointPass","theDuelist:MillenniumPrayerbook","theDuelist:GravityAxe","theDuelist:PowerKaishin","theDuelist:ScrapFactory"],"campfire_rested":3,"item_purchase_floors":[11,11,47,47,47,47,53],"current_hp_per_floor":[80,80,74,74,74,68,65,62,62,62,62,62,62,62,62,54,80,75,75,75,71,80,80,80,80,80,79,79,31,31,28,67,46,80,80,57,57,29,29,22,61,61,61,61,61,61,61,60,60,47,47,47,47,0,0],"gold":5,"neow_bonus":"THREE_CARDS","is_daily":false,"chose_seed":false,"campfire_upgraded":4,"win_rate":0.0,"timestamp":1612590626,"path_taken":["M","?","?","M","M","E","?","M","T","M","$","R","?","M","R","BOSS","M","M","?","?","?","R","E","R","T","M","?","E","M","M","R","BOSS","M","M","?","M","M","M","R","?","T","?","$","?","$","M","R","BOSS","R","$","E"],"items_purchased_type":["Relic","Card","Relic","Relic","Card","Card","Card"],"build_version":"2020-12-22","purchased_purges":1,"victory":false,"max_hp_per_floor":[80,80,80,80,80,80,80,80,80,80,80,80,80,80,80,80,80,80,80,80,80,80,80,80,80,80,80,80,80,80,80,80,80,80,80,80,80,80,80,80,80,80,80,80,80,80,77,77,77,77,77,77,77,77,77],"card_choices":[{"not_picked":["theDuelist:CharcoalInpachi","theDuelist:EgoBoost"],"picked":"theDuelist:MagnumShield","floor":0.0},{"not_picked":["theDuelist:FrontierWiseman","theDuelist:BlackPendant","theDuelist:PreventRat","theDuelist:GilfordLegend"],"picked":"theDuelist:Tuningware","floor":1.0},{"not_picked":["theDuelist:MeteorDestruction","theDuelist:DoubleTool","theDuelist:CoreBlaster","theDuelist:CombinationAttack"],"picked":"theDuelist:SilentDoom","floor":4.0},{"not_picked":["theDuelist:SparkBlaster","theDuelist:CrossAttack","theDuelist:MiracleFertilizer","theDuelist:AssaultArmor"],"picked":"theDuelist:Downbeat","floor":5.0},{"not_picked":["theDuelist:FrontierWiseman","theDuelist:BlackPendant","theDuelist:PreventRat","theDuelist:GilfordLegend"],"picked":"theDuelist:Tuningware","floor":6.0},{"not_picked":["theDuelist:SwordDeepSeated","theDuelist:WhiteMagicalHat","theDuelist:Invigoration","theDuelist:DarkBurningAttack"],"picked":"theDuelist:RainbowNeos","floor":7.0},{"not_picked":["theDuelist:Sangan","theDuelist:MythicalBeast","theDuelist:Wiretap","theDuelist:LegendHeart"],"picked":"theDuelist:PreventRat","floor":8.0},{"not_picked":["theDuelist:GiantSoldierSteel","theDuelist:ObeliskTormentor","theDuelist:SolemnStrike","theDuelist:YamiForm"],"picked":"theDuelist:MudGolem","floor":10.0},{"not_picked":["theDuelist:PreventRat","theDuelist:ClearKuriboh","theDuelist:Wiseman","theDuelist:GiantTrapHole"],"picked":"theDuelist:FuryFire","floor":13.0},{"not_picked":["theDuelist:OneForOne","theDuelist:GauntletWarrior","theDuelist:Electrowhip","theDuelist:DarklordSuperbia"],"picked":"theDuelist:AttackTheMoon","floor":14.0},{"not_picked":["theDuelist:YamiForm","theDuelist:Wildfire","theDuelist:LightningBlade","theDuelist:KamionTimelord"],"picked":"theDuelist:GridRod","floor":16.0},{"not_picked":["theDuelist:SangaEarth","theDuelist:RainbowNeos+1","theDuelist:PreventRat","theDuelist:WhiteNinja"],"picked":"theDuelist:WormApocalypse","floor":18.0},{"not_picked":["theDuelist:SpiritHarp","theDuelist:SangaEarth","theDuelist:MythicalBeast","theDuelist:Eva"],"picked":"theDuelist:FrontierWiseman","floor":19.0},{"not_picked":["theDuelist:RainbowNeos+1","theDuelist:KamionTimelord","theDuelist:Eva","theDuelist:RainbowOverdragon"],"picked":"theDuelist:RainbowKuriboh","floor":21.0},{"not_picked":["theDuelist:SpellShatteringArrow","theDuelist:DoubleTool","theDuelist:CombinationAttack","theDuelist:RainbowNeos"],"picked":"theDuelist:SpiralSpearStrike","floor":24.0},{"not_picked":["theDuelist:Hinotama","theDuelist:DoubleTool+1","theDuelist:BigFire","theDuelist:BreakDraw"],"picked":"theDuelist:RainbowNeos+1","floor":27.0},{"not_picked":["theDuelist:Tuningware+1","theDuelist:Eva","theDuelist:PowerWall","theDuelist:LegendarySword"],"picked":"theDuelist:MeteorDestruction","floor":29.0},{"not_picked":["theDuelist:PowerWall+1","theDuelist:MiraculousDescent","theDuelist:PsychicShockwave+1","theDuelist:PineappleBlast"],"picked":"theDuelist:ImperialOrder","floor":30.0},{"not_picked":["theDuelist:DarklordSuperbia","theDuelist:EarthquakeGiant","theDuelist:EvilswarmHeliotrope+1","theDuelist:LightningRodLord"],"picked":"theDuelist:HammerShot+1","floor":31.0},{"not_picked":["theDuelist:Wildfire","theDuelist:Raigeki","theDuelist:LightningBlade","theDuelist:FeatherShot"],"picked":"theDuelist:KamionTimelord","floor":33.0},{"not_picked":["theDuelist:MeteorDestruction+2","theDuelist:Hinotama","theDuelist:CoreBlaster","theDuelist:AncientGearFist"],"picked":"theDuelist:DoubleTool","floor":35.0},{"not_picked":["theDuelist:MeteorDestruction","theDuelist:CoreBlaster","theDuelist:RainbowNeos","theDuelist:CrossAttack+1"],"picked":"theDuelist:SpellShatteringArrow+1","floor":36.0},{"not_picked":["theDuelist:RainbowNeos+1","theDuelist:FluteKuriboh","theDuelist:AfterTheStorm+1","theDuelist:CircleFireKings"],"picked":"theDuelist:Hinotama+4","floor":37.0},{"not_picked":["theDuelist:FusionWeapon+1","theDuelist:Predaponics","theDuelist:PreventRat+1","theDuelist:BreakDraw"],"picked":"theDuelist:SwordsRevealing+1","floor":38.0},{"not_picked":["theDuelist:Hinotama","theDuelist:CoreBlaster","theDuelist:CombinationAttack+1","theDuelist:BreakDraw"],"picked":"theDuelist:DoubleTool+1","floor":39.0},{"not_picked":["theDuelist:PsychicShockwave","theDuelist:WhiteMagicalHat","theDuelist:ChaosSeed","theDuelist:PreventRat"],"picked":"theDuelist:FrontierWiseman+1","floor":40},{"not_picked":["theDuelist:WhiteMagicalHat+1","theDuelist:MythicalBeast+1","theDuelist:Mathematician+1","theDuelist:RainbowNeos"],"picked":"theDuelist:KamionTimelord+1","floor":48}],"player_experience":154432,"relics_obtained":[{"floor":6.0,"key":"Pen Nib"},{"floor":7.0,"key":"Calipers"},{"floor":17.0,"key":"Bronze Scales"},{"floor":17.0,"key":"theDuelist:MillenniumRing"},{"floor":17.0,"key":"Unceasing Top"},{"floor":24.0,"key":"Ice Cream"},{"floor":26.0,"key":"Potion Belt"},{"floor":29.0,"key":"theDuelist:MetronomeRelicB"},{"floor":43,"key":"Bottled Tornado"}],"event_choices":[{"power_reward":2.0,"total_magic_score":25.0,"gold_gain":0.0,"duelist":true,"damage_taken":0.0,"relics_obtained":["theDuelist:NamelessPowerRelicA"],"points":3.0,"max_hp_gain":0.0,"max_hp_loss":0.0,"spent_points":{"magic":0.0,"greed":0.0,"war":0.0,"power":2.0,"hunger":1.0},"event_name":"Nameless Tomb","floor":2.0,"gold_loss":25.0,"cards_obtained":[]},{"damage_healed":0.0,"max_hp_gain":0.0,"max_hp_loss":0.0,"gold_gain":0.0,"event_name":"Aknamkanon\u0027s Tomb","player_choice":"Dig - random Duelist relic","duelist":true,"floor":3.0,"gold_loss":0.0,"damage_taken":0.0},{"damage_healed":0.0,"max_hp_gain":0.0,"max_hp_loss":0.0,"gold_gain":30.0,"event_name":"Dead Adventurer","player_choice":"Searched \u00273\u0027 times","floor":7.0,"gold_loss":0.0,"damage_taken":0.0},{"damage_healed":0.0,"max_hp_gain":0.0,"max_hp_loss":0.0,"gold_gain":0.0,"event_name":"Purifier","player_choice":"Ignored","floor":20.0,"gold_loss":0.0,"damage_taken":0.0},{"damage_healed":0.0,"max_hp_gain":0.0,"max_hp_loss":0.0,"gold_gain":0.0,"event_name":"Tomb of the Nameless","player_choice":"Succumb - +25HP/Cursed Relic","duelist":true,"floor":22.0,"gold_loss":0.0,"damage_taken":0.0},{"damage_healed":0.0,"max_hp_gain":0.0,"max_hp_loss":0.0,"gold_gain":0.0,"event_name":"Relic Duplicator","player_choice":"Duplicated Relic - Bronze Scales","duelist":true,"floor":28.0,"gold_loss":0.0,"damage_taken":0.0},{"damage_healed":0.0,"max_hp_gain":0.0,"max_hp_loss":0.0,"gold_gain":0.0,"event_name":"SensoryStone","player_choice":"Memory 1","floor":37.0,"gold_loss":0.0,"damage_taken":0.0},{"cards_removed":["theDuelist:Tuningware"],"damage_healed":0,"gold_gain":0,"player_choice":"Removed Skill","damage_taken":0,"max_hp_gain":0,"max_hp_loss":0,"event_name":"Falling","floor":42,"gold_loss":0},{"damage_healed":0,"gold_gain":0,"player_choice":"Leave","duelist":true,"damage_taken":0,"max_hp_gain":0,"max_hp_loss":0,"event_name":"Card Trader","floor":44,"gold_loss":0},{"damage_healed":0,"gold_gain":0,"player_choice":"Upgrade","damage_taken":0,"relics_obtained":["Mark of the Bloom"],"max_hp_gain":0,"max_hp_loss":0,"event_name":"MindBloom","floor":46,"gold_loss":0,"cards_upgraded":["theDuelist:BeaverWarrior","theDuelist:BeaverWarrior","theDuelist:CastleWalls","theDuelist:CastleWalls","theDuelist:FinalFlame","theDuelist:GiantSoldier","theDuelist:GiantSoldier","theDuelist:ScrapFactory","theDuelist:Sparks","theDuelist:Sparks","theDuelist:MagnumShield","theDuelist:Tuningware","theDuelist:FinalFlame","theDuelist:SilentDoom","theDuelist:Downbeat","theDuelist:RainbowNeos","theDuelist:PreventRat","theDuelist:MudGolem","theDuelist:FuryFire","theDuelist:AttackTheMoon","theDuelist:WormApocalypse","theDuelist:FrontierWiseman","theDuelist:RainbowKuriboh","theDuelist:SpiralSpearStrike","theDuelist:MeteorDestruction","theDuelist:ImperialOrder","theDuelist:KamionTimelord","theDuelist:DoubleTool","theDuelist:Hinotama","theDuelist:DoubleTool"]}],"is_beta":false,"boss_relics":[{"not_picked":["Tiny House","Black Star"],"picked":"Calling Bell"},{"not_picked":["Cursed Key","Astrolabe"],"picked":"theDuelist:ElectricKey"}],"items_purged_floors":[47],"is_endless":false,"potions_floor_spawned":[4,5,6,8,16,19,29,30,31,36,38,39],"killed_by":"Shield and Spear","ascension_level":0}}