{"host":"5m2js577gj4e7pak","time":1612648545,"event":{"mods":["AchievementEnabler","BaseMod","Better Match","BetterRewards","Colored Map","Colored Powertips","Googly Eyes","Highlight Path","Lobotomy","LobotomyExtend","Minty Spire (QoL Compilation)","Quick Restart","Relic Filter","StSLib"],"gold_per_floor":[364,364,376,229,229,229,254,254,254,305,340,33,44,57,57,155,155,135,135,153,167,167,167],"floor_reached":22,"language":"ENG","playtime":650,"items_purged":[],"score":193,"play_id":"3aa7b446-24ab-4be1-87ba-191aaf9efe3d","local_time":"20210206225545","is_ascension_mode":false,"campfire_choices":[{"floor":15,"key":"REST"}],"circlet_count":0,"master_deck":["SpecialBullet","SpecialBullet","SpecialBullet","SpecialBullet","SpecialBullet","SpecialBullet","SpecialBullet","InformationCode","SecurityCode","TrainingCode","Lamp+6","BeautyBeast","FourthMatchFlame","Gaze","CherryBlossom","FourthMatchFlame","ShyLook","WristCuter","GreedKing","Horn","Wingbeat","OSAHOGD","SwordSharpenedByTears","Pinks","TheSmile","SomewhereSpear","GoldRush","DisciplinaryCode","BlueStar","FourthMatchFlame"],"relics":["CogitoBucket","LetterFromLob","Peace Pipe","Dream Catcher","Ancient Tea Set","Thread and Needle","Bottled Tornado","Orichalcum","Pear","Calipers","Coffee Dripper","Spirit Poop"],"acts_visited":["Exordium","TheCity"],"potions_floor_usage":[7,20,20,20],"damage_taken":[{"damage":11,"enemies":"Jaw Worm","floor":1,"turns":2},{"damage":7,"enemies":"2 Louse","floor":3,"turns":2},{"damage":37,"enemies":"Lagavulin","floor":7,"turns":6},{"damage":7,"enemies":"Gremlin Nob","floor":11,"turns":4},{"damage":4,"enemies":"Cultist","floor":13,"turns":3},{"damage":24,"enemies":"Exordium Thugs","floor":14,"turns":4},{"damage":39,"enemies":"Hexaghost","floor":16,"turns":9},{"damage":14,"enemies":"2 Thieves","floor":18,"turns":5},{"damage":0,"enemies":"Shell Parasite","floor":20,"turns":10},{"damage":24,"enemies":"Snake Plant","floor":21,"turns":4},{"damage":75,"enemies":"3 Cultists","floor":22,"turns":3}],"seed_played":"-2112929913634608722","potions_obtained":[{"floor":3,"key":"PowerPotion"},{"floor":11,"key":"SpeedPotion"},{"floor":13,"key":"Dexterity Potion"},{"floor":16,"key":"EssenceOfSteel"},{"floor":21,"key":"DuplicationPotion"}],"is_trial":false,"path_per_floor":["M","?","M","$","?","R","E","T","T","T","E","$","M","M","R","B",null,"M","?","M","M","M"],"character_chosen":"Angela","items_purchased":["Gaze","CherryBlossom","FourthMatchFlame","Calipers"],"campfire_rested":1,"item_purchase_floors":[4,4,4,12],"current_hp_per_floor":[46,46,47,47,40,40,19,19,19,19,36,36,46,36,60,21,80,80,80,80,74,0,0],"gold":167,"neow_bonus":"TWO_FIFTY_GOLD","is_daily":false,"chose_seed":false,"campfire_upgraded":0,"win_rate":0.0,"timestamp":1612648545,"path_taken":["M","?","M","$","?","R","E","?","T","?","E","?","M","M","R","BOSS","M","?","M","M","M"],"items_purchased_type":["Card","Card","Card","Relic"],"build_version":"2020-12-22","purchased_purges":0,"victory":false,"max_hp_per_floor":[70,70,70,70,70,70,70,70,70,70,80,80,80,80,80,80,80,80,80,80,80,80,80],"card_choices":[{"not_picked":["Diffraction"],"picked":"Lamp","floor":1},{"not_picked":["FairyFestival","FieryBird"],"picked":"BeautyBeast","floor":3},{"not_picked":["MagicBullet"],"picked":"FourthMatchFlame","floor":3},{"not_picked":["Wellcheers","WallGazer"],"picked":"ShyLook","floor":7},{"not_picked":["Amita"],"picked":"WristCuter","floor":7},{"not_picked":["Wellcheers","WallGazer"],"picked":"GreedKing","floor":11},{"not_picked":["InTheNameOfLoveAndHate"],"picked":"Horn","floor":11},{"not_picked":["Logging"],"picked":"Wingbeat","floor":13},{"not_picked":["Freischutz","UniverseFragment"],"picked":"OSAHOGD","floor":14},{"not_picked":["Beak"],"picked":"SwordSharpenedByTears","floor":14},{"not_picked":["Beak"],"picked":"Pinks","floor":15},{"not_picked":["CENSORED_ego"],"picked":"TheSmile","floor":16},{"not_picked":["CUTE"],"picked":"SomewhereSpear","floor":18},{"not_picked":["Lantern"],"picked":"GoldRush","floor":20},{"not_picked":["Alriune","Bloodbath"],"picked":"BlueStar","floor":21},{"not_picked":["Noise"],"picked":"FourthMatchFlame","floor":21}],"player_experience":54296,"relics_obtained":[{"floor":1,"key":"LetterFromLob"},{"floor":7,"key":"Ancient Tea Set"},{"floor":8,"key":"Thread and Needle"},{"floor":9,"key":"Bottled Tornado"},{"floor":10,"key":"Orichalcum"},{"floor":11,"key":"Pear"}],"event_choices":[{"damage_healed":0,"gold_gain":0,"player_choice":"Box","damage_taken":0,"relics_obtained":["Peace Pipe"],"max_hp_gain":0,"max_hp_loss":0,"event_name":"Big Fish","floor":2,"gold_loss":0,"cards_obtained":["Regret"]},{"damage_healed":0,"gold_gain":0,"player_choice":"Success","damage_taken":7,"relics_obtained":["Dream Catcher"],"max_hp_gain":0,"max_hp_loss":0,"event_name":"Scrap Ooze","floor":5,"gold_loss":0},{"cards_removed":["Regret"],"damage_healed":0,"gold_gain":0,"player_choice":"Offered Curse","damage_taken":0,"relics_obtained":["Spirit Poop"],"max_hp_gain":0,"max_hp_loss":0,"event_name":"Bonfire Elementals","floor":19,"gold_loss":0}],"is_beta":false,"boss_relics":[{"not_picked":["SlaversCollar","Snecko Eye"],"picked":"Coffee Dripper"}],"items_purged_floors":[],"is_endless":false,"potions_floor_spawned":[3,11,13,16,21],"killed_by":"3 Cultists","ascension_level":0}}