{"host":"bnpj5ln693dhfj4y","time":1612640155,"event":{"mods":["AchievementEnabler","BaseMod","Colored Map","Colored Powertips","DeckTracker","Minty Spire (QoL Compilation)","Weighted Paths"],"gold_per_floor":[112,127,138,156,168,168,200,212,247,294,306,283,324,336,348,360,360],"floor_reached":16,"language":"ENG","playtime":1203,"items_purged":[],"score":150,"play_id":"18316011-25e4-4161-a727-257a5c60acb4","local_time":"20210206203555","is_ascension_mode":true,"campfire_choices":[{"data":"Body Slam","floor":6,"key":"SMITH"},{"floor":8,"key":"REST"},{"data":"Whirlwind","floor":11,"key":"SMITH"},{"data":"Flex","floor":15,"key":"SMITH"}],"circlet_count":0,"master_deck":["Strike_R","Strike_R","Strike_R","Strike_R","Strike_R","Defend_R","Defend_R","Defend_R","Defend_R","Bash+1","Heavy Blade","Body Slam+1","Whirlwind+1","Fire Breathing","Bludgeon","Pommel Strike","Flex+1","Parasite"],"relics":["Burning Blood","MawBank","Oddly Smooth Stone","Smiling Mask","Pen Nib"],"acts_visited":["Exordium"],"potions_floor_usage":[7,13,16],"damage_taken":[{"damage":0,"enemies":"Small Slimes","floor":1,"turns":3},{"damage":14,"enemies":"Jaw Worm","floor":2,"turns":5},{"damage":0,"enemies":"2 Louse","floor":3,"turns":2},{"damage":20,"enemies":"2 Fungi Beasts","floor":4,"turns":4},{"damage":12,"enemies":"Looter","floor":5,"turns":3},{"damage":15,"enemies":"Gremlin Nob","floor":7,"turns":4},{"damage":28,"enemies":"3 Sentries","floor":10,"turns":6},{"damage":20,"enemies":"Lagavulin","floor":13,"turns":4},{"damage":78,"enemies":"The Guardian","floor":16,"turns":10}],"seed_played":"2316018886051647280","potions_obtained":[{"floor":5,"key":"Weak Potion"},{"floor":7,"key":"ColorlessPotion"},{"floor":10,"key":"Dexterity Potion"}],"is_trial":false,"path_per_floor":["M","M","M","M","M","R","E","R","T","E","R","?","E","?","R","B"],"character_chosen":"IRONCLAD","items_purchased":[],"campfire_rested":1,"item_purchase_floors":[],"current_hp_per_floor":[80,72,78,64,58,58,49,73,73,51,51,71,57,77,77,0,0],"gold":360,"neow_bonus":"UPGRADE_CARD","is_daily":false,"chose_seed":false,"campfire_upgraded":3,"win_rate":0.0,"timestamp":1612640155,"path_taken":["M","M","M","M","M","R","E","R","T","E","R","?","E","?","R","BOSS"],"items_purchased_type":[],"build_version":"2020-12-22","purchased_purges":0,"victory":false,"max_hp_per_floor":[80,80,80,80,80,80,80,80,80,80,80,80,80,80,80,80,80],"card_choices":[{"not_picked":["Sword Boomerang","Dark Embrace"],"picked":"Heavy Blade","floor":1},{"not_picked":["Clash","Hemokinesis","Dropkick"],"picked":"SKIP","floor":2},{"not_picked":["Pummel","Warcry"],"picked":"Body Slam","floor":3},{"not_picked":["Havoc","Pummel"],"picked":"Whirlwind","floor":4},{"not_picked":["Anger","Wild Strike"],"picked":"Fire Breathing","floor":5},{"not_picked":["Bloodletting","Blood for Blood"],"picked":"Bludgeon","floor":7},{"not_picked":["Flex","Clothesline"],"picked":"Pommel Strike","floor":10},{"not_picked":["Pommel Strike","Warcry"],"picked":"Flex","floor":13}],"player_experience":351822,"relics_obtained":[{"floor":7,"key":"MawBank"},{"floor":9,"key":"Oddly Smooth Stone"},{"floor":10,"key":"Smiling Mask"},{"floor":13,"key":"Pen Nib"}],"event_choices":[{"damage_healed":20,"gold_gain":0,"player_choice":"Healed","damage_taken":0,"max_hp_gain":0,"max_hp_loss":0,"event_name":"The Cleric","floor":12,"gold_loss":35},{"damage_healed":20,"gold_gain":0,"player_choice":"Healed and dodged fight","damage_taken":0,"max_hp_gain":0,"max_hp_loss":0,"event_name":"Mushrooms","floor":14,"gold_loss":0,"cards_obtained":["Parasite"]}],"is_beta":false,"boss_relics":[],"items_purged_floors":[],"is_endless":false,"potions_floor_spawned":[5,7,10],"killed_by":"The Guardian","ascension_level":5}}