{"host":"sad04l3m69qtnhom","time":1612600535,"event":{"mods":["AchievementEnabler","BaseMod","Colored Map","Colored Powertips","DeckTracker","Highlight Path","Minty Spire (QoL Compilation)","Permanent Neow","Quick Restart","SuperFastMode","everything is the same but u backflip on backflip"],"gold_per_floor":[118,68,68,68,82,116,131,131,156,174,185,219,230,249,249,348,348,361,361,374,374,187,215,140,173,173,185,62,97,117,131,131,231,231,244,181,194,240,252,279,279,306,306,320,335,335,355,368,368,368,368,368,97,128,128],"floor_reached":56,"language":"KOR","playtime":2369,"items_purged":["Strike_R","Dual Wield","Normality","Decay"],"score":1610,"play_id":"9ffd3bf0-a9b2-41ab-af8a-9aecf0bffb41","local_time":"20210206173535","is_ascension_mode":true,"campfire_choices":[{"data":"Spot Weakness","floor":8,"key":"SMITH"},{"floor":15,"key":"REST"},{"data":"Heavy Blade","floor":32,"key":"SMITH"},{"data":"Heavy Blade","floor":41,"key":"SMITH"},{"data":"Heavy Blade","floor":46,"key":"SMITH"},{"floor":49,"key":"RECALL"},{"data":"Demon Form","floor":52,"key":"SMITH"}],"circlet_count":0,"master_deck":["Defend_R","Defend_R","Defend_R","Bash","Limit Break+1","Sword Boomerang+1","Anger+1","Finesse","Anger","Flex","Spot Weakness+1","Heavy Blade+1","Reaper","Flex","Heavy Blade+1","Shrug It Off","Demon Form+1","Thunderclap+1","Sword Boomerang+1","Warcry+1","Heavy Blade+1","Infernal Blade+1","Limit Break+1","Warcry"],"relics":["Astrolabe","Vajra","Red Skull","Eternal Feather","Cursed Key","MutagenicStrength","Membership Card","Dream Catcher","Kunai","Bottled Lightning","Bag of Preparation","Strawberry","Philosopher\u0027s Stone","Torii","Calipers","Pantograph","DollysMirror","Toy Ornithopter","Centennial Puzzle"],"acts_visited":["Exordium","TheCity","TheBeyond","TheEnding"],"potions_floor_usage":[6,16,16,23,23,25,33,33,39,40,50,55,55,55],"damage_taken":[{"damage":12,"enemies":"Jaw Worm","floor":1,"turns":2},{"damage":0,"enemies":"2 Louse","floor":5,"turns":2},{"damage":20,"enemies":"Gremlin Nob","floor":6,"turns":4},{"damage":0,"enemies":"Cultist","floor":7,"turns":2},{"damage":13,"enemies":"Lots of Slimes","floor":10,"turns":2},{"damage":0,"enemies":"Blue Slaver","floor":11,"turns":1},{"damage":8,"enemies":"3 Sentries","floor":12,"turns":4},{"damage":10,"enemies":"Exordium Wildlife","floor":13,"turns":2},{"damage":6,"enemies":"Looter","floor":14,"turns":2},{"damage":32,"enemies":"Hexaghost","floor":16,"turns":5},{"damage":0,"enemies":"Chosen","floor":18,"turns":3},{"damage":21,"enemies":"2 Thieves","floor":20,"turns":3},{"damage":54,"enemies":"Slavers","floor":23,"turns":4},{"damage":42,"enemies":"Book of Stabbing","floor":25,"turns":4},{"damage":0,"enemies":"Cultist and Chosen","floor":27,"turns":2},{"damage":0,"enemies":"Gremlin Leader","floor":29,"turns":4},{"damage":0,"enemies":"3 Cultists","floor":30,"turns":3},{"damage":0,"enemies":"Snake Plant","floor":31,"turns":2},{"damage":55,"enemies":"Collector","floor":33,"turns":5},{"damage":6,"enemies":"3 Shapes","floor":35,"turns":4},{"damage":13,"enemies":"3 Darklings","floor":37,"turns":3},{"damage":12,"enemies":"2 Orb Walkers","floor":38,"turns":2},{"damage":0,"enemies":"Transient","floor":39,"turns":5},{"damage":43,"enemies":"Nemesis","floor":40,"turns":3},{"damage":15,"enemies":"Giant Head","floor":42,"turns":4},{"damage":14,"enemies":"4 Shapes","floor":44,"turns":2},{"damage":12,"enemies":"3 Darklings","floor":45,"turns":2},{"damage":0,"enemies":"Writhing Mass","floor":47,"turns":1},{"damage":0,"enemies":"Sphere and 2 Shapes","floor":48,"turns":2},{"damage":54,"enemies":"Awakened One","floor":50,"turns":4},{"damage":7,"enemies":"Shield and Spear","floor":54,"turns":2},{"damage":83,"enemies":"The Heart","floor":55,"turns":5}],"seed_played":"5100407729624736178","potions_obtained":[{"floor":1,"key":"Weak Potion"},{"floor":10,"key":"Dexterity Potion"},{"floor":13,"key":"CultistPotion"},{"floor":14,"key":"ColorlessPotion"},{"floor":16,"key":"EssenceOfSteel"},{"floor":18,"key":"Strength Potion"},{"floor":23,"key":"SkillPotion"},{"floor":25,"key":"LiquidMemories"},{"floor":31,"key":"SpeedPotion"},{"floor":33,"key":"ColorlessPotion"},{"floor":38,"key":"Swift Potion"},{"floor":39,"key":"CultistPotion"},{"floor":45,"key":"DistilledChaos"},{"floor":48,"key":"DuplicationPotion"}],"is_trial":false,"path_per_floor":["M","?","$","?","M","E","M","R","T","M","M","E","M","M","R","B",null,"M","?","M","?","$","E","?","E","T","M","$","E","M","M","R","B",null,"M","$","M","?","M","E","R","E","T","M","M","R","M","M","R","B",null,"R","$","E","B",null],"character_chosen":"IRONCLAD","items_purchased":["Membership Card","Bag of Preparation","DollysMirror","PowerPotion","Toy Ornithopter","Warcry"],"campfire_rested":1,"item_purchase_floors":[22,28,53,53,53,53],"current_hp_per_floor":[60,60,60,60,60,40,40,40,40,27,27,19,9,3,36,4,61,66,66,59,59,59,50,50,8,8,8,8,61,87,87,87,32,73,67,67,75,63,79,36,48,59,59,45,75,87,87,87,87,33,74,86,86,79,14],"gold":128,"neow_bonus":"BOSS_RELIC","is_daily":false,"chose_seed":false,"campfire_upgraded":5,"win_rate":0.0,"timestamp":1612600535,"path_taken":["M","?","$","?","M","E","M","R","T","?","M","E","M","?","R","BOSS","M","?","M","?","$","E","?","E","T","M","$","E","M","M","R","BOSS","M","$","M","?","M","E","R","E","T","M","M","R","M","M","R","BOSS","R","$","E","BOSS"],"items_purchased_type":["Relic","Relic","Relic","Potion","Relic","Card"],"build_version":"2020-12-22","purchased_purges":4,"victory":true,"max_hp_per_floor":[80,80,80,80,80,80,80,80,80,80,80,80,80,80,80,80,80,80,80,80,80,80,80,80,80,80,80,80,87,87,87,87,87,87,87,87,87,87,87,87,87,87,87,87,87,87,87,87,87,87,87,87,87,87,87],"card_choices":[{"not_picked":["Sentinel","Wild Strike","Hemokinesis"],"picked":"SKIP","floor":1},{"not_picked":["Cleave","Havoc","Clothesline"],"picked":"SKIP","floor":5},{"not_picked":["Cleave","Havoc","Clothesline"],"picked":"SKIP","floor":5},{"not_picked":["Warcry","Pommel Strike"],"picked":"Flex","floor":6},{"not_picked":["Feel No Pain","Uppercut"],"picked":"Spot Weakness","floor":7},{"not_picked":["Shockwave","Combust","Battle Trance"],"picked":"SKIP","floor":10},{"not_picked":["Feel No Pain","Second Wind","Havoc"],"picked":"SKIP","floor":11},{"not_picked":["Twin Strike","Flame Barrier","Blood for Blood"],"picked":"SKIP","floor":12},{"not_picked":["Infernal Blade","Cleave","Armaments"],"picked":"SKIP","floor":13},{"not_picked":["Sword Boomerang","Twin Strike"],"picked":"Heavy Blade","floor":14},{"not_picked":["Juggernaut","Exhume"],"picked":"Reaper","floor":16},{"not_picked":["Flame Barrier","Battle Trance","Anger"],"picked":"SKIP","floor":18},{"not_picked":["Infernal Blade","Power Through"],"picked":"Flex","floor":20},{"not_picked":["Second Wind","Hemokinesis","Flex"],"picked":"SKIP","floor":23},{"not_picked":["Cleave","Barricade","Havoc+1"],"picked":"SKIP","floor":25},{"not_picked":["Twin Strike","Dark Embrace"],"picked":"Shrug It Off","floor":27},{"not_picked":["Metallicize","Power Through+1","Wild Strike"],"picked":"SKIP","floor":29},{"not_picked":["Burning Pact","Twin Strike+1","Sword Boomerang"],"picked":"SKIP","floor":30},{"not_picked":["Wild Strike","Perfected Strike","Pommel Strike+1"],"picked":"SKIP","floor":31},{"not_picked":["Barricade","Fiend Fire"],"picked":"Demon Form","floor":33},{"not_picked":["Clothesline","Sword Boomerang"],"picked":"Thunderclap+1","floor":35},{"not_picked":["Burning Pact","Bloodletting+1"],"picked":"Sword Boomerang+1","floor":37},{"not_picked":["Reckless Charge","Uppercut"],"picked":"Warcry+1","floor":39},{"not_picked":["Flame Barrier+1","Headbutt"],"picked":"Heavy Blade","floor":40},{"not_picked":["Evolve","Hemokinesis","Combust"],"picked":"SKIP","floor":42},{"not_picked":["Flame Barrier+1","Warcry","Armaments+1"],"picked":"SKIP","floor":44},{"not_picked":["Headbutt","Heavy Blade","Flex+1"],"picked":"SKIP","floor":45},{"not_picked":["Sword Boomerang+1","Disarm","Anger"],"picked":"SKIP","floor":47},{"not_picked":["Clothesline","Combust+1"],"picked":"Infernal Blade+1","floor":48},{"not_picked":["Warcry","Berserk","Battle Trance"],"picked":"SKIP","floor":54}],"player_experience":241425,"relics_obtained":[{"floor":6,"key":"Vajra"},{"floor":9,"key":"Red Skull"},{"floor":12,"key":"Eternal Feather"},{"floor":23,"key":"Dream Catcher"},{"floor":25,"key":"Kunai"},{"floor":26,"key":"Bottled Lightning"},{"floor":29,"key":"Strawberry"},{"floor":38,"key":"Torii"},{"floor":40,"key":"Calipers"},{"floor":42,"key":"Pantograph"},{"floor":54,"key":"Centennial Puzzle"}],"event_choices":[{"cards_removed":["Strike_R"],"damage_healed":0,"gold_gain":0,"player_choice":"Card Removal","damage_taken":0,"max_hp_gain":0,"max_hp_loss":0,"event_name":"The Cleric","floor":2,"gold_loss":50},{"damage_healed":0,"gold_gain":0,"player_choice":"3 cards matched","damage_taken":0,"max_hp_gain":0,"max_hp_loss":0,"event_name":"Match and Keep!","floor":4,"gold_loss":0,"cards_obtained":["Dual Wield","Finesse","Anger"]},{"damage_healed":0,"gold_gain":0,"player_choice":"Inject Mutagens","damage_taken":0,"relics_obtained":["MutagenicStrength"],"max_hp_gain":0,"max_hp_loss":0,"event_name":"Drug Dealer","floor":19,"gold_loss":0},{"damage_healed":0,"gold_gain":0,"player_choice":"Read","damage_taken":0,"max_hp_gain":0,"max_hp_loss":0,"event_name":"The Library","floor":21,"gold_loss":0,"cards_obtained":["Heavy Blade"]},{"cards_removed":["Strike_R"],"damage_healed":0,"gold_gain":0,"player_choice":"Gave Gold","damage_taken":0,"max_hp_gain":0,"max_hp_loss":0,"event_name":"Beggar","floor":24,"gold_loss":75},{"damage_healed":0,"gold_gain":0,"player_choice":"Fight","damage_taken":0,"max_hp_gain":0,"max_hp_loss":0,"event_name":"Mysterious Sphere","floor":38,"gold_loss":0}],"is_beta":false,"boss_relics":[{"not_picked":["Tiny House","Fusion Hammer"],"picked":"Cursed Key"},{"not_picked":["Black Star","Velvet Choker"],"picked":"Philosopher\u0027s Stone"}],"items_purged_floors":[22,28,36,53],"is_endless":false,"potions_floor_spawned":[1,10,13,14,16,18,23,25,31,33,38,39,45,48,54],"ascension_level":6}}