{"host":"Jinnai","time":1612577018,"event":{"mods":["BaseMod","Bestiary","Block Reminder","Colored Map","Colored Powertips","Curses Come First","Highlight Path","Minty Spire (QoL Compilation)","Permanent Neow","Potion Indicator Mod","Quick Restart","Random Character Button","Relic Stats","StSLib","ojb\u0027s Info Mod"],"gold_per_floor":[110,110,122,122,134,166,166,192,192,192,220,1,1,19,19,92,92,107,107,121,121,121],"floor_reached":21,"language":"ENG","playtime":1475,"items_purged":[],"score":544,"play_id":"2aee18fc-3f2e-41f2-8531-ea87ebf1b898","local_time":"20210205210338","is_ascension_mode":true,"campfire_choices":[{"data":"Tantrum","floor":7,"key":"SMITH"},{"floor":10,"key":"REST"},{"data":"TalkToTheHand","floor":13,"key":"SMITH"},{"floor":15,"key":"REST"}],"circlet_count":0,"master_deck":["AscendersBane","Strike_P","Strike_P","Strike_P","Strike_P","Defend_P","Defend_P+1","Defend_P","Eruption","Vigilance","CrushJoints+1","CutThroughFate","Tantrum+1","Collect","Adaptation","FollowUp","EmptyFist","TalkToTheHand+1","Ragnarok","ThirdEye","LessonLearned","Vault","Tantrum+1","SandsOfTime+1"],"relics":["Runic Dome","Kunai","Ice Cream","Tiny Chest","SlaversCollar"],"acts_visited":["Exordium","TheCity"],"potions_floor_usage":[6,11,20],"damage_taken":[{"damage":0,"enemies":"2 Louse","floor":1,"turns":2},{"damage":0,"enemies":"Jaw Worm","floor":3,"turns":2},{"damage":0,"enemies":"Cultist","floor":5,"turns":2},{"damage":0,"enemies":"Gremlin Nob","floor":6,"turns":2},{"damage":40,"enemies":"3 Sentries","floor":8,"turns":3},{"damage":16,"enemies":"Gremlin Nob","floor":11,"turns":3},{"damage":3,"enemies":"Blue Slaver","floor":14,"turns":2},{"damage":0,"enemies":"Slime Boss","floor":16,"turns":5},{"damage":1,"enemies":"Spheric Guardian","floor":18,"turns":4},{"damage":12,"enemies":"3 Byrds","floor":20,"turns":2},{"damage":59,"enemies":"Centurion and Healer","floor":21,"turns":3}],"seed_played":"1523662315726812293","potions_obtained":[{"floor":3,"key":"SteroidPotion"},{"floor":6,"key":"GamblersBrew"},{"floor":18,"key":"Weak Potion"},{"floor":19,"key":"Fire Potion"},{"floor":20,"key":"Ambrosia"}],"is_trial":false,"path_per_floor":["M","?","M","?","M","E","R","E","T","R","E","$","R","M","R","B",null,"M","?","M","M"],"character_chosen":"WATCHER","items_purchased":["TalkToTheHand","Ragnarok","ThirdEye"],"campfire_rested":2,"item_purchase_floors":[12,12,12],"current_hp_per_floor":[61,66,66,66,66,66,66,26,26,47,31,31,31,28,49,49,67,66,66,54,0,0],"gold":121,"neow_bonus":"BOSS_RELIC","is_daily":false,"chose_seed":false,"campfire_upgraded":2,"win_rate":0.0,"timestamp":1612577018,"path_taken":["M","?","M","?","M","E","R","E","T","R","E","$","R","?","R","BOSS","M","?","M","?"],"items_purchased_type":["Card","Card","Card"],"build_version":"2020-12-18","purchased_purges":0,"victory":false,"max_hp_per_floor":[68,73,73,73,73,73,73,73,73,73,73,73,73,73,73,73,73,73,73,73,73,73],"relic_stats":{"counters":[11,30],"Tiny Chest":0,"Kunai":[10],"obtain_stats":[{"Ice Cream":8,"Runic Dome":0,"SlaversCollar":17,"Tiny Chest":11,"Kunai":6,"PureWater":0},{"Ice Cream":5,"Runic Dome":0,"SlaversCollar":8,"Tiny Chest":6,"Kunai":4,"PureWater":0},{"Ice Cream":11,"Runic Dome":0,"SlaversCollar":21,"Tiny Chest":14,"Kunai":8,"PureWater":0}]},"card_choices":[{"not_picked":["ThirdEye","FollowUp"],"picked":"CrushJoints","floor":1},{"not_picked":["JustLucky","LikeWater"],"picked":"CutThroughFate","floor":3},{"not_picked":["FlyingSleeves","DeceiveReality"],"picked":"Collect","floor":5},{"not_picked":["Pray","Evaluate"],"picked":"Adaptation","floor":6},{"not_picked":["CarveReality","EmptyMind"],"picked":"FollowUp","floor":8},{"not_picked":["SashWhip","ForeignInfluence"],"picked":"EmptyFist","floor":11},{"not_picked":["FlurryOfBlows","Tantrum"],"picked":"LessonLearned","floor":14},{"not_picked":["Judgement","Alpha"],"picked":"Vault","floor":16},{"not_picked":["Consecrate+1","PathToVictory+1"],"picked":"Tantrum+1","floor":18},{"not_picked":["LikeWater","ThirdEye"],"picked":"SandsOfTime+1","floor":20}],"player_experience":1645196,"relics_obtained":[{"floor":6,"key":"Kunai"},{"floor":8,"key":"Ice Cream"},{"floor":11,"key":"Tiny Chest"}],"event_choices":[{"damage_healed":0,"gold_gain":0,"player_choice":"Donut","damage_taken":0,"max_hp_gain":5,"max_hp_loss":0,"event_name":"Big Fish","floor":2,"gold_loss":0},{"damage_healed":0,"gold_gain":0,"cards_transformed":["Defend_P"],"player_choice":"Transformed","damage_taken":0,"max_hp_gain":0,"max_hp_loss":0,"event_name":"Transmorgrifier","floor":4,"gold_loss":0,"cards_obtained":["Tantrum"]},{"damage_healed":0,"gold_gain":0,"player_choice":"Got Potions","damage_taken":0,"max_hp_gain":0,"max_hp_loss":0,"event_name":"Lab","floor":19,"gold_loss":0}],"is_beta":true,"boss_relics":[{"not_picked":["Velvet Choker","Sozu"],"picked":"SlaversCollar"}],"items_purged_floors":[],"is_endless":false,"potions_floor_spawned":[3,6,18,20],"killed_by":"Centurion and Healer","ascension_level":20}}