{"host":"1xo5g347e5o4auts","time":1612618000,"event":{"mods":["BaseMod","Minty Spire (QoL Compilation)","Permanent Neow","StSLib"],"gold_per_floor":[109,259,259,259,271,297,307,334,334,334,334,359,371,402,402,402,402],"floor_reached":16,"language":"ENG","playtime":340,"items_purged":[],"score":306,"play_id":"a4d62796-dbaf-4bb8-9abd-7cd88d88d82b","local_time":"20210206152640","is_ascension_mode":true,"campfire_choices":[{"data":"BowlingBash","floor":10.0,"key":"SMITH"},{"data":"Wallop","floor":15,"key":"SMITH"}],"circlet_count":0,"master_deck":["AscendersBane","Strike_P","Strike_P","Strike_P","Defend_P","Defend_P","Defend_P","Defend_P","Eruption","Vigilance","FlurryOfBlows","DeusExMachina","SandsOfTime","FlurryOfBlows","BowlingBash+1","Perseverance","Wallop+1","Protect"],"relics":["Runic Dome","Dream Catcher","Gremlin Horn","Omamori","Darkstone Periapt","Question Card","Strawberry"],"acts_visited":["Exordium"],"potions_floor_usage":[16],"damage_taken":[{"damage":0.0,"enemies":"Cultist","floor":1.0,"turns":3.0},{"damage":3.0,"enemies":"2 Louse","floor":5.0,"turns":3.0},{"damage":16.0,"enemies":"Gremlin Nob","floor":6.0,"turns":3.0},{"damage":1.0,"enemies":"Small Slimes","floor":7.0,"turns":3.0},{"damage":0.0,"enemies":"Lagavulin","floor":8.0,"turns":4.0},{"damage":4.0,"enemies":"Gremlin Nob","floor":12.0,"turns":3.0},{"damage":0,"enemies":"2 Fungi Beasts","floor":13,"turns":2},{"damage":2,"enemies":"3 Sentries","floor":14,"turns":3},{"damage":13,"enemies":"The Guardian","floor":16,"turns":10}],"seed_played":"1999397200163052037","potions_obtained":[{"floor":1.0,"key":"BottledMiracle"},{"floor":6.0,"key":"LiquidMemories"}],"is_trial":false,"path_per_floor":["M","?","?","?","M","E","M","E","T","R","?","E","M","E","R","B"],"character_chosen":"WATCHER","items_purchased":[],"campfire_rested":0,"item_purchase_floors":[],"current_hp_per_floor":[61,61,54,54,51,35,34,34,34,34,16,12,12,17,17,4,4],"gold":402,"neow_bonus":"BOSS_RELIC","is_daily":false,"chose_seed":false,"campfire_upgraded":2,"win_rate":0.0,"timestamp":1612618000,"path_taken":["M","?","?","?","M","E","M","E","T","R","?","E","?","E","R","BOSS"],"items_purchased_type":[],"build_version":"2020-12-22","purchased_purges":0,"victory":false,"max_hp_per_floor":[68,68,68,68,68,68,68,68,68,68,68,68,68,75,75,75,75],"card_choices":[{"not_picked":["SignatureMove","Evaluate"],"picked":"FlurryOfBlows","floor":1.0},{"not_picked":["Crescendo","ClearTheMind"],"picked":"SandsOfTime","floor":5.0},{"not_picked":["FollowUp","Protect"],"picked":"FlurryOfBlows","floor":6.0},{"not_picked":["InnerPeace","Pray"],"picked":"BowlingBash","floor":7.0},{"not_picked":["ForeignInfluence","EmptyBody","PathToVictory"],"picked":"SKIP","floor":8.0},{"not_picked":["WindmillStrike","EmptyBody"],"picked":"Perseverance","floor":12.0},{"not_picked":["Prostrate","CarveReality","Vengeance"],"picked":"Wallop","floor":13},{"not_picked":["DeusExMachina","Weave","ClearTheMind"],"picked":"Protect","floor":14}],"player_experience":1452067,"relics_obtained":[{"floor":6.0,"key":"Dream Catcher"},{"floor":8.0,"key":"Gremlin Horn"},{"floor":9.0,"key":"Omamori"},{"floor":12.0,"key":"Question Card"},{"floor":14,"key":"Strawberry"}],"event_choices":[{"damage_healed":0.0,"max_hp_gain":0.0,"max_hp_loss":0.0,"gold_gain":150.0,"event_name":"Liars Game","player_choice":"AGREE","floor":2.0,"gold_loss":0.0,"damage_taken":0.0,"cards_obtained":["Doubt"]},{"cards_removed":["Doubt"],"damage_healed":0.0,"max_hp_gain":0.0,"max_hp_loss":0.0,"gold_gain":0.0,"event_name":"Golden Wing","player_choice":"Card Removal","floor":3.0,"gold_loss":0.0,"damage_taken":7.0},{"damage_healed":0.0,"max_hp_gain":0.0,"max_hp_loss":0.0,"gold_gain":0.0,"cards_transformed":["Strike_P"],"event_name":"Living Wall","player_choice":"Change","floor":4.0,"gold_loss":0.0,"damage_taken":0.0,"cards_obtained":["DeusExMachina"]},{"damage_healed":0.0,"max_hp_gain":0.0,"max_hp_loss":0.0,"gold_gain":0.0,"event_name":"Scrap Ooze","player_choice":"Success","floor":11.0,"gold_loss":0.0,"damage_taken":18.0,"relics_obtained":["Darkstone Periapt"]}],"is_beta":false,"boss_relics":[],"items_purged_floors":[],"is_endless":false,"potions_floor_spawned":[1,6,8,14],"killed_by":"The Guardian","ascension_level":20}}