{"host":"4mtkxmludbi9f02d","time":1612573777,"event":{"mods":["BaseMod","Minty Spire (QoL Compilation)","StSLib"],"gold_per_floor":[115,115,128,146,146,146,173,173,173,173,173,202,219,38,38,142,142,155,175,20,31,41,41,70,70,70,70,50,68,88,3,3,3,3],"floor_reached":33,"language":"ENG","playtime":1428,"items_purged":[],"score":278,"play_id":"448a804b-c726-46e9-b11e-8f852225ed79","local_time":"20210205210937","is_ascension_mode":true,"campfire_choices":[{"data":"ForeignInfluence","floor":6,"key":"SMITH"},{"data":"Eruption","floor":8,"key":"SMITH"},{"data":"Fasting2","floor":15,"key":"SMITH"},{"data":"DevaForm","floor":23,"key":"SMITH"},{"data":"Judgement","floor":25,"key":"SMITH"},{"data":"PathToVictory","floor":27,"key":"SMITH"},{"data":"Wallop","floor":32,"key":"SMITH"}],"circlet_count":0,"master_deck":["Strike_P","Strike_P","Strike_P","Strike_P","Defend_P+1","Defend_P","Defend_P+1","Defend_P","Eruption+1","Vigilance+1","ForeignInfluence+1","Consecrate","DevaForm+1","PathToVictory+1","Fasting2+1","Judgement+1","FollowUp+1","Prostrate+1","Prostrate+1","LessonLearned","Wallop+1","TalkToTheHand+1","Prostrate+1"],"relics":["Coffee Dripper","CultistMask","War Paint","Regal Pillow","Membership Card","VioletLotus","Lizard Tail","Pocketwatch","InkBottle","Thread and Needle"],"acts_visited":["Exordium","TheCity"],"potions_floor_usage":[16,22,29,30,30,30],"damage_taken":[{"damage":0,"enemies":"Small Slimes","floor":1,"turns":2},{"damage":0,"enemies":"Cultist","floor":3,"turns":1},{"damage":1,"enemies":"Jaw Worm","floor":4,"turns":3},{"damage":10,"enemies":"3 Sentries","floor":12,"turns":4},{"damage":4,"enemies":"2 Fungi Beasts","floor":13,"turns":4},{"damage":20,"enemies":"The Guardian","floor":16,"turns":6},{"damage":9,"enemies":"Shell Parasite","floor":18,"turns":6},{"damage":5,"enemies":"Chosen","floor":19,"turns":5},{"damage":11,"enemies":"Snecko","floor":21,"turns":4},{"damage":21,"enemies":"Cultist and Chosen","floor":22,"turns":8},{"damage":73,"enemies":"Gremlin Leader","floor":24,"turns":8},{"damage":1,"enemies":"Chosen and Byrds","floor":29,"turns":4},{"damage":0,"enemies":"Centurion and Healer","floor":30,"turns":5},{"damage":14,"enemies":"Collector","floor":33,"turns":7}],"seed_played":"-158778176889068269","potions_obtained":[{"floor":1,"key":"Strength Potion"},{"floor":3,"key":"Swift Potion"},{"floor":16,"key":"BlessingOfTheForge"},{"floor":21,"key":"BlessingOfTheForge"},{"floor":22,"key":"DuplicationPotion"},{"floor":24,"key":"DistilledChaos"},{"floor":29,"key":"SkillPotion"}],"is_trial":false,"path_per_floor":["M","?","M","M","?","R","T","R","T","?","?","E","M","$","R","B",null,"M","M","$","M","M","R","E","R","T","R","$","M","M","?","R","B"],"character_chosen":"WATCHER","items_purchased":["Membership Card","Fasting2","Lizard Tail","Wallop"],"campfire_rested":0,"item_purchase_floors":[14,14,20,28],"current_hp_per_floor":[72,72,72,71,64,64,64,64,64,64,64,54,50,50,50,30,72,63,58,58,47,26,26,11,11,11,11,11,10,10,10,10,0,0],"gold":3,"neow_bonus":"BOSS_RELIC","is_daily":false,"chose_seed":false,"campfire_upgraded":7,"win_rate":0.0,"timestamp":1612573777,"path_taken":["M","?","?","?","?","R","?","R","T","?","?","E","M","$","R","BOSS","M","M","$","M","?","R","E","R","T","R","$","?","M","?","R","BOSS"],"items_purchased_type":["Relic","Card","Relic","Card"],"build_version":"2020-12-22","purchased_purges":0,"victory":false,"max_hp_per_floor":[72,72,72,72,72,72,72,72,72,72,72,72,72,72,72,72,72,72,72,72,72,72,72,72,72,72,72,72,72,72,72,72,72,72],"card_choices":[{"not_picked":["Perseverance","JustLucky"],"picked":"ForeignInfluence","floor":1},{"not_picked":["CutThroughFate","ThirdEye"],"picked":"Consecrate","floor":3},{"not_picked":["Protect","ClearTheMind"],"picked":"Pray","floor":4},{"not_picked":["FearNoEvil","FlurryOfBlows"],"picked":"DevaForm","floor":12},{"not_picked":["Crescendo","EmptyFist"],"picked":"PathToVictory","floor":13},{"not_picked":["Establishment","Scrawl"],"picked":"Judgement","floor":16},{"not_picked":["PathToVictory","EmptyFist"],"picked":"FollowUp+1","floor":18},{"not_picked":["BowlingBash","WaveOfTheHand"],"picked":"Prostrate+1","floor":19},{"not_picked":["EmptyMind+1","Nirvana+1","CrushJoints"],"picked":"SKIP","floor":21},{"not_picked":["FlurryOfBlows","Protect"],"picked":"Prostrate+1","floor":22},{"not_picked":["Sanctity","Ragnarok"],"picked":"LessonLearned","floor":24},{"not_picked":["PathToVictory+1","Prostrate+1"],"picked":"TalkToTheHand+1","floor":29},{"not_picked":["ReachHeaven","CrushJoints+1"],"picked":"Prostrate+1","floor":30}],"player_experience":265128,"relics_obtained":[{"floor":7,"key":"War Paint"},{"floor":12,"key":"Regal Pillow"},{"floor":24,"key":"Pocketwatch"},{"floor":26,"key":"InkBottle"}],"event_choices":[{"damage_healed":0,"gold_gain":0,"player_choice":"Trade","damage_taken":0,"relics_obtained":["CultistMask"],"max_hp_gain":0,"max_hp_loss":0,"event_name":"FaceTrader","floor":2,"gold_loss":0},{"cards_removed":["Pray"],"damage_healed":0,"gold_gain":0,"player_choice":"Card Removal","damage_taken":7,"max_hp_gain":0,"max_hp_loss":0,"event_name":"Golden Wing","floor":5,"gold_loss":0},{"damage_healed":0,"gold_gain":0,"player_choice":"Ignored","damage_taken":0,"max_hp_gain":0,"max_hp_loss":0,"event_name":"Golden Idol","floor":10,"gold_loss":0},{"damage_healed":0,"gold_gain":0,"player_choice":"Upgraded","damage_taken":0,"max_hp_gain":0,"max_hp_loss":0,"event_name":"Upgrade Shrine","floor":11,"gold_loss":0,"cards_upgraded":["Vigilance"]},{"damage_healed":0,"gold_gain":0,"player_choice":"Obtained Relic","damage_taken":0,"relics_obtained":["Thread and Needle"],"max_hp_gain":0,"max_hp_loss":0,"event_name":"Addict","floor":31,"gold_loss":85}],"is_beta":false,"boss_relics":[{"not_picked":["Ectoplasm","Velvet Choker"],"picked":"VioletLotus"}],"items_purged_floors":[],"is_endless":false,"potions_floor_spawned":[1,3,16,21,22,24,29],"killed_by":"Collector","ascension_level":1}}