{"host":"rjbqai8ni6dsiu37","time":1612607258,"event":{"mods":["100% Spire Juice","BaseMod","CapriCore","GungeonMod","Marisa£¨Ùöéë¡¡Øª×âÞÞ£©","Minty Spire (QoL Compilation)","Replay The Spire","Shop Mod","StSLib","Td1madao Mod","The Cursed","The Jungle","The Poker Player","WarShipGirlsR/??á´Ò³R mod"],"gold_per_floor":[117,117,132,132,143,143,207,241,265,265,265,2,2,15,15,111,111,132,159,159,5,5,46,46,70,70,70,88,113,136,152,170,170,170,264,264,285,299,314,327,346,346,359,403,403,144,164,164,188,231,231,231,231,231,60,98,98],"floor_reached":58,"language":"KOR","playtime":5186,"items_purged":["DemoMod:Elimentaler","rmod:defend"],"score":1438,"play_id":"0d576a7e-8881-496c-8f70-52d6ea363a45","local_time":"20210206192738","is_ascension_mode":true,"campfire_choices":[{"data":"rmod:basicallowance","floor":6,"key":"SMITH"},{"floor":11,"key":"REST"},{"data":"rmod:royalracing","floor":13,"key":"SMITH"},{"floor":15,"key":"RECALL"},{"data":"rmod:ridicule","floor":24,"key":"SMITH"},{"data":"rmod:aviationdawn","floor":27,"key":"SMITH"},{"data":"rmod:highspeedmaneuver","floor":33,"key":"SMITH"},{"data":"rmod:expeditionaryescort","floor":42,"key":"SMITH"},{"data":"Apotheosis","floor":48,"key":"SMITH"},{"data":"rmod:royalracing","floor":51,"key":"SMITH"},{"data":"rmod:smokecover","floor":54,"key":"SMITH"}],"circlet_count":0,"master_deck":["AscendersBane","rmod:strick","rmod:strick","rmod:strick","rmod:defend","rmod:defend","rmod:defend","rmod:basicallowance+1","rmod:maingunfire+1","rmod:royalracing+1","rmod:highspeedmaneuver+1","rmod:aviationdawn+1","rmod:ridicule+1","rmod:openingtorpedo+1","rmod:intelligenceanalysis+1","rmod:expeditionaryescort+1","rmod:aluminumsupply","rmod:aviationdawn","rmod:smokecover+1","rmod:robin","rmod:auspiciousomen","Apotheosis+1","rmod:mineteam","rmod:royalracing+1"],"relics":["rmod:firstchargereward","Art of War","Replay:Kaleidoscope","Bag of Preparation","Replay:Baseball","Golden Idol","ReplayTheSpireMod:TigerMarble","Honey Jar","DemoMod:SerJunkan","DemoMod:RatBoots","DemoMod:ResourcefulSack","DemoMod:PartiallyEatenCheese","Philosopher\u0027s Stone","Painkiller Herb","DemoMod:GlassGuonStoneRelic","Toy Ornithopter","DemoMod:Junk"],"acts_visited":["Exordium","TheCity","TheCity","TheBeyond","TheEnding"],"potions_floor_usage":[16,16,37,40,44,52,57],"damage_taken":[{"damage":0,"enemies":"Small Slimes","floor":1,"turns":4},{"damage":0,"enemies":"Cultist","floor":3,"turns":4},{"damage":1,"enemies":"2 Louse","floor":5,"turns":2},{"damage":21,"enemies":"3 Sentries","floor":7,"turns":8},{"damage":3,"enemies":"Lagavulin","floor":8,"turns":5},{"damage":0,"enemies":"Looter","floor":14,"turns":2},{"damage":19,"enemies":"Hexaghost","floor":16,"turns":10},{"damage":0,"enemies":"Chosen","floor":18,"turns":3},{"damage":0,"enemies":"Shell Parasite","floor":19,"turns":5},{"damage":0,"enemies":"Gremlin Leader","floor":23,"turns":4},{"damage":0,"enemies":"3 Cultists","floor":25,"turns":2},{"damage":0,"enemies":"DemoMod:4_Bullet_Kins_with_one_veteran","floor":28,"turns":1},{"damage":4,"enemies":"DemoMod:Veteran_shot_gun_kin_and_red_shotgun_kin","floor":29,"turns":1},{"damage":0,"enemies":"DemoMod:2_Mousers","floor":30,"turns":2},{"damage":0,"enemies":"DemoMod:Red_and_blue_shotgun_kin_with_gunsinger","floor":31,"turns":2},{"damage":0,"enemies":"DemoMod:Veteran_shot_gun_kin_and_blue_shotgun_kin","floor":32,"turns":1},{"damage":13,"enemies":"DemoMod:ResourcefulRat","floor":35,"turns":12},{"damage":4,"enemies":"3 Shapes","floor":37,"turns":1},{"damage":0,"enemies":"3 Darklings","floor":38,"turns":2},{"damage":1,"enemies":"4 Shapes","floor":39,"turns":3},{"damage":8,"enemies":"Writhing Mass","floor":40,"turns":5},{"damage":0,"enemies":"Spire Growth","floor":41,"turns":3},{"damage":0,"enemies":"Maw","floor":43,"turns":4},{"damage":0,"enemies":"R_Hoarder","floor":44,"turns":3},{"damage":0,"enemies":"Jaw Worm Horde","floor":47,"turns":2},{"damage":0,"enemies":"Transient","floor":49,"turns":5},{"damage":0,"enemies":"Giant Head","floor":50,"turns":4},{"damage":0,"enemies":"Replay:Hell Engine","floor":52,"turns":4},{"damage":0,"enemies":"Shield and Spear","floor":56,"turns":3},{"damage":9,"enemies":"The Heart","floor":57,"turns":6}],"seed_played":"-2827184740691192010","potions_obtained":[{"floor":3,"key":"Reflective Coating"},{"floor":7,"key":"Block Potion"},{"floor":18,"key":"FearPotion"},{"floor":28,"key":"BlessingOfTheForge"},{"floor":30,"key":"SteroidPotion"},{"floor":35,"key":"Block Potion"},{"floor":39,"key":"Energy Potion"},{"floor":40,"key":"LifebloodPotion"},{"floor":44,"key":"Dexterity Potion"},{"floor":50,"key":"Adrenaline Potion"}],"is_trial":false,"path_per_floor":["M","?","M","?","M","R","?","E","T","?","R","$","R","M","R","B",null,"M","M","?","$","?","E","R","M","T","R","M","M","M","M","M","R","B","B",null,"?","?","?","?","?","T","?","E","T","T","?","T","?","E","T","B",null,"T","T","E","B",null],"character_chosen":"PRAEFECT","items_purchased":["DemoMod:GnawedKey","ReplayTheSpireMod:TigerMarble","rmod:ridicule","Apotheosis","LiquidMemories"],"campfire_rested":1,"item_purchase_floors":[12,12,21,46,55],"current_hp_per_floor":[68,68,68,68,67,67,46,43,43,25,47,47,47,47,47,28,63,63,63,63,63,63,63,63,63,72,72,72,68,68,68,68,68,68,55,70,66,66,65,57,57,57,61,61,61,61,61,61,61,61,61,66,73,73,73,73,66],"gold":98,"neow_bonus":"RANDOM_COMMON_RELIC","is_daily":false,"chose_seed":false,"campfire_upgraded":9,"win_rate":0.0,"timestamp":1612607258,"path_taken":["M","?","?","?","?","R","?","E","T","?","R","$","R","M","R","BOSS","M","M","?","$","?","E","R","M","T","R","M","M","M","M","M","R","BOSS","BOSS","?","?","?","?","?","T","?","E","T","T","?","T","?","E","T","BOSS","T","T","E","BOSS"],"items_purchased_type":["Relic","Relic","Card","Card","Potion"],"build_version":"2020-12-22","purchased_purges":2,"victory":true,"max_hp_per_floor":[75,75,75,75,75,75,75,75,75,75,75,75,75,75,75,75,75,75,75,75,75,75,75,75,75,75,75,75,75,75,75,75,75,75,75,75,75,75,75,75,75,75,75,75,75,75,75,75,75,75,75,75,75,75,75,75,75],"card_choices":[{"not_picked":["rmod:luckystar","rmod:overbreakdown","rmod:circuitoustactics"],"picked":"SKIP","floor":1},{"not_picked":["rmod:fuelsupply","rmod:guardianhero","rmod:victimresponsibility"],"picked":"SKIP","floor":3},{"not_picked":["rmod:aluminumsupply","rmod:tearstotiara","rmod:overbreakdown"],"picked":"SKIP","floor":5},{"not_picked":["rmod:mineteam","rmod:garrisonisland"],"picked":"rmod:royalracing","floor":7},{"not_picked":["rmod:unsinkable","rmod:supportaircraftcarrier","rmod:stealaluminum"],"picked":"SKIP","floor":8},{"not_picked":["rmod:aluminumsupply","rmod:fletcherpendant","rmod:spoils"],"picked":"SKIP","floor":14},{"not_picked":["rmod:lastglory","rmod:stealaluminum"],"picked":"rmod:highspeedmaneuver","floor":16},{"not_picked":["rmod:diamondstrike","rmod:lonelyqueen","rmod:firesupport"],"picked":"rmod:aviationdawn","floor":19},{"not_picked":["rmod:unsinkable","rmod:firesupport","rmod:garrisonisland"],"picked":"rmod:openingtorpedo+1","floor":23},{"not_picked":["rmod:firesupport","rmod:chargemoney","rmod:ammunitionsupply"],"picked":"rmod:intelligenceanalysis+1","floor":29},{"not_picked":["rmod:supriseattacks","rmod:desperatesituation","rmod:fletcher"],"picked":"rmod:expeditionaryescort","floor":35},{"not_picked":[],"picked":"DemoMod:Elimentaler","floor":35},{"not_picked":["rmod:shuttlebombing","rmod:circuitoustactics","rmod:ammunitionsupply"],"picked":"rmod:aluminumsupply","floor":36},{"not_picked":["rmod:ring","rmod:unsinkable","rmod:guardianhero"],"picked":"rmod:aviationdawn","floor":37},{"not_picked":["rmod:diamondstrike","rmod:steelsupply","rmod:fletcherpendant"],"picked":"rmod:smokecover","floor":38},{"not_picked":["rmod:fletcherpendant","rmod:overbreakdown","rmod:steelsupply"],"picked":"rmod:robin","floor":39},{"not_picked":["rmod:goodfighter","rmod:intelligenceanalysis","rmod:steelsupply","rmod:desperatesituation"],"picked":"SKIP","floor":40},{"not_picked":["rmod:punchline+1","rmod:capitalist+1","rmod:rockthrower"],"picked":"rmod:auspiciousomen","floor":44},{"not_picked":["rmod:sl","rmod:diamondstrike","rmod:overbreakdown+1"],"picked":"rmod:mineteam","floor":47},{"not_picked":["rmod:capitalist","rmod:generalist","rmod:salvage"],"picked":"rmod:royalracing","floor":49}],"player_experience":232129,"relics_obtained":[{"floor":7,"key":"Replay:Kaleidoscope"},{"floor":8,"key":"Bag of Preparation"},{"floor":9,"key":"Replay:Baseball"},{"floor":23,"key":"DemoMod:SerJunkan"},{"floor":36,"key":"DemoMod:RatBoots"},{"floor":36,"key":"DemoMod:ResourcefulSack"},{"floor":36,"key":"DemoMod:PartiallyEatenCheese"},{"floor":36,"key":"Philosopher\u0027s Stone"},{"floor":36,"key":"Painkiller Herb"},{"floor":44,"key":"Toy Ornithopter"},{"floor":50,"key":"DemoMod:Junk"},{"floor":56,"key":"DemoMod:Junk"}],"event_choices":[{"cards_removed":["rmod:strick"],"damage_healed":0,"gold_gain":0,"player_choice":"Purged","damage_taken":0,"max_hp_gain":0,"max_hp_loss":0,"event_name":"Purifier","floor":2,"gold_loss":0},{"damage_healed":0,"gold_gain":0,"player_choice":"Forge","damage_taken":0,"max_hp_gain":0,"max_hp_loss":0,"event_name":"Accursed Blacksmith","floor":4,"gold_loss":0,"cards_upgraded":["rmod:maingunfire"]},{"damage_healed":0,"gold_gain":30,"player_choice":"Searched \u00272\u0027 times","damage_taken":0,"max_hp_gain":0,"max_hp_loss":0,"event_name":"Dead Adventurer","floor":7,"gold_loss":0},{"damage_healed":0,"gold_gain":0,"player_choice":"Take Damage","damage_taken":18,"relics_obtained":["Golden Idol"],"max_hp_gain":0,"max_hp_loss":0,"event_name":"Golden Idol","floor":10,"gold_loss":0},{"damage_healed":0,"gold_gain":0,"player_choice":"Ignored","damage_taken":0,"max_hp_gain":0,"max_hp_loss":0,"event_name":"Beggar","floor":20,"gold_loss":0},{"damage_healed":0,"gold_gain":0,"player_choice":"Ignored","damage_taken":0,"max_hp_gain":0,"max_hp_loss":0,"event_name":"Vampires","floor":22,"gold_loss":0}],"is_beta":false,"boss_relics":[{"not_picked":["Busted Crown","Replay:Bronze Core"],"picked":"Honey Jar"},{"not_picked":[]}],"items_purged_floors":[46,55],"is_endless":false,"potions_floor_spawned":[3,7,8,18,28,30,35,39,40,44,50],"ascension_level":13}}