{"host":"oehe2dxjvdgux73m","time":1612621676,"event":{"mods":["AchievementEnabler","BaseMod","Colored Map","Colored Powertips","DeckTracker","Keyboard Shortcuts","Minty Spire (QoL Compilation)","Permanent Neow","Quick Restart","StSLib","SuperFastMode"],"gold_per_floor":[364,75,89,18,30,57,57,87,87,112,112,128,146,157,157,157,157],"floor_reached":16,"language":"KOR","playtime":286,"items_purged":["Parasite","Strike_G"],"score":274,"play_id":"d2f45fb6-a491-4149-951c-98706567d5ef","local_time":"20210206232756","is_ascension_mode":true,"campfire_choices":[{"data":"Terror","floor":7.0,"key":"SMITH"},{"data":"Neutralize","floor":15.0,"key":"SMITH"}],"circlet_count":0,"master_deck":["AscendersBane","Strike_G","Strike_G","Strike_G","Defend_G","Defend_G","Defend_G","Defend_G","Defend_G","Survivor","Neutralize+1","Cloak And Dagger","Terror+1","Dash","Dagger Spray","Storm of Steel","Acrobatics","Backflip","Concentrate"],"relics":["Ring of the Snake","Membership Card","PreservedInsect","Regal Pillow","Matryoshka","Ancient Tea Set"],"acts_visited":["Exordium"],"potions_floor_usage":[],"damage_taken":[{"damage":4.0,"enemies":"Small Slimes","floor":1.0,"turns":4.0},{"damage":5.0,"enemies":"Jaw Worm","floor":3.0,"turns":4.0},{"damage":3.0,"enemies":"Cultist","floor":5.0,"turns":4.0},{"damage":0.0,"enemies":"Gremlin Nob","floor":6.0,"turns":3.0},{"damage":17.0,"enemies":"Lagavulin","floor":10.0,"turns":5.0},{"damage":6.0,"enemies":"2 Fungi Beasts","floor":12.0,"turns":4.0},{"damage":0.0,"enemies":"3 Louse","floor":13.0,"turns":2.0},{"damage":0.0,"enemies":"Blue Slaver","floor":14.0,"turns":2.0},{"damage":0,"enemies":"The Guardian","floor":16,"turns":1}],"seed_played":"-7930966924101244251","potions_obtained":[{"floor":1.0,"key":"DuplicationPotion"},{"floor":6.0,"key":"SkillPotion"},{"floor":14.0,"key":"Poison Potion"}],"is_trial":false,"path_per_floor":["M","$","M","$","M","E","R","?","T","E","?","M","M","M","R","B"],"character_chosen":"THE_SILENT","items_purchased":["Membership Card","PreservedInsect","Dash"],"campfire_rested":0,"item_purchase_floors":[2,2,4],"current_hp_per_floor":[55,55,50,50,47,47,47,47,47,30,30,24,24,24,24,24,24],"gold":157,"neow_bonus":"TWO_FIFTY_GOLD","is_daily":false,"chose_seed":false,"campfire_upgraded":2,"win_rate":0.0,"timestamp":1612621676,"path_taken":["M","$","M","$","M","E","R","?","T","E","?","M","?","M","R","BOSS"],"items_purchased_type":["Relic","Relic","Card"],"build_version":"2020-12-22","purchased_purges":2,"victory":false,"max_hp_per_floor":[66,63,63,63,63,63,63,63,63,63,63,63,63,63,63,63,63],"card_choices":[{"not_picked":["Deflect","Bane"],"picked":"Cloak And Dagger","floor":1.0},{"not_picked":["Escape Plan","Sucker Punch"],"picked":"Terror","floor":3.0},{"not_picked":["Deadly Poison","Caltrops"],"picked":"Dagger Spray","floor":5.0},{"not_picked":["Skewer","Deadly Poison"],"picked":"Storm of Steel","floor":6.0},{"not_picked":["Quick Slash","Sucker Punch","Deadly Poison"],"picked":"SKIP","floor":10.0},{"not_picked":["Underhanded Strike","Concentrate"],"picked":"Acrobatics","floor":12.0},{"not_picked":["Dagger Throw","Poisoned Stab"],"picked":"Backflip","floor":13.0},{"not_picked":["Cloak And Dagger","Slice"],"picked":"Concentrate","floor":14.0}],"player_experience":393707,"relics_obtained":[{"floor":6.0,"key":"Regal Pillow"},{"floor":9.0,"key":"Matryoshka"},{"floor":10.0,"key":"Ancient Tea Set"}],"event_choices":[{"damage_healed":0.0,"max_hp_gain":0.0,"max_hp_loss":0.0,"gold_gain":30.0,"event_name":"Dead Adventurer","player_choice":"Searched \u00271\u0027 times","floor":8.0,"gold_loss":0.0,"damage_taken":0.0},{"cards_removed":["Strike_G"],"damage_healed":0.0,"max_hp_gain":0.0,"max_hp_loss":0.0,"gold_gain":0.0,"event_name":"Purifier","player_choice":"Purged","floor":11.0,"gold_loss":0.0,"damage_taken":0.0}],"is_beta":false,"boss_relics":[],"items_purged_floors":[2,4],"is_endless":false,"potions_floor_spawned":[1,6,14],"killed_by":"The Guardian","ascension_level":20}}