{"host":"8is2j71l4wmybkoi","time":1612622187,"event":{"mods":["AchievementEnabler","BaseMod","Colored Map","Minty Spire (QoL Compilation)","Rare Cards Sparkle","StSLib","SuperFastMode"],"gold_per_floor":[113,132,132,144,156,156,182,182,182,199,254,254,254],"floor_reached":12,"language":"KOR","playtime":511,"items_purged":[],"score":144,"play_id":"4273b70e-cb41-47f1-b7c4-b022ffffa5dd","local_time":"20210206233627","is_ascension_mode":true,"campfire_choices":[{"data":"Doppelganger","floor":6,"key":"SMITH"}],"circlet_count":0,"master_deck":["AscendersBane","Strike_G","Strike_G","Strike_G","Strike_G+1","Strike_G","Defend_G","Defend_G","Defend_G","Defend_G","Defend_G","Survivor","Neutralize+1","Doppelganger+1","Blade Dance","Bouncing Flask","Predator","Concentrate","Wraith Form v2","Blur"],"relics":["Ring of the Snake","TungstenRod","HornCleat"],"acts_visited":["Exordium"],"potions_floor_usage":[5,8,10,11,12],"damage_taken":[{"damage":7.0,"enemies":"Small Slimes","floor":1.0,"turns":4.0},{"damage":4.0,"enemies":"Jaw Worm","floor":2.0,"turns":5.0},{"damage":0.0,"enemies":"Cultist","floor":4.0,"turns":3.0},{"damage":5,"enemies":"Gremlin Gang","floor":5,"turns":6},{"damage":13,"enemies":"Gremlin Nob","floor":7,"turns":3},{"damage":0,"enemies":"Red Slaver","floor":10,"turns":2},{"damage":2,"enemies":"Exordium Thugs","floor":11,"turns":5},{"damage":18,"enemies":"3 Sentries","floor":12,"turns":9}],"seed_played":"-7867641208796677344","potions_obtained":[{"floor":2.0,"key":"DuplicationPotion"},{"floor":7,"key":"DistilledChaos"},{"floor":8,"key":"Fruit Juice"},{"floor":8,"key":"SpeedPotion"},{"floor":10,"key":"ColorlessPotion"}],"is_trial":false,"path_per_floor":["M","M","?","M","M","R","E","?","T","M","M","E"],"character_chosen":"THE_SILENT","items_purchased":[],"campfire_rested":0,"item_purchase_floors":[],"current_hp_per_floor":[52,48,30,30,25,25,12,17,17,17,15,0,0],"gold":254,"neow_bonus":"THREE_RARE_CARDS","is_daily":false,"chose_seed":false,"campfire_upgraded":1,"win_rate":0.0,"timestamp":1612622187,"path_taken":["M","M","?","M","M","R","E","?","T","M","?","E"],"items_purchased_type":[],"build_version":"2020-12-22","purchased_purges":0,"victory":false,"max_hp_per_floor":[60,60,60,60,60,60,60,65,65,65,65,65,65],"card_choices":[{"not_picked":["Venomology","Malaise"],"picked":"Doppelganger","floor":0.0},{"not_picked":["Sucker Punch","Underhanded Strike"],"picked":"Blade Dance","floor":1.0},{"not_picked":["Sucker Punch","Terror"],"picked":"Bouncing Flask","floor":2.0},{"not_picked":["Deadly Poison","Poisoned Stab"],"picked":"Predator","floor":4.0},{"not_picked":["Acrobatics","Underhanded Strike"],"picked":"Concentrate","floor":5},{"not_picked":["Eviscerate","Dagger Spray"],"picked":"Wraith Form v2","floor":7},{"not_picked":["Expertise","Cloak And Dagger"],"picked":"Blur","floor":10},{"not_picked":["Underhanded Strike","Blade Dance","Sucker Punch"],"picked":"SKIP","floor":11},{"not_picked":["Underhanded Strike","Blade Dance","Sucker Punch"],"picked":"SKIP","floor":11},{"not_picked":["Underhanded Strike","Blade Dance","Sucker Punch"],"picked":"SKIP","floor":11}],"player_experience":1027586,"relics_obtained":[{"floor":7,"key":"TungstenRod"},{"floor":9,"key":"HornCleat"}],"event_choices":[{"damage_healed":0.0,"max_hp_gain":0.0,"max_hp_loss":0.0,"gold_gain":0.0,"event_name":"Shining Light","player_choice":"Entered Light","floor":3.0,"gold_loss":0.0,"damage_taken":18.0,"cards_upgraded":["Strike_G","Neutralize"]},{"damage_healed":0,"gold_gain":0,"player_choice":"Got Potions","damage_taken":0,"max_hp_gain":0,"max_hp_loss":0,"event_name":"Lab","floor":8,"gold_loss":0}],"is_beta":false,"boss_relics":[],"items_purged_floors":[],"is_endless":false,"potions_floor_spawned":[2,7,10],"killed_by":"3 Sentries","ascension_level":15}}