{"host":"yqw1zpryoutrnocq","time":1612652093,"event":{"mods":["2.2 Compatiblity","AchievementEnabler","BaseMod","Colored Map","Custom Start","DeckTracker","Minty Spire (QoL Compilation)","StSLib","SuperFastMode"],"gold_per_floor":[118,118,141,27,102,141,141,184,184,359,359,359,380,399,399,399,399],"floor_reached":16,"language":"KOR","playtime":267,"items_purged":["Strike_R"],"score":186,"play_id":"063b4243-bce1-4bcc-b6ba-682bc19f23ff","local_time":"20210206165453","is_ascension_mode":true,"campfire_choices":[{"data":"Dropkick","floor":11,"key":"SMITH"},{"data":"Body Slam","floor":15,"key":"SMITH"}],"circlet_count":0,"master_deck":["Strike_R","Strike_R","Strike_R","Strike_R","Defend_R","Defend_R","Defend_R","Defend_R","Bash","Power Through","Sword Boomerang","Dropkick+1","Thunderclap","Second Wind","Doubt","Body Slam+1","Rage"],"relics":["Burning Blood","NeowsBlessing","Golden Idol","Self Forming Clay","MealTicket","Smiling Mask","White Beast Statue"],"acts_visited":["Exordium"],"potions_floor_usage":[8,8,16,16],"damage_taken":[{"damage":0.0,"enemies":"Small Slimes","floor":1.0,"turns":1.0},{"damage":0.0,"enemies":"2 Louse","floor":3.0,"turns":1.0},{"damage":0.0,"enemies":"Gremlin Nob","floor":6.0,"turns":1.0},{"damage":39,"enemies":"Lagavulin","floor":8,"turns":8},{"damage":1,"enemies":"Cultist","floor":13,"turns":3},{"damage":18,"enemies":"Large Slime","floor":14,"turns":7},{"damage":34,"enemies":"The Guardian","floor":16,"turns":9}],"seed_played":"3206176101120498615","potions_obtained":[{"floor":1.0,"key":"Ancient Potion"},{"floor":3.0,"key":"Regen Potion"},{"floor":8,"key":"GamblersBrew"},{"floor":13,"key":"Strength Potion"},{"floor":14,"key":"LiquidMemories"}],"is_trial":false,"path_per_floor":["M","?","M","$","?","E","?","E","T","?","R","?","M","M","R","B"],"character_chosen":"IRONCLAD","items_purchased":["Dropkick"],"campfire_rested":0,"item_purchase_floors":[4],"current_hp_per_floor":[78,58,64,64,53,59,64,40,40,40,40,40,45,33,33,0,0],"gold":399,"neow_bonus":"THREE_ENEMY_KILL","is_daily":false,"chose_seed":false,"campfire_upgraded":2,"win_rate":0.0,"timestamp":1612652093,"path_taken":["M","?","M","$","?","E","?","E","T","?","R","?","M","M","R","BOSS"],"items_purchased_type":["Card"],"build_version":"2020-12-22","purchased_purges":1,"victory":false,"max_hp_per_floor":[80,80,80,80,80,80,85,85,85,85,85,85,85,85,85,85,85],"card_choices":[{"not_picked":["Intimidate","Dual Wield"],"picked":"Power Through","floor":1.0},{"not_picked":["Armaments","Clash"],"picked":"Sword Boomerang","floor":3.0},{"not_picked":["Anger","Iron Wave"],"picked":"Thunderclap","floor":6.0},{"not_picked":["Infernal Blade","Clash"],"picked":"Second Wind","floor":8},{"not_picked":["Metallicize","Warcry"],"picked":"Body Slam","floor":13},{"not_picked":["Metallicize","Heavy Blade"],"picked":"Rage","floor":14}],"player_experience":307500,"relics_obtained":[{"floor":6.0,"key":"Self Forming Clay"},{"floor":8,"key":"MealTicket"},{"floor":9,"key":"Smiling Mask"}],"event_choices":[{"damage_healed":0.0,"max_hp_gain":0.0,"max_hp_loss":0.0,"gold_gain":0.0,"event_name":"Golden Idol","player_choice":"Take Damage","floor":2.0,"gold_loss":0.0,"damage_taken":20.0,"relics_obtained":["Golden Idol"]},{"damage_healed":0.0,"max_hp_gain":0.0,"max_hp_loss":0.0,"gold_gain":75.0,"event_name":"World of Goop","player_choice":"Gather Gold","floor":5.0,"gold_loss":0.0,"damage_taken":11.0},{"damage_healed":0.0,"max_hp_gain":5.0,"max_hp_loss":0.0,"gold_gain":0.0,"event_name":"Big Fish","player_choice":"Donut","floor":7.0,"gold_loss":0.0,"damage_taken":0.0},{"damage_healed":0,"gold_gain":175,"player_choice":"AGREE","damage_taken":0,"max_hp_gain":0,"max_hp_loss":0,"event_name":"Liars Game","floor":10,"gold_loss":0,"cards_obtained":["Doubt"]},{"damage_healed":0,"gold_gain":0,"player_choice":"Gave Potion","damage_taken":0,"relics_obtained":["White Beast Statue"],"max_hp_gain":0,"max_hp_loss":0,"event_name":"WeMeetAgain","floor":12,"gold_loss":0}],"is_beta":false,"boss_relics":[],"items_purged_floors":[4],"is_endless":false,"potions_floor_spawned":[1,3,8,13,14],"killed_by":"The Guardian","ascension_level":8}}