{"host":"rmsq46plbpwfbxcc","time":1612589465,"event":{"mods":["AchievementEnabler","BaseMod","Colored Map","Colored Powertips","DeckTracker","KOR Keyword Fix","Minty Spire (QoL Compilation)","Permanent Neow","Quick Restart","SuperFastMode"],"gold_per_floor":[115,65,65,65,65,65,91,91,146,71,83,97,109,141,141,245,245,256,156,156,31,44,44,74,86,86,86,86,121,96,148,148,249,249,262,114,114,124,137,164,164,199,199,199,219,219,254,254,254,254,254,254,26,54,54,54],"floor_reached":55,"language":"KOR","playtime":2097,"items_purged":["Defend_G","Strike_G","Defend_G"],"score":1499,"play_id":"13b1d8da-0aa7-4dd0-9ba7-fad5bbff0c0b","local_time":"20210206143105","is_ascension_mode":true,"campfire_choices":[{"data":"Survivor","floor":6,"key":"SMITH"},{"data":"Blade Dance","floor":8,"key":"SMITH"},{"data":"Choke","floor":15,"key":"SMITH"},{"data":"Well Laid Plans","floor":23,"key":"SMITH"},{"data":"Burst","floor":27,"key":"SMITH"},{"floor":32,"key":"REST"},{"data":"Blade Dance","floor":41,"key":"SMITH"},{"data":"Cloak And Dagger","floor":44,"key":"SMITH"},{"data":"Backflip","floor":46,"key":"SMITH"},{"floor":49,"key":"RECALL"},{"data":"PiercingWail","floor":52,"key":"SMITH"}],"circlet_count":0,"master_deck":["AscendersBane","Defend_G+1","Survivor+1","Neutralize+1","Dash+1","Adrenaline+1","Infinite Blades+1","Blade Dance+1","PiercingWail+1","Choke+1","Burst+1","Well Laid Plans+1","Blade Dance+1","Cloak And Dagger+1","Escape Plan+1","Acrobatics+1","Backflip+1","Footwork+1","Caltrops+1"],"relics":["Astrolabe","Bag of Marbles","Happy Flower","Potion Belt","Philosopher\u0027s Stone","HornCleat","Juzu Bracelet","Bottled Lightning","Empty Cage","Nunchaku","Torii","Ninja Scroll","Question Card","Paper Crane","Pen Nib","Pantograph"],"acts_visited":["Exordium","TheCity","TheBeyond","TheEnding"],"potions_floor_usage":[24,24,24,31,40,50,55,55,55,55],"damage_taken":[{"damage":0,"enemies":"Jaw Worm","floor":1,"turns":3},{"damage":2,"enemies":"Gremlin Nob","floor":7,"turns":5},{"damage":0,"enemies":"2 Louse","floor":11,"turns":2},{"damage":0,"enemies":"Small Slimes","floor":12,"turns":2},{"damage":0,"enemies":"2 Fungi Beasts","floor":13,"turns":3},{"damage":2,"enemies":"Lagavulin","floor":14,"turns":6},{"damage":0,"enemies":"Slime Boss","floor":16,"turns":4},{"damage":7,"enemies":"2 Thieves","floor":18,"turns":3},{"damage":0,"enemies":"Chosen","floor":22,"turns":2},{"damage":15,"enemies":"Slavers","floor":24,"turns":4},{"damage":2,"enemies":"Shelled Parasite and Fungi","floor":25,"turns":4},{"damage":0,"enemies":"Book of Stabbing","floor":29,"turns":3},{"damage":0,"enemies":"Slavers","floor":31,"turns":4},{"damage":28,"enemies":"Champ","floor":33,"turns":8},{"damage":0,"enemies":"Orb Walker","floor":35,"turns":4},{"damage":13,"enemies":"3 Shapes","floor":38,"turns":5},{"damage":0,"enemies":"Sphere and 2 Shapes","floor":39,"turns":3},{"damage":0,"enemies":"Reptomancer","floor":40,"turns":4},{"damage":0,"enemies":"Giant Head","floor":42,"turns":5},{"damage":0,"enemies":"Jaw Worm Horde","floor":45,"turns":3},{"damage":0,"enemies":"Reptomancer","floor":47,"turns":4},{"damage":1,"enemies":"Donu and Deca","floor":50,"turns":8},{"damage":21,"enemies":"Shield and Spear","floor":54,"turns":8},{"damage":73,"enemies":"The Heart","floor":55,"turns":8}],"seed_played":"3613403007829924724","potions_obtained":[{"floor":7,"key":"Dexterity Potion"},{"floor":11,"key":"Weak Potion"},{"floor":14,"key":"AttackPotion"},{"floor":16,"key":"Swift Potion"},{"floor":22,"key":"PowerPotion"},{"floor":24,"key":"ColorlessPotion"},{"floor":25,"key":"EssenceOfSteel"},{"floor":31,"key":"Weak Potion"},{"floor":35,"key":"Fire Potion"},{"floor":39,"key":"SteroidPotion"},{"floor":40,"key":"FearPotion"},{"floor":54,"key":"DistilledChaos"}],"is_trial":false,"path_per_floor":["M","?","?","?","?","R","E","R","T","$","M","M","M","E","R","B",null,"M","$","?","$","M","R","E","M","T","R","?","E","$","E","R","B",null,"M","$","?","M","M","E","R","E","T","R","M","R","E","?","R","B",null,"R","$","E","B"],"character_chosen":"THE_SILENT","items_purchased":["Blade Dance","Nunchaku","Pen Nib","Regen Potion"],"campfire_rested":1,"item_purchase_floors":[30,36,53,53],"current_hp_per_floor":[63,63,63,63,49,49,47,47,47,47,47,47,47,45,45,45,64,57,57,50,50,50,50,35,33,33,33,21,21,21,21,42,14,56,56,56,56,43,43,43,43,43,43,43,43,43,43,43,43,42,60,60,60,39,0,0],"gold":54,"neow_bonus":"BOSS_RELIC","is_daily":false,"chose_seed":false,"campfire_upgraded":9,"win_rate":0.0,"timestamp":1612589465,"path_taken":["M","?","?","?","?","R","E","R","T","$","M","M","M","E","R","BOSS","M","$","?","$","?","R","E","M","T","R","?","E","?","E","R","BOSS","M","$","?","M","M","E","R","E","T","R","M","R","E","?","R","BOSS","R","$","E","BOSS"],"items_purchased_type":["Card","Relic","Relic","Potion"],"build_version":"2020-12-22","purchased_purges":3,"victory":false,"max_hp_per_floor":[70,70,70,70,70,70,70,70,70,70,70,70,70,70,70,70,70,70,70,70,70,70,70,70,70,70,70,70,70,70,70,70,70,70,70,70,70,70,70,70,70,70,70,70,70,70,70,66,66,66,66,66,66,66,66,66],"card_choices":[{"not_picked":["Slice","Deflect","Bane"],"picked":"SKIP","floor":1},{"not_picked":["Dagger Spray","Flying Knee"],"picked":"Blade Dance","floor":7},{"not_picked":["Malaise","Slice"],"picked":"PiercingWail","floor":11},{"not_picked":["Dagger Spray","Dagger Throw","Flying Knee"],"picked":"SKIP","floor":12},{"not_picked":["Prepared","Concentrate","PiercingWail"],"picked":"SKIP","floor":13},{"not_picked":["Poisoned Stab","Predator"],"picked":"Choke","floor":14},{"not_picked":["Adrenaline","A Thousand Cuts"],"picked":"Burst","floor":16},{"not_picked":["Endless Agony+1","Flechettes","Underhanded Strike"],"picked":"SKIP","floor":18},{"not_picked":["Reflex","Bane"],"picked":"Well Laid Plans","floor":22},{"not_picked":["Catalyst","Well Laid Plans","Underhanded Strike+1"],"picked":"SKIP","floor":24},{"not_picked":["Sucker Punch","Dagger Spray","Dodge and Roll"],"picked":"SKIP","floor":25},{"not_picked":["Underhanded Strike","Outmaneuver","Masterful Stab"],"picked":"SKIP","floor":29},{"not_picked":["PiercingWail","Blade Dance","Dagger Throw"],"picked":"SKIP","floor":31},{"not_picked":["Doppelganger","Night Terror"],"picked":"A Thousand Cuts","floor":33},{"not_picked":["Quick Slash","Flechettes"],"picked":"Cloak And Dagger","floor":35},{"not_picked":["Slice+1","Catalyst+1"],"picked":"Escape Plan+1","floor":38},{"not_picked":["Bane","Noxious Fumes+1","Slice"],"picked":"SKIP","floor":39},{"not_picked":["Concentrate","Skewer","Setup+1"],"picked":"SKIP","floor":40},{"not_picked":["Leg Sweep","Underhanded Strike+1"],"picked":"Acrobatics+1","floor":42},{"not_picked":["Bane+1","Dash","Endless Agony"],"picked":"Backflip","floor":45},{"not_picked":["Dagger Throw","Prepared","Slice+1"],"picked":"Footwork+1","floor":47},{"not_picked":["Doppelganger","Venomology","Infinite Blades+1"],"picked":"Caltrops+1","floor":54}],"player_experience":659946,"relics_obtained":[{"floor":7,"key":"Bag of Marbles"},{"floor":9,"key":"Happy Flower"},{"floor":14,"key":"Potion Belt"},{"floor":24,"key":"HornCleat"},{"floor":29,"key":"Juzu Bracelet"},{"floor":31,"key":"Bottled Lightning"},{"floor":40,"key":"Torii"},{"floor":42,"key":"Ninja Scroll"},{"floor":43,"key":"Question Card"},{"floor":47,"key":"Paper Crane"},{"floor":54,"key":"Pantograph"}],"event_choices":[{"cards_removed":["Defend_G"],"damage_healed":0,"gold_gain":0,"player_choice":"Card Removal","damage_taken":0,"max_hp_gain":0,"max_hp_loss":0,"event_name":"The Cleric","floor":2,"gold_loss":50},{"damage_healed":0,"gold_gain":0,"player_choice":"Ignored","damage_taken":0,"max_hp_gain":0,"max_hp_loss":0,"event_name":"Liars Game","floor":3,"gold_loss":0},{"cards_removed":["Strike_G"],"damage_healed":0,"gold_gain":0,"player_choice":"Forget","damage_taken":0,"max_hp_gain":0,"max_hp_loss":0,"event_name":"Living Wall","floor":4,"gold_loss":0},{"damage_healed":0,"gold_gain":0,"player_choice":"Entered Light","damage_taken":14,"max_hp_gain":0,"max_hp_loss":0,"event_name":"Shining Light","floor":5,"gold_loss":0,"cards_upgraded":["Defend_G","Neutralize"]},{"damage_healed":0,"gold_gain":0,"player_choice":"Damaged","damage_taken":7,"max_hp_gain":0,"max_hp_loss":0,"event_name":"Wheel of Change","floor":20,"gold_loss":0},{"damage_healed":0,"gold_gain":0,"player_choice":"CARD ","damage_taken":12,"max_hp_gain":0,"max_hp_loss":0,"event_name":"Knowing Skull","floor":28,"potions_obtained":[],"gold_loss":0,"cards_obtained":["Panacea"]},{"cards_removed":["A Thousand Cuts"],"damage_healed":0,"gold_gain":0,"player_choice":"Removed Power","damage_taken":0,"max_hp_gain":0,"max_hp_loss":0,"event_name":"Falling","floor":37,"gold_loss":0},{"damage_healed":0,"gold_gain":0,"player_choice":"Max HP","damage_taken":0,"max_hp_gain":0,"max_hp_loss":4,"event_name":"Winding Halls","floor":48,"gold_loss":0}],"is_beta":false,"boss_relics":[{"not_picked":["Pandora\u0027s Box","Velvet Choker"],"picked":"Philosopher\u0027s Stone"},{"not_picked":["Busted Crown","Runic Pyramid"],"picked":"Empty Cage"}],"items_purged_floors":[10,19,21],"is_endless":false,"potions_floor_spawned":[7,11,14,16,22,24,25,31,35,39,40,47,54],"killed_by":"The Heart","ascension_level":11}}