{"host":"5spr8tig1ba228ju","time":1612584109,"event":{"mods":["BaseMod","Bestiary","Colored Map","Colored Powertips","Curses Come First","Energized Spire","Highlight Path","Hubris","Minty Spire (QoL Compilation)","Quick Restart","Relic Stats","Reliquary","Replay The Spire","Shop Mod","Spicy Shops","StSLib","SuperFastMode","The Jungle","The Poker Player","¡¾ÒÅÎï¿¨ÅÆ¡¿REMEMod"],"gold_per_floor":[113,113,130,142,159,159,172,172,172,190,190,204,234,234,234,306,306,318,333,347,347,357,387,387],"floor_reached":23,"language":"ZHS","playtime":2128,"items_purged":[],"score":402,"play_id":"6a23ff39-2177-4b4b-b937-a15b1eba30fd","local_time":"20210206120149","is_ascension_mode":true,"campfire_choices":[{"data":"Judgement","floor":6.0,"key":"SMITH"},{"data":"Mirror Shield","floor":8.0,"key":"SMITH"},{"data":"Glacier","floor":11.0,"key":"SMITH"},{"data":"Glacier","floor":15.0,"key":"SMITH"}],"circlet_count":0,"master_deck":["AscendersBane","Strike_B","Strike_B","Strike_B","Strike_B","Zap","Dualcast","Judgement+1","Glacier+1","Glacier+1","Panic Button","Glacier+1","Mirror Shield+1","Darkness","Darkness","Regret","Buffer","Defragment+1","Defragment","theJungle:Gourd","theJungle:Gourd","theJungle:Gourd","theJungle:Gourd","theJungle:Gourd","REME_Whirling"],"relics":["Cracked Core","REME_ComplimentaryCards","NeowsBlessing","CultistMask","Ice Cream","Du-Vu Doll","hubris:MedicalManual"],"acts_visited":["Exordium","Exordium"],"potions_floor_usage":[23,23],"damage_taken":[{"damage":0.0,"enemies":"Jaw Worm","floor":1.0,"turns":1.0},{"damage":0.0,"enemies":"Cultist","floor":3.0,"turns":1.0},{"damage":0.0,"enemies":"2 Louse","floor":4.0,"turns":1.0},{"damage":8.0,"enemies":"Exordium Wildlife","floor":5.0,"turns":3.0},{"damage":1.0,"enemies":"Large Slime","floor":7.0,"turns":6.0},{"damage":0.0,"enemies":"3 Louse","floor":10.0,"turns":2.0},{"damage":0.0,"enemies":"Blue Slaver","floor":12.0,"turns":4.0},{"damage":0.0,"enemies":"3 Sentries","floor":13.0,"turns":5.0},{"damage":30.0,"enemies":"The Guardian","floor":16.0,"turns":15.0},{"damage":5.0,"enemies":"theJungle:Flameango_and_Byrd","floor":18.0,"turns":5.0},{"damage":10.0,"enemies":"Shell Parasite","floor":19.0,"turns":6.0},{"damage":17.0,"enemies":"Snake Plant","floor":20.0,"turns":5.0},{"damage":0.0,"enemies":"theJungle:SlimyTreeVines","floor":22.0,"turns":18.0},{"damage":45,"enemies":"theJungle:Cassacara","floor":23,"turns":12}],"seed_played":"6521368990383233624","potions_obtained":[{"floor":1.0,"key":"Fruit Juice"},{"floor":4.0,"key":"SneckoOil"},{"floor":12.0,"key":"LiquidMemories"},{"floor":13.0,"key":"LiquidMemories"},{"floor":18.0,"key":"Fruit Juice"},{"floor":22.0,"key":"REME_GoldPotion"}],"is_trial":false,"path_per_floor":["M","?","M","M","M","R","M","R","T","M","R","M","E","?","R","B",null,"M","M","M","?","M","E"],"character_chosen":"DEFECT","items_purchased":[],"campfire_rested":0,"item_purchase_floors":[],"current_hp_per_floor":[69,69,69,69,61,61,60,60,60,60,60,60,60,60,60,30,65,60,50,33,33,39,0,0],"gold":387,"neow_bonus":"THREE_ENEMY_KILL","is_daily":false,"chose_seed":false,"campfire_upgraded":4,"win_rate":0.0,"timestamp":1612584109,"path_taken":["M","?","M","M","?","R","M","R","T","M","R","M","E","?","R","BOSS","M","M","M","?","M","E"],"items_purchased_type":[],"build_version":"2020-12-22","purchased_purges":0,"victory":false,"max_hp_per_floor":[76,76,76,76,76,76,76,76,76,76,76,76,76,76,76,76,76,76,76,76,76,76,81,81],"relic_stats":{"counters":[14,84],"obtain_stats":[{"Ice Cream":9,"Du-Vu Doll":13,"NeowsBlessing":0,"CultistMask":2,"hubris:MedicalManual":14,"Cracked Core":0,"REME_ComplimentaryCards":0},{"Ice Cream":5,"Du-Vu Doll":8,"NeowsBlessing":0,"CultistMask":1,"hubris:MedicalManual":8,"Cracked Core":0,"REME_ComplimentaryCards":0},{"Ice Cream":12,"Du-Vu Doll":23,"NeowsBlessing":0,"CultistMask":1,"hubris:MedicalManual":23,"Cracked Core":0,"REME_ComplimentaryCards":0}]},"card_choices":[{"not_picked":["Coolheaded","Cold Snap"],"picked":"Glacier","floor":1.0},{"not_picked":["Coolheaded","Cold Snap"],"picked":"Glacier","floor":1.0},{"not_picked":["Stack","Gash"],"picked":"Panic Button","floor":3.0},{"not_picked":["Panic Button","Beam Cell"],"picked":"Glacier","floor":4.0},{"not_picked":["Sweeping Beam","Coolheaded"],"picked":"Mirror Shield","floor":5.0},{"not_picked":["Turbo","Ball Lightning","Stack"],"picked":"SKIP","floor":7.0},{"not_picked":["Turbo","Ball Lightning","Stack"],"picked":"SKIP","floor":7.0},{"not_picked":["Barrage","Streamline"],"picked":"Darkness","floor":10.0},{"not_picked":["Panic Button","ReplayTheSpireMod:GoodbyeWorld","Redo"],"picked":"SKIP","floor":12.0},{"not_picked":["Go for the Eyes","ReplayTheSpireMod:GoodbyeWorld"],"picked":"Darkness","floor":13.0},{"not_picked":["Thunder Strike","Reboot"],"picked":"Buffer","floor":16.0},{"not_picked":["Redo","Steam","Panic Button"],"picked":"SKIP","floor":18.0},{"not_picked":["BasicCrystalCard","Ball Lightning"],"picked":"Defragment+1","floor":19.0},{"not_picked":["Darkness","Chill"],"picked":"Defragment","floor":20.0},{"not_picked":["Rip and Tear","Barrage"],"picked":"REME_Whirling","floor":22.0}],"player_experience":660580,"relics_obtained":[{"floor":9.0,"key":"Ice Cream"},{"floor":13.0,"key":"Du-Vu Doll"}],"event_choices":[{"damage_healed":0.0,"max_hp_gain":0.0,"max_hp_loss":0.0,"gold_gain":0.0,"event_name":"FaceTrader","player_choice":"Trade","floor":2.0,"gold_loss":0.0,"damage_taken":0.0,"relics_obtained":["CultistMask"]},{"damage_healed":0.0,"max_hp_gain":0.0,"max_hp_loss":0.0,"gold_gain":0.0,"event_name":"Big Fish","player_choice":"Box","floor":14.0,"gold_loss":0.0,"damage_taken":0.0,"relics_obtained":["hubris:MedicalManual"],"cards_obtained":["Regret"]}],"is_beta":false,"boss_relics":[{"not_picked":["energizedSpire:HugeHouse","Ectoplasm","ReplayTheSpireMod:DimensionalGlitch"]}],"items_purged_floors":[],"is_endless":false,"potions_floor_spawned":[1,4,12,13,18,22],"killed_by":"theJungle:Cassacara","ascension_level":14}}