{"host":"timevagabond","time":1612636280,"event":{"mods":["BaseMod","Bestiary","Colored Map","Filter the Spire","Minty Spire (QoL Compilation)"],"gold_per_floor":[10,27,39,59,72,72,103,103,103,122,122,150,179,197,197,297,297,309,326,343,343,618,643,643,643,667,667,667],"floor_reached":27,"language":"ENG","playtime":2579,"items_purged":[],"score":282,"play_id":"01c23824-1d82-4c93-a5ba-1eecb05085f6","local_time":"20210206133120","is_ascension_mode":true,"campfire_choices":[{"data":"Echo Form","floor":6.0,"key":"SMITH"},{"data":"Genetic Algorithm","floor":8.0,"key":"SMITH"},{"data":"Reinforced Body","floor":15.0,"key":"SMITH"},{"data":"White Noise","floor":24,"key":"SMITH"},{"data":"Zap","floor":25,"key":"SMITH"}],"circlet_count":0,"master_deck":["Strike_B","Strike_B","Defend_B","Defend_B","Defend_B","Defend_B","Zap+1","Dualcast+1","Coolheaded","Genetic Algorithm+1","Go for the Eyes","Echo Form+1","Coolheaded","White Noise+1","Self Repair+1","Sweeping Beam","Reinforced Body+1","Core Surge","Coolheaded+1","Ball Lightning","Regret","Machine Learning"],"relics":["Cracked Core","Emotion Chip","WingedGreaves","Bottled Lightning","Odd Mushroom","Happy Flower","Empty Cage","Blue Candle","Bag of Preparation"],"acts_visited":["Exordium","TheCity"],"potions_floor_usage":[23,23,27],"damage_taken":[{"damage":1.0,"enemies":"Cultist","floor":1.0,"turns":3.0},{"damage":2.0,"enemies":"Small Slimes","floor":2.0,"turns":4.0},{"damage":7.0,"enemies":"Jaw Worm","floor":3.0,"turns":5.0},{"damage":2.0,"enemies":"Red Slaver","floor":4.0,"turns":5.0},{"damage":0.0,"enemies":"Looter","floor":5.0,"turns":4.0},{"damage":3.0,"enemies":"Lagavulin","floor":7.0,"turns":8.0},{"damage":12.0,"enemies":"Lots of Slimes","floor":10.0,"turns":3.0},{"damage":20.0,"enemies":"The Mushroom Lair","floor":12.0,"turns":6.0},{"damage":31.0,"enemies":"3 Sentries","floor":13.0,"turns":7.0},{"damage":15.0,"enemies":"Blue Slaver","floor":14.0,"turns":5.0},{"damage":4.0,"enemies":"Slime Boss","floor":16.0,"turns":10.0},{"damage":1.0,"enemies":"3 Byrds","floor":18.0,"turns":2.0},{"damage":0.0,"enemies":"Shell Parasite","floor":19.0,"turns":15.0},{"damage":14,"enemies":"Centurion and Healer","floor":20,"turns":17},{"damage":43,"enemies":"Slavers","floor":23,"turns":6},{"damage":51,"enemies":"Book of Stabbing","floor":27,"turns":8}],"seed_played":"3087738704362042210","potions_obtained":[{"floor":2.0,"key":"Explosive Potion"},{"floor":3.0,"key":"LiquidMemories"},{"floor":4.0,"key":"FocusPotion"},{"floor":7.0,"key":"Fire Potion"},{"floor":13.0,"key":"SpeedPotion"},{"floor":16.0,"key":"Energy Potion"},{"floor":23,"key":"Regen Potion"}],"is_trial":false,"path_per_floor":["M","M","M","M","M","R","E","R","T","M","?","?","E","M","R","B",null,"M","M","M","?","?","E","R","R","T","E"],"character_chosen":"DEFECT","items_purchased":[],"campfire_rested":0,"item_purchase_floors":[],"current_hp_per_floor":[74,72,65,63,63,63,60,60,60,48,33,33,22,27,27,43,75,74,75,75,59,59,36,36,36,36,0,0],"gold":667,"neow_bonus":"ONE_RARE_RELIC","is_daily":false,"chose_seed":false,"campfire_upgraded":5,"win_rate":0.0,"timestamp":1612636280,"path_taken":["M","?","M","M","M","R","E","R","T","M","?","?","E","M","R","BOSS","M","M","M","?","?","E","R","R","T","E"],"items_purchased_type":[],"build_version":"2020-12-18","purchased_purges":0,"victory":false,"max_hp_per_floor":[75,75,75,75,75,75,75,75,75,75,75,75,75,75,75,75,75,75,75,75,75,75,75,75,75,75,75,75],"card_choices":[{"not_picked":["Barrage","Aggregate"],"picked":"Coolheaded","floor":1.0},{"not_picked":["Go for the Eyes","Streamline"],"picked":"Genetic Algorithm","floor":2.0},{"not_picked":["Stack","Hologram"],"picked":"Go for the Eyes","floor":3.0},{"not_picked":["Leap","Chill"],"picked":"Echo Form","floor":4.0},{"not_picked":["Redo","Turbo"],"picked":"Coolheaded","floor":5.0},{"not_picked":["Turbo","Reprogram"],"picked":"White Noise","floor":7.0},{"not_picked":["Reinforced Body","Leap"],"picked":"Self Repair","floor":10.0},{"not_picked":["Rip and Tear","Steam Power"],"picked":"Sweeping Beam","floor":12.0},{"not_picked":["Fusion","Tempest","Stack"],"picked":"SKIP","floor":13.0},{"not_picked":["Aggregate","Hologram"],"picked":"Reinforced Body","floor":14.0},{"not_picked":["Buffer","Reboot"],"picked":"Core Surge","floor":16.0},{"not_picked":["Rebound","Turbo","Stack"],"picked":"SKIP","floor":18.0},{"not_picked":["Streamline","Steam"],"picked":"Coolheaded+1","floor":19.0},{"not_picked":["Heatsinks","Conserve Battery"],"picked":"Ball Lightning","floor":20},{"not_picked":["Stack","Turbo"],"picked":"Machine Learning","floor":23}],"player_experience":195088,"relics_obtained":[{"floor":7.0,"key":"WingedGreaves"},{"floor":9.0,"key":"Bottled Lightning"},{"floor":12.0,"key":"Odd Mushroom"},{"floor":13.0,"key":"Happy Flower"},{"floor":23,"key":"Blue Candle"},{"floor":26,"key":"Bag of Preparation"}],"event_choices":[{"damage_healed":0.0,"max_hp_gain":0.0,"max_hp_loss":0.0,"gold_gain":0.0,"event_name":"Shining Light","player_choice":"Entered Light","floor":11.0,"gold_loss":0.0,"damage_taken":15.0,"cards_upgraded":["Dualcast","Self Repair"]},{"damage_healed":0.0,"max_hp_gain":0.0,"max_hp_loss":0.0,"gold_gain":0.0,"event_name":"Mushrooms","player_choice":"Fought Mushrooms","floor":12.0,"gold_loss":0.0,"damage_taken":0.0},{"damage_healed":0,"gold_gain":0,"player_choice":"Obtained Book","damage_taken":16,"max_hp_gain":0,"max_hp_loss":0,"event_name":"Cursed Tome","floor":21,"gold_loss":0},{"damage_healed":0,"gold_gain":275,"player_choice":"Desecrate","damage_taken":0,"max_hp_gain":0,"max_hp_loss":0,"event_name":"Golden Shrine","floor":22,"gold_loss":0,"cards_obtained":["Regret"]}],"is_beta":true,"boss_relics":[{"not_picked":["Ectoplasm","Runic Dome"],"picked":"Empty Cage"}],"items_purged_floors":[],"is_endless":false,"potions_floor_spawned":[2,3,4,7,13,16,23],"killed_by":"Book of Stabbing","ascension_level":3}}