{"host":"8am31i0j9qpslrrv","time":1612629643,"event":{"mods":["BaseMod","Curses Come First","Minty Spire (QoL Compilation)","Quick Restart","Replay The Spire","StSLib"],"gold_per_floor":[116,47,47,47,72,103,103,121,147,147,171,171,189,228,228,351,351,372,386,429,429,452,485,485,485,485],"floor_reached":25,"language":"ENG","playtime":1666,"items_purged":[],"score":256,"play_id":"9b050f03-b7f8-45c2-9c92-26fa5559a1f1","local_time":"20210206114043","is_ascension_mode":false,"campfire_choices":[{"data":"Eruption","floor":7.0,"key":"SMITH"},{"data":"Adaptation","floor":10.0,"key":"SMITH"},{"data":"Vigilance","floor":12.0,"key":"SMITH"},{"data":"LikeWater","floor":15.0,"key":"SMITH"},{"floor":24,"key":"REST"}],"circlet_count":0,"master_deck":["Strike_P","Strike_P","Strike_P","Strike_P","Defend_P","Defend_P","Defend_P","Eruption+1","Vigilance+1","Adaptation+1","LikeWater+1","Replay:Anticipation","Vault","Blasphemy","DeusExMachina","Worship","Prostrate+1"],"relics":["HolyWater","ReplayTheSpireMod:TigerMarble","Golden Idol","PreservedInsect","Omamori","Boot","Red Mask","FaceOfCleric","Replay:Bottled Snecko"],"acts_visited":["Exordium","TheCity"],"potions_floor_usage":[],"damage_taken":[{"damage":0.0,"enemies":"Cultist","floor":1.0,"turns":2.0},{"damage":0.0,"enemies":"2 Louse","floor":5.0,"turns":1.0},{"damage":14.0,"enemies":"3 Sentries","floor":6.0,"turns":3.0},{"damage":1.0,"enemies":"Jaw Worm","floor":8.0,"turns":3.0},{"damage":0.0,"enemies":"Blue Slaver","floor":11.0,"turns":4.0},{"damage":3.0,"enemies":"Red Slaver","floor":13.0,"turns":3.0},{"damage":0.0,"enemies":"Gremlin Nob","floor":14.0,"turns":3.0},{"damage":24.0,"enemies":"Hexaghost","floor":16.0,"turns":8.0},{"damage":3.0,"enemies":"2 Thieves","floor":18.0,"turns":6.0},{"damage":0.0,"enemies":"Spheric Guardian","floor":19.0,"turns":6.0},{"damage":19.0,"enemies":"Masked Bandits","floor":20.0,"turns":8.0},{"damage":14,"enemies":"Snake Plant","floor":22,"turns":9},{"damage":31,"enemies":"Slavers","floor":23,"turns":7},{"damage":34,"enemies":"Cultist and Chosen","floor":25,"turns":7}],"seed_played":"-6442987476645879084","potions_obtained":[{"floor":5.0,"key":"Fire Potion"},{"floor":11.0,"key":"Dexterity Potion"},{"floor":13.0,"key":"SteroidPotion"},{"floor":20.0,"key":"Adrenaline Potion"}],"is_trial":false,"path_per_floor":["M","$","?","?","M","E","R","M","T","R","M","R","M","E","R","B",null,"M","M","?","?","M","E","R","M"],"character_chosen":"WATCHER","items_purchased":["Adaptation"],"campfire_rested":1,"item_purchase_floors":[2],"current_hp_per_floor":[72,72,54,54,54,40,40,39,39,39,39,39,36,36,36,12,72,69,69,50,50,37,7,29,0,0],"gold":485,"neow_bonus":"RANDOM_COMMON_RELIC","is_daily":false,"chose_seed":false,"campfire_upgraded":4,"win_rate":0.0,"timestamp":1612629643,"path_taken":["M","$","?","?","M","E","R","M","T","R","M","R","M","E","R","BOSS","M","M","?","?","?","E","R","M"],"items_purchased_type":["Card"],"build_version":"2020-12-22","purchased_purges":0,"victory":false,"max_hp_per_floor":[72,72,72,72,72,72,72,72,72,72,72,72,72,72,72,72,72,72,72,72,72,73,74,74,74,74],"card_choices":[{"not_picked":["EmptyFist","WaveOfTheHand","Wireheading"],"picked":"SKIP","floor":1.0},{"not_picked":["SashWhip","Consecrate","BowlingBash"],"picked":"SKIP","floor":5.0},{"not_picked":["Replay:BluntJabs","PathToVictory"],"picked":"LikeWater","floor":6.0},{"not_picked":["WaveOfTheHand","FollowUp","BowlingBash"],"picked":"SKIP","floor":8.0},{"not_picked":["EmptyMind","PathToVictory"],"picked":"Replay:Anticipation","floor":11.0},{"not_picked":["ClearTheMind","Prostrate","CarveReality"],"picked":"SKIP","floor":13.0},{"not_picked":["TalkToTheHand","CrushJoints"],"picked":"Vault","floor":14.0},{"not_picked":["Establishment","Judgement"],"picked":"Blasphemy","floor":16.0},{"not_picked":["InnerPeace","Swivel","EmptyFist"],"picked":"SKIP","floor":18.0},{"not_picked":["BowlingBash","ClearTheMind"],"picked":"DeusExMachina","floor":19.0},{"not_picked":["Sanctity+1","FlurryOfBlows"],"picked":"Worship","floor":22},{"not_picked":["ThirdEye","Replay:DivineShield+1"],"picked":"Prostrate+1","floor":23}],"player_experience":787924,"relics_obtained":[{"floor":6.0,"key":"PreservedInsect"},{"floor":9.0,"key":"Omamori"},{"floor":14.0,"key":"Boot"},{"floor":20.0,"key":"Red Mask"},{"floor":23,"key":"Replay:Bottled Snecko"}],"event_choices":[{"damage_healed":0.0,"max_hp_gain":0.0,"max_hp_loss":0.0,"gold_gain":0.0,"event_name":"Golden Idol","player_choice":"Take Damage","floor":3.0,"gold_loss":0.0,"damage_taken":18.0,"relics_obtained":["Golden Idol"]},{"damage_healed":0.0,"max_hp_gain":0.0,"max_hp_loss":0.0,"gold_gain":0.0,"event_name":"Masked Bandits","player_choice":"Fought Bandits","floor":20.0,"gold_loss":0.0,"damage_taken":0.0},{"damage_healed":0.0,"max_hp_gain":0.0,"max_hp_loss":0.0,"gold_gain":0.0,"event_name":"FaceTrader","player_choice":"Trade","floor":21.0,"gold_loss":0.0,"damage_taken":0.0,"relics_obtained":["FaceOfCleric"]}],"is_beta":false,"boss_relics":[{"not_picked":["ChewingGum","Ectoplasm"],"picked":"HolyWater"}],"items_purged_floors":[],"is_endless":false,"potions_floor_spawned":[5,11,13,20,23],"killed_by":"Cultist and Chosen","ascension_level":0}}