{"host":"kh6fvhxn285ncg0o","time":1612571789,"event":{"mods":["Act Like it!","BaseMod","Colored Map","Friendly Minions","Keyboard Shortcuts","Minty Spire (QoL Compilation)","Quick Restart","Relic Stats","StSLib","SuperFastMode","UnlockEverythingMod"],"gold_per_floor":[10,10,24,44,44,44,76,76,100,100,135,150,218,143,143,143,143],"floor_reached":16,"language":"KOR","playtime":448,"items_purged":[],"score":236,"play_id":"683f7420-74aa-42c2-aefc-3ea44953a61b","local_time":"20210206093629","is_ascension_mode":true,"campfire_choices":[{"data":"Reckless Charge","floor":6.0,"key":"SMITH"},{"data":"Rage","floor":8,"key":"SMITH"},{"floor":10,"key":"REST"},{"data":"Body Slam","floor":15,"key":"SMITH"}],"circlet_count":0,"master_deck":["AscendersBane","Strike_R","Defend_R","Defend_R","Defend_R","Defend_R","Bash+1","Reckless Charge+1","Entrench","Rage+1","Second Wind","Rampage","Shockwave","Body Slam+1"],"relics":["Burning Blood","Boot","Juzu Bracelet","Tiny Chest","Ginger"],"acts_visited":[],"potions_floor_usage":[11,13],"damage_taken":[{"damage":1.0,"enemies":"Small Slimes","floor":1.0,"turns":3.0},{"damage":2.0,"enemies":"2 Louse","floor":3.0,"turns":4.0},{"damage":6.0,"enemies":"Cultist","floor":4.0,"turns":3.0},{"damage":62,"enemies":"3 Sentries","floor":7,"turns":18},{"damage":20,"enemies":"Lagavulin","floor":11,"turns":6},{"damage":1,"enemies":"Looter","floor":12,"turns":4},{"damage":10,"enemies":"3 Sentries","floor":13,"turns":9},{"damage":34,"enemies":"The Guardian","floor":16,"turns":5}],"seed_played":"6034123174051920380","potions_obtained":[{"floor":1.0,"key":"Ancient Potion"},{"floor":3.0,"key":"Weak Potion"},{"floor":11,"key":"ColorlessPotion"}],"is_trial":false,"path_per_floor":["M","?","M","M","?","R","E","R","T","R","E","M","E","?","R","B"],"character_chosen":"IRONCLAD","items_purchased":[],"campfire_rested":1,"item_purchase_floors":[],"current_hp_per_floor":[73,73,75,75,75,75,19,19,19,41,27,32,28,28,28,0,0],"gold":143,"neow_bonus":"TRANSFORM_TWO_CARDS","is_daily":false,"chose_seed":false,"campfire_upgraded":3,"win_rate":0.0,"timestamp":1612571789,"path_taken":["M","?","M","M","?","R","E","R","T","R","E","M","E","?","R","BOSS"],"items_purchased_type":[],"build_version":"2020-12-22","purchased_purges":0,"victory":false,"max_hp_per_floor":[75,75,75,75,75,75,75,75,75,75,75,75,75,75,75,75,75],"relic_stats":{"counters":[8,52],"Tiny Chest":0,"Juzu Bracelet":1,"Ginger":[0],"Boot":[9],"obtain_stats":[{"Tiny Chest":11,"Juzu Bracelet":9,"Ginger":13,"Boot":7,"Burning Blood":0},{"Tiny Chest":5,"Juzu Bracelet":4,"Ginger":7,"Boot":4,"Burning Blood":0},{"Tiny Chest":34,"Juzu Bracelet":28,"Ginger":47,"Boot":28,"Burning Blood":0}],"Burning Blood":40},"card_choices":[{"not_picked":["Perfected Strike","Rampage"],"picked":"Rage","floor":1.0},{"not_picked":["Perfected Strike","Armaments","Heavy Blade"],"picked":"SKIP","floor":3.0},{"not_picked":["Flex","Clothesline"],"picked":"Second Wind","floor":4.0},{"not_picked":["Warcry","Heavy Blade"],"picked":"Rampage","floor":7},{"not_picked":["True Grit","Anger"],"picked":"Shockwave","floor":11},{"not_picked":["Clash","Dual Wield","Rage"],"picked":"SKIP","floor":12},{"not_picked":["Perfected Strike","Rampage"],"picked":"Body Slam","floor":13}],"player_experience":1325465,"relics_obtained":[{"floor":7,"key":"Boot"},{"floor":9,"key":"Juzu Bracelet"},{"floor":11,"key":"Tiny Chest"},{"floor":13,"key":"Ginger"}],"event_choices":[{"damage_healed":0.0,"max_hp_gain":0.0,"max_hp_loss":0.0,"gold_gain":0.0,"event_name":"Living Wall","player_choice":"Grow","floor":2.0,"gold_loss":0.0,"damage_taken":0.0,"cards_upgraded":["Bash"]},{"cards_removed":["Strike_R"],"damage_healed":0.0,"max_hp_gain":0.0,"max_hp_loss":0.0,"gold_gain":0.0,"event_name":"Bonfire Elementals","player_choice":"Offered Basic","floor":5.0,"gold_loss":0.0,"damage_taken":0.0},{"cards_removed":["Strike_R"],"damage_healed":0,"gold_gain":0,"player_choice":"Card Removal","damage_taken":0,"max_hp_gain":0,"max_hp_loss":0,"event_name":"The Cleric","floor":14,"gold_loss":75}],"is_beta":false,"boss_relics":[],"items_purged_floors":[],"is_endless":false,"potions_floor_spawned":[1,3,11],"killed_by":"The Guardian","ascension_level":20}}