{"host":"gg","time":1612655817,"event":{"mods":["BaseMod","Colored Map","Googly Eyes","Minty Spire (QoL Compilation)","Permanent Neow","Relic Stats","The IronCluck"],"gold_per_floor":[109,31,31,31,56,56,90,90,117,133,142,176,176,209,209,308,308,341,355,364,289,313,363,363,363,363],"floor_reached":25,"language":"ENG","playtime":1720,"items_purged":[],"score":624,"play_id":"d19ba3ff-04dc-4efb-b0c1-8c71b030c49a","local_time":"20210206155657","is_ascension_mode":true,"campfire_choices":[{"data":"Tantrum","floor":6.0,"key":"SMITH"},{"data":"CrushJoints","floor":8.0,"key":"SMITH"},{"data":"SignatureMove","floor":13.0,"key":"SMITH"},{"floor":15.0,"key":"REST"}],"circlet_count":0,"master_deck":["AscendersBane","Strike_P","Strike_P","Strike_P","Strike_P","Defend_P","Defend_P","Eruption","Vigilance","Tantrum+1","SignatureMove+1","CrushJoints+1","Omniscience","Omniscience","Worship","TalkToTheHand","Indignation"],"relics":["Snecko Eye","Golden Idol","Letter Opener","CeramicFish","Singing Bowl","Ornamental Fan","Sozu","Mercury Hourglass","Omamori"],"acts_visited":["Exordium","TheCity"],"potions_floor_usage":[],"damage_taken":[{"damage":2.0,"enemies":"Jaw Worm","floor":1.0,"turns":4.0},{"damage":12.0,"enemies":"2 Louse","floor":5.0,"turns":3.0},{"damage":0.0,"enemies":"3 Sentries","floor":7.0,"turns":3.0},{"damage":0.0,"enemies":"Cultist","floor":10.0,"turns":1.0},{"damage":15.0,"enemies":"Lagavulin","floor":12.0,"turns":3.0},{"damage":0.0,"enemies":"3 Sentries","floor":14.0,"turns":3.0},{"damage":34.0,"enemies":"The Guardian","floor":16.0,"turns":7.0},{"damage":0.0,"enemies":"Chosen","floor":18.0,"turns":1.0},{"damage":0.0,"enemies":"Shell Parasite","floor":19.0,"turns":1.0},{"damage":28.0,"enemies":"Shelled Parasite and Fungi","floor":22.0,"turns":3.0},{"damage":20,"enemies":"Slavers","floor":23,"turns":3},{"damage":14,"enemies":"Book of Stabbing","floor":25,"turns":1}],"seed_played":"-1188751152266039743","potions_obtained":[{"floor":5.0,"key":"SneckoOil"},{"floor":14.0,"key":"LiquidBronze"}],"is_trial":false,"path_per_floor":["M","$","?","?","M","R","E","R","T","M","?","E","R","E","R","B",null,"M","M","?","?","M","E","?","E"],"character_chosen":"WATCHER","items_purchased":["SignatureMove"],"campfire_rested":1,"item_purchase_floors":[2],"current_hp_per_floor":[59,59,59,52,40,40,40,40,40,40,40,27,27,29,48,14,53,53,55,55,55,27,7,7,0,0],"gold":363,"neow_bonus":"BOSS_RELIC","is_daily":false,"chose_seed":false,"campfire_upgraded":3,"win_rate":0.0,"timestamp":1612655817,"path_taken":["M","$","?","?","M","R","E","R","T","M","?","E","R","E","R","BOSS","M","?","?","?","M","E","?","E"],"items_purchased_type":["Card"],"build_version":"2020-12-18","purchased_purges":0,"victory":false,"max_hp_per_floor":[68,68,62,62,62,62,62,62,62,62,62,64,64,66,66,66,66,66,68,68,68,68,68,68,68,68],"relic_stats":{"Sozu":2,"Singing Bowl":6,"counters":[12,33],"Golden Idol":66,"Ornamental Fan":[32],"CeramicFish":54,"Snecko Eye":[60,58,47,51],"Letter Opener":[40],"obtain_stats":[{"Sozu":17,"Singing Bowl":12,"Golden Idol":3,"Ornamental Fan":14,"CeramicFish":9,"Snecko Eye":0,"Omamori":23,"Letter Opener":7,"PureWater":0,"Mercury Hourglass":20},{"Sozu":7,"Singing Bowl":5,"Golden Idol":1,"Ornamental Fan":6,"CeramicFish":3,"Snecko Eye":0,"Omamori":11,"Letter Opener":3,"PureWater":0,"Mercury Hourglass":9},{"Sozu":24,"Singing Bowl":14,"Golden Idol":4,"Ornamental Fan":17,"CeramicFish":10,"Snecko Eye":0,"Omamori":32,"Letter Opener":10,"PureWater":0,"Mercury Hourglass":26}],"Mercury Hourglass":[27]},"card_choices":[{"not_picked":["Prostrate","FlurryOfBlows"],"picked":"Tantrum","floor":1.0},{"not_picked":["Worship","Sanctity"],"picked":"CrushJoints","floor":5.0},{"not_picked":["DeceiveReality","ClearTheMind","Fasting2"],"picked":"SKIP","floor":7.0},{"not_picked":["FlyingSleeves","Study","PathToVictory"],"picked":"SKIP","floor":10.0},{"not_picked":["Evaluate","Fasting2","JustLucky"],"picked":"Singing Bowl","floor":12.0},{"not_picked":["JustLucky","Pray","Protect"],"picked":"Singing Bowl","floor":14.0},{"not_picked":["Alpha","Scrawl"],"picked":"Omniscience","floor":16.0},{"not_picked":["Pray","PathToVictory"],"picked":"Worship","floor":18.0},{"not_picked":["Evaluate","Adaptation","FlurryOfBlows"],"picked":"Singing Bowl","floor":19.0},{"not_picked":["WreathOfFlame","Sanctity"],"picked":"TalkToTheHand","floor":22.0},{"not_picked":["JustLucky","FlurryOfBlows"],"picked":"Indignation","floor":23}],"player_experience":1306630,"relics_obtained":[{"floor":7.0,"key":"Letter Opener"},{"floor":9.0,"key":"CeramicFish"},{"floor":12.0,"key":"Singing Bowl"},{"floor":14.0,"key":"Ornamental Fan"},{"floor":23,"key":"Omamori"}],"event_choices":[{"damage_healed":0.0,"max_hp_gain":0.0,"max_hp_loss":6.0,"gold_gain":0.0,"event_name":"Golden Idol","player_choice":"Lose Max HP","floor":3.0,"gold_loss":0.0,"damage_taken":0.0,"relics_obtained":["Golden Idol"]},{"cards_removed":["Defend_P"],"damage_healed":0.0,"max_hp_gain":0.0,"max_hp_loss":0.0,"gold_gain":0.0,"event_name":"Golden Wing","player_choice":"Card Removal","floor":4.0,"gold_loss":0.0,"damage_taken":7.0},{"damage_healed":0.0,"max_hp_gain":0.0,"max_hp_loss":0.0,"gold_gain":0.0,"cards_transformed":["Defend_P"],"event_name":"Transmorgrifier","player_choice":"Transformed","floor":11.0,"gold_loss":0.0,"damage_taken":0.0,"cards_obtained":["Omniscience"]},{"damage_healed":0.0,"max_hp_gain":0.0,"max_hp_loss":0.0,"gold_gain":0.0,"event_name":"The Mausoleum","player_choice":"Opened","floor":20.0,"gold_loss":0.0,"damage_taken":0.0,"relics_obtained":["Mercury Hourglass"],"cards_obtained":["Writhe"]},{"cards_removed":["Writhe"],"damage_healed":0.0,"max_hp_gain":0.0,"max_hp_loss":0.0,"gold_gain":0.0,"event_name":"Beggar","player_choice":"Gave Gold","floor":21.0,"gold_loss":75.0,"damage_taken":0.0},{"damage_healed":0,"gold_gain":0,"player_choice":"Ignored","damage_taken":0,"max_hp_gain":0,"max_hp_loss":0,"event_name":"Cursed Tome","floor":24,"gold_loss":0}],"is_beta":true,"boss_relics":[{"not_picked":["SlaversCollar","Runic Pyramid"],"picked":"Sozu"}],"items_purged_floors":[],"is_endless":false,"potions_floor_spawned":[5,14,19,23],"killed_by":"Book of Stabbing","ascension_level":20}}