{"host":"c97twqu0op5dg8i4","time":1612582915,"event":{"mods":["AchievementEnabler","BaseMod","Colored Map","Minty Spire (QoL Compilation)","Permanent Neow"],"gold_per_floor":[115,35,35,53,3,3,17,89,115,125,125,153,153,167,167,167,167],"floor_reached":16,"language":"ENG","playtime":335,"items_purged":[],"score":150,"play_id":"6b95d54d-e634-4a53-b049-0019e8ce811e","local_time":"20210205224155","is_ascension_mode":true,"campfire_choices":[{"data":"Bash","floor":6,"key":"SMITH"},{"data":"Flame Barrier","floor":11,"key":"SMITH"},{"floor":15,"key":"REST"}],"circlet_count":0,"master_deck":["AscendersBane","Strike_R","Strike_R+1","Strike_R+1","Strike_R","Defend_R","Defend_R","Defend_R","Defend_R","Bash+1","Swift Strike","Cleave","Flame Barrier+1","Shockwave"],"relics":["Burning Blood","Whetstone","Orichalcum"],"acts_visited":["Exordium"],"potions_floor_usage":[16],"damage_taken":[{"damage":8,"enemies":"2 Louse","floor":1,"turns":2},{"damage":12,"enemies":"Jaw Worm","floor":4,"turns":3},{"damage":1,"enemies":"Small Slimes","floor":7,"turns":4},{"damage":11,"enemies":"Looter","floor":10,"turns":3},{"damage":53,"enemies":"Gremlin Nob","floor":12,"turns":5},{"damage":13,"enemies":"Large Slime","floor":14,"turns":6},{"damage":31,"enemies":"The Guardian","floor":16,"turns":8}],"seed_played":"6164822707139865416","potions_obtained":[{"floor":4,"key":"Explosive Potion"},{"floor":14,"key":"Swift Potion"}],"is_trial":false,"path_per_floor":["M","$","?","M","?","R","M","?","T","M","R","E","?","M","R","B"],"character_chosen":"IRONCLAD","items_purchased":["Flame Barrier"],"campfire_rested":1,"item_purchase_floors":[2],"current_hp_per_floor":[70,70,75,69,69,69,74,74,74,69,69,22,22,15,40,9,9],"gold":167,"neow_bonus":"RANDOM_COLORLESS","is_daily":false,"chose_seed":false,"campfire_upgraded":2,"win_rate":0.0,"timestamp":1612582915,"path_taken":["M","$","?","M","?","R","M","?","T","M","R","E","?","M","R","BOSS"],"items_purchased_type":["Card"],"build_version":"2020-12-22","purchased_purges":0,"victory":false,"max_hp_per_floor":[80,80,85,85,85,85,85,85,85,85,85,85,85,85,85,85,85],"card_choices":[{"not_picked":["Trip","Panacea"],"picked":"Swift Strike","floor":0},{"not_picked":["Havoc","Dark Embrace"],"picked":"Cleave","floor":1},{"not_picked":["Perfected Strike","Carnage","Rage"],"picked":"SKIP","floor":4},{"not_picked":["Sentinel","Wild Strike","Havoc"],"picked":"SKIP","floor":7},{"not_picked":["Immolate","Second Wind"],"picked":"Shockwave","floor":10},{"not_picked":["Twin Strike","Flex","Havoc"],"picked":"SKIP","floor":12},{"not_picked":["Cleave","Clash","Combust"],"picked":"SKIP","floor":14}],"player_experience":344248,"relics_obtained":[{"floor":9,"key":"Whetstone"},{"floor":12,"key":"Orichalcum"}],"event_choices":[{"damage_healed":0,"gold_gain":0,"player_choice":"Donut","damage_taken":0,"max_hp_gain":5,"max_hp_loss":0,"event_name":"Big Fish","floor":3,"gold_loss":0},{"cards_removed":["Strike_R"],"damage_healed":0,"gold_gain":0,"player_choice":"Card Removal","damage_taken":0,"max_hp_gain":0,"max_hp_loss":0,"event_name":"The Cleric","floor":5,"gold_loss":50},{"damage_healed":0,"gold_gain":72,"player_choice":"Gained Gold","damage_taken":0,"max_hp_gain":0,"max_hp_loss":0,"event_name":"Golden Wing","floor":8,"gold_loss":0},{"damage_healed":0,"gold_gain":0,"player_choice":"Ignored","damage_taken":0,"max_hp_gain":0,"max_hp_loss":0,"event_name":"Shining Light","floor":13,"gold_loss":0}],"is_beta":false,"boss_relics":[],"items_purged_floors":[],"is_endless":false,"potions_floor_spawned":[4,14],"killed_by":"The Guardian","ascension_level":10}}