{"host":"syozzdlzcqop4jia","time":1612644996,"event":{"mods":["BaseMod","Colored Map","Colored Powertips","Minty Spire (QoL Compilation)","Quick Restart"],"gold_per_floor":[110,130,144,20,95,122,122,122,122,135,155,155,170,196,196,292,292,309,309,309],"floor_reached":19,"language":"ENG","playtime":1075,"items_purged":["Strike_R"],"score":224,"play_id":"d174179c-c880-4b85-8985-ca8868ae3dbe","local_time":"20210206215636","is_ascension_mode":true,"campfire_choices":[{"floor":7,"key":"REST"},{"floor":12,"key":"REST"},{"data":"Heavy Blade","floor":15,"key":"SMITH"}],"circlet_count":0,"master_deck":["Strike_R","Strike_R","Strike_R","Strike_R","Defend_R","Defend_R","Defend_R","Bash","Trip","Pommel Strike","Shrug It Off","Cleave","Heavy Blade+1","Shrug It Off","Thunderclap","Heavy Blade","Demon Form","Heavy Blade","Feed"],"relics":["Burning Blood","Charon\u0027s Ashes","Gremlin Horn","Omamori","SlaversCollar"],"acts_visited":["Exordium","TheCity"],"potions_floor_usage":[],"damage_taken":[{"damage":13,"enemies":"Jaw Worm","floor":1,"turns":4},{"damage":0,"enemies":"Cultist","floor":2,"turns":2},{"damage":4,"enemies":"Small Slimes","floor":3,"turns":3},{"damage":35,"enemies":"Lagavulin","floor":6,"turns":5},{"damage":18,"enemies":"Exordium Thugs","floor":10,"turns":6},{"damage":0,"enemies":"Lots of Slimes","floor":11,"turns":1},{"damage":5,"enemies":"Red Slaver","floor":13,"turns":3},{"damage":22,"enemies":"Gremlin Nob","floor":14,"turns":4},{"damage":46,"enemies":"The Guardian","floor":16,"turns":8},{"damage":58,"enemies":"Shell Parasite","floor":18,"turns":9},{"damage":16,"enemies":"Spheric Guardian","floor":19,"turns":3}],"seed_played":"3265487538435817760","potions_obtained":[{"floor":6,"key":"FearPotion"},{"floor":10,"key":"Swift Potion"},{"floor":14,"key":"DistilledChaos"}],"is_trial":false,"path_per_floor":["M","M","M","$","?","E","R","?","T","M","M","R","M","E","R","B",null,"M","M"],"character_chosen":"IRONCLAD","items_purchased":["Heavy Blade"],"campfire_rested":2,"item_purchase_floors":[4],"current_hp_per_floor":[73,79,80,80,69,40,64,64,64,52,58,80,80,64,64,24,66,14,0,0],"gold":309,"neow_bonus":"RANDOM_COLORLESS","is_daily":false,"chose_seed":false,"campfire_upgraded":1,"win_rate":0.0,"timestamp":1612644996,"path_taken":["M","M","M","$","?","E","R","?","T","M","M","R","?","E","R","BOSS","M","M"],"items_purchased_type":["Card"],"build_version":"2020-12-22","purchased_purges":1,"victory":false,"max_hp_per_floor":[80,80,80,80,80,80,80,80,80,80,80,80,80,80,80,80,80,80,80,80],"card_choices":[{"not_picked":["Forethought","Bandage Up"],"picked":"Trip","floor":0},{"not_picked":["Blood for Blood","True Grit"],"picked":"Pommel Strike","floor":1},{"not_picked":["Clothesline","Metallicize"],"picked":"Shrug It Off","floor":2},{"not_picked":["Headbutt","Clothesline"],"picked":"Cleave","floor":3},{"not_picked":["Perfected Strike","Thunderclap"],"picked":"Shrug It Off","floor":6},{"not_picked":["Intimidate","Power Through"],"picked":"Thunderclap","floor":10},{"not_picked":["Iron Wave","Feel No Pain"],"picked":"Heavy Blade","floor":11},{"not_picked":["Cleave","True Grit"],"picked":"Demon Form","floor":13},{"not_picked":["Shrug It Off","Wild Strike"],"picked":"Heavy Blade","floor":14},{"not_picked":["Brutality","Offering"],"picked":"Feed","floor":16},{"not_picked":["Warcry","Clothesline","True Grit"],"picked":"SKIP","floor":18}],"player_experience":568299,"relics_obtained":[{"floor":6,"key":"Charon\u0027s Ashes"},{"floor":9,"key":"Gremlin Horn"},{"floor":14,"key":"Omamori"}],"event_choices":[{"damage_healed":0,"gold_gain":75,"player_choice":"Gather Gold","damage_taken":11,"max_hp_gain":0,"max_hp_loss":0,"event_name":"World of Goop","floor":5,"gold_loss":0},{"cards_removed":["Defend_R"],"damage_healed":0,"gold_gain":0,"player_choice":"Offered Basic","damage_taken":0,"max_hp_gain":0,"max_hp_loss":0,"event_name":"Bonfire Elementals","floor":8,"gold_loss":0}],"is_beta":false,"boss_relics":[{"not_picked":["Snecko Eye","Coffee Dripper"],"picked":"SlaversCollar"}],"items_purged_floors":[4],"is_endless":false,"potions_floor_spawned":[6,10,14,16,18],"killed_by":"Spheric Guardian","ascension_level":5}}