{"host":"rk1e5mmpnpniq13w","time":1612649143,"event":{"mods":["BaseMod","Colored Powertips","Downfall","Hubris","Minty Spire (QoL Compilation)","Replay The Spire","StSLib","The Bug Knight"],"gold_per_floor":[99,114,114,114,124,143,211,211,211,111,129,129,39,49,66,168,168,168,185,205,20,36,70,96,96,96,96],"floor_reached":25,"language":"ENG","playtime":1351,"items_purged":["Pain","Doubt"],"score":213,"play_id":"0fafcfcf-e588-4655-9506-4d490985af40","local_time":"20210206170543","is_ascension_mode":false,"campfire_choices":[{"floor":8,"key":"RECALL"},{"data":"sneckomod:UnknownRarePower","floor":18,"key":"SMITH"}],"circlet_count":0,"master_deck":["sneckomod:Strike","sneckomod:Strike","sneckomod:Defend","sneckomod:Defend","sneckomod:Defend","sneckomod:TailWhip","sneckomod:SnekBite","sneckomod:Unknown","ReachHeaven","sneckomod:QuickBite","sneckomod:UnknownVulnerable","Slimebound:Prepare","sneckomod:CheapStock","sneckomod:Restock","sneckomod:QuickMove","sneckomod:Unknown1Cost","sneckomod:UnknownRarePower+1","sneckomod:UnknownBlock+1","sneckomod:Nope+1","sneckomod:UnknownUncommonPower","sneckomod:UnknownRareAttack","sneckomod:UnknownUncommonSkill","sneckomod:MorePower"],"relics":["sneckomod:SneckoSoul","hubris:Towel","Replay:WaspNest","Ring of Peace","ReplayTheSpireMod:Ring of Exchange","downfall:HeartBlessingRed","WarpedTongs","Sozu","hubris:CuriousFeather","ReplayTheSpireMod:TigerMarble"],"acts_visited":["Exordium","TheCity"],"potions_floor_usage":[16],"damage_taken":[{"damage":5,"enemies":"Small Slimes","floor":2,"turns":4},{"damage":2,"enemies":"2 Louse","floor":5,"turns":3},{"damage":0,"enemies":"Cultist","floor":6,"turns":2},{"damage":0,"enemies":"2 Fungi Beasts","floor":11,"turns":4},{"damage":4,"enemies":"downfall:FleeingMerchant","floor":13,"turns":4},{"damage":7,"enemies":"Gremlin Gang","floor":14,"turns":4},{"damage":9,"enemies":"Large Slime","floor":15,"turns":5},{"damage":20,"enemies":"IC_STATUS_ARCHETYPE","floor":16,"turns":10},{"damage":10,"enemies":"Spheric Guardian","floor":19,"turns":4},{"damage":0,"enemies":"3 Cultists","floor":20,"turns":4},{"damage":0,"enemies":"downfall:FleeingMerchant","floor":21,"turns":4},{"damage":0,"enemies":"Snecko","floor":22,"turns":5},{"damage":85,"enemies":"Book of Stabbing","floor":23,"turns":5},{"damage":12,"enemies":"Chosen and Byrds","floor":25,"turns":2}],"seed_played":"-3782819329458526026","potions_obtained":[{"floor":2,"key":"sneckomod:MuddlingPotion"},{"floor":6,"key":"AttackPotion"},{"floor":11,"key":"Elixir"}],"is_trial":false,"path_per_floor":["R","M","?","?","M","M","T","R","?","R","M","?","$","M","M","B",null,"R","M","M","$","M","E","T","M"],"character_chosen":"THE_SNECKO","items_purchased":["sneckomod:UnknownRareAttack"],"campfire_rested":0,"item_purchase_floors":[21],"current_hp_per_floor":[99,94,94,94,92,92,92,92,92,92,92,92,88,81,72,56,103,103,93,93,93,93,8,8,0,0,0],"gold":96,"neow_bonus":"TEN_PERCENT_HP_BONUS","is_daily":false,"chose_seed":false,"campfire_upgraded":1,"win_rate":0.0,"timestamp":1612649143,"path_taken":["R","M","?","?","M","?","T","R","?","R","M","?","$","?","M","BOSS","R","M","M","$","M","E","T","M"],"items_purchased_type":["Card"],"build_version":"2020-12-22","purchased_purges":2,"victory":false,"max_hp_per_floor":[99,99,99,99,99,99,99,99,99,99,99,99,99,99,99,103,103,103,103,103,103,103,103,103,103,103,103],"card_choices":[{"not_picked":["sneckomod:UnknownCommonAttack","sneckomod:Nope"],"picked":"sneckomod:UnknownBlock","floor":2},{"not_picked":["sneckomod:SoulCleanse","sneckomod:UnknownWeak"],"picked":"sneckomod:QuickBite","floor":5},{"not_picked":["sneckomod:UnknownCommonAttack","sneckomod:UnknownWeak"],"picked":"sneckomod:UnknownVulnerable","floor":6},{"not_picked":["sneckomod:UnknownExhaust","sneckomod:SnekBeam"],"picked":"sneckomod:CheapStock","floor":11},{"not_picked":["sneckomod:DiceCrush","sneckomod:Unknown2Cost"],"picked":"sneckomod:Restock","floor":13},{"not_picked":["sneckomod:DiceCrush","sneckomod:SoulRoll"],"picked":"sneckomod:QuickMove","floor":14},{"not_picked":["sneckomod:IronFang","sneckomod:MasterEye"],"picked":"sneckomod:Unknown1Cost","floor":15},{"not_picked":["sneckomod:DangerNoodle","sneckomod:UnknownRareSkill"],"picked":"sneckomod:UnknownRarePower","floor":16},{"not_picked":["sneckomod:SlitherStrike","sneckomod:UnknownUncommonAttack"],"picked":"sneckomod:UnknownBlock+1","floor":19},{"not_picked":["sneckomod:Unknown1Cost","sneckomod:SerpentIdol"],"picked":"sneckomod:Nope+1","floor":20},{"not_picked":["sneckomod:QuickBite","sneckomod:IronFang"],"picked":"sneckomod:UnknownUncommonPower","floor":21},{"not_picked":["sneckomod:SoulCleanse","sneckomod:SlitherStrike"],"picked":"sneckomod:UnknownUncommonSkill","floor":22},{"not_picked":["sneckomod:WideSting+1","sneckomod:UnknownX"],"picked":"sneckomod:MorePower","floor":23}],"player_experience":481894,"relics_obtained":[{"floor":7,"key":"Replay:WaspNest"},{"floor":9,"key":"Ring of Peace"},{"floor":9,"key":"ReplayTheSpireMod:Ring of Exchange"},{"floor":23,"key":"hubris:CuriousFeather"},{"floor":24,"key":"ReplayTheSpireMod:TigerMarble"}],"event_choices":[{"cards_removed":["sneckomod:Strike"],"damage_healed":0,"gold_gain":0,"player_choice":"Offered Basic","damage_taken":0,"max_hp_gain":0,"max_hp_loss":0,"event_name":"Bonfire Elementals","floor":4,"gold_loss":0},{"damage_healed":0,"gold_gain":0,"player_choice":"Rummage","damage_taken":0,"relics_obtained":["WarpedTongs"],"max_hp_gain":0,"max_hp_loss":0,"event_name":"Accursed Blacksmith","floor":12,"gold_loss":0,"cards_obtained":["Pain"]}],"is_beta":false,"boss_relics":[{"not_picked":["hubris:Backtick","Velvet Choker"],"picked":"Sozu"}],"items_purged_floors":[13,21],"is_endless":false,"potions_floor_spawned":[2,6,11,15],"killed_by":"Chosen and Byrds","ascension_level":0}}