{"host":"f5gffvlv6a66yqkd","time":1612594170,"event":{"mods":["2.2 Compatiblity","BaseMod","Colored Map","Custom Start","DeckTracker","Keyboard Shortcuts","Minty Spire (QoL Compilation)","Permanent Neow","Quick Restart","Relic Stats","StSLib","SuperFastMode"],"gold_per_floor":[360,360,32,32,32,67,87,101,101,101,119,119,119,135,135,206,206,222,222,222,232,244,244,254,254,277,277,294,12,30,30,30,104,104,123,168,168,193,205,238,265,64,87,115,115,150,161,177,177,177,177,177,177,6,38,38],"floor_reached":57,"language":"KOR","playtime":2215,"items_purged":["Parasite"],"score":3065,"play_id":"b2daf362-4a6f-46d0-a46f-08d3e7583a99","local_time":"20210206154930","is_ascension_mode":true,"campfire_choices":[{"data":"Bludgeon","floor":13.0,"key":"SMITH"},{"data":"Disarm","floor":15.0,"key":"SMITH"},{"data":"Impervious","floor":23.0,"key":"SMITH"},{"floor":25.0,"key":"REST"},{"data":"Bludgeon","floor":27.0,"key":"SMITH"},{"data":"Flame Barrier","floor":32.0,"key":"SMITH"},{"floor":49.0,"key":"RECALL"},{"data":"Sentinel","floor":53.0,"key":"SMITH"}],"circlet_count":0,"master_deck":["AscendersBane","Bash+1","Pommel Strike","Blood for Blood","Bludgeon+1","Disarm+1","Bludgeon+1","Impervious+1","Battle Trance","Barricade","Perfected Strike","Shrug It Off","Flame Barrier+1","Uppercut","Apotheosis","Corruption","Body Slam","Armaments","Second Wind","Fiend Fire","Pummel","Battle Trance","Reaper","Rage","Entrench","Sentinel+1","Immolate","Dark Embrace","Dark Embrace","Clothesline+1","Entrench","Seeing Red","Power Through","Demon Form","Burning Pact+1","True Grit+1","Evolve"],"relics":["Burning Blood","Turnip","Omamori","MealTicket","Bag of Marbles","Shuriken","Snecko Eye","Nilry\u0027s Codex","Toy Ornithopter","Meat on the Bone","Pandora\u0027s Box","WingedGreaves","Bottled Lightning","CaptainsWheel","Pen Nib","Nunchaku","Orrery","Happy Flower","Bag of Preparation","Anchor","Bronze Scales"],"acts_visited":["Exordium","TheCity","TheBeyond","TheEnding"],"potions_floor_usage":[56],"damage_taken":[{"damage":1.0,"enemies":"Cultist","floor":1.0,"turns":3.0},{"damage":40.0,"enemies":"Lagavulin","floor":6.0,"turns":6.0},{"damage":3.0,"enemies":"Small Slimes","floor":7.0,"turns":3.0},{"damage":0.0,"enemies":"2 Louse","floor":8.0,"turns":2.0},{"damage":0.0,"enemies":"Large Slime","floor":11.0,"turns":4.0},{"damage":19.0,"enemies":"Exordium Thugs","floor":14.0,"turns":6.0},{"damage":4.0,"enemies":"Hexaghost","floor":16.0,"turns":8.0},{"damage":12.0,"enemies":"3 Byrds","floor":18.0,"turns":5.0},{"damage":0.0,"enemies":"Chosen","floor":21.0,"turns":2.0},{"damage":0.0,"enemies":"Sentry and Sphere","floor":22.0,"turns":6.0},{"damage":22.0,"enemies":"Shelled Parasite and Fungi","floor":24.0,"turns":7.0},{"damage":0.0,"enemies":"Snecko","floor":28.0,"turns":3.0},{"damage":0.0,"enemies":"Snake Plant","floor":30.0,"turns":1.0},{"damage":0.0,"enemies":"Collector","floor":33.0,"turns":8.0},{"damage":0.0,"enemies":"3 Shapes","floor":35.0,"turns":2.0},{"damage":32.0,"enemies":"2 Orb Walkers","floor":36.0,"turns":4.0},{"damage":0.0,"enemies":"Mind Bloom Boss Battle","floor":38.0,"turns":4.0},{"damage":28.0,"enemies":"3 Darklings","floor":39.0,"turns":4.0},{"damage":3.0,"enemies":"Reptomancer","floor":40.0,"turns":5.0},{"damage":34.0,"enemies":"Nemesis","floor":41.0,"turns":9.0},{"damage":0.0,"enemies":"Reptomancer","floor":44.0,"turns":2.0},{"damage":10.0,"enemies":"Giant Head","floor":46.0,"turns":4.0},{"damage":0.0,"enemies":"Maw","floor":47.0,"turns":4.0},{"damage":0.0,"enemies":"Transient","floor":48.0,"turns":6.0},{"damage":0.0,"enemies":"Awakened One","floor":50.0,"turns":6.0},{"damage":53.0,"enemies":"Time Eater","floor":51.0,"turns":10.0},{"damage":7.0,"enemies":"Shield and Spear","floor":55.0,"turns":4.0},{"damage":77,"enemies":"The Heart","floor":56,"turns":8}],"seed_played":"-6017788908051826651","potions_obtained":[{"floor":1.0,"key":"Weak Potion"},{"floor":7.0,"key":"SkillPotion"},{"floor":8.0,"key":"PowerPotion"},{"floor":16.0,"key":"Swift Potion"},{"floor":21.0,"key":"SpeedPotion"},{"floor":33.0,"key":"Dexterity Potion"},{"floor":35.0,"key":"Energy Potion"},{"floor":36.0,"key":"Regen Potion"},{"floor":44.0,"key":"LiquidBronze"},{"floor":48.0,"key":"EssenceOfSteel"},{"floor":55.0,"key":"FairyPotion"}],"is_trial":false,"path_per_floor":["M","?","$","?","?","E","M","M","T","?","M","?","R","M","R","B",null,"M","?","?","M","M","R","M","R","T","R","M","$","M","?","R","B",null,"M","?","T","?","M","E","E","$","T","E","?","E","M","M","R","B","B",null,"R","$","E","B",null],"character_chosen":"IRONCLAD","items_purchased":["Omamori","MealTicket","Apotheosis","Dark Embrace","Orrery","Anchor"],"campfire_rested":1,"item_purchase_floors":[3,3,29,42,42,54],"current_hp_per_floor":[73,68,68,45,50,16,19,25,25,25,31,31,31,18,18,20,65,59,38,32,38,44,44,28,52,52,52,58,73,77,77,77,77,77,77,51,51,57,65,77,55,70,70,76,76,72,77,77,77,77,58,72,72,77,76,77],"gold":38,"neow_bonus":"TWO_FIFTY_GOLD","is_daily":false,"chose_seed":false,"campfire_upgraded":6,"win_rate":0.0,"timestamp":1612594170,"path_taken":["M","?","$","?","?","E","M","M","T","?","M","?","R","?","R","BOSS","M","?","?","M","M","R","M","R","T","R","?","$","M","?","R","BOSS","M","?","?","?","M","E","E","$","T","E","?","E","M","M","R","BOSS","BOSS","R","$","E","BOSS"],"items_purchased_type":["Relic","Relic","Card","Card","Relic","Relic"],"build_version":"2020-12-22","purchased_purges":1,"victory":true,"max_hp_per_floor":[75,75,75,75,80,80,80,80,80,80,80,80,80,80,80,80,80,80,80,80,80,80,80,80,80,80,80,80,77,77,77,77,77,77,77,77,77,77,77,77,77,77,77,77,77,77,77,77,77,77,77,77,77,77,77,77],"relic_stats":{"Happy Flower":[14],"counters":[28,136],"Pen Nib":[10],"Bag of Preparation":[12],"Burning Blood":136,"Nunchaku":[9],"Shuriken":[30],"Bronze Scales":[96],"Snecko Eye":[216,198,249,245],"MealTicket":35,"Pandora\u0027s Box":["Body Slam","Clash","Armaments","Second Wind","Fiend Fire","Pummel","Battle Trance","Reaper","Rage"],"Turnip":[27],"obtain_stats":[{"Happy Flower":44,"Nilry\u0027s Codex":19,"Pen Nib":40,"Omamori":3,"Bag of Preparation":46,"Burning Blood":0,"CaptainsWheel":38,"Nunchaku":41,"Anchor":54,"Shuriken":9,"Bronze Scales":55,"Snecko Eye":17,"Orrery":42,"MealTicket":3,"Pandora\u0027s Box":34,"Turnip":2,"WingedGreaves":36,"Bag of Marbles":6,"Bottled Lightning":37,"Toy Ornithopter":26,"Meat on the Bone":31},{"Happy Flower":21,"Nilry\u0027s Codex":8,"Pen Nib":19,"Omamori":1,"Bag of Preparation":22,"Burning Blood":0,"CaptainsWheel":17,"Nunchaku":20,"Anchor":26,"Shuriken":4,"Bronze Scales":27,"Snecko Eye":7,"Orrery":20,"MealTicket":1,"Pandora\u0027s Box":14,"Turnip":1,"WingedGreaves":16,"Bag of Marbles":2,"Bottled Lightning":16,"Toy Ornithopter":11,"Meat on the Bone":13},{"Happy Flower":94,"Nilry\u0027s Codex":37,"Pen Nib":83,"Omamori":3,"Bag of Preparation":98,"Burning Blood":0,"CaptainsWheel":74,"Nunchaku":92,"Anchor":124,"Shuriken":14,"Bronze Scales":128,"Snecko Eye":32,"Orrery":92,"MealTicket":3,"Pandora\u0027s Box":64,"Turnip":3,"WingedGreaves":70,"Bag of Marbles":9,"Bottled Lightning":70,"Toy Ornithopter":52,"Meat on the Bone":56}],"Toy Ornithopter":15,"Meat on the Bone":0},"card_choices":[{"not_picked":["Warcry","Heavy Blade"],"picked":"Pommel Strike","floor":1.0},{"not_picked":["Flex","Uppercut"],"picked":"Blood for Blood","floor":6.0},{"not_picked":["Hemokinesis","Second Wind"],"picked":"Bludgeon","floor":7.0},{"not_picked":["Twin Strike","Body Slam"],"picked":"Disarm","floor":8.0},{"not_picked":["Perfected Strike","Inflame"],"picked":"Bludgeon","floor":11.0},{"not_picked":["Feel No Pain","Cleave"],"picked":"Battle Trance","floor":14.0},{"not_picked":["Juggernaut","Limit Break"],"picked":"Barricade","floor":16.0},{"not_picked":["Dropkick","Clash"],"picked":"Perfected Strike","floor":18.0},{"not_picked":["Body Slam","Hemokinesis"],"picked":"Shrug It Off","floor":21.0},{"not_picked":["Flex","Power Through+1"],"picked":"Flame Barrier","floor":22.0},{"not_picked":["True Grit","Pommel Strike","Headbutt+1"],"picked":"SKIP","floor":24.0},{"not_picked":["Brutality","Ghostly Armor"],"picked":"Uppercut","floor":28.0},{"not_picked":["Sword Boomerang","Clash","Seeing Red"],"picked":"SKIP","floor":30.0},{"not_picked":["Offering","Demon Form"],"picked":"Corruption","floor":33.0},{"not_picked":["Sentinel","Headbutt"],"picked":"Entrench","floor":35.0},{"not_picked":["Dual Wield","Shrug It Off"],"picked":"Sentinel","floor":39.0},{"not_picked":["Twin Strike+1","Hemokinesis"],"picked":"Immolate","floor":40.0},{"not_picked":["Metallicize","Whirlwind+1","Intimidate+1"],"picked":"SKIP","floor":41.0},{"not_picked":["Blood for Blood+1","Pummel"],"picked":"Dark Embrace","floor":42.0},{"not_picked":["Warcry","Battle Trance+1"],"picked":"Clothesline+1","floor":42.0},{"not_picked":["Anger+1","Burning Pact"],"picked":"Entrench","floor":42.0},{"not_picked":["Wild Strike","Sword Boomerang"],"picked":"Seeing Red","floor":42.0},{"not_picked":["Twin Strike","Juggernaut"],"picked":"Power Through","floor":44.0},{"not_picked":["Iron Wave","Offering"],"picked":"Demon Form","floor":46.0},{"not_picked":["Bloodletting+1","Burning Pact+1","Wild Strike"],"picked":"SKIP","floor":47.0},{"not_picked":["Bloodletting+1","Wild Strike"],"picked":"Burning Pact+1","floor":47.0},{"not_picked":["Cleave","Armaments+1"],"picked":"True Grit+1","floor":48.0},{"not_picked":["Pommel Strike","Disarm+1"],"picked":"Evolve","floor":55.0}],"player_experience":1667614,"relics_obtained":[{"floor":6.0,"key":"Bag of Marbles"},{"floor":9.0,"key":"Shuriken"},{"floor":19.0,"key":"Nilry\u0027s Codex"},{"floor":26.0,"key":"Toy Ornithopter"},{"floor":36.0,"key":"WingedGreaves"},{"floor":37.0,"key":"Bottled Lightning"},{"floor":38.0,"key":"CaptainsWheel"},{"floor":40.0,"key":"Pen Nib"},{"floor":41.0,"key":"Nunchaku"},{"floor":44.0,"key":"Happy Flower"},{"floor":46.0,"key":"Bag of Preparation"},{"floor":55.0,"key":"Bronze Scales"}],"event_choices":[{"damage_healed":0.0,"max_hp_gain":0.0,"max_hp_loss":0.0,"gold_gain":0.0,"event_name":"Scrap Ooze","player_choice":"Success","floor":2.0,"gold_loss":0.0,"damage_taken":5.0,"relics_obtained":["Turnip"]},{"damage_healed":0.0,"max_hp_gain":0.0,"max_hp_loss":0.0,"gold_gain":0.0,"event_name":"Shining Light","player_choice":"Entered Light","floor":4.0,"gold_loss":0.0,"damage_taken":23.0,"cards_upgraded":["Bash","Strike_R"]},{"damage_healed":0.0,"max_hp_gain":5.0,"max_hp_loss":0.0,"gold_gain":0.0,"event_name":"Big Fish","player_choice":"Donut","floor":5.0,"gold_loss":0.0,"damage_taken":0.0},{"damage_healed":0.0,"max_hp_gain":0.0,"max_hp_loss":0.0,"gold_gain":0.0,"event_name":"Liars Game","player_choice":"Ignored","floor":10.0,"gold_loss":0.0,"damage_taken":0.0},{"damage_healed":0.0,"max_hp_gain":0.0,"max_hp_loss":0.0,"gold_gain":0.0,"event_name":"Match and Keep!","player_choice":"1 cards matched","floor":12.0,"gold_loss":0.0,"damage_taken":0.0,"cards_obtained":["Impervious"]},{"damage_healed":0.0,"max_hp_gain":0.0,"max_hp_loss":0.0,"gold_gain":0.0,"event_name":"Cursed Tome","player_choice":"Obtained Book","floor":19.0,"gold_loss":0.0,"damage_taken":21.0},{"damage_healed":0.0,"max_hp_gain":0.0,"max_hp_loss":0.0,"gold_gain":0.0,"event_name":"Knowing Skull","player_choice":"","floor":20.0,"potions_obtained":[],"gold_loss":0.0,"damage_taken":6.0,"cards_obtained":[]},{"damage_healed":0.0,"max_hp_gain":0.0,"max_hp_loss":0.0,"gold_gain":0.0,"event_name":"Addict","player_choice":"Stole Relic","floor":31.0,"gold_loss":0.0,"damage_taken":0.0,"relics_obtained":["Meat on the Bone"],"cards_obtained":["Shame"]},{"damage_healed":0.0,"max_hp_gain":0.0,"max_hp_loss":0.0,"gold_gain":0.0,"event_name":"Mysterious Sphere","player_choice":"Fight","floor":36.0,"gold_loss":0.0,"damage_taken":0.0},{"damage_healed":0.0,"max_hp_gain":0.0,"max_hp_loss":0.0,"gold_gain":0.0,"event_name":"MindBloom","player_choice":"Fight","floor":38.0,"gold_loss":0.0,"damage_taken":0.0},{"cards_removed":["Clash"],"damage_healed":0.0,"max_hp_gain":0.0,"max_hp_loss":0.0,"gold_gain":0.0,"event_name":"Purifier","player_choice":"Purged","floor":45.0,"gold_loss":0.0,"damage_taken":0.0}],"is_beta":false,"boss_relics":[{"not_picked":["Black Blood","Fusion Hammer"],"picked":"Snecko Eye"},{"not_picked":["Astrolabe","Empty Cage"],"picked":"Pandora\u0027s Box"}],"items_purged_floors":[29],"is_endless":false,"potions_floor_spawned":[1,7,8,11,16,21,33,35,36,44,48,55],"ascension_level":20}}