{"host":"e9u6h9e9dkzlniog","time":1612628302,"event":{"mods":["100% Spire Juice","BaseMod","Minty Spire (QoL Compilation)","StSLib","UnlockEverythingMod","[GremlinLeader]The Maniac","[功能]功能增强和修复MOD"],"gold_per_floor":[116,128,70,345,361,394,413,445,445,445,464,475,475,475],"floor_reached":13,"language":"ZHS","playtime":860,"items_purged":["maniac:Defend","maniac:Strike","maniac:Strike","maniac:Strike","maniac:Defend"],"score":122,"play_id":"72229692-e39b-40c8-af51-870a7bcfc831","local_time":"20210207001822","is_ascension_mode":false,"campfire_choices":[],"circlet_count":0,"master_deck":["maniac:Strike","maniac:Strike","maniac:Defend","maniac:Defend","maniac:BurnBlood","maniac:AbyssShackle","maniac:BladeShoot","maniac:PanickyParry","maniac:Exterminator","maniac:ManipulatedFaith","maniac:Quickdraw","maniac:ShadowContact","maniac:SpectralKnives"],"relics":["maniac:DamagedAnvil","maniac:BrokenHorn","MealTicket","ClockworkSouvenir","Omamori","Lizard Tail","Question Card"],"acts_visited":["Exordium"],"potions_floor_usage":[6,6,8,13,13],"damage_taken":[{"damage":0,"enemies":"Cultist","floor":1,"turns":2},{"damage":7,"enemies":"Jaw Worm","floor":2,"turns":4},{"damage":3,"enemies":"Small Slimes","floor":5,"turns":1},{"damage":3,"enemies":"Lagavulin","floor":6,"turns":2},{"damage":12,"enemies":"Looter","floor":7,"turns":3},{"damage":50,"enemies":"3 Sentries","floor":8,"turns":6},{"damage":0,"enemies":"Large Slime","floor":11,"turns":3},{"damage":7,"enemies":"Red Slaver","floor":12,"turns":2},{"damage":0,"enemies":"Lagavulin","floor":13,"turns":3}],"seed_played":"1914493106505418947","potions_obtained":[{"floor":1,"key":"DistilledChaos"},{"floor":1,"key":"Swift Potion"},{"floor":5,"key":"Energy Potion"},{"floor":6,"key":"SpeedPotion"},{"floor":6,"key":"SkillPotion"},{"floor":11,"key":"Strength Potion"}],"is_trial":false,"path_per_floor":["M","M","$","?","M","E","M","E","T","?","M","M","E"],"character_chosen":"THE_MANIAC","items_purchased":["MealTicket","ClockworkSouvenir","maniac:Exterminator"],"campfire_rested":0,"item_purchase_floors":[3,3,3],"current_hp_per_floor":[88,81,81,81,78,75,63,13,13,13,13,6,6,6],"gold":475,"neow_bonus":"TEN_PERCENT_HP_BONUS","is_daily":false,"chose_seed":false,"campfire_upgraded":0,"win_rate":0.0,"timestamp":1612628302,"path_taken":["M","?","$","?","?","E","M","E","T","?","M","M","E"],"items_purchased_type":["Relic","Relic","Card"],"build_version":"2020-12-22","purchased_purges":5,"victory":false,"max_hp_per_floor":[88,88,88,88,88,88,88,88,88,88,88,88,88,88],"card_choices":[{"not_picked":["maniac:ShatteredShield","maniac:AllOutAttack"],"picked":"maniac:BladeShoot","floor":1},{"not_picked":["maniac:TorturousScreams","maniac:ListenToNone"],"picked":"maniac:PanickyParry","floor":2},{"not_picked":["maniac:AllOutAttack","maniac:ListenToNone"],"picked":"maniac:ManipulatedFaith","floor":5},{"not_picked":["maniac:BladesInCloak","maniac:Confront"],"picked":"maniac:Quickdraw","floor":6},{"not_picked":["maniac:ListenToNone","maniac:AllOutAttack","maniac:UndyingDesire"],"picked":"SKIP","floor":7},{"not_picked":["maniac:ArmToTheTeeth","maniac:BladeEnd"],"picked":"maniac:ShadowContact","floor":8},{"not_picked":["maniac:ShelteringEdge","maniac:Intimidate","maniac:BladeShoot"],"picked":"maniac:SpectralKnives","floor":11},{"not_picked":["maniac:ListenToNone","maniac:BladesInCloak","maniac:BladeShoot","maniac:Intimidate"],"picked":"SKIP","floor":12}],"player_experience":131544,"relics_obtained":[{"floor":6,"key":"Omamori"},{"floor":8,"key":"Lizard Tail"},{"floor":9,"key":"Question Card"}],"event_choices":[{"damage_healed":0,"gold_gain":275,"player_choice":"Desecrate","damage_taken":0,"max_hp_gain":0,"max_hp_loss":0,"event_name":"Golden Shrine","floor":4,"gold_loss":0,"cards_obtained":["Regret"]},{"cards_removed":["Regret"],"damage_healed":0,"gold_gain":0,"player_choice":"Forget","damage_taken":0,"max_hp_gain":0,"max_hp_loss":0,"event_name":"Living Wall","floor":10,"gold_loss":0}],"is_beta":false,"boss_relics":[],"items_purged_floors":[3,3,3,3,3],"is_endless":false,"potions_floor_spawned":[1,1,5,6,6,11,12],"killed_by":"Lagavulin","ascension_level":0}}