{"host":"r53pw7z744tg3fxg","time":1612651720,"event":{"mods":["AchievementEnabler","BaseMod","Colored Map","Colored Powertips","Highlight Path","Minty Spire (QoL Compilation)","Quick Restart","Transform Curses"],"gold_per_floor":[3111,3126,3144,2768,2780,2809,2822,2822,2822,2843,2843,2861,2889,2889,2889,2992,2992,3009,3009,2558,2571,2571,2571,2601,1657,1657,1673,1698,708,708,719,719,816,816,830,830,849,432,392,392,442,442,442,442,459,513,530,560,560,560,560,560,128,162,162],"floor_reached":56,"language":"ENG","playtime":2359,"items_purged":["Strike_G","Defend_G","Strike_G","Discovery+1","Writhe"],"score":2252,"play_id":"35815f25-b7e6-48ae-9871-7bba1043ec1d","local_time":"20210206154840","is_ascension_mode":true,"campfire_choices":[{"data":"1","floor":8.0,"key":"LIFT"},{"data":"2","floor":11,"key":"LIFT"},{"data":"3","floor":15,"key":"LIFT"},{"floor":23,"key":"RECALL"},{"data":"Neutralize","floor":30,"key":"SMITH"},{"data":"Survivor","floor":32,"key":"SMITH"},{"data":"Defend_G","floor":40,"key":"SMITH"},{"data":"Defend_G","floor":49,"key":"SMITH"},{"data":"Defend_G","floor":52,"key":"SMITH"}],"circlet_count":2,"master_deck":["Strike_G","Strike_G","Strike_G","Defend_G+1","Defend_G+1","Defend_G+1","Survivor+1","Neutralize+1","Catalyst+1","Caltrops+1","Magnetism+1","Spot Weakness+1","Leap+1","Whirlwind+1","Crippling Poison+1","Good Instincts+1","Flying Knee+1","Mayhem+1","Consecrate+1","Sadistic Nature+1","Accuracy+1","Poisoned Stab+1","Deadly Poison+1","Noxious Fumes+1","Terror+1","Escape Plan+1","Protect+1","ThirdEye+1","Consecrate+1","Chaos+1","Sunder+1","Chrysalis+1","Madness+1","Leg Sweep+1","Accuracy+1","DevaForm+1","Deflect+1","Go for the Eyes+1","WaveOfTheHand+1","Catalyst+1","Noxious Fumes+1"],"relics":["Ring of the Snake","Mummified Hand","Akabeko","Ancient Tea Set","Bag of Marbles","Bag of Preparation","Circlet","Blood Vial","Bronze Scales","Happy Flower","Juzu Bracelet","Lantern","Oddly Smooth Stone","Pen Nib","Potion Belt","PreservedInsect","Regal Pillow","Vajra","Snake Skull","Eternal Feather","Frozen Egg 2","Molten Egg 2","Toxic Egg 2","Gremlin Horn","Kunai","Letter Opener","Ornamental Fan","Pantograph","Shuriken","StrikeDummy","White Beast Statue","Ninja Scroll","Paper Crane","Calipers","Du-Vu Doll","FossilizedHelix","Ginger","Girya","Ice Cream","Incense Burner","Lizard Tail","Prayer Wheel","StoneCalendar","Thread and Needle","Torii","TungstenRod","Turnip","The Specimen","Tingsha","Tough Bandages","ClockworkSouvenir","HandDrill","Medical Kit","PrismaticShard","Sling","TwistedFunnel","Busted Crown","WristBlade","HoveringKite","SacredBark","Ninja Scroll","Bird Faced Urn","Odd Mushroom","Sundial","Lizard Tail","Nilry\u0027s Codex","Happy Flower","Chemical X","Singing Bowl","Art of War","Gambling Chip","Bottled Flame","Bottled Tornado","Toolbox","Darkstone Periapt","Ice Cream","Dead Branch","TungstenRod","Frozen Egg 2","Frozen Eye","Oddly Smooth Stone"],"acts_visited":["Exordium","TheCity","TheBeyond","TheEnding"],"potions_floor_usage":[12,16,16,33,50,50,50,50,55],"damage_taken":[{"damage":0.0,"enemies":"Cultist","floor":1.0,"turns":1.0},{"damage":0.0,"enemies":"Jaw Worm","floor":2.0,"turns":1.0},{"damage":0.0,"enemies":"Small Slimes","floor":3.0,"turns":1.0},{"damage":0.0,"enemies":"Exordium Wildlife","floor":5.0,"turns":1.0},{"damage":0.0,"enemies":"Lagavulin","floor":6.0,"turns":1.0},{"damage":0.0,"enemies":"Exordium Thugs","floor":7.0,"turns":1.0},{"damage":0.0,"enemies":"The Mushroom Lair","floor":10.0,"turns":1.0},{"damage":0,"enemies":"Looter","floor":12,"turns":1},{"damage":0,"enemies":"Gremlin Nob","floor":13,"turns":1},{"damage":75,"enemies":"Hexaghost","floor":16,"turns":3},{"damage":0,"enemies":"Spheric Guardian","floor":18,"turns":1},{"damage":0,"enemies":"2 Thieves","floor":21,"turns":1},{"damage":0,"enemies":"Gremlin Leader","floor":24,"turns":1},{"damage":0,"enemies":"Snecko","floor":27,"turns":1},{"damage":0,"enemies":"Book of Stabbing","floor":28,"turns":1},{"damage":0,"enemies":"3 Cultists","floor":31,"turns":1},{"damage":0,"enemies":"Champ","floor":33,"turns":1},{"damage":0,"enemies":"3 Shapes","floor":35,"turns":1},{"damage":0,"enemies":"3 Darklings","floor":37,"turns":1},{"damage":0,"enemies":"Mind Bloom Boss Battle","floor":41,"turns":1},{"damage":0,"enemies":"Transient","floor":45,"turns":5},{"damage":0,"enemies":"2 Orb Walkers","floor":46,"turns":1},{"damage":0,"enemies":"4 Shapes","floor":47,"turns":1},{"damage":0,"enemies":"Nemesis","floor":48,"turns":1},{"damage":0,"enemies":"Donu and Deca","floor":50,"turns":1},{"damage":0,"enemies":"Shield and Spear","floor":54,"turns":1},{"damage":0,"enemies":"The Heart","floor":55,"turns":3}],"seed_played":"6927098208115848988","potions_obtained":[{"floor":1.0,"key":"Regen Potion"},{"floor":2.0,"key":"Block Potion"},{"floor":3.0,"key":"CultistPotion"},{"floor":5.0,"key":"BlessingOfTheForge"},{"floor":6.0,"key":"FearPotion"},{"floor":12,"key":"LiquidMemories"},{"floor":16,"key":"CunningPotion"},{"floor":18,"key":"FairyPotion"},{"floor":21,"key":"Poison Potion"},{"floor":33,"key":"PowerPotion"},{"floor":35,"key":"BlessingOfTheForge"},{"floor":37,"key":"Energy Potion"},{"floor":39,"key":"Strength Potion"},{"floor":48,"key":"Strength Potion"},{"floor":54,"key":"DistilledChaos"}],"is_trial":false,"path_per_floor":["M","M","M","$","M","E","M","R","T","?","R","M","E","?","R","B",null,"M","?","$","M","?","R","E","$","T","M","E","$","R","M","R","B",null,"M","?","M","$","?","R","?","?","T","T","M","?","M","E","R","B",null,"R","$","E","B",null],"character_chosen":"THE_SILENT","items_purchased":["Catalyst+1","Caltrops+1","Magnetism+1","Crippling Poison+1","Good Instincts+1","Flying Knee+1","Mayhem+1","Sadistic Nature+1","Accuracy+1","Poisoned Stab+1","Chemical X","Singing Bowl","Art of War","Bottled Tornado","Noxious Fumes+1","Terror+1","Escape Plan+1","Toolbox","Darkstone Periapt","Chrysalis+1","Madness+1","Leg Sweep+1","Accuracy+1","Frozen Eye","Catalyst+1","Noxious Fumes+1"],"campfire_rested":0,"item_purchase_floors":[4,4,4,20,20,20,20,25,25,25,25,25,25,29,29,29,29,29,29,38,38,38,38,53,53,53],"current_hp_per_floor":[295,297,299,299,300,300,300,300,300,300,300,300,300,300,300,225,281,283,214,214,218,206,218,224,224,224,232,238,238,253,259,274,305,311,313,319,319,319,319,319,321,321,321,321,323,323,325,327,327,327,327,327,327,329,329],"gold":162,"neow_bonus":"REMOVE_CARD","is_daily":false,"chose_seed":false,"campfire_upgraded":5,"win_rate":0.0,"timestamp":1612651720,"path_taken":["M","M","M","$","M","E","M","R","T","?","R","M","E","?","R","BOSS","M","?","$","M","?","R","E","$","T","M","E","?","R","M","R","BOSS","M","?","M","$","?","R","?","?","T","?","M","?","M","E","R","BOSS","R","$","E","BOSS"],"items_purchased_type":["Card","Card","Card","Card","Card","Card","Card","Card","Card","Card","Relic","Relic","Relic","Relic","Card","Card","Card","Relic","Relic","Card","Card","Card","Card","Relic","Card","Card"],"build_version":"2020-12-22","purchased_purges":5,"victory":true,"max_hp_per_floor":[300,300,300,300,300,300,300,300,300,300,300,300,300,300,300,300,300,300,305,305,305,305,305,305,305,305,309,309,309,309,311,311,313,313,313,319,319,319,319,319,321,321,321,321,323,323,325,327,327,327,327,327,327,329,329],"card_choices":[{"not_picked":[],"picked":"Discovery+1","floor":1.0},{"not_picked":["Headbutt+1"],"picked":"SKIP","floor":1.0},{"not_picked":["Discovery+1"],"picked":"SKIP","floor":2.0},{"not_picked":["Clash+1"],"picked":"SKIP","floor":2.0},{"not_picked":["Purity+1"],"picked":"SKIP","floor":3.0},{"not_picked":["Quick Slash+1"],"picked":"SKIP","floor":3.0},{"not_picked":["Steam+1"],"picked":"SKIP","floor":5.0},{"not_picked":["Clash+1"],"picked":"SKIP","floor":5.0},{"not_picked":[],"picked":"Spot Weakness+1","floor":6.0},{"not_picked":["Barrage+1"],"picked":"SKIP","floor":7.0},{"not_picked":["Meditate+1"],"picked":"SKIP","floor":7.0},{"not_picked":[],"picked":"Leap+1","floor":10},{"not_picked":["Predator+1"],"picked":"SKIP","floor":12},{"not_picked":["Headbutt+1"],"picked":"SKIP","floor":12},{"not_picked":["Stack+1"],"picked":"SKIP","floor":13},{"not_picked":[],"picked":"Whirlwind+1","floor":18},{"not_picked":["Undo+1"],"picked":"SKIP","floor":18},{"not_picked":[],"picked":"Consecrate+1","floor":21},{"not_picked":["PathToVictory+1"],"picked":"SKIP","floor":21},{"not_picked":[],"picked":"Perfected Strike+1","floor":24},{"not_picked":["Compile Driver+1"],"picked":"Singing Bowl","floor":27},{"not_picked":["Carnage+1"],"picked":"Singing Bowl","floor":27},{"not_picked":[],"picked":"Deadly Poison+1","floor":28},{"not_picked":["EmptyFist+1"],"picked":"Singing Bowl","floor":31},{"not_picked":[],"picked":"Protect+1","floor":31},{"not_picked":["Fiend Fire+1"],"picked":"Singing Bowl","floor":33},{"not_picked":[],"picked":"ThirdEye+1","floor":35},{"not_picked":[],"picked":"Consecrate+1","floor":35},{"not_picked":[],"picked":"Chaos+1","floor":37},{"not_picked":[],"picked":"Sunder+1","floor":37},{"not_picked":["Blood for Blood+1"],"picked":"Singing Bowl","floor":41},{"not_picked":["Compile Driver+1"],"picked":"Singing Bowl","floor":45},{"not_picked":[],"picked":"Deflect+1","floor":45},{"not_picked":[],"picked":"Go for the Eyes+1","floor":46},{"not_picked":[],"picked":"WaveOfTheHand+1","floor":47},{"not_picked":["Gash+1"],"picked":"Singing Bowl","floor":47},{"not_picked":["Forethought+1"],"picked":"Singing Bowl","floor":48},{"not_picked":["EmptyBody+1"],"picked":"Singing Bowl","floor":54}],"player_experience":1449079,"relics_obtained":[{"floor":6.0,"key":"Ninja Scroll"},{"floor":9.0,"key":"Bird Faced Urn"},{"floor":10,"key":"Odd Mushroom"},{"floor":13,"key":"Sundial"},{"floor":14,"key":"Lizard Tail"},{"floor":22,"key":"Nilry\u0027s Codex"},{"floor":24,"key":"Happy Flower"},{"floor":26,"key":"Gambling Chip"},{"floor":28,"key":"Bottled Flame"},{"floor":41,"key":"Ice Cream"},{"floor":43,"key":"Dead Branch"},{"floor":46,"key":"TungstenRod"},{"floor":48,"key":"Frozen Egg 2"},{"floor":54,"key":"Oddly Smooth Stone"}],"event_choices":[{"damage_healed":0.0,"max_hp_gain":0.0,"max_hp_loss":0.0,"gold_gain":0.0,"event_name":"Mushrooms","player_choice":"Fought Mushrooms","floor":10.0,"gold_loss":0.0,"damage_taken":0.0},{"damage_healed":0,"gold_gain":0,"player_choice":"Relic","damage_taken":0,"max_hp_gain":0,"max_hp_loss":0,"event_name":"Wheel of Change","floor":14,"gold_loss":0},{"damage_healed":0,"gold_gain":0,"player_choice":"Shed Blood","damage_taken":75,"max_hp_gain":5,"max_hp_loss":0,"event_name":"Forgotten Altar","floor":19,"gold_loss":0},{"damage_healed":0,"gold_gain":0,"player_choice":"Obtained Book","damage_taken":16,"max_hp_gain":0,"max_hp_loss":0,"event_name":"Cursed Tome","floor":22,"gold_loss":0},{"damage_healed":78,"gold_gain":0,"player_choice":"Writhe","damage_taken":0,"max_hp_gain":0,"max_hp_loss":0,"event_name":"Winding Halls","floor":36,"gold_loss":0,"cards_obtained":["Writhe"]},{"damage_healed":0,"gold_gain":0,"player_choice":"Bought 3 Potions","damage_taken":0,"max_hp_gain":0,"max_hp_loss":0,"event_name":"The Woman in Blue","floor":39,"gold_loss":0},{"damage_healed":0,"gold_gain":0,"player_choice":"Fight","damage_taken":0,"max_hp_gain":0,"max_hp_loss":0,"event_name":"MindBloom","floor":41,"gold_loss":0},{"cards_removed":["Perfected Strike"],"damage_healed":0,"gold_gain":0,"player_choice":"Removed Attack","damage_taken":0,"max_hp_gain":0,"max_hp_loss":0,"event_name":"Falling","floor":42,"gold_loss":0},{"damage_healed":0,"gold_gain":0,"player_choice":"Fight","damage_taken":0,"max_hp_gain":0,"max_hp_loss":0,"event_name":"Mysterious Sphere","floor":46,"gold_loss":0}],"is_beta":false,"boss_relics":[{"not_picked":["HoveringKite","Busted Crown","Snecko Eye"]},{"not_picked":["Ring of the Serpent","Fusion Hammer","Sozu"]}],"items_purged_floors":[4,20,25,29,53],"is_endless":false,"potions_floor_spawned":[1,2,3,5,6,7,10,12,13,16,18,21,24,27,28,31,33,35,37,41,45,46,47,48,54],"ascension_level":7}}