{"host":"rb2p2z6v6vieend5","time":1612648941,"event":{"mods":["BaseMod","Block Reminder","Colored Map","DeckTracker","Highlight Path","Minty Spire (QoL Compilation)","Random Character Button","Relic Stats"],"gold_per_floor":[119,119,294,314,53,53,83,83,83,9,20,38,70,85,85,184,184,196,196,211,231,231,231],"floor_reached":22,"language":"ENG","playtime":1042,"items_purged":["Regret"],"score":265,"play_id":"f91b7ec2-3e78-4bb6-9663-35afc0e5e2ec","local_time":"20210206230221","is_ascension_mode":true,"campfire_choices":[{"data":"Defragment","floor":6,"key":"SMITH"},{"floor":8,"key":"REST"},{"floor":15,"key":"REST"}],"circlet_count":0,"master_deck":["Strike_B","Strike_B","Strike_B","Strike_B","Defend_B","Defend_B","Defend_B","Defend_B","Zap","Dualcast","Regret","Seek","Defragment+1","Doubt","Cold Snap","Redo","White Noise+1","Leap","BootSequence","Echo Form","Static Discharge+1","BootSequence"],"relics":["Cracked Core","Bag of Preparation","Membership Card","Happy Flower","Letter Opener","Du-Vu Doll","Tiny Chest","Regal Pillow","Velvet Choker"],"acts_visited":["Exordium","TheCity"],"potions_floor_usage":[],"damage_taken":[{"damage":6,"enemies":"Jaw Worm","floor":1,"turns":3},{"damage":4,"enemies":"2 Louse","floor":4,"turns":4},{"damage":31,"enemies":"Lagavulin","floor":7,"turns":7},{"damage":1,"enemies":"Cultist","floor":11,"turns":3},{"damage":15,"enemies":"3 Louse","floor":12,"turns":2},{"damage":9,"enemies":"3 Sentries","floor":13,"turns":6},{"damage":3,"enemies":"2 Fungi Beasts","floor":14,"turns":3},{"damage":17,"enemies":"The Guardian","floor":16,"turns":12},{"damage":6,"enemies":"Shell Parasite","floor":18,"turns":5},{"damage":18,"enemies":"3 Byrds","floor":20,"turns":2},{"damage":27,"enemies":"Snake Plant","floor":21,"turns":4},{"damage":19,"enemies":"Centurion and Healer","floor":22,"turns":2}],"seed_played":"-3289314774238363583","potions_obtained":[{"floor":7,"key":"FearPotion"},{"floor":11,"key":"BlessingOfTheForge"},{"floor":12,"key":"LiquidBronze"}],"is_trial":false,"path_per_floor":["M","?","?","M","$","R","E","R","T","$","M","M","E","M","R","B",null,"M","?","M","M","M"],"character_chosen":"DEFECT","items_purchased":["Membership Card","Happy Flower","Tiny Chest"],"campfire_rested":2,"item_purchase_floors":[5,5,10],"current_hp_per_floor":[62,62,62,58,58,58,27,49,49,49,48,33,24,21,58,41,67,61,61,43,16,0,0],"gold":231,"neow_bonus":"THREE_RARE_CARDS","is_daily":false,"chose_seed":false,"campfire_upgraded":1,"win_rate":0.0,"timestamp":1612648941,"path_taken":["M","?","?","M","$","R","E","R","T","?","M","M","E","M","R","BOSS","M","?","M","?","M"],"items_purchased_type":["Relic","Relic","Relic"],"build_version":"2020-12-22","purchased_purges":1,"victory":false,"max_hp_per_floor":[75,75,75,75,75,75,75,75,75,75,75,75,75,75,75,75,75,75,75,75,75,75,75],"relic_stats":{"Regal Pillow":15,"Happy Flower":[15],"counters":[12,53],"Tiny Chest":0,"Bag of Preparation":[22],"Letter Opener":[85],"obtain_stats":[{"Du-Vu Doll":9,"Regal Pillow":13,"Happy Flower":5,"Velvet Choker":17,"Tiny Chest":10,"Bag of Preparation":2,"Membership Card":5,"Letter Opener":7,"Cracked Core":0},{"Du-Vu Doll":3,"Regal Pillow":6,"Happy Flower":2,"Velvet Choker":8,"Tiny Chest":3,"Bag of Preparation":1,"Membership Card":2,"Letter Opener":3,"Cracked Core":0},{"Du-Vu Doll":14,"Regal Pillow":25,"Happy Flower":7,"Velvet Choker":40,"Tiny Chest":14,"Bag of Preparation":3,"Membership Card":7,"Letter Opener":14,"Cracked Core":0}]},"card_choices":[{"not_picked":["Amplify","Meteor Strike"],"picked":"Seek","floor":0},{"not_picked":["Go for the Eyes","Rebound"],"picked":"Defragment","floor":1},{"not_picked":["Conserve Battery","Steam"],"picked":"Cold Snap","floor":4},{"not_picked":["Ball Lightning","Cold Snap"],"picked":"Redo","floor":7},{"not_picked":["Reinforced Body","Conserve Battery"],"picked":"White Noise","floor":11},{"not_picked":["Stack","Redo"],"picked":"Leap","floor":12},{"not_picked":["Barrage","Stack"],"picked":"BootSequence","floor":13},{"not_picked":["Sweeping Beam","Compile Driver","Cold Snap"],"picked":"SKIP","floor":14},{"not_picked":["Rainbow","Hyperbeam"],"picked":"Echo Form","floor":16},{"not_picked":["Streamline","Ball Lightning+1"],"picked":"Static Discharge+1","floor":18},{"not_picked":["Ball Lightning","Gash+1"],"picked":"BootSequence","floor":20},{"not_picked":["Barrage","Hello World","Static Discharge"],"picked":"SKIP","floor":21}],"player_experience":698432,"relics_obtained":[{"floor":7,"key":"Letter Opener"},{"floor":9,"key":"Du-Vu Doll"},{"floor":13,"key":"Regal Pillow"}],"event_choices":[{"damage_healed":0,"gold_gain":0,"player_choice":"Box","damage_taken":0,"relics_obtained":["Bag of Preparation"],"max_hp_gain":0,"max_hp_loss":0,"event_name":"Big Fish","floor":2,"gold_loss":0,"cards_obtained":["Regret"]},{"damage_healed":0,"gold_gain":175,"player_choice":"AGREE","damage_taken":0,"max_hp_gain":0,"max_hp_loss":0,"event_name":"Liars Game","floor":3,"gold_loss":0,"cards_obtained":["Doubt"]},{"damage_healed":0,"gold_gain":0,"player_choice":"Forge","damage_taken":0,"max_hp_gain":0,"max_hp_loss":0,"event_name":"Accursed Blacksmith","floor":19,"gold_loss":0,"cards_upgraded":["White Noise"]}],"is_beta":false,"boss_relics":[{"not_picked":["Nuclear Battery","Empty Cage"],"picked":"Velvet Choker"}],"items_purged_floors":[5],"is_endless":false,"potions_floor_spawned":[7,11,12,21],"killed_by":"Centurion and Healer","ascension_level":7}}