{"host":"yqw1zpryoutrnocq","time":1612643182,"event":{"mods":["2.2 Compatiblity","AchievementEnabler","BaseMod","Colored Map","Custom Start","DeckTracker","Minty Spire (QoL Compilation)","StSLib","SuperFastMode"],"gold_per_floor":[13,13,13,13,13,13,46,46,46,65,84,3,16,16,16,113,113,127,147,163,39,54,54,54,54],"floor_reached":24,"language":"KOR","playtime":554,"items_purged":["Strike_B"],"score":255,"play_id":"4c7897a0-026f-4f08-b6be-a5eac2f5656c","local_time":"20210206142622","is_ascension_mode":true,"campfire_choices":[{"data":"Dualcast","floor":6,"key":"SMITH"},{"floor":8,"key":"REST"},{"data":"Beam Cell","floor":15,"key":"SMITH"},{"floor":23,"key":"REST"}],"circlet_count":0,"master_deck":["Strike_B+1","Strike_B","Strike_B+1","Defend_B","Defend_B","Defend_B","Defend_B","Zap+1","Dualcast+1","Panache","Beam Cell+1","Scrape","Coolheaded","Core Surge","Genetic Algorithm","Steam","Echo Form","Melter+1","Gash","Redo","Gash","Go for the Eyes+1"],"relics":["Cracked Core","Symbiotic Virus","Shuriken","Black Star"],"acts_visited":["Exordium","TheCity"],"potions_floor_usage":[13,16,16,20,24],"damage_taken":[{"damage":10,"enemies":"Small Slimes","floor":1,"turns":3},{"damage":35,"enemies":"Lagavulin","floor":7,"turns":5},{"damage":7,"enemies":"Jaw Worm","floor":10,"turns":2},{"damage":0,"enemies":"Cultist","floor":11,"turns":2},{"damage":3,"enemies":"Gremlin Gang","floor":13,"turns":3},{"damage":17,"enemies":"The Guardian","floor":16,"turns":8},{"damage":17,"enemies":"Spheric Guardian","floor":18,"turns":4},{"damage":12,"enemies":"Chosen","floor":19,"turns":4},{"damage":13,"enemies":"Centurion and Healer","floor":20,"turns":4},{"damage":22,"enemies":"Chosen and Byrds","floor":22,"turns":6},{"damage":63,"enemies":"Slavers","floor":24,"turns":4}],"seed_played":"5741851886162447840","potions_obtained":[{"floor":7,"key":"Swift Potion"},{"floor":10,"key":"Swift Potion"},{"floor":11,"key":"SpeedPotion"},{"floor":14,"key":"FairyPotion"},{"floor":16,"key":"FairyPotion"},{"floor":18,"key":"ColorlessPotion"},{"floor":22,"key":"BlessingOfTheForge"}],"is_trial":false,"path_per_floor":["M","?","$","?","$","R","E","R","T","M","M","$","M","?","R","B",null,"M","M","M","$","M","R","E"],"character_chosen":"DEFECT","items_purchased":["Genetic Algorithm","Gash"],"campfire_rested":2,"item_purchase_floors":[12,21],"current_hp_per_floor":[58,58,58,43,43,43,8,30,30,23,23,23,20,20,20,3,57,40,28,15,15,17,39,0,0],"gold":54,"neow_bonus":"RANDOM_COLORLESS_2","is_daily":false,"chose_seed":false,"campfire_upgraded":2,"win_rate":0.0,"timestamp":1612643182,"path_taken":["M","?","$","?","$","R","E","R","T","M","M","?","M","?","R","BOSS","M","?","M","$","M","R","E"],"items_purchased_type":["Card","Card"],"build_version":"2020-12-22","purchased_purges":1,"victory":false,"max_hp_per_floor":[75,75,75,75,75,75,75,75,75,75,75,75,75,75,75,75,75,75,75,75,75,75,75,75,75],"card_choices":[{"not_picked":["Sadistic Nature","Master of Strategy"],"picked":"Panache","floor":0},{"not_picked":["Go for the Eyes","Steam"],"picked":"Beam Cell","floor":1},{"not_picked":["Defragment","Redo"],"picked":"Scrape","floor":7},{"not_picked":["Cold Snap","Streamline"],"picked":"Coolheaded","floor":10},{"not_picked":["Steam","Stack"],"picked":"Core Surge","floor":11},{"not_picked":["Defragment","Sweeping Beam"],"picked":"Steam","floor":13},{"not_picked":["Buffer","Creative AI"],"picked":"Echo Form","floor":16},{"not_picked":["Lockon","Genetic Algorithm"],"picked":"Melter+1","floor":18},{"not_picked":["Redo+1","Stack+1"],"picked":"Gash","floor":19},{"not_picked":["Sweeping Beam","Chaos+1"],"picked":"Redo","floor":20},{"not_picked":["Double Energy","Electrodynamics"],"picked":"Go for the Eyes+1","floor":22}],"player_experience":302529,"relics_obtained":[{"floor":7,"key":"Symbiotic Virus"},{"floor":9,"key":"Shuriken"}],"event_choices":[{"damage_healed":0,"gold_gain":0,"player_choice":"Grow","damage_taken":0,"max_hp_gain":0,"max_hp_loss":0,"event_name":"Living Wall","floor":2,"gold_loss":0,"cards_upgraded":["Zap"]},{"damage_healed":0,"gold_gain":0,"player_choice":"Entered Light","damage_taken":15,"max_hp_gain":0,"max_hp_loss":0,"event_name":"Shining Light","floor":4,"gold_loss":0,"cards_upgraded":["Strike_B","Strike_B"]},{"damage_healed":0,"gold_gain":0,"player_choice":"Got Potions","damage_taken":0,"max_hp_gain":0,"max_hp_loss":0,"event_name":"Lab","floor":14,"gold_loss":0}],"is_beta":false,"boss_relics":[{"not_picked":["Velvet Choker","Busted Crown"],"picked":"Black Star"}],"items_purged_floors":[21],"is_endless":false,"potions_floor_spawned":[7,10,11,16,18,22],"killed_by":"Slavers","ascension_level":6}}