{"host":"4kmvpqjeiacgn1pr","time":1612654832,"event":{"mods":["A Penny For Your Troubles","AchievementEnabler","AlwaysNeverKeys","Aspiration","BaseMod","Bestiary","Better Altar","Better Match","Better Note","Better Sensory Stone","Better Skull","Better Third Choice","Better Vampires","BetterRewards","Colored Map","Colored Powertips","Conspire","Curses Come First","Downfall","Halation","Highlight Path","Infinite Spire","Minty Spire (QoL Compilation)","Permanent Neow","Quick Restart","Rare Cards Sparkle","Relic Sorter","Relic Stats","Replay The Spire","Reworked Bosses","Shop Mod","Smile Girya","Spicy Shops","Spikes Relics","StSLib","Waifu the Spire"],"gold_per_floor":[111,123,123,123,50,84,84,104,150,170,180,204,216,216,216,216,216],"floor_reached":16,"language":"ENG","playtime":501,"items_purged":[],"score":153,"play_id":"178a21a0-7f1a-4521-a8dc-0ac083525a61","local_time":"20210206184032","is_ascension_mode":true,"campfire_choices":[{"data":"Midas Touch","floor":7,"key":"SMITH"}],"circlet_count":0,"master_deck":["AscendersBane","Strike_G","Strike_G","Strike_G","Strike_G","Strike_G","Defend_G","Defend_G","Defend_G","Defend_G","Defend_G","Survivor","Neutralize","CommonCold","Midas Touch+1","Slice","ReplayTheSpireMod:Shiv Toss","infinitespire:Punishment","Accuracy","Slice","Cloak And Dagger+1","conspire:DoublingDagger","Accuracy","Burn"],"relics":["Ring of the Snake","halation:StarCompass","halation:Trompette","conspire:TopHat","PreservedInsect"],"acts_visited":["Exordium"],"potions_floor_usage":[10,13,13,16],"damage_taken":[{"damage":1,"enemies":"Cultist","floor":1,"turns":3},{"damage":0,"enemies":"Small Slimes","floor":2,"turns":3},{"damage":36,"enemies":"Gremlin Nob","floor":6,"turns":4},{"damage":0,"enemies":"2 Louse","floor":8,"turns":2},{"damage":6,"enemies":"Blue Slaver","floor":10,"turns":4},{"damage":0,"enemies":"Exordium Wildlife","floor":11,"turns":3},{"damage":0,"enemies":"Exordium Thugs","floor":13,"turns":4},{"damage":28,"enemies":"Hexaghost","floor":16,"turns":8}],"seed_played":"-5171277097480154524","potions_obtained":[{"floor":2,"key":"BlessingOfTheForge"},{"floor":10,"key":"SpeedPotion"},{"floor":11,"key":"CunningPotion"},{"floor":13,"key":"ColorlessPotion"}],"is_trial":false,"path_per_floor":["M","M","?","?","$","E","R","M","T","M","M","T","M","?","R_BF","B"],"character_chosen":"THE_SILENT","items_purchased":["Accuracy"],"campfire_rested":0,"item_purchase_floors":[5],"current_hp_per_floor":[62,62,62,44,44,8,8,8,8,2,2,2,2,2,23,0,0],"gold":216,"neow_bonus":"RANDOM_COLORLESS_2","is_daily":false,"chose_seed":false,"campfire_upgraded":1,"win_rate":0.0,"timestamp":1612654832,"path_taken":["M","?","?","?","?","E","R","?","T","M","M","?","?","?","R_BF","BOSS"],"items_purchased_type":["Card"],"build_version":"2020-12-22","purchased_purges":0,"victory":false,"max_hp_per_floor":[70,70,70,70,70,70,70,70,70,70,70,70,70,70,70,70,70],"relic_stats":{"counters":[8,31],"PreservedInsect":0,"obtain_stats":[{"PreservedInsect":12,"halation:StarCompass":3,"halation:Trompette":6,"conspire:TopHat":9,"Ring of the Snake":0},{"PreservedInsect":6,"halation:StarCompass":2,"halation:Trompette":3,"conspire:TopHat":4,"Ring of the Snake":0},{"PreservedInsect":19,"halation:StarCompass":6,"halation:Trompette":10,"conspire:TopHat":12,"Ring of the Snake":0}],"Ring of the Snake":[16]},"card_choices":[{"not_picked":["Feint","Crow Ritual"],"picked":"Midas Touch","floor":0},{"not_picked":["Flying Knee","Outmaneuver"],"picked":"Slice","floor":1},{"not_picked":["Backflip","Hidden Blade"],"picked":"ReplayTheSpireMod:Shiv Toss","floor":2},{"not_picked":["infinitespire:FutureSight","ReplayTheSpireMod:??????????????????????"],"picked":"infinitespire:Punishment","floor":4},{"not_picked":["Deadly Poison","Pace","Flying Knee"],"picked":"SKIP","floor":6},{"not_picked":["Hidden Blade","Sneak Up"],"picked":"Slice","floor":8},{"not_picked":["Prepared","Bane"],"picked":"Cloak And Dagger","floor":10},{"not_picked":["Dodge and Roll","Replay:Poison Smokescreen"],"picked":"conspire:DoublingDagger","floor":11},{"not_picked":["Poisoned Stab","Bane"],"picked":"Accuracy","floor":13}],"player_experience":448819,"relics_obtained":[{"floor":6,"key":"halation:Trompette"},{"floor":9,"key":"conspire:TopHat"},{"floor":12,"key":"PreservedInsect"}],"event_choices":[{"damage_healed":2,"gold_gain":0,"player_choice":"Embrace Burn","damage_taken":0,"max_hp_gain":0,"max_hp_loss":70,"event_name":"betterThird:BetterShining","floor":14,"gold_loss":0}],"is_beta":false,"boss_relics":[],"items_purged_floors":[],"is_endless":false,"potions_floor_spawned":[2,10,11,13],"killed_by":"Hexaghost","ascension_level":10}}