{"host":"e5ydbbdshmac12xb","time":1612599539,"event":{"mods":["2.2 Compatiblity","Aspiration","BaseMod","Beaked The Cultist","Better Altar","BetterRewards","Clockwork Mod","Colored Map","Conspire","Downfall","Hermit","Highlight Path","Hubris","Infinite Spire","Jedi Mod","Jorbs\u0027s Wanderer Trilogy","Mad Scientist","Minty Spire (QoL Compilation)","READ ME - Guardian Mod","Reliquary","Replay The Spire","Shop Mod","Spikes Relics","StSLib","The Bladedancer","The Construct","The Cursed","The Disciple","The Druid","The Jungle","The Mystic","The Necromancer","The Runesmith","The Senshi","The Servant 0.9.4","Trackpad"],"gold_per_floor":[99,110,124,124,143,143,168,168,7,36,47,78,78,107,117,212,212,12,32,45,59,78,93,167,187,187,56,86,86,115,131,145,248,348,348,365,376,376,388,388,388,388,388,388,416,427,453,453,468,468,468,468],"floor_reached":50,"language":"ENG","playtime":7437,"items_purged":["Guardian:Defend_Guardian"],"score":698,"play_id":"85bf8e99-9c77-4834-b168-786a19f85b2f","local_time":"20210206081859","is_ascension_mode":true,"campfire_choices":[{"floor":8,"key":"RECALL"},{"data":"Guardian:RefractedBeam","floor":13,"key":"SMITH"},{"data":"Guardian:Defend_Guardian","floor":18,"key":"PURGE"},{"data":"Guardian:DonusPower","floor":35,"key":"SMITH"},{"data":"Guardian:PrismaticBeam","floor":40,"key":"SMITH"},{"data":"Replay:SS_forest_2","floor":42,"key":"SMITH"},{"data":"Guardian:Orbwalk","floor":44,"key":"SMITH"}],"circlet_count":0,"master_deck":["Guardian:Strike_Guardian","Guardian:Strike_Guardian","Guardian:Defend_Guardian","Guardian:Defend_Guardian","Guardian:CurlUp","Guardian:TwinSlam+1","Guardian:BronzeOrb","Guardian:PrimingBeam","Guardian:ArmoredProtocol","Guardian:RefractedBeam+1","Guardian:Recover","Guardian:Orbwalk+1","Guardian:StasisField","Guardian:CrystalBeam","Guardian:PrimingBeam","Guardian:Orbwalk","Guardian:ChargeCore","downfall:Bewildered","expansioncontent:StudyTheSpire+1","Guardian:Suspension","Guardian:CrystalBeam+1","Guardian:DonusPower+1","Guardian:RevengeProtocol","Guardian:PrismaticBeam+1","Guardian:BodySlam+1","Replay:SS_forest_2+1","expansioncontent:Chronoboost+1","Replay:SS_hec_1","Guardian:DecasProtection","Guardian:Repulse","Guardian:FastForward","Guardian:SentryBeam","Guardian:VentSteam+1"],"relics":["Guardian:ModeShifter","Akabeko","trackpad:WritersBlock","Philosopher\u0027s Stone","downfall:HeartBlessingRed","downfall:HeartBlessingGreen","sneckomod:BabySnecko","MerchantsRug","Replay:Baseball","infinitespire:Lucky Rock","Replay:Wanted Poster","ShockBauble","Replay:Bottled Flurry","jedi:gremlinknob"],"acts_visited":["Exordium","TheCity","TheBeyond"],"potions_floor_usage":[30,30,47,49,49,50],"damage_taken":[{"damage":8,"enemies":"infinitespire:Voidling","floor":2,"turns":4},{"damage":0,"enemies":"conspire:RoseBush","floor":3,"turns":4},{"damage":1,"enemies":"Small Slimes","floor":5,"turns":4},{"damage":0,"enemies":"downfall:FleeingMerchant","floor":9,"turns":4},{"damage":1,"enemies":"Gremlin Nob","floor":10,"turns":4},{"damage":0,"enemies":"Blue Slaver","floor":11,"turns":1},{"damage":18,"enemies":"Lagavulin","floor":12,"turns":5},{"damage":1,"enemies":"Gremlin Nob","floor":14,"turns":3},{"damage":0,"enemies":"Lots of Slimes","floor":15,"turns":3},{"damage":0,"enemies":"SI_SHIV_ARCHETYPE","floor":16,"turns":5},{"damage":0,"enemies":"conspire:FuzzyDice","floor":19,"turns":5},{"damage":1,"enemies":"Chosen","floor":20,"turns":3},{"damage":12,"enemies":"Centurion and Healer","floor":21,"turns":5},{"damage":5,"enemies":"Snake Plant","floor":22,"turns":2},{"damage":0,"enemies":"Chosen and Byrds","floor":23,"turns":4},{"damage":0,"enemies":"3 Cultists","floor":25,"turns":4},{"damage":4,"enemies":"downfall:FleeingMerchant","floor":27,"turns":4},{"damage":0,"enemies":"conspire:Head Lice","floor":28,"turns":6},{"damage":21,"enemies":"Book of Stabbing","floor":30,"turns":5},{"damage":9,"enemies":"Centurion and Healer","floor":31,"turns":4},{"damage":6,"enemies":"Chosen and Byrds","floor":32,"turns":4},{"damage":35,"enemies":"WA_ARCHETYPE_CALM","floor":33,"turns":7},{"damage":0,"enemies":"3 Shapes","floor":36,"turns":3},{"damage":17,"enemies":"3 Darklings","floor":37,"turns":5},{"damage":10,"enemies":"Maw","floor":39,"turns":7},{"damage":19,"enemies":"Giant Head","floor":45,"turns":7},{"damage":16,"enemies":"Jaw Worm Horde","floor":46,"turns":4},{"damage":20,"enemies":"Reptomancer","floor":47,"turns":6},{"damage":10,"enemies":"Writhing Mass","floor":49,"turns":4},{"damage":4,"enemies":"IC_BLOCK_ARCHETYPE","floor":50,"turns":7}],"seed_played":"3127716412348857517","potions_obtained":[{"floor":3,"key":"SkillPotion"},{"floor":11,"key":"jedi:wingpotion"},{"floor":14,"key":"construct:ShiftPotion"},{"floor":22,"key":"SkillPotion"},{"floor":23,"key":"bronze:BurnAndBuffPotion"},{"floor":28,"key":"Guardian:AcceleratePotion"},{"floor":33,"key":"Weak Potion"},{"floor":36,"key":"hexamod:SoulburnPotion"},{"floor":46,"key":"PowerPotion"},{"floor":47,"key":"ColorlessPotion"}],"is_trial":false,"path_per_floor":["R_BF","M","M","?","M","?","T","R","$","E","M","E","R","E","M","B",null,"R_BF","M","M","M","M","M","T","M","?","$","E","?","E","M","M","B",null,"R","M","M","?","M","R","T","R","?","R","E","M","E","?","M","B"],"character_chosen":"GUARDIAN","items_purchased":["Guardian:ArmoredProtocol","MerchantsRug","expansioncontent:StudyTheSpire"],"campfire_rested":0,"item_purchase_floors":[9,27,27],"current_hp_per_floor":[80,72,72,72,71,71,71,71,71,70,70,52,52,65,65,65,94,94,94,93,81,76,76,76,76,76,72,72,72,51,42,36,1,94,94,94,77,67,57,57,57,57,66,66,47,31,11,11,1,0,0,0],"gold":468,"neow_bonus":"UPGRADE_CARD","is_daily":false,"chose_seed":false,"campfire_upgraded":5,"win_rate":0.0,"timestamp":1612599539,"path_taken":["R_BF","M","M","?","M","?","T","R","?","E","M","E","R","E","M","BOSS","R_BF","M","?","?","M","?","T","M","?","$","E","?","E","M","M","BOSS","R","M","M","?","M","R","T","R","?","R","E","?","E","?","M","BOSS"],"items_purchased_type":["Card","Relic","Card"],"build_version":"2020-12-22","purchased_purges":1,"victory":false,"max_hp_per_floor":[80,80,80,80,80,80,80,80,80,80,80,80,80,94,94,94,94,94,94,94,94,94,94,94,94,94,94,94,94,94,94,94,94,94,94,94,94,94,94,94,94,94,94,94,94,94,94,94,94,94,94,94],"card_choices":[{"not_picked":["Guardian:TemporalShield","Guardian:PrismaticBeam"],"picked":"Guardian:Gem_Green","floor":2},{"not_picked":["Guardian:Recover","Guardian:Gem_Red"],"picked":"Guardian:Gem_Cyan","floor":3},{"not_picked":["Guardian:Gem_Red","Guardian:Gem_Purple"],"picked":"Guardian:BronzeOrb","floor":5},{"not_picked":["Guardian:Gem_Blue","Guardian:Emergency"],"picked":"Guardian:PrimingBeam","floor":9},{"not_picked":["Guardian:TemporalShield","Guardian:Planning"],"picked":"Guardian:RefractedBeam","floor":10},{"not_picked":["Guardian:Planning","Guardian:ShieldCharger"],"picked":"Guardian:Gem_Synthetic","floor":11},{"not_picked":["Guardian:Gem_Lightblue","Guardian:ChargeCore"],"picked":"Guardian:Gem_White","floor":12},{"not_picked":["Guardian:Emergency","Guardian:PiercingHide"],"picked":"Guardian:Recover","floor":14},{"not_picked":["Guardian:Planning","Guardian:RollAttack"],"picked":"Guardian:Orbwalk","floor":15},{"not_picked":["Guardian:SphericShield","Guardian:Gem_Synthetic"],"picked":"Guardian:StasisField","floor":16},{"not_picked":["Guardian:Gem_White","Guardian:Gem_Cyan"],"picked":"Guardian:Gem_Fragmented","floor":19},{"not_picked":["Guardian:Gem_Crimson","Guardian:Recover"],"picked":"Guardian:CrystalBeam","floor":20},{"not_picked":["Guardian:BronzeOrb","Guardian:WalkerClaw"],"picked":"Guardian:PrimingBeam","floor":21},{"not_picked":["Guardian:Incinerate","Guardian:Gem_Red"],"picked":"Guardian:Orbwalk","floor":22},{"not_picked":["Guardian:Gem_Lightblue","Guardian:WalkerClaw"],"picked":"Guardian:ChargeCore","floor":23},{"not_picked":["Guardian:DonusPower","Guardian:TimeCapacitor"],"picked":"Guardian:Gem_Yellow","floor":25},{"not_picked":["Guardian:Gem_Lightblue","Guardian:PrimingBeam"],"picked":"Guardian:Gem_Purple","floor":27},{"not_picked":["Guardian:HyperBeam_Guardian","Guardian:RollAttack"],"picked":"Guardian:Suspension","floor":28},{"not_picked":["Guardian:Reroute","Guardian:Gem_Lightblue"],"picked":"Guardian:CrystalBeam+1","floor":30},{"not_picked":["Guardian:Suspension","Guardian:RefractedBeam"],"picked":"Guardian:DonusPower","floor":31},{"not_picked":["Guardian:Gem_Red","Guardian:Gem_Green"],"picked":"Guardian:Gem_Yellow","floor":32},{"not_picked":["Guardian:HyperBeam_Guardian","Guardian:AncientConstruct"],"picked":"Guardian:RevengeProtocol","floor":33},{"not_picked":["Guardian:Gem_White","Guardian:PiercingHide"],"picked":"Guardian:PrismaticBeam","floor":36},{"not_picked":["Guardian:ChargeCore","Guardian:WalkerClaw"],"picked":"Guardian:BodySlam+1","floor":37},{"not_picked":["expansioncontent:PrepareCrush","expansioncontent:YouAreMine"],"picked":"Replay:SS_forest_2","floor":38},{"not_picked":["Replay:SS_hec_1","expansioncontent:InvincibleStrength"],"picked":"expansioncontent:Chronoboost","floor":38},{"not_picked":["Replay:SS_fish_1","expansioncontent:LastStand"],"picked":"Replay:SS_hec_1","floor":38},{"not_picked":["Guardian:Gem_Lightblue","Guardian:Gem_Green"],"picked":"Guardian:DecasProtection","floor":39},{"not_picked":["Guardian:Planning","Guardian:SpikerProtocol"],"picked":"Guardian:Repulse","floor":45},{"not_picked":["Guardian:WalkerClaw","Guardian:Reroute+1"],"picked":"Guardian:FastForward","floor":46},{"not_picked":["Guardian:CrystalBeam+1","Guardian:Harden"],"picked":"Guardian:SentryBeam","floor":47},{"not_picked":["Guardian:PiercingHide","Guardian:DonusPower"],"picked":"Guardian:VentSteam+1","floor":49}],"player_experience":481990,"relics_obtained":[{"floor":4,"key":"Mirror"},{"floor":7,"key":"Akabeko"},{"floor":10,"key":"trackpad:WritersBlock"},{"floor":12,"key":"infinitespire:CheckeredPen"},{"floor":14,"key":"Mango"},{"floor":24,"key":"aspiration:StickyExplosives_weak"},{"floor":28,"key":"Replay:Baseball"},{"floor":30,"key":"infinitespire:Lucky Rock"},{"floor":41,"key":"ShockBauble"},{"floor":45,"key":"Replay:Bottled Flurry"},{"floor":47,"key":"jedi:gremlinknob"}],"event_choices":[{"cards_removed":["Guardian:Strike_Guardian"],"damage_healed":0,"gold_gain":0,"player_choice":"Offered Basic","damage_taken":0,"max_hp_gain":0,"max_hp_loss":0,"event_name":"Bonfire Elementals","floor":1,"gold_loss":0}],"is_beta":false,"boss_relics":[{"not_picked":["aspiration:RunesmithSkillbook","jedi:paperlyon"],"picked":"Philosopher\u0027s Stone"},{"not_picked":["Calling Bell","hubris:TerracottaHorce"],"picked":"Replay:Wanted Poster"}],"items_purged_floors":[9],"is_endless":false,"potions_floor_spawned":[3,11,14,22,23,25,28,33,36,46,47],"killed_by":"IC_BLOCK_ARCHETYPE","ascension_level":1}}