{"host":"0y7rggrn2c7yxnri","time":1612640017,"event":{"mods":["AchievementEnabler","Act Like it!","AlwaysNeverKeys","Aspiration","Bartender","BaseMod","Better Altar","Better Sensory Stone","Better Skull","Better Third Choice","Better Vampires","BetterRewards","Colored Map","Colored Powertips","Displayed Cursed Tome","GifTheSpireLib","Good Game Mod","Magitek Elite","Minty Spire (QoL Compilation)","Permanent Neow","Quick Restart","Rare Cards Sparkle","Relic Filter Mod","Reliquary","Replay The Spire","Shop Mod","Spicy Shops","Spire Arcade","StSLib","Stuff the Spire","The Alterego","The Animator","The Marked","The Servant 0.9.4","Transform Curses","Virulent Crown","Wandering Minibosses"],"gold_per_floor":[110,648,658,833,833,833,833,863,890,890,910,924,924,956,956,1051,1051,1063,1063,1126,416,416,445,10,39,39,56,67,94,109,109,109,208,208,219,219,219,238,238,238,249,264,264,284,284,303,330,347,347,347,347],"floor_reached":50,"language":"ENG","playtime":3264,"items_purged":["Doubt","Injury"],"score":805,"play_id":"4d0c3c7e-fc94-4df1-8ec8-182aeacf086d","local_time":"20210206143337","is_ascension_mode":true,"campfire_choices":[{"floor":6,"key":"REST"},{"floor":13,"key":"REST"},{"data":"ReplayTheSpireMod:Omega Cannon","floor":15,"key":"SMITH"},{"floor":32,"key":"REST"},{"data":"Adrenaline","floor":40,"key":"SMITH"},{"floor":49,"key":"REST"}],"circlet_count":0,"master_deck":["Defend_B","Defend_B+1","Defend_B","Defend_B","Zap","Dualcast","Adrenaline+1","Ball Lightning+1","Hologram","ReplayTheSpireMod:Omega Cannon+1","Electrodynamics+1","aspiration:Polymerization+1","Loop+1","Amplify","Echo Form+1","White Noise","Hologram+1","Bite","Bite+1","Bite+1","Bite","Double Energy+1","StuffTheSpire:Plugnplay+1","Loop+1","StuffTheSpire:Perfection","Meteor Strike","Turbo+1","Buffer+1","Steam Power","Fission"],"relics":["Cracked Core","REME:ComplimentaryCards","Medical Kit","Choco_Feather","reliquary:ShortFuse","Frozen Egg 2","Carrot","reliquary:ExpiredCoupon","Gem_Box","ReplayTheSpireMod:Ring of Challenge","StuffTheSpire:Experiment12","Bottled Lightning","MerchantsRug","Prayer Wheel","Prayer Wheel","reliquary:Boomerang","Potion Belt","Replay:Ringing Soul","Prayer Wheel","Prayer Wheel","Painkiller Herb","Prayer Wheel","Prayer Wheel","wanderingMiniBosses:OtherGremlinHorn","reliquary:PurpleTingedLeaf","Bottled Tornado","Bottled Flame"],"acts_visited":["Exordium","TheCity","TheBeyond"],"potions_floor_usage":[25,33,33,33,33,47,48,50,50,50],"damage_taken":[{"damage":0,"enemies":"Small Slimes","floor":1,"turns":1},{"damage":0,"enemies":"Cultist","floor":3,"turns":2},{"damage":9,"enemies":"Replay:BlueRogue","floor":8,"turns":3},{"damage":0,"enemies":"2 Louse","floor":11,"turns":1},{"damage":0,"enemies":"Blue Slaver","floor":12,"turns":1},{"damage":15,"enemies":"3 Sentries","floor":14,"turns":3},{"damage":43,"enemies":"Fading Forest","floor":16,"turns":11},{"damage":0,"enemies":"Spheric Guardian","floor":18,"turns":2},{"damage":27,"enemies":"3 Byrds","floor":20,"turns":2},{"damage":0,"enemies":"Replay:Snechameleon","floor":23,"turns":2},{"damage":37,"enemies":"Book of Stabbing","floor":25,"turns":4},{"damage":10,"enemies":"Shelled Parasite and Fungi","floor":27,"turns":2},{"damage":0,"enemies":"Cultist and Chosen","floor":28,"turns":2},{"damage":11,"enemies":"Replay:Snechameleon","floor":29,"turns":2},{"damage":0,"enemies":"3 Cultists","floor":30,"turns":2},{"damage":39,"enemies":"Pondfish","floor":33,"turns":9},{"damage":74,"enemies":"Orb Walker","floor":35,"turns":6},{"damage":22,"enemies":"3 Shapes","floor":38,"turns":2},{"damage":0,"enemies":"Jaw Worm Horde","floor":41,"turns":1},{"damage":14,"enemies":"Spire Growth","floor":42,"turns":3},{"damage":0,"enemies":"Maw","floor":44,"turns":3},{"damage":8,"enemies":"4 Shapes","floor":46,"turns":1},{"damage":30,"enemies":"Reptomancer","floor":47,"turns":3},{"damage":44,"enemies":"Sphere and 2 Shapes","floor":48,"turns":3},{"damage":44,"enemies":"Donu and Deca","floor":50,"turns":4}],"seed_played":"-7070524961076511857","potions_obtained":[{"floor":8,"key":"Energy Potion"},{"floor":11,"key":"Swift Potion"},{"floor":23,"key":"DuplicationPotion"},{"floor":27,"key":"FearPotion"},{"floor":28,"key":"Dexterity Potion"},{"floor":29,"key":"BlessingOfTheForge"},{"floor":39,"key":"Fire Potion"},{"floor":39,"key":"Ancient Potion"},{"floor":39,"key":"SpeedPotion"},{"floor":44,"key":"SteroidPotion"},{"floor":46,"key":"SkillPotion"},{"floor":47,"key":"FocusPotion"},{"floor":48,"key":"BlessingOfTheForge"}],"is_trial":false,"path_per_floor":["M","?","M","?","?","R","?","E","T","?","M","M","R","E","R","B",null,"M","?","M","$","?","E","$","E","T","M","M","E","M","?","R","B",null,"?","?","T","?","?","T","?","?","T","?","?","?","E","?","T","B"],"character_chosen":"DEFECT","items_purchased":["Medical Kit","Choco_Feather","reliquary:ShortFuse","Ball Lightning","Akabeko","StuffTheSpire:Experiment12","Loop+1","Bottled Lightning","MerchantsRug","ReplayTheSpireMod:Fabricate Wheel"],"campfire_rested":4,"item_purchase_floors":[0,0,0,0,21,21,21,21,24,24],"current_hp_per_floor":[75,29,29,29,29,51,51,42,42,42,42,42,64,63,63,28,89,89,89,62,62,62,62,62,25,25,15,15,7,10,13,35,27,78,15,71,71,58,58,58,58,49,49,59,62,69,45,9,34,0,0],"gold":347,"neow_bonus":"","is_daily":false,"chose_seed":false,"campfire_upgraded":2,"win_rate":0.0,"timestamp":1612640017,"path_taken":["M","?","?","?","?","R","?","E","T","?","?","M","R","E","R","BOSS","M","?","M","$","?","E","$","E","T","M","?","E","M","?","R","BOSS","?","?","?","?","?","T","?","?","T","?","?","?","E","?","T","BOSS"],"items_purchased_type":["Relic","Relic","Relic","Card","Relic","Relic","Card","Relic","Relic","Card"],"build_version":"2020-12-22","purchased_purges":2,"victory":false,"max_hp_per_floor":[75,75,75,75,75,75,75,75,75,75,75,75,75,89,89,89,89,89,89,89,89,89,89,89,89,89,89,89,92,95,75,75,78,78,81,71,71,71,71,71,71,74,74,74,77,80,83,86,86,86,86],"card_choices":[{"not_picked":["Sweeping Beam","Turbo"],"picked":"Hologram","floor":1},{"not_picked":["Gash","Cold Snap"],"picked":"ReplayTheSpireMod:Omega Cannon","floor":3},{"not_picked":["Streamline","StuffTheSpire:Coldhearted","Hologram"],"picked":"SKIP","floor":8},{"not_picked":["Consume","Compile Driver","Leap"],"picked":"SKIP","floor":11},{"not_picked":["Leap","Stack","ReplayRNGCard"],"picked":"SKIP","floor":12},{"not_picked":["Cold Snap","Skim","Compile Driver"],"picked":"SKIP","floor":14},{"not_picked":["ReplayTheSpireMod:Fabricate Wheel","StuffTheSpire:Purify"],"picked":"Electrodynamics+1","floor":16},{"not_picked":["Leap","Coolheaded"],"picked":"aspiration:Polymerization+1","floor":18},{"not_picked":["Blizzard+1","Steam","Gash"],"picked":"SKIP","floor":20},{"not_picked":["Thunder Strike","Ball Lightning","StuffTheSpire:CleanHardDrive"],"picked":"SKIP","floor":23},{"not_picked":["Steam Power","Redo","StuffTheSpire:NuclearReactor"],"picked":"SKIP","floor":25},{"not_picked":["StuffTheSpire:LoadUp","ReplayTheSpireMod:Calculation Training+1","Ball Lightning"],"picked":"SKIP","floor":27},{"not_picked":["Doom and Gloom+1","StuffTheSpire:GlassShard","Auto Shields+1"],"picked":"SKIP","floor":27},{"not_picked":["Force Field+1","BasicCrystalCard","Beam Cell+1"],"picked":"SKIP","floor":27},{"not_picked":["Conserve Battery","Panic Button"],"picked":"Echo Form+1","floor":28},{"not_picked":["Panic Button","Leap+1","Lockon"],"picked":"SKIP","floor":28},{"not_picked":["Cold Snap+1","StuffTheSpire:GlassShard","StuffTheSpire:SnapShoot"],"picked":"SKIP","floor":28},{"not_picked":["Leap","StuffTheSpire:LoadUp+1"],"picked":"White Noise","floor":29},{"not_picked":["Steam+1","StuffTheSpire:SnapShoot"],"picked":"Hologram+1","floor":30},{"not_picked":["StuffTheSpire:LoadUp","Capacitor+1","Turbo"],"picked":"SKIP","floor":30},{"not_picked":["Panic Button","Ball Lightning+1","Undo"],"picked":"SKIP","floor":30},{"not_picked":["Force Field","ReplayTheSpireMod:Reroute Power+1"],"picked":"Double Energy+1","floor":35},{"not_picked":["Blizzard+1","Leap","Beam Cell+1"],"picked":"SKIP","floor":35},{"not_picked":["Doom and Gloom","Undo","StuffTheSpire:Synthwave+1"],"picked":"SKIP","floor":35},{"not_picked":["Crystallizer+1","Sweeping Beam+1","Ball Lightning+1"],"picked":"SKIP","floor":35},{"not_picked":["StuffTheSpire:GlassShard+1","Beam Cell","Aggregate"],"picked":"SKIP","floor":35},{"not_picked":["Crystallizer+1","White Noise+1","ReplayTheSpireMod:Repulse+1"],"picked":"SKIP","floor":35},{"not_picked":["Rebound","Steam","Coolheaded+1"],"picked":"SKIP","floor":35},{"not_picked":["StuffTheSpire:Coldhearted","Melter+1","Panic Button+1"],"picked":"SKIP","floor":38},{"not_picked":["Redo+1","ReplayTheSpireMod:Fabricate Wheel","StuffTheSpire:Rend"],"picked":"SKIP","floor":38},{"not_picked":["Conserve Battery+1","Doom and Gloom","Compile Driver"],"picked":"SKIP","floor":38},{"not_picked":["Sweeping Beam+1","Panic Button","Static Discharge+1"],"picked":"SKIP","floor":38},{"not_picked":["Stack+1","Streamline+1","Compile Driver"],"picked":"SKIP","floor":38},{"not_picked":["BasicCrystalCard","Force Field+1","Stack+1"],"picked":"SKIP","floor":38},{"not_picked":["Crystallizer+1","Beam Cell+1","Force Field+1"],"picked":"SKIP","floor":38},{"not_picked":["Tempest","Leap+1","Ball Lightning+1"],"picked":"SKIP","floor":41},{"not_picked":["Redo","Gash","Chaos"],"picked":"SKIP","floor":41},{"not_picked":["Sweeping Beam+1","Steam+1","StuffTheSpire:LoadUp"],"picked":"SKIP","floor":41},{"not_picked":["Crystallizer+1","Barrage","Chaos+1"],"picked":"SKIP","floor":41},{"not_picked":["Consume","Compile Driver+1","Reprogram+1"],"picked":"SKIP","floor":41},{"not_picked":["Rip and Tear+1","Auto Shields","BasicCrystalCard"],"picked":"SKIP","floor":41},{"not_picked":["Gash+1","Stack+1","Barrage+1"],"picked":"SKIP","floor":41},{"not_picked":["Rebound","Beam Cell+1"],"picked":"StuffTheSpire:Plugnplay+1","floor":42},{"not_picked":["Streamline","Sweeping Beam"],"picked":"Loop+1","floor":42},{"not_picked":["Gash+1","Barrage","Rainbow"],"picked":"SKIP","floor":42},{"not_picked":["Turbo+1","Storm+1","ReplaySort+1"],"picked":"SKIP","floor":42},{"not_picked":["Coolheaded+1","BootSequence+1","ReplaySort+1"],"picked":"SKIP","floor":42},{"not_picked":["Doom and Gloom","Crystallizer+1","Compile Driver"],"picked":"SKIP","floor":42},{"not_picked":["Scrape","Conserve Battery+1","Barrage+1"],"picked":"SKIP","floor":42},{"not_picked":["Genetic Algorithm","Beam Cell","Hologram+1"],"picked":"SKIP","floor":44},{"not_picked":["Redo","Coolheaded","FIFO Queue+1"],"picked":"SKIP","floor":44},{"not_picked":["Coolheaded","Leap","Ball Lightning+1"],"picked":"SKIP","floor":44},{"not_picked":["FTL","Coolheaded+1","All For One"],"picked":"SKIP","floor":44},{"not_picked":["Coolheaded","ReplayTheSpireMod:System Scan","Time Bomb+1"],"picked":"SKIP","floor":44},{"not_picked":["BasicCrystalCard+1","Conserve Battery","Ball Lightning+1"],"picked":"SKIP","floor":44},{"not_picked":["StuffTheSpire:Plugnplay+1","Turbo+1","ReplaySolidLightProjector"],"picked":"SKIP","floor":44},{"not_picked":["StuffTheSpire:CelestialWarden","StuffTheSpire:Rapture"],"picked":"StuffTheSpire:Perfection","floor":45},{"not_picked":["StuffTheSpire:Synthwave+1","Ball Lightning"],"picked":"Meteor Strike","floor":46},{"not_picked":["Redo+1","Time Bomb+1"],"picked":"Turbo+1","floor":46},{"not_picked":["Panic Button+1","StuffTheSpire:Plugnplay","Crystallizer+1"],"picked":"SKIP","floor":46},{"not_picked":["Barrage","Skim","Crystallizer+1"],"picked":"SKIP","floor":46},{"not_picked":["Compile Driver+1","Ball Lightning+1","Redo"],"picked":"SKIP","floor":46},{"not_picked":["Ball Lightning+1","Go for the Eyes+1","Cold Snap+1"],"picked":"SKIP","floor":46},{"not_picked":["Coolheaded","StuffTheSpire:SnapShoot","aspiration:Polymerization"],"picked":"SKIP","floor":46},{"not_picked":["Reinforced Body","Stack"],"picked":"Buffer+1","floor":47},{"not_picked":["Hologram+1","Sweeping Beam+1"],"picked":"Steam Power","floor":48},{"not_picked":["BootSequence+1","aspiration:Polymerization"],"picked":"Fission","floor":48},{"not_picked":["Panic Button+1","ReplaySolidLightProjector","Reinforced Body+1"],"picked":"SKIP","floor":48},{"not_picked":["Blizzard+1","StuffTheSpire:Coldhearted","BootSequence"],"picked":"SKIP","floor":48},{"not_picked":["Streamline+1","Doom and Gloom+1","Ball Lightning+1"],"picked":"SKIP","floor":48},{"not_picked":["Beam Cell+1","Redo","StuffTheSpire:LoadUp"],"picked":"SKIP","floor":48},{"not_picked":["Defragment+1","Aggregate","Recycle"],"picked":"SKIP","floor":48}],"player_experience":328835,"relics_obtained":[{"floor":8,"key":"Carrot"},{"floor":9,"key":"reliquary:ExpiredCoupon"},{"floor":14,"key":"Mango"},{"floor":19,"key":"ReplayTheSpireMod:Ring of Challenge"},{"floor":23,"key":"Whetstone"},{"floor":25,"key":"reliquary:Boomerang"},{"floor":26,"key":"Potion Belt"},{"floor":29,"key":"Replay:Ringing Soul"},{"floor":35,"key":"wanderingMiniBosses:OtherGremlinHorn"},{"floor":37,"key":"reliquary:PurpleTingedLeaf"},{"floor":43,"key":"Bottled Tornado"},{"floor":47,"key":"Bottled Flame"}],"event_choices":[{"damage_healed":0,"gold_gain":538,"player_choice":"GO GO GO GO GO ","damage_taken":51,"relics_obtained":[],"max_hp_gain":0,"max_hp_loss":0,"event_name":"betterSkull:BetterSkull","floor":2,"gold_loss":0,"cards_upgraded":[]},{"damage_healed":0,"gold_gain":175,"player_choice":"AGREE","damage_taken":658,"max_hp_gain":0,"max_hp_loss":0,"event_name":"betterThird:BetterSerpent","floor":4,"gold_loss":0},{"damage_healed":0,"gold_gain":1,"player_choice":"1","damage_taken":0,"max_hp_gain":0,"max_hp_loss":0,"event_name":"betterStone:BetterStone","floor":7,"gold_loss":0},{"damage_healed":0,"gold_gain":0,"player_choice":"Bought 0 Potions","damage_taken":0,"max_hp_gain":0,"max_hp_loss":0,"event_name":"The Woman in Blue","floor":22,"gold_loss":0},{"damage_healed":0,"gold_gain":0,"player_choice":"Became a vampire","damage_taken":0,"max_hp_gain":0,"max_hp_loss":23,"event_name":"Vampires","floor":31,"gold_loss":0,"cards_obtained":["Bite","Bite","Bite","Bite"]},{"damage_healed":71,"gold_gain":0,"player_choice":"Heal","damage_taken":0,"max_hp_gain":0,"max_hp_loss":10,"event_name":"The Moai Head","floor":36,"gold_loss":0},{"damage_healed":0,"gold_gain":0,"player_choice":"Got Potions","damage_taken":0,"max_hp_gain":0,"max_hp_loss":0,"event_name":"Lab","floor":39,"gold_loss":0}],"is_beta":false,"boss_relics":[{"not_picked":["reliquary:WritOfMandamus","Busted Crown"],"picked":"Gem_Box"},{"not_picked":["Replay:Bronze Core","Philosopher\u0027s Stone"],"picked":"Painkiller Herb"}],"items_purged_floors":[21,24],"is_endless":false,"potions_floor_spawned":[8,11,23,27,28,29,44,46,47,48],"killed_by":"Donu and Deca","ascension_level":4}}