{"host":"opg65mucj6ra7dr1","time":1612624268,"event":{"mods":["BaseMod","DeckTracker","Keyboard Shortcuts","Minty Spire (QoL Compilation)","Permanent Neow","Quick Restart","everything is the same but u backflip on backflip"],"gold_per_floor":[213,288,301,122,72,72,72,72,95,95,126,137,137,156,156,156,156],"floor_reached":16,"language":"KOR","playtime":259,"items_purged":["Strike_R"],"score":142,"play_id":"4184c5dc-0410-40cf-a1b3-4fc42aa050b8","local_time":"20210207001108","is_ascension_mode":true,"campfire_choices":[{"data":"Sword Boomerang","floor":6,"key":"SMITH"},{"data":"Pommel Strike","floor":10,"key":"SMITH"},{"data":"Shrug It Off","floor":13,"key":"SMITH"},{"data":"Twin Strike","floor":15,"key":"SMITH"}],"circlet_count":0,"master_deck":["Strike_R","Strike_R","Strike_R","Defend_R","Defend_R","Defend_R","Defend_R","Bash","Sword Boomerang+1","Thunderclap","Pommel Strike+1","Thunderclap","Shrug It Off+1","Twin Strike+1"],"relics":["Burning Blood","Blood Vial","Singing Bowl"],"acts_visited":["Exordium"],"potions_floor_usage":[16],"damage_taken":[{"damage":10,"enemies":"2 Louse","floor":1,"turns":3},{"damage":16,"enemies":"Small Slimes","floor":3,"turns":3},{"damage":32,"enemies":"Gremlin Nob","floor":11,"turns":4},{"damage":0,"enemies":"Jaw Worm","floor":12,"turns":3},{"damage":9,"enemies":"Red Slaver","floor":14,"turns":4},{"damage":38,"enemies":"Hexaghost","floor":16,"turns":9}],"seed_played":"2311804317690751781","potions_obtained":[{"floor":3,"key":"Block Potion"},{"floor":11,"key":"DuplicationPotion"}],"is_trial":false,"path_per_floor":["M","?","M","$","?","R","?","$","T","R","E","M","R","M","R","B"],"character_chosen":"IRONCLAD","items_purchased":["Pommel Strike","Thunderclap"],"campfire_rested":0,"item_purchase_floors":[4,4],"current_hp_per_floor":[68,57,47,47,47,47,52,52,52,52,30,38,38,37,37,1,1],"gold":156,"neow_bonus":"HUNDRED_GOLD","is_daily":false,"chose_seed":false,"campfire_upgraded":4,"win_rate":0.0,"timestamp":1612624268,"path_taken":["M","?","M","$","?","R","?","$","T","R","E","M","R","M","R","BOSS"],"items_purchased_type":["Card","Card"],"build_version":"2020-12-22","purchased_purges":1,"victory":false,"max_hp_per_floor":[80,80,80,80,80,80,85,85,85,85,87,87,87,87,87,87,87],"card_choices":[{"not_picked":["Flame Barrier","Pommel Strike"],"picked":"Sword Boomerang","floor":1},{"not_picked":["Clash","Sword Boomerang"],"picked":"Thunderclap","floor":3},{"not_picked":["Body Slam","Bloodletting","Sentinel"],"picked":"Singing Bowl","floor":11},{"not_picked":["Flame Barrier","Battle Trance"],"picked":"Shrug It Off","floor":12},{"not_picked":["Shrug It Off","Pummel"],"picked":"Twin Strike","floor":14}],"player_experience":172211,"relics_obtained":[{"floor":9,"key":"Blood Vial"},{"floor":11,"key":"Singing Bowl"}],"event_choices":[{"damage_healed":0,"gold_gain":75,"player_choice":"Gather Gold","damage_taken":11,"max_hp_gain":0,"max_hp_loss":0,"event_name":"World of Goop","floor":2,"gold_loss":0},{"cards_removed":["Strike_R"],"damage_healed":0,"gold_gain":0,"player_choice":"Card Removal","damage_taken":0,"max_hp_gain":0,"max_hp_loss":0,"event_name":"The Cleric","floor":5,"gold_loss":50},{"damage_healed":0,"gold_gain":0,"player_choice":"Donut","damage_taken":0,"max_hp_gain":5,"max_hp_loss":0,"event_name":"Big Fish","floor":7,"gold_loss":0}],"is_beta":false,"boss_relics":[],"items_purged_floors":[4],"is_endless":false,"potions_floor_spawned":[3,11],"killed_by":"Hexaghost","ascension_level":9}}