{"host":"9slw7l0ws16384qq","time":1612647612,"event":{"mods":["A Penny For Your Troubles","BaseMod","Colored Map","Downfall","Evolution","Hubris","Minty Spire (QoL Compilation)","Replay The Spire","StS++","StSLib"],"gold_per_floor":[99,115,115,128,147,147,147,159,191,91,1,1,1,1,19,121,121,109,126,144,161,161,161,212,212,97,109,109,109,129,154,166,266,266,266,284,298,316,329,329,329,342,358,358,358,306,321,332,343,343,343,343],"floor_reached":50,"language":"FRA","playtime":1754,"items_purged":["bronze:Defend","Writhe"],"score":657,"play_id":"a30b65c4-194a-4cb0-b747-629d10bfd49f","local_time":"20210206224012","is_ascension_mode":true,"campfire_choices":[{"data":"bronze:Iterate","floor":1.0,"key":"SMITH"},{"floor":10.0,"key":"RECALL"},{"data":"bronze:Iterate","floor":13.0,"key":"SMITH"},{"data":"bronze:Iterate","floor":25.0,"key":"SMITH"},{"data":"bronze:Iterate","floor":28.0,"key":"SMITH"},{"data":"bronze:Shield","floor":35.0,"key":"SMITH"},{"floor":45.0,"key":"REST"}],"circlet_count":1,"master_deck":["bronze:Iterate+1","bronze:Iterate+1","bronze:Iterate+1","bronze:Iterate+1","bronze:Shield+1","bronze:Replicate","bronze:Goto","bronze:Shield+1","bronze:Shield+1"],"relics":["bronze:BronzeCore","EVO:Axolotl","Circlet","downfall:HeartBlessingBlue","SacredBark","downfall:HeartBlessingRed","Lantern","downfall:RedIOU","Akabeko","Counterbalance","Bag of Preparation"],"acts_visited":["Exordium","TheCity","TheBeyond"],"potions_floor_usage":[50,50,50],"damage_taken":[{"damage":0.0,"enemies":"Cultist","floor":2.0,"turns":3.0},{"damage":1.0,"enemies":"Small Slimes","floor":4.0,"turns":3.0},{"damage":0.0,"enemies":"2 Louse","floor":5.0,"turns":2.0},{"damage":6.0,"enemies":"Exordium Thugs","floor":8.0,"turns":4.0},{"damage":16.0,"enemies":"Gremlin Nob","floor":9.0,"turns":3.0},{"damage":0.0,"enemies":"downfall:FleeingMerchant","floor":11.0,"turns":4.0},{"damage":0.0,"enemies":"2 Fungi Beasts","floor":15.0,"turns":3.0},{"damage":35.0,"enemies":"DF_ARCHETYPE_STREAMLINE","floor":16.0,"turns":10.0},{"damage":0.0,"enemies":"Spheric Guardian","floor":19.0,"turns":3.0},{"damage":0.0,"enemies":"Sentry and Sphere","floor":20.0,"turns":2.0},{"damage":4.0,"enemies":"3 Cultists","floor":21.0,"turns":5.0},{"damage":0.0,"enemies":"downfall:FleeingMerchant","floor":26.0,"turns":4.0},{"damage":2.0,"enemies":"Snake Plant","floor":27.0,"turns":3.0},{"damage":0.0,"enemies":"Snecko","floor":30.0,"turns":3.0},{"damage":0.0,"enemies":"3 Cultists","floor":32.0,"turns":2.0},{"damage":19.0,"enemies":"SI_MIRROR_ARCHETYPE","floor":33.0,"turns":4.0},{"damage":5.0,"enemies":"3 Shapes","floor":36.0,"turns":5.0},{"damage":0.0,"enemies":"Orb Walker","floor":37.0,"turns":2.0},{"damage":0.0,"enemies":"downfall:FleeingMerchant","floor":38.0,"turns":4.0},{"damage":21.0,"enemies":"Transient","floor":39.0,"turns":5.0},{"damage":8.0,"enemies":"Maw","floor":42.0,"turns":7.0},{"damage":0.0,"enemies":"Spire Growth","floor":43.0,"turns":2.0},{"damage":0.0,"enemies":"3 Darklings","floor":47.0,"turns":5.0},{"damage":0.0,"enemies":"Jaw Worm Horde","floor":48.0,"turns":2.0},{"damage":11,"enemies":"Sphere and 2 Shapes","floor":49,"turns":3},{"damage":44,"enemies":"IC_BLOCK_ARCHETYPE","floor":50,"turns":3}],"seed_played":"3137517812132071731","potions_obtained":[{"floor":2.0,"key":"Elixir"},{"floor":8.0,"key":"Toxic Potion"},{"floor":16.0,"key":"LiquidMemories"},{"floor":20.0,"key":"BlessingOfTheForge"},{"floor":21.0,"key":"bronze:FreeFunctionsPotion"},{"floor":27.0,"key":"ColorlessPotion"},{"floor":32.0,"key":"Toxic Potion"},{"floor":33.0,"key":"PowerPotion"},{"floor":36.0,"key":"CultistPotion"},{"floor":42.0,"key":"hexamod:SoulburnPotion"}],"is_trial":false,"path_per_floor":["R","M","?","M","M","?","T","M","E","R","$","?","R","?","M","B",null,"R_BF","M","M","M","?","?","T","R","$","M","R","?","M","T","M","B",null,"R","M","M","$","M","?","T","M","M","?","R","$","M","M","M","B"],"character_chosen":"THE_AUTOMATON","items_purchased":["Counterbalance","SteroidPotion"],"campfire_rested":1,"item_purchase_floors":[38,46],"current_hp_per_floor":[63,63,63,62,62,62,62,56,40,50,64,64,64,64,73,38,70,70,70,70,66,66,66,66,66,66,64,64,64,64,64,64,45,71,71,66,66,66,45,37,37,29,29,29,53,53,53,53,42,0,0,0],"gold":343,"neow_bonus":"REMOVE_CARD","is_daily":false,"chose_seed":false,"campfire_upgraded":5,"win_rate":0.0,"timestamp":1612647612,"path_taken":["R","M","?","?","M","?","T","?","E","R","?","?","R","?","M","BOSS","R_BF","M","M","M","?","?","T","R","$","M","R","?","?","?","M","BOSS","R","M","M","$","M","?","T","M","?","?","R","$","M","?","M","BOSS"],"items_purchased_type":["Relic","Potion"],"build_version":"2020-12-22","purchased_purges":2,"victory":false,"max_hp_per_floor":[70,70,70,70,70,70,70,70,70,80,80,80,80,80,80,80,80,80,80,80,80,80,80,80,80,80,80,80,80,80,80,80,80,80,80,80,80,80,80,80,80,80,80,80,80,80,80,80,80,80,80,80],"card_choices":[{"not_picked":["bronze:MaxOutput","bronze:CutThrough","bronze:DelayedGuard"],"picked":"SKIP","floor":2.0},{"not_picked":["bronze:DelayedGuard","bronze:OilSpill","bronze:CloningBeam"],"picked":"SKIP","floor":4.0},{"not_picked":["bronze:BronzeArmor","bronze:ForLoop","bronze:Safeguard"],"picked":"SKIP","floor":5.0},{"not_picked":["bronze:BitShift","bronze:GetLatest","bronze:ClassDefault"],"picked":"SKIP","floor":8.0},{"not_picked":["bronze:BuggyMess","bronze:OilSpill","bronze:Repair"],"picked":"SKIP","floor":9.0},{"not_picked":["bronze:NullPointer","bronze:BronzeArmor"],"picked":"bronze:Shield","floor":11.0},{"not_picked":["bronze:ForceShield","bronze:Branch","bronze:Repair"],"picked":"SKIP","floor":15.0},{"not_picked":["bronze:BuggyMess","bronze:BitShift","bronze:WhirlingStrike"],"picked":"SKIP","floor":19.0},{"not_picked":["bronze:BugBarrage","bronze:BuggyMess","bronze:Return"],"picked":"SKIP","floor":20.0},{"not_picked":["bronze:Overload","bronze:Flail","bronze:BronzeOrb"],"picked":"SKIP","floor":21.0},{"not_picked":["bronze:ForLoop","bronze:Virus","bronze:Repulsor"],"picked":"SKIP","floor":26.0},{"not_picked":["bronze:BuggyMess+1","bronze:DelayedSlice","bronze:ChosenStrike"],"picked":"SKIP","floor":27.0},{"not_picked":["bronze:ForLoop","bronze:ChildClass","bronze:BitShift"],"picked":"SKIP","floor":30.0},{"not_picked":["bronze:Branch","bronze:BugBarrage","bronze:Shell"],"picked":"SKIP","floor":32.0},{"not_picked":["bronze:Deprecate","bronze:OilSpill","bronze:DelayedSlice"],"picked":"SKIP","floor":36.0},{"not_picked":["bronze:Invalidate","bronze:OilSpill","bronze:DelayedSlice+1"],"picked":"SKIP","floor":37.0},{"not_picked":["bronze:Deprecate+1","bronze:AlphaBuild","bronze:Frontload"],"picked":"SKIP","floor":38.0},{"not_picked":["bronze:Constructor+1","bronze:ForLoop","bronze:WildBeam+1"],"picked":"SKIP","floor":39.0},{"not_picked":["bronze:BitShift+1","bronze:Overheat+1","bronze:Shield"],"picked":"SKIP","floor":42.0},{"not_picked":["bronze:BronzeOrb+1","bronze:WildBeam","bronze:BitShift"],"picked":"SKIP","floor":43.0},{"not_picked":["bronze:CutThrough","bronze:DelayedGuard","bronze:Constructor"],"picked":"SKIP","floor":47.0},{"not_picked":["bronze:SpaghettiCode","bronze:ForLoop","bronze:BronzeOrb"],"picked":"SKIP","floor":48.0},{"not_picked":["bronze:Invalidate+1","bronze:Philosophize","bronze:Terminator"],"picked":"SKIP","floor":49}],"player_experience":1650620,"relics_obtained":[{"floor":9.0,"key":"Dead Branch"},{"floor":24.0,"key":"Lantern"},{"floor":31.0,"key":"Akabeko"},{"floor":41.0,"key":"Bag of Preparation"}],"event_choices":[{"damage_healed":0.0,"max_hp_gain":0.0,"max_hp_loss":0.0,"gold_gain":0.0,"event_name":"FaceTrader","player_choice":"Leave","floor":6.0,"gold_loss":0.0,"damage_taken":0.0},{"cards_removed":["bronze:Defend"],"damage_healed":0.0,"max_hp_gain":0.0,"max_hp_loss":0.0,"gold_gain":0.0,"event_name":"The Cleric","player_choice":"Card Removal","floor":14.0,"gold_loss":0.0,"damage_taken":0.0}],"is_beta":false,"boss_relics":[{"not_picked":["Empty Cage","hubris:BlackHole"],"picked":"SacredBark"},{"not_picked":["StSpp:FireArrow","bronze:MakeshiftBattery","Velvet Choker"]}],"items_purged_floors":[11,26],"is_endless":false,"potions_floor_spawned":[2,8,16,20,21,27,32,33,36,42,43,47],"killed_by":"IC_BLOCK_ARCHETYPE","ascension_level":6}}