{"host":"6to8m083wj0ro91z","time":1612642187,"event":{"mods":["BaseMod","Better Third Choice","BetterRewards","CatGirl Mod","ChefMod","Friendly Minions","Hubris","Mad Scientist","Marisa????????","Minty Spire (QoL Compilation)","Robot Space Explorer","Shade Mod","Spicy Shops","StSLib","The Blackbeard","The Death Knight","The Forsaken","The Gatherer","The Marked","The Mystic","The Necromancer","The Runesmith","The Servant 0.9.4","The Showman","The Vixen","Yohane!"],"gold_per_floor":[112,129,149,149,149,174,187,200,250,269,269,300,250,276,276,381,381,395,395,407,424,442,474,493,527,552,572,607,621,621,632,632,730,730,749,749,749,764,777,810,810,837,837,837,868,868,880,10,10,10,10,10,10,45,45],"floor_reached":56,"language":"ENG","playtime":3153,"items_purged":["TheVixenMod:Strike_TheVixen","TheVixenMod:Strike_TheVixen"],"score":1664,"play_id":"74525095-d155-40eb-8b34-8f1ce0eb0e7f","local_time":"20210206210947","is_ascension_mode":true,"campfire_choices":[{"data":"Sadistic Nature","floor":11,"key":"SMITH"},{"data":"TheVixenMod:Dazzling","floor":15,"key":"SMITH"},{"floor":30,"key":"REST"},{"data":"TheVixenMod:SynergyBurst","floor":32,"key":"SMITH"},{"floor":41,"key":"RECALL"},{"data":"TheVixenMod:LavaPlume","floor":44,"key":"SMITH"},{"floor":46,"key":"REST"},{"data":"TheVixenMod:LavaPlume","floor":49,"key":"SMITH"},{"data":"TheVixenMod:FlameBody","floor":52,"key":"SMITH"}],"circlet_count":0,"master_deck":["TheVixenMod:Defend_TheVixen+1","TheVixenMod:Defend_TheVixen","TheVixenMod:Defend_TheVixen","TheVixenMod:SunnyDay","TheVixenMod:Ember+1","Sadistic Nature+1","TheVixenMod:MindReader","TheVixenMod:FireFang","TheVixenMod:FlameBurst+1","TheVixenMod:ClearSky","TheVixenMod:LavaPlume+1","TheVixenMod:FlameBody+1","TheVixenMod:LavaPlume+1","TheVixenMod:Dazzling+1","TheVixenMod:SynergyBurst+1","TheVixenMod:Feint+1","TheVixenMod:Incinerate+1","TheVixenMod:Safeguard","Madness","Madness","Parasite","TheVixenMod:Endure"],"relics":["TheVixenMod:BurningStick","Turnip","Vajra","MealTicket","TheVixenMod:UmbreonRelic","hubris:TenFootPole","Oddly Smooth Stone","Odd Mushroom","Runic Pyramid","InkBottle","Regal Pillow","Boot","War Paint","hubris:TerracottaHorce","Pocketwatch","Nunchaku","hubris:Metronome","hubris:64BitClover","hubris:Potato","ClockworkSouvenir","hubris:SphereOfDissonance","Whetstone","Bag of Marbles"],"acts_visited":["Exordium","TheCity","TheBeyond","TheEnding"],"potions_floor_usage":[23,23,23,23,23,25,39,50,55,55],"damage_taken":[{"damage":0,"enemies":"Cultist","floor":1,"turns":3},{"damage":0,"enemies":"2 Louse","floor":2,"turns":3},{"damage":0,"enemies":"Small Slimes","floor":3,"turns":2},{"damage":0,"enemies":"Small Slimes","floor":4,"turns":5},{"damage":10,"enemies":"Lagavulin","floor":6,"turns":4},{"damage":0,"enemies":"Gremlin Gang","floor":7,"turns":4},{"damage":0,"enemies":"Looter","floor":8,"turns":2},{"damage":0,"enemies":"2 Fungi Beasts","floor":10,"turns":3},{"damage":0,"enemies":"Gremlin Nob","floor":12,"turns":2},{"damage":0,"enemies":"The Mushroom Lair","floor":14,"turns":3},{"damage":0,"enemies":"Hexaghost","floor":16,"turns":4},{"damage":0,"enemies":"Chosen","floor":18,"turns":4},{"damage":0,"enemies":"Shell Parasite","floor":20,"turns":4},{"damage":0,"enemies":"3 Cultists","floor":21,"turns":4},{"damage":0,"enemies":"Snecko","floor":22,"turns":3},{"damage":10,"enemies":"Gremlin Leader","floor":23,"turns":4},{"damage":3,"enemies":"Sentry and Sphere","floor":24,"turns":4},{"damage":25,"enemies":"Slavers","floor":25,"turns":4},{"damage":0,"enemies":"Cultist and Chosen","floor":27,"turns":4},{"damage":4,"enemies":"Book of Stabbing","floor":28,"turns":4},{"damage":0,"enemies":"3 Cultists","floor":29,"turns":3},{"damage":2,"enemies":"Shelled Parasite and Fungi","floor":31,"turns":3},{"damage":10,"enemies":"Champ","floor":33,"turns":5},{"damage":8,"enemies":"3 Darklings","floor":35,"turns":4},{"damage":0,"enemies":"Orb Walker","floor":38,"turns":3},{"damage":22,"enemies":"Writhing Mass","floor":39,"turns":4},{"damage":0,"enemies":"Nemesis","floor":40,"turns":3},{"damage":0,"enemies":"Giant Head","floor":42,"turns":4},{"damage":12,"enemies":"Nemesis","floor":45,"turns":5},{"damage":0,"enemies":"Spire Growth","floor":47,"turns":2},{"damage":14,"enemies":"Donu and Deca","floor":50,"turns":7},{"damage":45,"enemies":"Shield and Spear","floor":54,"turns":4},{"damage":24,"enemies":"The Heart","floor":55,"turns":6}],"seed_played":"3246703441653682904","potions_obtained":[{"floor":3,"key":"DeathKnight:RimePotion"},{"floor":6,"key":"Weak Potion"},{"floor":7,"key":"GamblersBrew"},{"floor":16,"key":"EssenceOfSteel"},{"floor":18,"key":"DistilledChaos"},{"floor":22,"key":"EntropicBrew"},{"floor":24,"key":"PowerPotion"},{"floor":29,"key":"FearPotion"},{"floor":31,"key":"SkillPotion"},{"floor":45,"key":"EssenceOfSteel"}],"is_trial":false,"path_per_floor":["M","M","M","?","?","E","M","M","T","M","R","E","?","?","R","B",null,"M","?","M","M","M","E","M","E","T","M","E","M","R","M","R","B",null,"M","?","?","M","M","E","R","E","T","R","E","R","M","$","R","B",null,"R","$","E","B",null],"character_chosen":"THE_VIXEN","items_purchased":["Sadistic Nature","Turnip","Vajra","MealTicket","hubris:Potato","ClockworkSouvenir","hubris:SphereOfDissonance","Whetstone"],"campfire_rested":2,"item_purchase_floors":[0,0,0,0,48,48,48,48],"current_hp_per_floor":[38,38,38,38,38,28,28,28,28,28,28,28,28,28,28,28,70,70,70,70,70,70,60,57,32,32,32,28,28,64,62,62,52,66,58,54,54,54,32,32,32,32,32,32,20,56,56,70,70,56,67,67,70,25,1],"gold":45,"neow_bonus":"","is_daily":false,"chose_seed":false,"campfire_upgraded":6,"win_rate":0.0,"timestamp":1612642187,"path_taken":["M","?","M","?","?","E","?","M","T","M","R","E","?","?","R","BOSS","M","?","M","M","M","E","M","E","T","?","E","M","R","M","R","BOSS","M","?","?","M","M","E","R","E","T","R","E","R","M","$","R","BOSS","R","$","E","BOSS"],"items_purchased_type":["Card","Relic","Relic","Relic","Relic","Relic","Relic","Relic"],"build_version":"2020-12-22","purchased_purges":2,"victory":true,"max_hp_per_floor":[70,70,70,70,70,70,70,70,70,70,70,70,70,70,70,70,70,70,70,70,70,70,70,70,70,70,70,70,70,70,70,70,70,70,70,70,70,70,70,70,70,70,70,70,70,70,70,70,70,70,70,70,70,70,70],"card_choices":[{"not_picked":["TheVixenMod:CADC","TheVixenMod:FlameCharge"],"picked":"TheVixenMod:MindReader","floor":1},{"not_picked":["TheVixenMod:Extrasensory","TheVixenMod:Amnesia"],"picked":"TheVixenMod:FireFang","floor":2},{"not_picked":["TheVixenMod:MagicCoat","TheVixenMod:Overheat"],"picked":"TheVixenMod:FlameBurst","floor":3},{"not_picked":["TheVixenMod:PsychUp","TheVixenMod:CADC"],"picked":"TheVixenMod:LavaPlume","floor":6},{"not_picked":["TheVixenMod:FlareBlitz","TheVixenMod:FlameBurst","TheVixenMod:Spite"],"picked":"SKIP","floor":7},{"not_picked":["TheVixenMod:FlameCharge","TheVixenMod:Endure","TheVixenMod:LavaPlume"],"picked":"SKIP","floor":8},{"not_picked":["TheVixenMod:PerishSong","TheVixenMod:Analytic"],"picked":"TheVixenMod:FlameBody","floor":10},{"not_picked":["TheVixenMod:FireSpin","TheVixenMod:Psybeam"],"picked":"TheVixenMod:LavaPlume","floor":12},{"not_picked":["TheVixenMod:Telepathy","TheVixenMod:CalmMind"],"picked":"TheVixenMod:Dazzling","floor":14},{"not_picked":["TheVixenMod:Moody","TheVixenMod:Safeguard"],"picked":"TheVixenMod:SynergyBurst","floor":16},{"not_picked":["TheVixenMod:Defiant","TheVixenMod:TrumpCard","TheVixenMod:Drought"],"picked":"SKIP","floor":18},{"not_picked":["TheVixenMod:Defiant","TheVixenMod:TrumpCard","TheVixenMod:Drought"],"picked":"SKIP","floor":18},{"not_picked":["TheVixenMod:Extrasensory","TheVixenMod:FlameBody","TheVixenMod:Barrier"],"picked":"SKIP","floor":20},{"not_picked":["TheVixenMod:CalmMind+1","TheVixenMod:MindReader","TheVixenMod:Flamethrower"],"picked":"SKIP","floor":21},{"not_picked":["TheVixenMod:Facade","TheVixenMod:ClearSky","TheVixenMod:CalmMind+1"],"picked":"SKIP","floor":22},{"not_picked":["TheVixenMod:HeatWave+1","TheVixenMod:CalmMind","TheVixenMod:Extrasensory"],"picked":"SKIP","floor":23},{"not_picked":["TheVixenMod:FlameCharge","TheVixenMod:FireFang","TheVixenMod:Confusion"],"picked":"SKIP","floor":24},{"not_picked":["TheVixenMod:Refresh","TheVixenMod:Flamethrower","TheVixenMod:Hypnosis"],"picked":"SKIP","floor":25},{"not_picked":["TheVixenMod:Confusion+1","TheVixenMod:WillOWisp","TheVixenMod:TailWhip"],"picked":"SKIP","floor":27},{"not_picked":["TheVixenMod:HeatWave+1","TheVixenMod:ConfuseRay+1"],"picked":"TheVixenMod:Incinerate+1","floor":28},{"not_picked":["TheVixenMod:Swagger+1","TheVixenMod:Drought","TheVixenMod:CalmMind"],"picked":"SKIP","floor":29},{"not_picked":["TheVixenMod:Wish","TheVixenMod:TrumpCard+1","TheVixenMod:CalmMind"],"picked":"SKIP","floor":31},{"not_picked":["TheVixenMod:BlastBurn","TheVixenMod:WonderRoom"],"picked":"TheVixenMod:Safeguard","floor":33},{"not_picked":["TheVixenMod:Overheat+1","TheVixenMod:Facade","TheVixenMod:FlameCharge+1"],"picked":"SKIP","floor":35},{"not_picked":["TheVixenMod:FireFang","TheVixenMod:FlameBurst","TheVixenMod:Feint+1"],"picked":"SKIP","floor":38},{"not_picked":["TheVixenMod:TailWhip+1","TheVixenMod:ConfuseRay+1","TheVixenMod:Feint"],"picked":"SKIP","floor":39},{"not_picked":["TheVixenMod:Agility","TheVixenMod:FlameBody","TheVixenMod:Overheat+1"],"picked":"SKIP","floor":40},{"not_picked":["TheVixenMod:Amnesia","TheVixenMod:MysticalFire","TheVixenMod:ShadowBall+1"],"picked":"SKIP","floor":42},{"not_picked":["TheVixenMod:FireBlast","TheVixenMod:ShadowBall+1","TheVixenMod:Psyshock+1"],"picked":"SKIP","floor":45},{"not_picked":["TheVixenMod:Analytic","TheVixenMod:Curse+1","TheVixenMod:Defiant"],"picked":"SKIP","floor":47},{"not_picked":["TheVixenMod:Overheat+1","TheVixenMod:Moody"],"picked":"TheVixenMod:Endure","floor":54}],"player_experience":1108508,"relics_obtained":[{"floor":6,"key":"hubris:TenFootPole"},{"floor":12,"key":"Oddly Smooth Stone"},{"floor":14,"key":"Odd Mushroom"},{"floor":23,"key":"InkBottle"},{"floor":25,"key":"Regal Pillow"},{"floor":26,"key":"Boot"},{"floor":28,"key":"War Paint"},{"floor":40,"key":"Pocketwatch"},{"floor":42,"key":"Nunchaku"},{"floor":43,"key":"hubris:Metronome"},{"floor":45,"key":"hubris:64BitClover"},{"floor":54,"key":"Bag of Marbles"}],"event_choices":[{"damage_healed":0,"gold_gain":0,"player_choice":"Fight the Beast\u0027s assailants","damage_taken":0,"relics_obtained":["TheVixenMod:UmbreonRelic"],"max_hp_gain":0,"max_hp_loss":0,"event_name":"Creature of the Night","floor":4,"gold_loss":0},{"damage_healed":0,"gold_gain":0,"cards_transformed":["TheVixenMod:Strike_TheVixen"],"player_choice":"Transformed","damage_taken":0,"max_hp_gain":0,"max_hp_loss":0,"event_name":"Transmorgrifier","floor":5,"gold_loss":0,"cards_obtained":["TheVixenMod:ClearSky"]},{"cards_removed":["TheVixenMod:Strike_TheVixen"],"damage_healed":0,"gold_gain":0,"player_choice":"Card Removal","damage_taken":0,"max_hp_gain":0,"max_hp_loss":0,"event_name":"The Cleric","floor":13,"gold_loss":50},{"damage_healed":0,"gold_gain":0,"player_choice":"Fought Mushrooms","damage_taken":0,"max_hp_gain":0,"max_hp_loss":0,"event_name":"Mushrooms","floor":14,"gold_loss":0},{"damage_healed":0,"gold_gain":0,"cards_transformed":["TheVixenMod:Defend_TheVixen"],"player_choice":"Transformed","damage_taken":0,"max_hp_gain":0,"max_hp_loss":0,"event_name":"Transmorgrifier","floor":19,"gold_loss":0,"cards_obtained":["TheVixenMod:Feint"]},{"damage_healed":0,"gold_gain":0,"player_choice":"Embrace Madness","damage_taken":9,"max_hp_gain":0,"max_hp_loss":0,"event_name":"Winding Halls","floor":36,"gold_loss":0,"cards_obtained":["Madness","Madness"]},{"damage_healed":0,"gold_gain":0,"player_choice":"Ignored","damage_taken":0,"max_hp_gain":0,"max_hp_loss":0,"event_name":"Tomb of Lord Red Mask","floor":37,"gold_loss":0}],"is_beta":false,"boss_relics":[{"not_picked":["hubris:Stopwatch","hubris:BlackHole"],"picked":"Runic Pyramid"},{"not_picked":["hubris:HollowSoul","Snecko Eye"],"picked":"hubris:TerracottaHorce"}],"items_purged_floors":[0,0],"is_endless":false,"potions_floor_spawned":[3,4,6,7,16,18,20,22,24,29,31,38,45,47],"ascension_level":5}}