{"host":"5v9rfzf5qju8k9wy","time":1612594892,"event":{"mods":["Act Like it!","BaseMod","Gensokyo","Jorbs\u0027s Wanderer Trilogy","Marisa£®ÏF”Í°°ƒß¿Ì…≥£©","Minty Spire (QoL Compilation)","StSLib","Youmu£®ªÍ∆«—˝√Œ£©"],"gold_per_floor":[118,129,129,129,139,139,150,162,162,179,196,267,281,281],"floor_reached":13,"language":"ZHS","playtime":631,"items_purged":[],"score":83,"play_id":"0a1023a7-bd7a-4dc2-9c76-d4f9aa355d2d","local_time":"20210206150132","is_ascension_mode":true,"campfire_choices":[{"data":"CasketOfStar","floor":6.0,"key":"SMITH"}],"circlet_count":0,"master_deck":["Strike_MRS","Strike_MRS","Strike_MRS","Defend_MRS","Defend_MRS","Defend_MRS","Defend_MRS","MasterSpark","UpSweep","DarkMatter","ChargeUpSpray","CasketOfStar+1","MagicAbsorber","GalacticHalo","Acceleration","Robbery","RefractionSpark","OrrerysSun"],"relics":["MiniHakkero","NeowsBlessing","Gremlin Horn","Blood Vial"],"acts_visited":["Exordium"],"potions_floor_usage":[],"damage_taken":[{"damage":0.0,"enemies":"2 Louse","floor":1.0,"turns":1.0},{"damage":0.0,"enemies":"Small Slimes","floor":2.0,"turns":1.0},{"damage":0.0,"enemies":"Cultist","floor":5.0,"turns":1.0},{"damage":4.0,"enemies":"Exordium Wildlife","floor":7.0,"turns":3.0},{"damage":2.0,"enemies":"Blue Slaver","floor":8.0,"turns":3.0},{"damage":0,"enemies":"Looter","floor":10,"turns":3},{"damage":8,"enemies":"Red Slaver","floor":11,"turns":4},{"damage":36,"enemies":"Lagavulin Event","floor":12,"turns":7},{"damage":30,"enemies":"Gremlin Nob","floor":13,"turns":4}],"seed_played":"2024899505701758495","potions_obtained":[{"floor":2.0,"key":"Dexterity Potion"},{"floor":8.0,"key":"SteroidPotion"}],"is_trial":false,"path_per_floor":["M","M","?","?","M","R","M","M","T","M","M","?","E"],"character_chosen":"MARISA","items_purchased":[],"campfire_rested":0,"item_purchase_floors":[],"current_hp_per_floor":[75,75,75,75,75,75,71,69,69,69,61,25,0,0],"gold":281,"neow_bonus":"THREE_ENEMY_KILL","is_daily":false,"chose_seed":false,"campfire_upgraded":1,"win_rate":0.0,"timestamp":1612594892,"path_taken":["M","M","?","?","?","R","M","M","T","M","M","?","E"],"items_purchased_type":[],"build_version":"2020-12-22","purchased_purges":0,"victory":false,"max_hp_per_floor":[75,75,75,75,75,75,75,75,75,75,75,75,75,75],"card_choices":[{"not_picked":["LuminesStrike","PowerUp"],"picked":"DarkMatter","floor":1.0},{"not_picked":["DarkSpark","DC"],"picked":"ChargeUpSpray","floor":2.0},{"not_picked":["WitchLeyline","UnstableBomb"],"picked":"MagicAbsorber","floor":5.0},{"not_picked":["MysteriousBeam","DC"],"picked":"GalacticHalo","floor":7.0},{"not_picked":["AsteroidBelt","MilkyWay"],"picked":"Acceleration","floor":8.0},{"not_picked":["GrandCross","UnstableBomb"],"picked":"Robbery","floor":10},{"not_picked":["PowerUp","ShootingEcho"],"picked":"RefractionSpark","floor":11},{"not_picked":["WitchLeyline","NonDirectionalLaser"],"picked":"OrrerysSun","floor":12}],"player_experience":118862,"relics_obtained":[{"floor":12,"key":"Blood Vial"}],"event_choices":[{"damage_healed":0.0,"max_hp_gain":0.0,"max_hp_loss":0.0,"gold_gain":0.0,"cards_transformed":["Strike_MRS"],"event_name":"Living Wall","player_choice":"Change","floor":3.0,"gold_loss":0.0,"damage_taken":0.0,"cards_obtained":["CasketOfStar"]},{"damage_healed":0.0,"max_hp_gain":0.0,"max_hp_loss":0.0,"gold_gain":0.0,"event_name":"WeMeetAgain","player_choice":"Gave Potion","floor":4.0,"gold_loss":0.0,"damage_taken":0.0,"relics_obtained":["Gremlin Horn"]},{"damage_healed":0,"gold_gain":0,"player_choice":"Searched \u00271\u0027 times","damage_taken":0,"max_hp_gain":0,"max_hp_loss":0,"event_name":"Dead Adventurer","floor":12,"gold_loss":0}],"is_beta":false,"boss_relics":[],"items_purged_floors":[],"is_endless":false,"potions_floor_spawned":[2,8],"killed_by":"Gremlin Nob","ascension_level":1}}