{"host":"18wi9kpcl4eah7pe","time":1612627830,"event":{"mods":["BaseMod","Colored Powertips","Downfall","Minty Spire (QoL Compilation)","StSLib"],"gold_per_floor":[99,99,99,549,549,579,651,826,726,740,740,772,672,692,711,806,806,806,906,906,906,922,922,922,272,272,301,313,313,313,332,345,444,444,444,494,514,181,181,207,260,165,200,229,25,25,25,25,53,53],"floor_reached":51,"language":"ENG","playtime":2885,"items_purged":["Doubt","downfall:Icky","downfall:Icky"],"score":994,"play_id":"6835dc83-a4cd-42cb-856f-469c27c5234b","local_time":"20210206101030","is_ascension_mode":true,"campfire_choices":[{"floor":1,"key":"RECALL"},{"floor":9,"key":"REST"},{"floor":13,"key":"REST"},{"data":"champ:ArenaPreparation","floor":18,"key":"SMITH"},{"floor":23,"key":"REST"},{"floor":30,"key":"REST"},{"data":"champ:MurderStrike","floor":35,"key":"SMITH"},{"floor":47,"key":"REST"}],"circlet_count":0,"master_deck":["champ:Strike","champ:Strike","champ:Strike","champ:Strike","champ:Defend","champ:Defend","champ:Defend","champ:Defend","champ:Execute","champ:Taunt","champ:ArenaPreparation+1","champ:RisingSlash","champ:FancyFootwork","champ:PreciseThrust","champ:DefensiveStyle","champ:BerserkerStyle","champ:RageSigil","champ:CalledShot","champ:CheapShot","champ:BringItOn","champ:ArenaPreparation+1","champ:FalseCounter","champ:FlashCut","champ:EndlessRage+1","champ:Circumvent","champ:FlashCut","champ:HoldFirm","champ:MurderStrike+1","champ:SwordSigil+1","champ:FanOfKnives","expansioncontent:Chronoboost","champ:Parry","champ:FlashCut+1","expansioncontent:QuickStudy","champ:PerfectedStrike+1","champ:StanceDance+1","champ:PreemptiveStrike+1","champ:Shatter+1"],"relics":["champ:ChampionCrown","downfall:HeartsMalice","InkBottle","Pantograph","downfall:HeartBlessingRed","Eternal Feather","downfall:HeartBlessingGreen","Black Star","champ:BlackKnightHelmet","Ornamental Fan","Smiling Mask","Omamori","Medical Kit","champ:GladiatorsBookOfMartialProwess","StoneCalendar","Anchor","Lantern","Calling Bell","Tiny Chest","Mummified Hand","champ:SignatureFinisher","Incense Burner","Molten Egg 2","Juzu Bracelet","Strawberry","ClockworkSouvenir","CeramicFish","Pocketwatch","OrangePellets"],"acts_visited":["Exordium","TheCity","TheBeyond"],"potions_floor_usage":[12,16,16,33,33,36,37,42,50],"damage_taken":[{"damage":0,"enemies":"Jaw Worm","floor":2,"turns":1},{"damage":0,"enemies":"2 Louse","floor":3,"turns":1},{"damage":0,"enemies":"Small Slimes","floor":5,"turns":1},{"damage":80,"enemies":"Gremlin Nob","floor":6,"turns":6},{"damage":8,"enemies":"Exordium Wildlife","floor":10,"turns":3},{"damage":60,"enemies":"Lagavulin","floor":12,"turns":7},{"damage":23,"enemies":"3 Louse","floor":14,"turns":3},{"damage":15,"enemies":"Large Slime","floor":15,"turns":5},{"damage":47,"enemies":"DF_ARCHETYPE_STREAMLINE","floor":16,"turns":12},{"damage":158,"enemies":"DF_ARCHETYPE_STREAMLINE","floor":19,"turns":10},{"damage":38,"enemies":"Spheric Guardian","floor":22,"turns":3},{"damage":61,"enemies":"downfall:FleeingMerchant","floor":25,"turns":5},{"damage":36,"enemies":"Gremlin Leader","floor":27,"turns":5},{"damage":10,"enemies":"Shelled Parasite and Fungi","floor":28,"turns":5},{"damage":75,"enemies":"Snake Plant","floor":31,"turns":5},{"damage":15,"enemies":"Chosen and Byrds","floor":32,"turns":2},{"damage":157,"enemies":"WA_ARCHETYPE_CALM","floor":33,"turns":10},{"damage":96,"enemies":"WA_ARCHETYPE_CALM","floor":36,"turns":7},{"damage":66,"enemies":"Orb Walker","floor":37,"turns":3},{"damage":104,"enemies":"Reptomancer","floor":40,"turns":8},{"damage":71,"enemies":"downfall:FleeingMerchant","floor":42,"turns":5},{"damage":72,"enemies":"Giant Head","floor":43,"turns":7},{"damage":35,"enemies":"3 Shapes","floor":44,"turns":3},{"damage":93,"enemies":"Writhing Mass","floor":49,"turns":4},{"damage":134,"enemies":"SI_POISON_ARCHETYPE","floor":50,"turns":13}],"seed_played":"-2020711870593126014","potions_obtained":[{"floor":6,"key":"Explosive Potion"},{"floor":14,"key":"SkillPotion"},{"floor":15,"key":"Slimebound:ThreeZeroPotion"},{"floor":22,"key":"Guardian:BlockOnCardUsePotion"},{"floor":27,"key":"Dexterity Potion"},{"floor":31,"key":"hexamod:SoulburnPotion"},{"floor":32,"key":"Swift Potion"},{"floor":33,"key":"Block Potion"},{"floor":36,"key":"Swift Potion"},{"floor":40,"key":"ColorlessPotion"},{"floor":44,"key":"Explosive Potion"}],"is_trial":false,"path_per_floor":["R","M","M","?","M","E","T","?","R","M","?","E","R","M","M","B",null,"R","?","?","?","M","R","T","$","?","E","M","?","R","M","M","B",null,"R","?","M","?","?","E","T","$","E","M","$","T","R","?","M","B",null],"character_chosen":"THE_CHAMP","items_purchased":["Omamori","Medical Kit","champ:GladiatorsBookOfMartialProwess","ClockworkSouvenir","expansioncontent:QuickStudy","champ:PerfectedStrike+1","OrangePellets"],"campfire_rested":5,"item_purchase_floors":[25,25,25,42,42,42,45],"current_hp_per_floor":[90,90,90,90,90,25,25,25,52,49,49,11,50,27,19,7,69,81,20,20,20,20,62,62,62,44,43,33,33,76,66,66,9,74,92,81,67,107,107,69,76,80,43,43,43,43,98,90,60,60],"gold":53,"neow_bonus":"THREE_ENEMY_KILL","is_daily":false,"chose_seed":false,"campfire_upgraded":2,"win_rate":0.0,"timestamp":1612627830,"path_taken":["R","M","M","?","M","E","T","?","R","M","?","E","R","M","M","BOSS","R","?","?","?","?","R","T","$","?","E","M","?","R","M","M","BOSS","R","?","M","?","?","E","T","$","E","M","$","?","R","?","M","BOSS"],"items_purchased_type":["Relic","Relic","Relic","Relic","Card","Card","Relic"],"build_version":"2020-12-22","purchased_purges":3,"victory":true,"max_hp_per_floor":[90,90,90,90,90,90,90,90,90,90,90,90,90,90,90,90,90,90,90,90,90,90,90,90,90,95,95,95,95,95,95,95,95,95,95,95,95,107,107,107,114,114,114,114,114,114,114,114,114,114],"card_choices":[{"not_picked":["champ:Encircle","champ:GladiatorStyle"],"picked":"champ:ArenaPreparation","floor":2},{"not_picked":["champ:ShieldWall","champ:DefensiveShout"],"picked":"champ:RisingSlash","floor":3},{"not_picked":["champ:FaceSlap","champ:Haymaker"],"picked":"champ:FancyFootwork","floor":5},{"not_picked":["champ:EnGarde","champ:RapidStrikes"],"picked":"champ:PreciseThrust","floor":6},{"not_picked":["champ:BladeFlurry","champ:Lariat"],"picked":"champ:DefensiveStyle","floor":10},{"not_picked":["champ:PreciseThrust","champ:VampiricStrike"],"picked":"champ:BerserkerStyle","floor":12},{"not_picked":["champ:Duel","champ:CrownThrow"],"picked":"champ:RageSigil","floor":14},{"not_picked":["champ:PreemptiveStrike","champ:PerfectedStrike"],"picked":"champ:CalledShot","floor":15},{"not_picked":["champ:IgnorePain","champ:SwordThrow"],"picked":"champ:CheapShot","floor":16},{"not_picked":["champ:Parry","champ:FlashCut"],"picked":"champ:BringItOn","floor":19},{"not_picked":["champ:RecklessLeap+1","champ:BladeFlurry"],"picked":"champ:FalseCounter","floor":22},{"not_picked":["champ:CrownThrow+1","champ:EnchantShield"],"picked":"champ:FlashCut","floor":25},{"not_picked":["champ:BringItOn","champ:BerserkersShout"],"picked":"champ:EndlessRage+1","floor":27},{"not_picked":["champ:RisingSlash+1","champ:CalledShot+1"],"picked":"champ:Circumvent","floor":28},{"not_picked":["champ:BringItOn","champ:PerfectedStrike"],"picked":"champ:FlashCut","floor":31},{"not_picked":["champ:EndlessRage","champ:EnGarde"],"picked":"champ:HoldFirm","floor":32},{"not_picked":["champ:UltimateStance","champ:EnchantCrown"],"picked":"champ:MurderStrike","floor":33},{"not_picked":["champ:BringItOn","champ:BerserkerStyle"],"picked":"champ:SwordSigil","floor":36},{"not_picked":["champ:GutPunch+1","champ:RisingSlash"],"picked":"champ:FanOfKnives","floor":37},{"not_picked":["expansioncontent:PolyBeam","expansioncontent:InvincibleStrength"],"picked":"expansioncontent:Chronoboost","floor":39},{"not_picked":["champ:RisingSlash+1","champ:BladeFlurry+1"],"picked":"champ:Parry","floor":40},{"not_picked":["champ:EnragedBash+1","champ:FalseCounter"],"picked":"champ:FlashCut+1","floor":42},{"not_picked":["champ:BerserkersShout","champ:EnchantShield"],"picked":"champ:StanceDance+1","floor":43},{"not_picked":["champ:CrownThrow+1","champ:StanceDance"],"picked":"champ:PreemptiveStrike+1","floor":44},{"not_picked":["champ:Backstep","champ:FocusedBerserking+1"],"picked":"champ:Shatter+1","floor":49}],"player_experience":996219,"relics_obtained":[{"floor":6,"key":"InkBottle"},{"floor":7,"key":"Pantograph"},{"floor":12,"key":"Eternal Feather"},{"floor":19,"key":"champ:BlackKnightHelmet"},{"floor":19,"key":"Ornamental Fan"},{"floor":24,"key":"Smiling Mask"},{"floor":27,"key":"StoneCalendar"},{"floor":27,"key":"Anchor"},{"floor":34,"key":"Tiny Chest"},{"floor":34,"key":"Mummified Hand"},{"floor":34,"key":"champ:SignatureFinisher"},{"floor":36,"key":"Incense Burner"},{"floor":40,"key":"Molten Egg 2"},{"floor":40,"key":"Juzu Bracelet"},{"floor":41,"key":"Strawberry"},{"floor":43,"key":"CeramicFish"},{"floor":43,"key":"Pocketwatch"}],"event_choices":[{"damage_healed":0,"gold_gain":0,"player_choice":"Stole Relic","damage_taken":0,"relics_obtained":["Lantern"],"max_hp_gain":0,"max_hp_loss":0,"event_name":"Addict","floor":29,"gold_loss":0,"cards_obtained":["Pride"]}],"is_beta":false,"boss_relics":[{"not_picked":["Busted Crown","Pandora\u0027s Box"],"picked":"Black Star"},{"not_picked":["bronze:MakeshiftBattery","Velvet Choker"],"picked":"Calling Bell"}],"items_purged_floors":[25,42,45],"is_endless":false,"potions_floor_spawned":[6,14,15,22,27,31,32,33,36,40,44],"ascension_level":5}}