{"host":"1m3dfme8k5w8sg4k","time":1612570094,"event":{"mods":["AchievementEnabler","BaseMod","Colored Map","Colored Powertips","Minty Spire (QoL Compilation)","Random Character Button","Random Character Mod","Relic Stats","StSLib","everything is the same but u backflip on backflip"],"gold_per_floor":[115,115,138,161,161,202,225,225,277,277,297,297,297,338,338,466,466,491,515,539,552,467,508,508,508],"floor_reached":24,"language":"ENG","playtime":1065,"items_purged":[],"score":226,"play_id":"9cfe7aec-4f16-404a-806c-164b854b0d31","local_time":"20210205190814","is_ascension_mode":false,"campfire_choices":[{"floor":8,"key":"REST"},{"data":"Neutralize","floor":10,"key":"SMITH"},{"data":"Deadly Poison","floor":13,"key":"SMITH"},{"data":"Dash","floor":15,"key":"SMITH"}],"circlet_count":0,"master_deck":["Strike_G","Strike_G","Strike_G","Defend_G","Defend_G+1","Defend_G","Defend_G+1","Survivor","Neutralize+1","Deadly Poison+1","Sucker Punch","Dagger Spray","Dodge and Roll","Dagger Throw","Dash+1","Burst","Malaise+1","Infinite Blades+1","Tactician+1","Terror","Deflect","Underhanded Strike+1","Cloak And Dagger","Noxious Fumes"],"relics":["Runic Dome","Golden Idol","Happy Flower","Eternal Feather","Vajra","Ancient Tea Set","War Paint","Kunai","Astrolabe","Anchor","Molten Egg 2"],"acts_visited":["Exordium","TheCity"],"potions_floor_usage":[24],"damage_taken":[{"damage":2,"enemies":"Small Slimes","floor":1,"turns":5},{"damage":0,"enemies":"Jaw Worm","floor":3,"turns":4},{"damage":44,"enemies":"Gremlin Nob","floor":6,"turns":6},{"damage":1,"enemies":"2 Louse","floor":7,"turns":3},{"damage":0,"enemies":"Looter","floor":11,"turns":3},{"damage":27,"enemies":"3 Sentries","floor":14,"turns":7},{"damage":13,"enemies":"Hexaghost","floor":16,"turns":10},{"damage":7,"enemies":"Spheric Guardian","floor":18,"turns":5},{"damage":8,"enemies":"3 Byrds","floor":19,"turns":5},{"damage":14,"enemies":"3 Cultists","floor":20,"turns":6},{"damage":0,"enemies":"Centurion and Healer","floor":21,"turns":6},{"damage":21,"enemies":"Gremlin Leader","floor":23,"turns":8},{"damage":19,"enemies":"Masked Bandits","floor":24,"turns":4}],"seed_played":"4940273776022570581","potions_obtained":[{"floor":6,"key":"SpeedPotion"},{"floor":11,"key":"Ancient Potion"},{"floor":18,"key":"Swift Potion"}],"is_trial":false,"path_per_floor":["M","?","M","T","?","E","M","R","T","R","M","T","R","E","R","B",null,"M","M","M","M","?","E","?"],"character_chosen":"THE_SILENT","items_purchased":[],"campfire_rested":1,"item_purchase_floors":[],"current_hp_per_floor":[68,65,65,65,53,9,8,36,36,45,45,45,54,27,36,23,65,58,50,36,36,36,15,0,0],"gold":508,"neow_bonus":"BOSS_RELIC","is_daily":false,"chose_seed":false,"campfire_upgraded":3,"win_rate":0.0,"timestamp":1612570094,"path_taken":["M","?","M","?","?","E","M","R","T","R","M","?","R","E","R","BOSS","M","M","M","M","?","E","?"],"items_purchased_type":[],"build_version":"2020-12-22","purchased_purges":0,"victory":false,"max_hp_per_floor":[70,65,65,65,65,65,65,65,65,65,65,65,65,65,65,65,65,65,65,65,65,65,65,65,65],"relic_stats":{"Happy Flower":[21],"counters":[13,72],"Golden Idol":91,"Astrolabe":["Malaise","Infinite Blades","Tactician"],"Eternal Feather":36,"Kunai":[20],"War Paint":["Defend_G","Defend_G"],"obtain_stats":[{"Runic Dome":0,"Anchor":22,"Happy Flower":4,"Golden Idol":2,"Astrolabe":17,"Vajra":6,"Eternal Feather":5,"Molten Egg 2":23,"Kunai":14,"War Paint":12,"Ancient Tea Set":9,"Ring of the Snake":0},{"Runic Dome":0,"Anchor":11,"Happy Flower":2,"Golden Idol":1,"Astrolabe":7,"Vajra":3,"Eternal Feather":2,"Molten Egg 2":12,"Kunai":6,"War Paint":5,"Ancient Tea Set":4,"Ring of the Snake":0},{"Runic Dome":0,"Anchor":60,"Happy Flower":9,"Golden Idol":5,"Astrolabe":38,"Vajra":15,"Eternal Feather":9,"Molten Egg 2":68,"Kunai":28,"War Paint":21,"Ancient Tea Set":18,"Ring of the Snake":0}]},"card_choices":[{"not_picked":["Underhanded Strike","Distraction"],"picked":"Deadly Poison","floor":1},{"not_picked":["Finisher","Prepared"],"picked":"Sucker Punch","floor":3},{"not_picked":["Prepared","Terror"],"picked":"Dagger Spray","floor":6},{"not_picked":["Underhanded Strike","Poisoned Stab"],"picked":"Dodge and Roll","floor":7},{"not_picked":["PiercingWail","Choke"],"picked":"Dagger Throw","floor":11},{"not_picked":["Dodge and Roll","Tools of the Trade"],"picked":"Dash","floor":14},{"not_picked":["Doppelganger","Unload"],"picked":"Burst","floor":16},{"not_picked":["Poisoned Stab","Distraction+1"],"picked":"Terror","floor":18},{"not_picked":["Terror","Prepared"],"picked":"Deflect","floor":19},{"not_picked":["Riddle With Holes","Concentrate"],"picked":"Underhanded Strike+1","floor":20},{"not_picked":["Bane","Sucker Punch"],"picked":"Cloak And Dagger","floor":21},{"not_picked":["Setup","Flechettes+1"],"picked":"Noxious Fumes","floor":23}],"player_experience":1619712,"relics_obtained":[{"floor":4,"key":"Happy Flower"},{"floor":6,"key":"Vajra"},{"floor":9,"key":"Ancient Tea Set"},{"floor":12,"key":"War Paint"},{"floor":14,"key":"Kunai"},{"floor":23,"key":"Molten Egg 2"}],"event_choices":[{"damage_healed":0,"gold_gain":0,"player_choice":"Lose Max HP","damage_taken":0,"relics_obtained":["Golden Idol"],"max_hp_gain":0,"max_hp_loss":5,"event_name":"Golden Idol","floor":2,"gold_loss":0},{"damage_healed":0,"gold_gain":0,"player_choice":"Success","damage_taken":12,"relics_obtained":["Eternal Feather"],"max_hp_gain":0,"max_hp_loss":0,"event_name":"Scrap Ooze","floor":5,"gold_loss":0},{"damage_healed":0,"gold_gain":0,"player_choice":"Obtained Relic","damage_taken":0,"relics_obtained":["Anchor"],"max_hp_gain":0,"max_hp_loss":0,"event_name":"Addict","floor":22,"gold_loss":85},{"damage_healed":0,"gold_gain":0,"player_choice":"Fought Bandits","damage_taken":0,"max_hp_gain":0,"max_hp_loss":0,"event_name":"Masked Bandits","floor":24,"gold_loss":0}],"is_beta":false,"boss_relics":[{"not_picked":["Tiny House","Velvet Choker"],"picked":"Astrolabe"}],"items_purged_floors":[],"is_endless":false,"potions_floor_spawned":[6,11,18,23],"killed_by":"Masked Bandits","ascension_level":0}}