{"host":"og21o26alpnbwmz8","time":1612634548,"event":{"mods":["Act Like it!","Aspiration","BaseMod","Conspire","Downfall","Halation","Hallownest","Hubris","Jedi Mod","Mimic Mod","Minty Spire (QoL Compilation)","Pale of the Ancients","Reliquary","Replay The Spire","Shop Mod","Spikes Relics","StSLib","The Alterego","The Blackbeard","The Blue Laboratory","The Death Knight","The Runesmith","Waifu the Spire"],"gold_per_floor":[99,99,99,99,199,226,226,286,336,386,417,434,334,354,370,370,370,370],"floor_reached":16,"language":"ENG","playtime":581,"items_purged":[],"score":108,"play_id":"98cdc0d9-d4d8-4ce8-a5c9-847ceb9287d2","local_time":"20210206130228","is_ascension_mode":false,"campfire_choices":[{"data":"champ:Taunt","floor":1,"key":"SMITH"},{"data":"champ:Duel","floor":13,"key":"SMITH"}],"circlet_count":0,"master_deck":["champ:Strike","champ:Strike","champ:Strike","champ:Strike","champ:Defend","champ:Defend","champ:Defend","champ:Defend","champ:Execute","champ:Taunt+1","champ:Duel+1","champ:DefensiveShout","champ:RisingSlash","champ:PreciseThrust","champ:ArenaPreparation","champ:ShieldSigil"],"relics":["champ:ChampionCrown","downfall:HeartsMalice","downfall:CloakOfManyFaces","CultistMask","FaceOfCleric","NlothsMask","GremlinMask","SsserpentHead","Omamori","hubris:Towel","Quantum Egg","downfall:HeartBlessingGreen"],"acts_visited":["Exordium"],"potions_floor_usage":[8],"damage_taken":[{"damage":0,"enemies":"Jaw Worm","floor":2,"turns":1},{"damage":0,"enemies":"Cultist","floor":3,"turns":1},{"damage":0,"enemies":"2 Louse","floor":4,"turns":1},{"damage":45,"enemies":"downfall:FaceTrader","floor":5,"turns":12},{"damage":34,"enemies":"3 Sentries","floor":6,"turns":6},{"damage":0,"enemies":"Blue Slaver","floor":8,"turns":2},{"damage":23,"enemies":"Gremlin Nob","floor":11,"turns":4},{"damage":0,"enemies":"3 Louse","floor":12,"turns":2},{"damage":2,"enemies":"Large Slime","floor":14,"turns":5},{"damage":2,"enemies":"Exordium Thugs","floor":15,"turns":2},{"damage":66,"enemies":"DF_ARCHETYPE_STREAMLINE","floor":16,"turns":6}],"seed_played":"-7927504431578469323","potions_obtained":[{"floor":6,"key":"SteroidPotion"},{"floor":11,"key":"AttackPotion"},{"floor":14,"key":"Explosive Potion"},{"floor":15,"key":"Weak Potion"}],"is_trial":false,"path_per_floor":["R","M","M","M","?","E","T","M","?","?","E","M","R","M","M","B"],"character_chosen":"THE_CHAMP","items_purchased":[],"campfire_rested":0,"item_purchase_floors":[],"current_hp_per_floor":[90,90,90,90,75,62,62,63,63,63,51,52,52,51,50,0,0,0],"gold":370,"neow_bonus":"THREE_ENEMY_KILL","is_daily":false,"chose_seed":false,"campfire_upgraded":2,"win_rate":0.0,"timestamp":1612634548,"path_taken":["R","M","M","M","?","E","T","?","?","?","E","M","R","M","M","BOSS"],"items_purchased_type":[],"build_version":"2020-12-22","purchased_purges":0,"victory":false,"max_hp_per_floor":[90,90,90,90,90,91,91,92,92,92,93,94,94,95,96,96,96,96],"card_choices":[{"not_picked":["champ:FanOfKnives","champ:GladiatorStyle"],"picked":"champ:Duel","floor":2},{"not_picked":["champ:BladeFlurry","champ:Backstep","champ:BringItOn"],"picked":"SKIP","floor":3},{"not_picked":["champ:Backstep","champ:CalledShot"],"picked":"champ:DefensiveShout","floor":4},{"not_picked":["champ:Circumvent","champ:FanOfKnives"],"picked":"champ:RisingSlash","floor":5},{"not_picked":["champ:EndlessRage","champ:CrownThrow","champ:LastStand"],"picked":"SKIP","floor":6},{"not_picked":["champ:IronFortress","champ:CrownThrow"],"picked":"champ:PreciseThrust","floor":8},{"not_picked":["champ:FocusedBerserking","champ:PerfectedStrike","champ:DefensiveShout"],"picked":"SKIP","floor":11},{"not_picked":["champ:EnGarde","champ:CrownThrow"],"picked":"champ:ArenaPreparation","floor":12},{"not_picked":["champ:Duel","champ:EndlessRage"],"picked":"champ:ShieldSigil","floor":14},{"not_picked":["champ:DeathBlow","champ:GutPunch","champ:Haymaker"],"picked":"SKIP","floor":15}],"player_experience":239179,"relics_obtained":[{"floor":5,"key":"downfall:CloakOfManyFaces"},{"floor":6,"key":"Omamori"},{"floor":11,"key":"Quantum Egg"}],"event_choices":[],"is_beta":false,"boss_relics":[],"items_purged_floors":[],"is_endless":false,"potions_floor_spawned":[6,11,14,15],"killed_by":"DF_ARCHETYPE_STREAMLINE","ascension_level":0}}