{"host":"dn025qx6yu0j7rqc","time":1612583638,"event":{"mods":["BaseMod","Colored Map","Minty Spire (QoL Compilation)","Relic Stats","StSLib"],"gold_per_floor":[114,19,29,42,42,77,77,104,152,168,168,185,211,94,94,165,165,180,180,206,121,133,133,166,178,178,208,240,240,260,295,295,366,366,381,381,48,48,68,68,103,103,103,138,138,166,183,86,86,86,86],"floor_reached":50,"language":"ENG","playtime":2634,"items_purged":["Strike_G","Defend_G"],"score":1633,"play_id":"d4807be3-dd6b-404f-a2cb-1aaaaabf4dcb","local_time":"20210205195358","is_ascension_mode":true,"campfire_choices":[{"data":"Cloak And Dagger","floor":7.0,"key":"SMITH"},{"data":"Terror","floor":11.0,"key":"SMITH"},{"data":"Blade Dance","floor":15.0,"key":"SMITH"},{"data":"Phantasmal Killer","floor":23.0,"key":"SMITH"},{"data":"Blade Dance","floor":29.0,"key":"SMITH"},{"data":"Acrobatics","floor":32.0,"key":"SMITH"},{"data":"Expertise","floor":40.0,"key":"SMITH"},{"floor":45.0,"key":"RECALL"},{"data":"Reflex","floor":49.0,"key":"SMITH"}],"circlet_count":0,"master_deck":["AscendersBane","Strike_G+1","Strike_G+1","Defend_G","Defend_G","Defend_G+1","Defend_G","Survivor","Neutralize","Cloak And Dagger+1","Terror+1","Reflex+1","Tactician","Crippling Poison","Endless Agony","Concentrate+1","Blade Dance+1","Infinite Blades","Phantasmal Killer+1","Backstab+1","Ghostly","Ghostly","Ghostly","Dagger Throw+1","Accuracy+1","Acrobatics+1","Blade Dance+1","Finisher+1","Corpse Explosion","Wraith Form v2+1","Calculated Gamble","Phantasmal Killer+1","Calculated Gamble","Expertise+1","Tactician","PiercingWail","Flash of Steel+1"],"relics":["WristBlade","Gremlin Horn","Blood Vial","Whetstone","Molten Egg 2","Empty Cage","Akabeko","Snake Skull","Orichalcum","War Paint","Red Mask","Sundial","Oddly Smooth Stone","SlaversCollar","DollysMirror","Juzu Bracelet","Question Card","Pear","Bag of Preparation"],"acts_visited":["Exordium","TheCity","TheBeyond"],"potions_floor_usage":[50],"damage_taken":[{"damage":1.0,"enemies":"Cultist","floor":1.0,"turns":4.0},{"damage":5.0,"enemies":"2 Louse","floor":3.0,"turns":4.0},{"damage":1.0,"enemies":"Jaw Worm","floor":4.0,"turns":4.0},{"damage":21.0,"enemies":"Lagavulin","floor":6.0,"turns":6.0},{"damage":8.0,"enemies":"Gremlin Nob","floor":8.0,"turns":3.0},{"damage":0.0,"enemies":"2 Fungi Beasts","floor":10.0,"turns":3.0},{"damage":2.0,"enemies":"Exordium Wildlife","floor":12.0,"turns":2.0},{"damage":22.0,"enemies":"Lagavulin","floor":13.0,"turns":6.0},{"damage":23.0,"enemies":"Slime Boss","floor":16.0,"turns":8.0},{"damage":1.0,"enemies":"2 Thieves","floor":18.0,"turns":4.0},{"damage":0.0,"enemies":"3 Byrds","floor":22.0,"turns":3.0},{"damage":0.0,"enemies":"Gremlin Leader","floor":24.0,"turns":4.0},{"damage":18.0,"enemies":"Snake Plant","floor":25.0,"turns":2.0},{"damage":0.0,"enemies":"Masked Bandits","floor":27.0,"turns":2.0},{"damage":5.0,"enemies":"Book of Stabbing","floor":28.0,"turns":3.0},{"damage":0.0,"enemies":"Centurion and Healer","floor":30.0,"turns":4.0},{"damage":0.0,"enemies":"Slavers","floor":31.0,"turns":4.0},{"damage":0.0,"enemies":"Automaton","floor":33.0,"turns":6.0},{"damage":1.0,"enemies":"3 Shapes","floor":35.0,"turns":3.0},{"damage":23.0,"enemies":"3 Darklings","floor":39.0,"turns":4.0},{"damage":0.0,"enemies":"Reptomancer","floor":41.0,"turns":3.0},{"damage":0.0,"enemies":"Giant Head","floor":44.0,"turns":5.0},{"damage":0.0,"enemies":"Reptomancer","floor":46.0,"turns":3.0},{"damage":6.0,"enemies":"Writhing Mass","floor":47.0,"turns":2.0},{"damage":67,"enemies":"Time Eater","floor":50,"turns":11}],"seed_played":"-3392257050247160978","potions_obtained":[{"floor":3.0,"key":"Regen Potion"},{"floor":6.0,"key":"ColorlessPotion"},{"floor":10.0,"key":"Ancient Potion"},{"floor":22.0,"key":"GamblersBrew"},{"floor":25.0,"key":"Energy Potion"},{"floor":30.0,"key":"EssenceOfSteel"},{"floor":31.0,"key":"ColorlessPotion"},{"floor":33.0,"key":"LiquidBronze"},{"floor":39.0,"key":"FairyPotion"}],"is_trial":false,"path_per_floor":["M","$","M","M","?","E","R","E","T","M","R","M","E","$","R","B",null,"M","?","T","?","M","R","E","M","T","?","E","R","M","E","R","B",null,"M","?","$","?","M","R","E","?","T","E","R","E","M","$","R","B"],"character_chosen":"THE_SILENT","items_purchased":["Terror","Fire Potion","Infinite Blades","DollysMirror","Calculated Gamble","Flash of Steel+1"],"campfire_rested":0,"item_purchase_floors":[2,2,14,37,37,48],"current_hp_per_floor":[58,58,53,52,52,46,46,40,40,42,42,42,22,22,22,1,50,51,33,33,33,33,33,33,15,15,17,14,14,16,18,18,20,30,31,31,31,31,8,8,10,10,10,22,22,24,20,20,20,0,0],"gold":86,"neow_bonus":"BOSS_RELIC","is_daily":false,"chose_seed":false,"campfire_upgraded":8,"win_rate":0.0,"timestamp":1612583638,"path_taken":["M","$","M","?","?","E","R","E","T","?","R","M","E","$","R","BOSS","M","?","?","?","M","R","E","M","T","?","E","R","?","E","R","BOSS","M","?","$","?","M","R","E","?","T","E","R","E","M","$","R","BOSS"],"items_purchased_type":["Card","Potion","Card","Relic","Card","Card"],"build_version":"2020-12-22","purchased_purges":2,"victory":false,"max_hp_per_floor":[66,66,66,66,66,66,66,66,66,66,66,66,66,66,66,66,66,66,33,33,33,33,33,33,33,33,33,33,33,33,33,33,33,33,33,31,31,31,31,31,31,31,31,41,41,41,41,41,41,41,41],"relic_stats":{"Blood Vial":34,"Gremlin Horn":[28,28],"counters":[25,103],"Sundial":[2],"Snake Skull":[10],"Juzu Bracelet":1,"Bag of Preparation":[4],"Whetstone":["Strike_G","Strike_G"],"Orichalcum":[120],"War Paint":["Defend_G","Concentrate"],"Question Card":3,"obtain_stats":[{"Pear":44,"Gremlin Horn":5,"Oddly Smooth Stone":31,"Snake Skull":21,"Juzu Bracelet":41,"Bag of Preparation":46,"Whetstone":8,"Orichalcum":24,"War Paint":26,"Empty Cage":17,"Question Card":43,"Akabeko":20,"Blood Vial":6,"SlaversCollar":34,"WristBlade":0,"Sundial":28,"DollysMirror":37,"Molten Egg 2":13,"Red Mask":27,"Ring of the Snake":0},{"Pear":22,"Gremlin Horn":3,"Oddly Smooth Stone":17,"Snake Skull":10,"Juzu Bracelet":21,"Bag of Preparation":23,"Whetstone":5,"Orichalcum":12,"War Paint":13,"Empty Cage":9,"Question Card":21,"Akabeko":10,"Blood Vial":4,"SlaversCollar":18,"WristBlade":0,"Sundial":15,"DollysMirror":19,"Molten Egg 2":8,"Red Mask":14,"Ring of the Snake":0},{"Pear":87,"Gremlin Horn":12,"Oddly Smooth Stone":66,"Snake Skull":44,"Juzu Bracelet":82,"Bag of Preparation":90,"Whetstone":21,"Orichalcum":51,"War Paint":53,"Empty Cage":40,"Question Card":82,"Akabeko":44,"Blood Vial":18,"SlaversCollar":72,"WristBlade":0,"Sundial":58,"DollysMirror":75,"Molten Egg 2":32,"Red Mask":55,"Ring of the Snake":0}]},"card_choices":[{"not_picked":["Predator","Bane"],"picked":"Cloak And Dagger","floor":1.0},{"not_picked":["Bane","Riddle With Holes"],"picked":"Escape Plan","floor":3.0},{"not_picked":["Deflect","Dagger Spray"],"picked":"Reflex","floor":4.0},{"not_picked":["Deadly Poison","Deflect"],"picked":"Tactician","floor":6.0},{"not_picked":["Bullet Time","Unload"],"picked":"Crippling Poison","floor":8.0},{"not_picked":["Outmaneuver","Deflect"],"picked":"Endless Agony","floor":10.0},{"not_picked":["Infinite Blades","Prepared"],"picked":"Concentrate","floor":12.0},{"not_picked":["PiercingWail","Dagger Spray+1"],"picked":"Blade Dance","floor":13.0},{"not_picked":["Tools of the Trade","Adrenaline"],"picked":"Phantasmal Killer","floor":16.0},{"not_picked":["Escape Plan","Outmaneuver"],"picked":"Backstab+1","floor":18.0},{"not_picked":["Crippling Poison","Bane+1"],"picked":"Dagger Throw+1","floor":22.0},{"not_picked":["Skewer+1","Concentrate"],"picked":"Accuracy+1","floor":24.0},{"not_picked":["Noxious Fumes","Distraction"],"picked":"Acrobatics","floor":25.0},{"not_picked":["Caltrops","Cloak And Dagger"],"picked":"Blade Dance","floor":27.0},{"not_picked":["Deadly Poison","Catalyst","Slice+1"],"picked":"SKIP","floor":28.0},{"not_picked":["Quick Slash+1","Poisoned Stab+1"],"picked":"Finisher+1","floor":30.0},{"not_picked":["Blur","Bane+1"],"picked":"Corpse Explosion","floor":31.0},{"not_picked":["Bullet Time","Malaise"],"picked":"Wraith Form v2","floor":33.0},{"not_picked":["Quick Slash+1","Caltrops"],"picked":"Calculated Gamble","floor":35.0},{"not_picked":["Concentrate","Masterful Stab+1"],"picked":"Expertise","floor":39.0},{"not_picked":["Envenom","Blur"],"picked":"Die Die Die+1","floor":41.0},{"not_picked":["Prepared","Footwork","Dagger Spray+1"],"picked":"Tactician","floor":44.0},{"not_picked":["Deflect","Sucker Punch+1","Leg Sweep+1","Flying Knee+1"],"picked":"SKIP","floor":46.0},{"not_picked":["Dagger Spray+1","Flying Knee+1","Backstab+1"],"picked":"PiercingWail","floor":47.0}],"player_experience":1081923,"relics_obtained":[{"floor":6.0,"key":"Blood Vial"},{"floor":8.0,"key":"Whetstone"},{"floor":13.0,"key":"Molten Egg 2"},{"floor":20.0,"key":"Akabeko"},{"floor":24.0,"key":"Orichalcum"},{"floor":26.0,"key":"War Paint"},{"floor":27.0,"key":"Red Mask"},{"floor":28.0,"key":"Sundial"},{"floor":31.0,"key":"Oddly Smooth Stone"},{"floor":41.0,"key":"Juzu Bracelet"},{"floor":43.0,"key":"Question Card"},{"floor":44.0,"key":"Pear"},{"floor":46.0,"key":"Bag of Preparation"}],"event_choices":[{"cards_removed":["Escape Plan"],"damage_healed":0.0,"max_hp_gain":0.0,"max_hp_loss":0.0,"gold_gain":0.0,"event_name":"WeMeetAgain","player_choice":"Gave Card","floor":5.0,"gold_loss":0.0,"damage_taken":0.0,"relics_obtained":["Gremlin Horn"]},{"damage_healed":0.0,"max_hp_gain":0.0,"max_hp_loss":33.0,"gold_gain":0.0,"event_name":"Ghosts","player_choice":"Became a Ghost","floor":19.0,"gold_loss":0.0,"damage_taken":0.0,"cards_obtained":["Ghostly","Ghostly","Ghostly"]},{"damage_healed":0.0,"max_hp_gain":0.0,"max_hp_loss":0.0,"gold_gain":0.0,"event_name":"Addict","player_choice":"Obtained Relic","floor":21.0,"gold_loss":85.0,"damage_taken":0.0,"relics_obtained":["Snake Skull"]},{"damage_healed":0.0,"max_hp_gain":0.0,"max_hp_loss":0.0,"gold_gain":0.0,"event_name":"Masked Bandits","player_choice":"Fought Bandits","floor":27.0,"gold_loss":0.0,"damage_taken":0.0},{"damage_healed":0.0,"max_hp_gain":0.0,"max_hp_loss":2.0,"gold_gain":0.0,"event_name":"Winding Halls","player_choice":"Max HP","floor":36.0,"gold_loss":0.0,"damage_taken":0.0},{"damage_healed":0.0,"max_hp_gain":0.0,"max_hp_loss":0.0,"gold_gain":0.0,"event_name":"Upgrade Shrine","player_choice":"Upgraded","floor":38.0,"gold_loss":0.0,"damage_taken":0.0,"cards_upgraded":["Wraith Form v2"]},{"cards_removed":["Die Die Die"],"damage_healed":0.0,"max_hp_gain":0.0,"max_hp_loss":0.0,"gold_gain":0.0,"event_name":"Falling","player_choice":"Removed Attack","floor":42.0,"gold_loss":0.0,"damage_taken":0.0}],"is_beta":false,"boss_relics":[{"not_picked":["Cursed Key","Sozu"],"picked":"Empty Cage"},{"not_picked":["Velvet Choker","Runic Dome"],"picked":"SlaversCollar"}],"items_purged_floors":[14,37],"is_endless":false,"potions_floor_spawned":[3,4,6,10,22,25,30,31,33,39,44,46],"killed_by":"Time Eater","ascension_level":20}}