{"host":"dscols65uipasqd2","time":1612581504,"event":{"mods":["2.2 Compatiblity","AchievementEnabler","Aspiration","BaseMod","Colored Powertips","Downfall","Energized Spire","GifTheSpireLib","Hermit","Hubris","Infinite Spire","JesterMod","Jorbs\u0027s Wanderer Trilogy","Marisa????????","Minty Spire (QoL Compilation)","Rare Cards Sparkle","Replay The Spire","StSLib","Stuff the Spire","The Cursed","The Disciple","The Hierophant","The Judge","The Jungle","The Runesmith","TheFirefly"],"gold_per_floor":[99,111,111,122,134,134,187,205,5,0,10,28,60,70,85,182,182,82,94,105,24,42,42,42,59,59,75,100,23,23,23,42,142,142,142,160,180,197,252,265,265,265,265],"floor_reached":42,"language":"ENG","playtime":2586,"items_purged":[],"score":643,"play_id":"70729ef2-fef2-4cd0-8c9d-7159cb4fe585","local_time":"20210205221824","is_ascension_mode":true,"campfire_choices":[{"floor":6,"key":"RECALL"},{"floor":9,"key":"REST"},{"floor":18,"key":"DIG"},{"floor":26,"key":"REST"}],"circlet_count":0,"master_deck":["TheCursedMod:Strike_TheCursed","TheCursedMod:Strike_TheCursed","TheCursedMod:Strike_TheCursed","TheCursedMod:Strike_TheCursed","TheCursedMod:Defend_TheCursed+1","TheCursedMod:Defend_TheCursed","TheCursedMod:Defend_TheCursed","TheCursedMod:Defend_TheCursed","TheCursedMod:CursedWand","TheCursedMod:CleanUpWorkshop","TheCursedMod:Dregs","Metamorphosis","TheCursedMod:ManaBullet","TheCursedMod:CircleOfFlame","TheCursedMod:CursedAmulet","TheCursedMod:CollectTribute","TheCursedMod:FleshFromBone","TheCursedMod:TroublousMinions","TheCursedMod:Stretching","TheCursedMod:CursedBlade","TheCursedMod:Stigma","TheCursedMod:TacticalStrike","TheCursedMod:ForbiddenAlchemy","TheCursedMod:DoubleShield+1","TheCursedMod:CursedShiv","TheCursedMod:ReleasedStrength+1","TheCursedMod:OutForBlood","TheCursedMod:FleshFromBone","TheCursedMod:TroublousMinions+1","TheCursedMod:VitalStrike","TheCursedMod:CursedBlade","TheCursedMod:TacticalStrike","expansioncontent:StudyTheSpire","TheCursedMod:HellsGateOpen","TheCursedMod:SpitefulPray+1","TheCursedMod:CursedMace+1","TheCursedMod:HellfireBreathing","StuffTheSpire:GnomedCurse","Spreading Infection","infinitespire:DeathsTouch","infinitespire:UltimateForm","hubris:InfiniteBlow","TheCursedMod:Grudge","TheCursedMod:CircleOfCorruption","TheCursedMod:CircleOfFlame","TheCursedMod:AbyssShockwave+1","TheCursedMod:VitalStrike","TheCursedMod:SpitefulStrike","TheCursedMod:SpitefulStrike","TheCursedMod:CircleOfFlame","TheCursedMod:Stigma","TheCursedMod:AshesToAshes+1","TheCursedMod:VitalStrike","TheCursedMod:SmokeScreen","TheCursedMod:WearCloak","TheCursedMod:WearCloak","StuffTheSpire:WarGroove","Pride","TheCursedMod:CursedBlade","TheCursedMod:SpitefulStrike","TheCursedMod:SurpriseAttack+1","StuffTheSpire:WarCurse","TheCursedMod:DarkBarrier","TheCursedMod:VoidForm","TheCursedMod:StunningStrike","Delirium","TheCursedMod:Mangle+1","TheCursedMod:SpreadPlague","TheCursedMod:SmokeScreen+1","TheCursedMod:SpitefulPray","TheCursedMod:SurpriseAttack","TheCursedMod:ReleasedKnowledge","TheCursedMod:VitalStrike+1","TheCursedMod:RavingStaff","TheCursedMod:BloodBarrier+1","TheCursedMod:ReleasedKnowledge","TheCursedMod:CursedSpellbook","TheCursedMod:Wield+1"],"relics":["TheCursedMod:BlackMagic101","WarpedTongs","Spirit Poop","downfall:HeartBlessingRed","downfall:HeartBlessingBlue","Dream Catcher","energizedSpire:StickyHand","downfall:HeartBlessingGreen","Akabeko","Pen Nib","Replay:Rubber Ducky","Blue Doll","War Paint","Replay:Fungal Core","Ring of Chaos","Ring of Hypnosis","StuffTheSpire:HeavyRock","infinitespire:ShieldingShard"],"acts_visited":["Exordium","TheCity","TheBeyond"],"potions_floor_usage":[10,11,12,16,20,20,21,21,21,21,21,21,21,25,28,28,28,28,32,33,36,36,36,36,36,37,37,37,38,38,40,42,42],"damage_taken":[{"damage":20,"enemies":"infinitespire:Voidling","floor":2,"turns":4},{"damage":1,"enemies":"2 Louse","floor":4,"turns":3},{"damage":1,"enemies":"Cultist","floor":5,"turns":3},{"damage":9,"enemies":"Lots of Slimes","floor":8,"turns":5},{"damage":21,"enemies":"downfall:FleeingMerchant","floor":10,"turns":4},{"damage":0,"enemies":"Exordium Wildlife","floor":11,"turns":2},{"damage":7,"enemies":"3 Louse","floor":12,"turns":3},{"damage":21,"enemies":"Lagavulin","floor":13,"turns":6},{"damage":0,"enemies":"Large Slime","floor":14,"turns":4},{"damage":0,"enemies":"2 Fungi Beasts","floor":15,"turns":2},{"damage":8,"enemies":"DF_ARCHETYPE_STREAMLINE","floor":16,"turns":8},{"damage":1,"enemies":"Spheric Guardian","floor":19,"turns":3},{"damage":8,"enemies":"Shell Parasite","floor":20,"turns":3},{"damage":0,"enemies":"downfall:FleeingMerchant","floor":21,"turns":4},{"damage":10,"enemies":"Shelled Parasite and Fungi","floor":22,"turns":5},{"damage":5,"enemies":"Chosen and Byrds","floor":25,"turns":5},{"damage":0,"enemies":"3 Cultists","floor":27,"turns":2},{"damage":11,"enemies":"Book of Stabbing","floor":28,"turns":4},{"damage":10,"enemies":"Centurion and Healer","floor":32,"turns":3},{"damage":6,"enemies":"SI_MIRROR_ARCHETYPE","floor":33,"turns":6},{"damage":26,"enemies":"3 Darklings","floor":36,"turns":4},{"damage":0,"enemies":"Orb Walker","floor":37,"turns":3},{"damage":16,"enemies":"3 Darklings","floor":38,"turns":4},{"damage":1,"enemies":"Jaw Worm Horde","floor":40,"turns":3},{"damage":39,"enemies":"Nemesis","floor":42,"turns":5}],"seed_played":"-4717227935945701681","potions_obtained":[{"floor":2,"key":"DistilledChaos"},{"floor":4,"key":"infinitespire:BlackPotion"},{"floor":8,"key":"EssenceOfSteel"},{"floor":13,"key":"Weak Potion"},{"floor":20,"key":"DuplicationPotion"},{"floor":22,"key":"Weak Potion"},{"floor":27,"key":"Toxic Potion"},{"floor":33,"key":"AttackPotion"},{"floor":36,"key":"Swift Potion"},{"floor":40,"key":"LiquidBronze"}],"is_trial":false,"path_per_floor":["R","M","?","M","M","R","T","M","R","$","M","M","E","M","M","B",null,"R","M","M","$","M","?","T","M","R","M","E","$","?","?","M","B",null,"R","M","M","M","T","M","T","E"],"character_chosen":"THE_CURSED","items_purchased":["Pen Nib","expansioncontent:StudyTheSpire","TheCursedMod:HellsGateOpen","PowerPotion","TheCursedMod:WearCloak"],"campfire_rested":2,"item_purchase_floors":[21,21,21,29,29],"current_hp_per_floor":[68,48,48,47,46,46,46,37,70,49,49,42,21,21,21,13,78,78,77,69,69,59,59,59,54,77,77,66,66,46,46,36,30,78,78,52,52,36,36,35,35,0,0],"gold":265,"neow_bonus":"RANDOM_COLORLESS_2","is_daily":false,"chose_seed":false,"campfire_upgraded":0,"win_rate":0.0,"timestamp":1612581504,"path_taken":["R","M","?","M","M","R","T","M","R","$","M","M","E","M","M","BOSS","R","M","M","?","M","?","T","M","R","M","E","?","?","?","M","BOSS","R","M","M","M","?","M","T","E"],"items_purchased_type":["Relic","Card","Card","Potion","Card"],"build_version":"2020-12-22","purchased_purges":0,"victory":false,"max_hp_per_floor":[68,68,68,68,68,68,68,68,78,78,78,78,78,78,78,78,78,78,78,78,78,78,78,78,78,78,78,78,78,78,78,78,78,78,78,78,78,78,78,78,78,78,78],"card_choices":[{"not_picked":["Sadistic Nature","Replay:Dark Deal"],"picked":"Metamorphosis","floor":0},{"not_picked":["TheCursedMod:Obscuration","TheCursedMod:RavingStaff"],"picked":"TheCursedMod:ManaBullet","floor":2},{"not_picked":["TheCursedMod:Obscuration","TheCursedMod:RavingStaff"],"picked":"TheCursedMod:CircleOfFlame","floor":4},{"not_picked":["TheCursedMod:BlessingInDisguise","TheCursedMod:ReleasedKnowledge"],"picked":"TheCursedMod:CursedAmulet","floor":5},{"not_picked":["TheCursedMod:CircleOfCorruption","TheCursedMod:Torture"],"picked":"TheCursedMod:CollectTribute","floor":8},{"not_picked":["TheCursedMod:CircleOfWindfury","TheCursedMod:RapidMovement"],"picked":"TheCursedMod:FleshFromBone","floor":10},{"not_picked":["TheCursedMod:RavingStaff","TheCursedMod:VitalStrike"],"picked":"TheCursedMod:TroublousMinions","floor":11},{"not_picked":["TheCursedMod:RapidMovement","TheCursedMod:VitalStrike"],"picked":"TheCursedMod:Stretching","floor":12},{"not_picked":["TheCursedMod:CircleOfCorruption","TheCursedMod:FuryStrike"],"picked":"TheCursedMod:CursedBlade","floor":13},{"not_picked":["TheCursedMod:Stretching","TheCursedMod:RapidMovement"],"picked":"TheCursedMod:Stigma","floor":14},{"not_picked":["TheCursedMod:Obscuration","TheCursedMod:Evocation"],"picked":"TheCursedMod:TacticalStrike","floor":15},{"not_picked":["TheCursedMod:CursedRelics","TheCursedMod:OutForBlood"],"picked":"TheCursedMod:ForbiddenAlchemy","floor":16},{"not_picked":["TheCursedMod:CursedShiv","TheCursedMod:ReleasedStrength"],"picked":"TheCursedMod:DoubleShield+1","floor":19},{"not_picked":["TheCursedMod:FleshFromBone","TheCursedMod:TroublousMinions+1"],"picked":"TheCursedMod:OutForBlood","floor":20},{"not_picked":["TheCursedMod:VitalStrike","TheCursedMod:TacticalStrike"],"picked":"TheCursedMod:CursedBlade","floor":21},{"not_picked":["TheCursedMod:CursedMace+1","TheCursedMod:HellfireBreathing"],"picked":"TheCursedMod:SpitefulPray+1","floor":22},{"not_picked":["infinitespire:UltimateForm","hubris:InfiniteBlow"],"picked":"infinitespire:DeathsTouch","floor":23},{"not_picked":["TheCursedMod:Grudge","TheCursedMod:CircleOfFlame"],"picked":"TheCursedMod:CircleOfCorruption","floor":25},{"not_picked":["TheCursedMod:AbyssShockwave+1","TheCursedMod:VitalStrike"],"picked":"TheCursedMod:SpitefulStrike","floor":26},{"not_picked":["TheCursedMod:CircleOfFlame","TheCursedMod:Stigma"],"picked":"TheCursedMod:SpitefulStrike","floor":27},{"not_picked":["TheCursedMod:VitalStrike","TheCursedMod:SmokeScreen"],"picked":"TheCursedMod:AshesToAshes+1","floor":28},{"not_picked":["TheCursedMod:CursedBlade","TheCursedMod:SpitefulStrike"],"picked":"TheCursedMod:SurpriseAttack+1","floor":32},{"not_picked":["TheCursedMod:DarkBarrier","TheCursedMod:StunningStrike"],"picked":"TheCursedMod:VoidForm","floor":33},{"not_picked":["TheCursedMod:SpreadPlague","TheCursedMod:SmokeScreen+1"],"picked":"TheCursedMod:Mangle+1","floor":36},{"not_picked":["TheCursedMod:SpitefulPray","TheCursedMod:ReleasedKnowledge"],"picked":"TheCursedMod:SurpriseAttack","floor":37},{"not_picked":["TheCursedMod:RavingStaff","TheCursedMod:BloodBarrier+1"],"picked":"TheCursedMod:VitalStrike+1","floor":38},{"not_picked":["TheCursedMod:ReleasedKnowledge","TheCursedMod:CursedSpellbook"],"picked":"TheCursedMod:Wield+1","floor":40}],"player_experience":592277,"relics_obtained":[{"floor":13,"key":"Dream Catcher"},{"floor":18,"key":"Akabeko"},{"floor":24,"key":"Replay:Rubber Ducky"},{"floor":28,"key":"Blue Doll"},{"floor":35,"key":"Ring of Chaos"},{"floor":35,"key":"Ring of Hypnosis"},{"floor":39,"key":"StuffTheSpire:HeavyRock"},{"floor":41,"key":"infinitespire:ShieldingShard"}],"event_choices":[{"damage_healed":0,"gold_gain":0,"player_choice":"Rummage","damage_taken":0,"relics_obtained":["WarpedTongs"],"max_hp_gain":0,"max_hp_loss":0,"event_name":"Accursed Blacksmith","floor":1,"gold_loss":0,"cards_obtained":["Pain"]},{"cards_removed":["Pain"],"damage_healed":0,"gold_gain":0,"player_choice":"Offered Curse","damage_taken":0,"relics_obtained":["Spirit Poop"],"max_hp_gain":0,"max_hp_loss":0,"event_name":"Bonfire Elementals","floor":3,"gold_loss":0},{"damage_healed":0,"gold_gain":0,"player_choice":"Stole Relic","damage_taken":0,"relics_obtained":["War Paint"],"max_hp_gain":0,"max_hp_loss":0,"event_name":"Addict","floor":31,"gold_loss":0,"cards_obtained":["Pride"]}],"is_beta":false,"boss_relics":[{"not_picked":["aspiration:MobileForge","Painkiller Herb"],"picked":"energizedSpire:StickyHand"},{"not_picked":["Velvet Choker","Coffee Dripper"],"picked":"Replay:Fungal Core"}],"items_purged_floors":[],"is_endless":false,"potions_floor_spawned":[2,4,8,13,20,22,27,33,36,40],"killed_by":"Nemesis","ascension_level":2}}