{"host":"ibckqdmmf9y74ymf","time":1612642718,"event":{"mods":["2.2 Compatiblity","BaseMod","Colored Map","Curses Come First","Highlight Path","Minty Spire (QoL Compilation)","Quick Restart","Rare Cards Sparkle","Relic Stats","StSLib"],"gold_per_floor":[115,115,135,149,169,200,217,217,291,323,473,39,39,53,53,125,125,137,137,137,137],"floor_reached":20,"language":"ENG","playtime":3100,"items_purged":["Doubt"],"score":368,"play_id":"cfb970ed-eb5f-484c-ac4f-56bef6b5ed90","local_time":"20210206211838","is_ascension_mode":true,"campfire_choices":[{"data":"Predator","floor":8.0,"key":"SMITH"},{"floor":13.0,"key":"REST"},{"data":"Cloak And Dagger","floor":15.0,"key":"SMITH"}],"circlet_count":0,"master_deck":["AscendersBane","Strike_G","Strike_G","Strike_G","Strike_G","Strike_G","Defend_G","Defend_G","Defend_G","Defend_G","Defend_G","Survivor","Neutralize","Predator+1","Cloak And Dagger+1","Deadly Poison","Blade Dance","Backflip","Cloak And Dagger","Phantasmal Killer","PiercingWail","After Image","Leg Sweep"],"relics":["Ring of the Snake","Ginger","GremlinMask","Peace Pipe","Meat on the Bone","TungstenRod","Bronze Scales","Sozu"],"acts_visited":["Exordium","TheCity"],"potions_floor_usage":[],"damage_taken":[{"damage":0.0,"enemies":"2 Louse","floor":1.0,"turns":4.0},{"damage":0.0,"enemies":"Cultist","floor":3.0,"turns":4.0},{"damage":5.0,"enemies":"Jaw Worm","floor":4.0,"turns":4.0},{"damage":2.0,"enemies":"Blue Slaver","floor":5.0,"turns":4.0},{"damage":6.0,"enemies":"3 Sentries","floor":6.0,"turns":7.0},{"damage":5.0,"enemies":"Gremlin Gang","floor":7.0,"turns":7.0},{"damage":40.0,"enemies":"Gremlin Nob","floor":10.0,"turns":4.0},{"damage":18.0,"enemies":"Large Slime","floor":14.0,"turns":7.0},{"damage":14.0,"enemies":"Hexaghost","floor":16.0,"turns":10.0},{"damage":10,"enemies":"2 Thieves","floor":18,"turns":5},{"damage":6,"enemies":"Chosen","floor":20,"turns":5}],"seed_played":"7450316010258135838","potions_obtained":[{"floor":3.0,"key":"BlessingOfTheForge"},{"floor":5.0,"key":"Dexterity Potion"},{"floor":7.0,"key":"LiquidBronze"}],"is_trial":false,"path_per_floor":["M","?","M","M","M","E","M","R","T","E","?","$","R","M","R","B",null,"M","?","M"],"character_chosen":"THE_SILENT","items_purchased":["Bronze Scales","Phantasmal Killer","PiercingWail"],"campfire_rested":1,"item_purchase_floors":[12,12,12],"current_hp_per_floor":[59,59,59,54,52,46,41,41,41,13,13,13,31,25,25,23,51,41,41,35,35],"gold":137,"neow_bonus":"ONE_RARE_RELIC","is_daily":false,"chose_seed":false,"campfire_upgraded":2,"win_rate":0.0,"timestamp":1612642718,"path_taken":["M","?","?","M","M","E","M","R","T","E","?","$","R","M","R","BOSS","M","?","?"],"items_purchased_type":["Relic","Card","Card"],"build_version":"2020-12-22","purchased_purges":1,"victory":false,"max_hp_per_floor":[60,60,60,60,60,60,60,60,60,60,60,60,60,60,60,60,60,60,60,60,60],"relic_stats":{"Peace Pipe":0,"Sozu":1,"counters":[11,61],"Bronze Scales":[91],"Ginger":[17],"obtain_stats":[{"Peace Pipe":6,"Sozu":17,"Bronze Scales":12,"GremlinMask":2,"Ginger":0,"TungstenRod":10,"Ring of the Snake":0,"Meat on the Bone":9},{"Peace Pipe":5,"Sozu":9,"Bronze Scales":7,"GremlinMask":1,"Ginger":0,"TungstenRod":7,"Ring of the Snake":0,"Meat on the Bone":6},{"Peace Pipe":23,"Sozu":51,"Bronze Scales":34,"GremlinMask":4,"Ginger":0,"TungstenRod":34,"Ring of the Snake":0,"Meat on the Bone":30}],"TungstenRod":14,"Ring of the Snake":[22],"Meat on the Bone":36},"card_choices":[{"not_picked":["Prepared","Quick Slash"],"picked":"Predator","floor":1.0},{"not_picked":["Outmaneuver","PiercingWail"],"picked":"Cloak And Dagger","floor":3.0},{"not_picked":["Acrobatics","Reflex"],"picked":"Deadly Poison","floor":4.0},{"not_picked":["Leg Sweep","Sucker Punch"],"picked":"Blade Dance","floor":5.0},{"not_picked":["Distraction","Poisoned Stab","All Out Attack"],"picked":"SKIP","floor":6.0},{"not_picked":["Poisoned Stab","Quick Slash"],"picked":"Backflip","floor":7.0},{"not_picked":["Prepared","Endless Agony"],"picked":"Cloak And Dagger","floor":10.0},{"not_picked":["Dodge and Roll","Riddle With Holes","Outmaneuver"],"picked":"SKIP","floor":14.0},{"not_picked":["Grand Finale","Venomology"],"picked":"After Image","floor":16.0},{"not_picked":["Poisoned Stab","Acrobatics"],"picked":"Leg Sweep","floor":18}],"player_experience":684851,"relics_obtained":[{"floor":6.0,"key":"Peace Pipe"},{"floor":9.0,"key":"Meat on the Bone"},{"floor":10.0,"key":"TungstenRod"}],"event_choices":[{"damage_healed":0.0,"max_hp_gain":0.0,"max_hp_loss":0.0,"gold_gain":0.0,"event_name":"FaceTrader","player_choice":"Trade","floor":2.0,"gold_loss":0.0,"damage_taken":0.0,"relics_obtained":["GremlinMask"]},{"damage_healed":0.0,"max_hp_gain":0.0,"max_hp_loss":0.0,"gold_gain":150.0,"event_name":"Liars Game","player_choice":"AGREE","floor":11.0,"gold_loss":0.0,"damage_taken":0.0,"cards_obtained":["Doubt"]},{"damage_healed":0,"gold_gain":0,"player_choice":"0 cards matched","damage_taken":0,"max_hp_gain":0,"max_hp_loss":0,"event_name":"Match and Keep!","floor":19,"gold_loss":0,"cards_obtained":[]}],"is_beta":false,"boss_relics":[{"not_picked":["Runic Dome","Ring of the Serpent"],"picked":"Sozu"}],"items_purged_floors":[12],"is_endless":false,"potions_floor_spawned":[3,5,7,14,16,18],"killed_by":"Chosen","ascension_level":20}}