{"host":"1lwxixhv2lzh5ag1","time":1612635320,"event":{"mods":["AchievementEnabler","BaseMod","Downfall","Minty Spire (QoL Compilation)","Permanent Neow","Reliquary","Replay The Spire","StSLib"],"gold_per_floor":[99,119,136,245,256,270,270,270,281,294,294,309,309,321,333,333,333,333],"floor_reached":16,"language":"ENG","playtime":856,"items_purged":[],"score":98,"play_id":"f3b65e2b-2e31-474b-bb6e-cd41fb85b7e0","local_time":"20210206131520","is_ascension_mode":false,"campfire_choices":[{"floor":11,"key":"REST"},{"floor":13,"key":"REST"}],"circlet_count":0,"master_deck":["Guardian:Strike_Guardian","Guardian:Strike_Guardian","Guardian:Strike_Guardian","Guardian:Strike_Guardian","Guardian:Defend_Guardian","Guardian:Defend_Guardian","Guardian:Defend_Guardian","Guardian:Defend_Guardian","Guardian:CurlUp","Guardian:TwinSlam","Guardian:TemporalShield","Guardian:ShieldCharger","Guardian:TimeBomb","Guardian:AncientConstruct","Guardian:ShieldSpikes","Guardian:VentSteam","Guardian:EvasiveProtocol","Guardian:Harden","Guardian:ArmoredProtocol","Guardian:SpikerProtocol"],"relics":["Guardian:ModeShifter","Bottled Lightning"],"acts_visited":["Exordium"],"potions_floor_usage":[12,16,16,16],"damage_taken":[{"damage":6,"enemies":"Cultist","floor":2,"turns":4},{"damage":0,"enemies":"Small Slimes","floor":3,"turns":4},{"damage":9,"enemies":"2 Louse","floor":5,"turns":4},{"damage":13,"enemies":"Large Slime","floor":6,"turns":6},{"damage":18,"enemies":"Lots of Slimes","floor":9,"turns":4},{"damage":12,"enemies":"Blue Slaver","floor":10,"turns":6},{"damage":13,"enemies":"3 Louse","floor":12,"turns":4},{"damage":8,"enemies":"Exordium Wildlife","floor":14,"turns":4},{"damage":9,"enemies":"Blue Slaver","floor":15,"turns":4},{"damage":25,"enemies":"IC_STATUS_ARCHETYPE","floor":16,"turns":6}],"seed_played":"-6628873554904245114","potions_obtained":[{"floor":8,"key":"SkillPotion"},{"floor":8,"key":"Milkshake"},{"floor":8,"key":"sneckomod:MuddlingPotion"},{"floor":12,"key":"Block Potion"},{"floor":14,"key":"Elixir"},{"floor":15,"key":"Fire Potion"}],"is_trial":false,"path_per_floor":["R","M","M","?","M","M","T","?","M","M","R","M","R","M","M","B"],"character_chosen":"GUARDIAN","items_purchased":[],"campfire_rested":2,"item_purchase_floors":[],"current_hp_per_floor":[80,74,74,54,45,32,32,32,14,2,26,13,37,29,20,0,0,0],"gold":333,"neow_bonus":"RANDOM_COMMON_RELIC","is_daily":false,"chose_seed":false,"campfire_upgraded":0,"win_rate":0.0,"timestamp":1612635320,"path_taken":["R","?","M","?","M","M","T","?","?","M","R","M","R","M","M","BOSS"],"items_purchased_type":[],"build_version":"2020-12-22","purchased_purges":0,"victory":false,"max_hp_per_floor":[80,80,80,80,80,80,80,80,80,80,80,80,80,80,80,80,80,80],"card_choices":[{"not_picked":["Guardian:PrimingBeam","Guardian:Gem_Lightblue"],"picked":"Guardian:TemporalShield","floor":2},{"not_picked":["Guardian:Repulse","Guardian:TemporalShield"],"picked":"Guardian:ShieldCharger","floor":3},{"not_picked":["Guardian:TemporalShield","Guardian:ShieldCharger"],"picked":"Guardian:TimeBomb","floor":4},{"not_picked":["Guardian:PrimingBeam","Guardian:TemporalShield"],"picked":"Guardian:AncientConstruct","floor":4},{"not_picked":["Guardian:TemporalShield","Guardian:Suspension"],"picked":"Guardian:ShieldSpikes","floor":4},{"not_picked":["Guardian:Planning","Guardian:BronzeOrb"],"picked":"Guardian:VentSteam","floor":5},{"not_picked":["Guardian:PrimingBeam","Guardian:ExploitGems"],"picked":"Guardian:Gem_Crimson","floor":6},{"not_picked":["Guardian:PrismaticBarrier","Guardian:PrismaticBeam"],"picked":"Guardian:EvasiveProtocol","floor":9},{"not_picked":["Guardian:ShieldCharger","Guardian:ArmoredProtocol"],"picked":"Guardian:Gem_Lightblue","floor":10},{"not_picked":["Guardian:RollAttack","Guardian:ShieldCharger"],"picked":"Guardian:Harden","floor":12},{"not_picked":["Guardian:Emergency","Guardian:PrismaticBeam"],"picked":"Guardian:ArmoredProtocol","floor":14},{"not_picked":["Guardian:ShieldCharger","Guardian:Clone"],"picked":"Guardian:SpikerProtocol","floor":15}],"player_experience":4607,"relics_obtained":[{"floor":7,"key":"Bottled Lightning"}],"event_choices":[],"is_beta":false,"boss_relics":[],"items_purged_floors":[],"is_endless":false,"potions_floor_spawned":[10,12,14,15],"killed_by":"IC_STATUS_ARCHETYPE","ascension_level":0}}