{"host":"rtnsay39s46sdx80","time":1612626977,"event":{"mods":["2.2 Compatiblity","BaseMod","KinomotoSakuraMod(????)","Lobotomy","Marisa????????","Minty Spire (QoL Compilation)","Rare Cards Sparkle","Reimu??????","Remilia??????","Replay The Spire","StSLib","The Senshi"],"gold_per_floor":[119,131,131,131,131,131,141,141,141,161,174,190,190,224,224,320,320,320,320],"floor_reached":18,"language":"ENG","playtime":1548,"items_purged":[],"score":307,"play_id":"3d37602e-c0b9-493b-a1ab-acaba5a99496","local_time":"20210206225617","is_ascension_mode":true,"campfire_choices":[{"data":"RedMoon","floor":6,"key":"SMITH"},{"data":"CeilingFear","floor":8,"key":"SMITH"},{"data":"HunterOfTheNight","floor":13,"key":"SMITH"},{"floor":15,"key":"REST"}],"circlet_count":0,"master_deck":["Strike_RM","Strike_RM","Strike_RM","Strike_RM","Defend_RM","Defend_RM","Defend_RM","Defend_RM","RedMoon+1","ScarletShoot","ScarletImprint+1","VampirishNight","FitfulNightmare","Looming Evil","CeilingFear+1","MiserableFate","HunterOfTheNight+1","FavorOfDestiny","UnderTheZenith","TricksterDevil"],"relics":["ScarletHat","Ring of Fury","Ring of Misfortune","Replay:Bottled Flurry","Gremlin Horn","Cursed Key"],"acts_visited":["Exordium","TheCity"],"potions_floor_usage":[14,16],"damage_taken":[{"damage":0,"enemies":"2 Louse","floor":1,"turns":3},{"damage":2,"enemies":"Jaw Worm","floor":2,"turns":4},{"damage":0,"enemies":"Cultist","floor":7,"turns":4},{"damage":13,"enemies":"Lots of Slimes","floor":10,"turns":6},{"damage":9,"enemies":"3 Louse","floor":11,"turns":5},{"damage":9,"enemies":"Exordium Wildlife","floor":12,"turns":4},{"damage":19,"enemies":"3 Sentries","floor":14,"turns":7},{"damage":0,"enemies":"Hexaghost","floor":16,"turns":12},{"damage":84,"enemies":"3 Byrds","floor":18,"turns":5}],"seed_played":"-5652619925802532147","potions_obtained":[{"floor":1,"key":"Death Potion"},{"floor":11,"key":"SpeedPotion"},{"floor":12,"key":"Fire Potion"},{"floor":16,"key":"Flashbang"},{"floor":16,"key":"FearPotion"}],"is_trial":false,"path_per_floor":["M","M","?","?","$","R","M","R","T","M","M","M","R","E","R","B",null,"M"],"character_chosen":"REMILIA","items_purchased":[],"campfire_rested":1,"item_purchase_floors":[],"current_hp_per_floor":[70,69,69,69,69,69,71,71,71,66,66,64,64,51,73,75,75,0,0],"gold":320,"neow_bonus":"THREE_CARDS","is_daily":false,"chose_seed":false,"campfire_upgraded":3,"win_rate":0.0,"timestamp":1612626977,"path_taken":["M","M","?","?","?","R","?","R","T","?","M","M","R","E","R","BOSS","M"],"items_purchased_type":[],"build_version":"2020-12-22","purchased_purges":0,"victory":false,"max_hp_per_floor":[75,75,75,75,75,75,75,75,75,75,75,75,75,75,75,75,75,75,75],"card_choices":[{"not_picked":["BombardNight","BlasphemousPunishment"],"picked":"ScarletImprint","floor":0},{"not_picked":["ScarletDream","EndlessAdversity"],"picked":"VampirishNight","floor":1},{"not_picked":["CharismaGuard","BombardNight"],"picked":"FitfulNightmare","floor":2},{"not_picked":["FavorOfDestiny","CharismaGuard"],"picked":"CeilingFear","floor":7},{"not_picked":["EndlessAdversity","BlasphemousPunishment"],"picked":"MiserableFate","floor":10},{"not_picked":["TwelveNightmare","EndlessAdversity"],"picked":"HunterOfTheNight","floor":11},{"not_picked":["BloodyMagicSquare","SuperhumanBloodyKnife"],"picked":"FavorOfDestiny","floor":12},{"not_picked":["VampirishNight","EndlessAdversity"],"picked":"UnderTheZenith","floor":14},{"not_picked":["ChaoticDestiny","BloodRain"],"picked":"TricksterDevil","floor":16}],"player_experience":268546,"relics_obtained":[{"floor":4,"key":"Ring of Fury"},{"floor":4,"key":"Ring of Misfortune"},{"floor":9,"key":"Replay:Bottled Flurry"},{"floor":14,"key":"Gremlin Horn"}],"event_choices":[{"damage_healed":0,"gold_gain":0,"player_choice":"Grow","damage_taken":0,"max_hp_gain":0,"max_hp_loss":0,"event_name":"Living Wall","floor":3,"gold_loss":0,"cards_upgraded":["ScarletImprint"]}],"is_beta":false,"boss_relics":[{"not_picked":["Replay:Wanted Poster","Calling Bell"],"picked":"Cursed Key"}],"items_purged_floors":[],"is_endless":false,"potions_floor_spawned":[1,11,12,16],"killed_by":"3 Byrds","ascension_level":9}}