{"host":"uoshhb7sfln10kpy","time":1612632935,"event":{"mods":["BaseMod","Bestiary","BetterRewards","Curses Come First","Downfall","Marisa£®ÏF”Í°°ƒß¿Ì…≥£©","Minty Spire (QoL Compilation)","Remilia£®¿Ÿ√◊¿Ú—«£©","Replay The Spire","Say the Spire","Shop Mod","StSLib","The Alterego","The Bladedancer","The Bug Knight","The Mystic","UnlockEverythingMod"],"gold_per_floor":[99,114,114,124,144,129,129,147,163,181,23,53,53,70,80,80,80,80],"floor_reached":16,"language":"ZHS","playtime":654,"items_purged":[],"score":106,"play_id":"e0bcdcc2-64e3-48fe-a8cf-41b1baf71b57","local_time":"20210207013535","is_ascension_mode":false,"campfire_choices":[{"floor":1,"key":"RECALL"},{"data":"champ:Improvising","floor":13,"key":"SMITH"}],"circlet_count":0,"master_deck":["champ:Strike","champ:Strike","champ:Strike","champ:Strike","champ:Defend","champ:Defend","champ:Defend","champ:Defend","champ:Execute","champ:Taunt","champ:GutPunch","champ:Execute","champ:PerfectedStrike","champ:Circumvent+1","champ:Improvising+1","champ:StanceDance","champ:IronFortress","champ:SkillfulDodge+1","champ:GladiatorStyle","champ:AdrenalArmor","champ:FocusedDefense"],"relics":["champ:ChampionCrown","Membership Card","War Paint"],"acts_visited":["Exordium"],"potions_floor_usage":[10,12,12,12],"damage_taken":[{"damage":11,"enemies":"2 Louse","floor":2,"turns":2},{"damage":20,"enemies":"Cultist","floor":4,"turns":4},{"damage":15,"enemies":"Jaw Worm","floor":5,"turns":3},{"damage":15,"enemies":"downfall:FleeingMerchant","floor":6,"turns":4},{"damage":11,"enemies":"2 Fungi Beasts","floor":8,"turns":3},{"damage":18,"enemies":"3 Louse","floor":9,"turns":3},{"damage":33,"enemies":"Lots of Slimes","floor":10,"turns":5},{"damage":25,"enemies":"downfall:FleeingMerchant","floor":11,"turns":4},{"damage":30,"enemies":"Replay:BlueRogue","floor":12,"turns":5},{"damage":10,"enemies":"Blue Slaver","floor":14,"turns":4},{"damage":38,"enemies":"Large Slime","floor":15,"turns":6},{"damage":18,"enemies":"SI_SHIV_ARCHETYPE","floor":16,"turns":7}],"seed_played":"7602517373053181062","potions_obtained":[{"floor":5,"key":"Swift Potion"},{"floor":8,"key":"DistilledChaos"},{"floor":9,"key":"AttackPotion"},{"floor":10,"key":"champ:TechniquePotion"},{"floor":15,"key":"Explosive Potion"}],"is_trial":false,"path_per_floor":["R","M","?","M","M","$","T","M","M","M","$","E","R","M","M","B"],"character_chosen":"THE_CHAMP","items_purchased":["Membership Card"],"campfire_rested":0,"item_purchase_floors":[11],"current_hp_per_floor":[99,98,98,98,93,93,93,92,84,66,66,46,46,36,18,0,0,0],"gold":80,"neow_bonus":"TEN_PERCENT_HP_BONUS","is_daily":false,"chose_seed":false,"campfire_upgraded":1,"win_rate":0.0,"timestamp":1612632935,"path_taken":["R","M","?","M","?","$","T","M","M","M","$","E","R","M","M","BOSS"],"items_purchased_type":["Relic"],"build_version":"2020-12-22","purchased_purges":0,"victory":false,"max_hp_per_floor":[99,99,99,99,99,99,99,99,99,99,99,99,99,99,99,99,99,99],"card_choices":[{"not_picked":["champ:Haymaker","champ:CrownThrow"],"picked":"champ:GutPunch","floor":2},{"not_picked":["champ:Parry","champ:EnGarde"],"picked":"champ:PerfectedStrike","floor":4},{"not_picked":["champ:FlashCut","champ:Backstep"],"picked":"champ:Circumvent","floor":5},{"not_picked":["champ:PreciseThrust","champ:CrownThrow"],"picked":"champ:Improvising","floor":6},{"not_picked":["champ:Circumvent","champ:BerserkersShout"],"picked":"champ:StanceDance","floor":8},{"not_picked":["champ:EnragedBash","champ:BerserkersShout"],"picked":"champ:IronFortress","floor":9},{"not_picked":["champ:FaceSlap","champ:TripleStrike"],"picked":"champ:SkillfulDodge","floor":10},{"not_picked":["champ:GutPunch","champ:EnGarde"],"picked":"champ:GladiatorStyle","floor":11},{"not_picked":["champ:CrownThrow","champ:FalseCounter"],"picked":"champ:AdrenalArmor","floor":12},{"not_picked":["champ:EnGarde","champ:BerserkersShout","champ:Circumvent"],"picked":"SKIP","floor":14},{"not_picked":["champ:EnGarde","champ:FlashCut"],"picked":"champ:FocusedDefense","floor":15}],"player_experience":17887,"relics_obtained":[{"floor":12,"key":"War Paint"}],"event_choices":[],"is_beta":false,"boss_relics":[],"items_purged_floors":[],"is_endless":false,"potions_floor_spawned":[5,8,9,10,15],"killed_by":"SI_SHIV_ARCHETYPE","ascension_level":0}}