{"host":"q8mjpf3krl0t4p3x","time":1612597975,"event":{"mods":["BaseMod","Colored Map","Colored Powertips","Googly Eyes","Minty Spire (QoL Compilation)","Quick Restart","StSLib","everything is the same but u backflip on backflip","slay the spire mod where everything is the same but ironclad has a cowboy hat"],"gold_per_floor":[118,168,168,268,283,283,42,75,375,408,426,426,437,449,449,552,552,564,250,269,159,169,169,200,200,226,241,241,254,280,297,297,297,297],"floor_reached":33,"language":"ENG","playtime":809,"items_purged":["Strike_R"],"score":508,"play_id":"54b35c19-e687-443e-a717-78c36c3de8ec","local_time":"20210205235255","is_ascension_mode":true,"campfire_choices":[{"data":"Wild Strike","floor":6,"key":"SMITH"},{"floor":12,"key":"REST"},{"floor":15,"key":"REST"},{"data":"Whirlwind","floor":23,"key":"SMITH"},{"data":"Inflame","floor":32,"key":"SMITH"}],"circlet_count":0,"master_deck":["AscendersBane","Strike_R+1","Strike_R","Strike_R","Strike_R","Defend_R","Defend_R","Defend_R","Defend_R","Bash+1","Wild Strike+1","Inflame+1","Whirlwind+1","Double Tap"],"relics":["Burning Blood","Chemical X","Incense Burner","Old Coin","Centennial Puzzle","Busted Crown","Bottled Tornado","Red Skull","CaptainsWheel","Whetstone","Toxic Egg 2"],"acts_visited":["Exordium","TheCity"],"potions_floor_usage":[8,8,16,16,22,24,33,33],"damage_taken":[{"damage":10,"enemies":"2 Louse","floor":1,"turns":3},{"damage":12,"enemies":"Jaw Worm","floor":5,"turns":2},{"damage":32,"enemies":"Lagavulin","floor":8,"turns":6},{"damage":26,"enemies":"3 Sentries","floor":10,"turns":8},{"damage":1,"enemies":"Cultist","floor":11,"turns":3},{"damage":10,"enemies":"Large Slime","floor":13,"turns":5},{"damage":13,"enemies":"Red Slaver","floor":14,"turns":4},{"damage":58,"enemies":"Hexaghost","floor":16,"turns":8},{"damage":13,"enemies":"2 Thieves","floor":18,"turns":3},{"damage":12,"enemies":"Chosen","floor":20,"turns":3},{"damage":10,"enemies":"Centurion and Healer","floor":22,"turns":3},{"damage":24,"enemies":"Slavers","floor":24,"turns":2},{"damage":11,"enemies":"Sentry and Sphere","floor":27,"turns":3},{"damage":0,"enemies":"Snecko","floor":29,"turns":2},{"damage":0,"enemies":"Gremlin Leader","floor":30,"turns":3},{"damage":3,"enemies":"3 Cultists","floor":31,"turns":3},{"damage":88,"enemies":"Champ","floor":33,"turns":8}],"seed_played":"-5424808509156935725","potions_obtained":[{"floor":5,"key":"EssenceOfSteel"},{"floor":10,"key":"DuplicationPotion"},{"floor":14,"key":"Swift Potion"},{"floor":16,"key":"SkillPotion"},{"floor":18,"key":"ColorlessPotion"},{"floor":24,"key":"SmokeBomb"},{"floor":27,"key":"EssenceOfSteel"},{"floor":29,"key":"Dexterity Potion"}],"is_trial":false,"path_per_floor":["M","?","?","?","M","R","$","E","T","E","M","R","M","M","R","B",null,"M","$","M","?","M","R","E","?","T","M","?","M","E","M","R","B"],"character_chosen":"IRONCLAD","items_purchased":["Chemical X","Fruit Juice","Bottled Tornado"],"campfire_rested":2,"item_purchase_floors":[7,7,19],"current_hp_per_floor":[63,63,63,63,57,57,57,36,36,16,21,51,47,40,70,18,80,73,73,67,67,63,63,45,45,45,40,73,79,85,88,88,0,0],"gold":297,"neow_bonus":"TWENTY_PERCENT_HP_BONUS","is_daily":false,"chose_seed":false,"campfire_upgraded":3,"win_rate":0.0,"timestamp":1612597975,"path_taken":["M","?","?","?","?","R","$","E","T","E","M","R","M","M","R","BOSS","M","$","M","?","?","R","E","?","T","M","?","M","E","M","R","BOSS"],"items_purchased_type":["Relic","Potion","Relic"],"build_version":"2020-12-22","purchased_purges":1,"victory":false,"max_hp_per_floor":[96,96,96,96,96,96,96,101,101,101,101,101,101,101,101,101,101,101,101,101,101,101,101,101,101,101,101,101,101,101,101,101,101,101],"card_choices":[{"not_picked":["Headbutt","Twin Strike"],"picked":"Wild Strike","floor":1},{"not_picked":["Warcry","Clothesline","Thunderclap"],"picked":"SKIP","floor":5},{"not_picked":["Reaper","Berserk"],"picked":"Inflame","floor":8},{"not_picked":["Armaments","Pommel Strike"],"picked":"Whirlwind","floor":10},{"not_picked":["Anger","Iron Wave","Havoc"],"picked":"SKIP","floor":11},{"not_picked":["Infernal Blade","Perfected Strike","Iron Wave"],"picked":"SKIP","floor":13},{"not_picked":["Dark Embrace","Pommel Strike","Iron Wave"],"picked":"SKIP","floor":14},{"not_picked":["Wild Strike"],"picked":"SKIP","floor":18},{"not_picked":["Warcry"],"picked":"SKIP","floor":20},{"not_picked":["Perfected Strike"],"picked":"SKIP","floor":22},{"not_picked":["Uppercut+1"],"picked":"SKIP","floor":24},{"not_picked":["True Grit"],"picked":"SKIP","floor":27},{"not_picked":[],"picked":"Double Tap","floor":29},{"not_picked":["True Grit+1"],"picked":"SKIP","floor":30},{"not_picked":["Shrug It Off+1"],"picked":"SKIP","floor":31}],"player_experience":317760,"relics_obtained":[{"floor":8,"key":"Incense Burner"},{"floor":9,"key":"Old Coin"},{"floor":10,"key":"Centennial Puzzle"},{"floor":24,"key":"CaptainsWheel"},{"floor":26,"key":"Whetstone"},{"floor":30,"key":"Toxic Egg 2"}],"event_choices":[{"damage_healed":0,"gold_gain":50,"player_choice":"Gained Gold","damage_taken":0,"max_hp_gain":0,"max_hp_loss":0,"event_name":"Golden Wing","floor":2,"gold_loss":0},{"damage_healed":0,"gold_gain":0,"player_choice":"Ignored","damage_taken":0,"max_hp_gain":0,"max_hp_loss":0,"event_name":"Shining Light","floor":3,"gold_loss":0},{"damage_healed":0,"gold_gain":100,"player_choice":"Pray","damage_taken":0,"max_hp_gain":0,"max_hp_loss":0,"event_name":"Golden Shrine","floor":4,"gold_loss":0},{"damage_healed":0,"gold_gain":0,"player_choice":"Paid Gold","damage_taken":0,"relics_obtained":["Red Skull"],"max_hp_gain":0,"max_hp_loss":0,"event_name":"WeMeetAgain","floor":21,"gold_loss":110},{"damage_healed":0,"gold_gain":0,"player_choice":"Ignored","damage_taken":0,"max_hp_gain":0,"max_hp_loss":0,"event_name":"Ghosts","floor":25,"gold_loss":0},{"damage_healed":33,"gold_gain":0,"player_choice":"Heal","damage_taken":0,"max_hp_gain":0,"max_hp_loss":0,"event_name":"The Library","floor":28,"gold_loss":0}],"is_beta":false,"boss_relics":[{"not_picked":["Black Blood","Snecko Eye"],"picked":"Busted Crown"}],"items_purged_floors":[19],"is_endless":false,"potions_floor_spawned":[5,10,14,16,18,24,27,29],"killed_by":"Champ","ascension_level":10}}