{"host":"8oad2sh1i7kph5eo","time":1612655881,"event":{"mods":["AchievementEnabler","BaseMod","Downfall","Minty Spire (QoL Compilation)","Replay The Spire","Spicy Shops","StSLib"],"gold_per_floor":[99,112,131,581,601,634,681,681,681,681,681,698,732,2,15,114,114,114,124,124,124,135,135,158,68,79,95,110,27,58,58,71,171,171,171,189,45,61,74,74,74,149,149,79,95,95,95,108,122,122],"floor_reached":51,"language":"ENG","playtime":5724,"items_purged":["bronze:Strike","Amnesia"],"score":729,"play_id":"593b2299-b323-4d3f-99c5-71f0939fd523","local_time":"20210206155801","is_ascension_mode":false,"campfire_choices":[{"data":"bronze:Goto","floor":1.0,"key":"SMITH"},{"data":"bronze:RecursiveStrike","floor":8.0,"key":"SMITH"},{"data":"bronze:Overheat","floor":10.0,"key":"SMITH"},{"data":"bronze:Repair","floor":18.0,"key":"SMITH"},{"data":"bronze:Fortify","floor":23.0,"key":"SMITH"},{"data":"expansioncontent:DashGenerateEvil","floor":35,"key":"SMITH"},{"data":"bronze:Format","floor":43,"key":"SMITH"},{"data":"bronze:Overload","floor":46,"key":"SMITH"}],"circlet_count":0,"master_deck":["bronze:Strike","bronze:Strike","bronze:Defend","bronze:Defend","bronze:Defend","bronze:Defend","bronze:Replicate","bronze:Goto+1","bronze:Overheat+1","bronze:Fortify+1","downfall:Icky","downfall:Icky","bronze:FineTuning","bronze:RecursiveStrike+1","bronze:OilSpill","bronze:Repair+1","bronze:Overload+1","bronze:DelayedSlice","bronze:Branch","expansioncontent:DashGenerateEvil+1","bronze:CutThrough","bronze:Format+1","bronze:Optimize+1","bronze:DelayedSlice","bronze:WhirlingStrike+1","bronze:DelayedSlice","bronze:BitShift","bronze:DelayedGuard","bronze:HardenedForm","bronze:OilSpill","bronze:DelayedGuard","Flash of Steel","bronze:DelayedGuard","bronze:ForceShield","bronze:ForceShield","bronze:Assembly","bronze:Overload+1","bronze:ItsAFeature+1","bronze:DelayedSlice","expansioncontent:PrepareCrush","Replay:SS_forest_2","expansioncontent:YouAreMine","bronze:Frontload","bronze:Flail"],"relics":["bronze:PlatinumCore","Centennial Puzzle","Strawberry","Shuriken","Sundial","White Beast Statue","Replay:Bronze Core","Nunchaku","ReplayTheSpireMod:CursedCoin","Calipers","Replay:Wax Seal","ReplayTheSpireMod:Ninjato","Replay:Rubber Ducky","ReplayTheSpireMod:TigerMarble","Bottled Tornado"],"acts_visited":["Exordium","TheCity","TheBeyond"],"potions_floor_usage":[49,50],"damage_taken":[{"damage":0.0,"enemies":"Jaw Worm","floor":2.0,"turns":4.0},{"damage":0.0,"enemies":"2 Louse","floor":3.0,"turns":4.0},{"damage":0.0,"enemies":"Small Slimes","floor":5.0,"turns":4.0},{"damage":18.0,"enemies":"Lagavulin","floor":6.0,"turns":10.0},{"damage":2.0,"enemies":"Blue Slaver","floor":12.0,"turns":2.0},{"damage":0.0,"enemies":"Gremlin Nob","floor":13.0,"turns":2.0},{"damage":10.0,"enemies":"downfall:FleeingMerchant","floor":14.0,"turns":4.0},{"damage":0.0,"enemies":"Red Slaver","floor":15.0,"turns":3.0},{"damage":37.0,"enemies":"WA_ARCHETYPE_RETAIN","floor":16.0,"turns":7.0},{"damage":14.0,"enemies":"Shell Parasite","floor":19.0,"turns":5.0},{"damage":27.0,"enemies":"Shelled Parasite and Fungi","floor":22.0,"turns":4.0},{"damage":10.0,"enemies":"downfall:FleeingMerchant","floor":25.0,"turns":5.0},{"damage":2.0,"enemies":"Cultist and Chosen","floor":26.0,"turns":4.0},{"damage":12.0,"enemies":"Centurion and Healer","floor":27.0,"turns":4.0},{"damage":16.0,"enemies":"Snake Plant","floor":28.0,"turns":3.0},{"damage":0.0,"enemies":"downfall:FleeingMerchant","floor":29.0,"turns":3.0},{"damage":3.0,"enemies":"Replay:Snechameleon","floor":30.0,"turns":5.0},{"damage":12.0,"enemies":"Shelled Parasite and Fungi","floor":32.0,"turns":6.0},{"damage":17.0,"enemies":"SI_MIRROR_ARCHETYPE","floor":33.0,"turns":6.0},{"damage":12,"enemies":"3 Shapes","floor":36,"turns":4},{"damage":3,"enemies":"Orb Walker","floor":38,"turns":4},{"damage":22,"enemies":"Maw","floor":39,"turns":7},{"damage":2,"enemies":"Jaw Worm Horde","floor":45,"turns":3},{"damage":16,"enemies":"3 Darklings","floor":48,"turns":4},{"damage":8,"enemies":"Transient","floor":49,"turns":5},{"damage":26,"enemies":"IC_BLOCK_ARCHETYPE","floor":50,"turns":9}],"seed_played":"5176880923683569416","potions_obtained":[{"floor":2.0,"key":"Strength Potion"},{"floor":5.0,"key":"Weak Potion"},{"floor":6.0,"key":"Weak Potion"},{"floor":15.0,"key":"AttackPotion"},{"floor":16.0,"key":"AttackPotion"},{"floor":19.0,"key":"Milkshake"},{"floor":22.0,"key":"SteroidPotion"},{"floor":25.0,"key":"Strength Potion"},{"floor":29.0,"key":"Toxic Potion"},{"floor":33.0,"key":"sneckomod:MuddlingPotion"},{"floor":39,"key":"Death Potion"},{"floor":49,"key":"FearPotion"}],"is_trial":false,"path_per_floor":["R","M","M","?","M","E","T","R","?","R","?","M","E","$","M","B",null,"R","M","?","?","M","R","T","$","M","M","M","$","E","?","M","B",null,"R","M","$","M","M","$","T","?","R","$","M","R","?","M","M","B",null],"character_chosen":"THE_AUTOMATON","items_purchased":["Sundial","bronze:DelayedSlice","bronze:Branch","expansioncontent:DashGenerateEvil","White Beast Statue","ReplayTheSpireMod:CursedCoin","Calipers","bronze:BitShift","Replay:Wax Seal","ReplayTheSpireMod:Ninjato","Flash of Steel","bronze:DelayedGuard","ReplayTheSpireMod:TigerMarble","bronze:DelayedSlice"],"campfire_rested":0,"item_purchase_floors":[14,14,14,14,14,25,25,25,29,29,29,29,37,44],"current_hp_per_floor":[77,77,77,77,77,59,66,66,66,66,66,64,64,54,61,24,84,84,80,80,80,63,63,63,64,73,71,65,65,72,72,60,53,84,84,81,81,78,66,66,66,66,66,66,64,64,54,48,50,34],"gold":122,"neow_bonus":"TEN_PERCENT_HP_BONUS","is_daily":false,"chose_seed":false,"campfire_upgraded":8,"win_rate":0.0,"timestamp":1612655881,"path_taken":["R","M","M","?","M","E","T","R","?","R","?","M","E","$","M","BOSS","R","M","?","?","M","R","T","$","M","M","M","$","E","?","M","BOSS","R","M","$","M","M","$","T","?","R","$","?","R","?","M","M","BOSS"],"items_purchased_type":["Relic","Card","Card","Card","Relic","Relic","Relic","Card","Relic","Relic","Card","Card","Relic","Card"],"build_version":"2020-12-22","purchased_purges":2,"victory":true,"max_hp_per_floor":[77,77,77,77,77,77,84,84,84,84,84,84,84,84,84,84,84,84,84,84,84,84,84,84,84,84,84,84,84,84,84,84,84,84,84,84,84,84,84,84,84,84,84,84,84,84,84,84,84,84],"card_choices":[{"not_picked":["bronze:FollowUp","bronze:BitShift"],"picked":"bronze:Overheat","floor":2.0},{"not_picked":["bronze:Allocate","bronze:Overheat"],"picked":"bronze:Fortify","floor":3.0},{"not_picked":["bronze:Frontload","bronze:CutThrough"],"picked":"bronze:FineTuning","floor":5.0},{"not_picked":["bronze:MaxOutput","bronze:Shield"],"picked":"bronze:RecursiveStrike","floor":6.0},{"not_picked":["bronze:ItsAFeature","bronze:ForceShield"],"picked":"bronze:OilSpill","floor":12.0},{"not_picked":["bronze:BuggyMess","bronze:GetLatest"],"picked":"bronze:Repair","floor":13.0},{"not_picked":["bronze:Optimize","bronze:Iterate"],"picked":"bronze:Overload","floor":14.0},{"not_picked":["bronze:BuggyMess","bronze:Overload"],"picked":"bronze:CutThrough","floor":15.0},{"not_picked":["bronze:BurnOut","bronze:ShipIt"],"picked":"bronze:Format","floor":16.0},{"not_picked":["bronze:BuggyMess","bronze:Turbo"],"picked":"bronze:Optimize+1","floor":19.0},{"not_picked":["bronze:BugBarrage","bronze:Return"],"picked":"bronze:WhirlingStrike+1","floor":22.0},{"not_picked":["bronze:CutThrough","bronze:Turbo"],"picked":"bronze:DelayedSlice","floor":25.0},{"not_picked":["bronze:Invalidate","bronze:DarkDash"],"picked":"bronze:DelayedGuard","floor":26.0},{"not_picked":["bronze:CutThrough","bronze:OilSpill"],"picked":"bronze:HardenedForm","floor":27.0},{"not_picked":["bronze:Safeguard","bronze:Invalidate"],"picked":"bronze:OilSpill","floor":28.0},{"not_picked":["bronze:Deprecate","bronze:Assembly"],"picked":"bronze:DelayedGuard","floor":29.0},{"not_picked":["bronze:Return","bronze:Overheat"],"picked":"bronze:ForceShield","floor":30.0},{"not_picked":["bronze:DarkDash","bronze:ForLoop+1"],"picked":"bronze:ForceShield","floor":32.0},{"not_picked":["bronze:Virus","bronze:SpaghettiCode"],"picked":"bronze:Assembly","floor":33.0},{"not_picked":["bronze:Overload","bronze:BugBarrage","bronze:Shield+1"],"picked":"SKIP","floor":36},{"not_picked":["bronze:BugBarrage","bronze:Shield+1"],"picked":"bronze:Overload+1","floor":38},{"not_picked":["bronze:BitShift","bronze:Repulsor+1"],"picked":"bronze:ItsAFeature+1","floor":39},{"not_picked":["bronze:Invalidate+1","bronze:WildBeam","bronze:BugBarrage+1"],"picked":"SKIP","floor":45},{"not_picked":["expansioncontent:InvincibleStrength","expansioncontent:GuardianWhirl"],"picked":"expansioncontent:PrepareCrush","floor":47},{"not_picked":["expansioncontent:AwakenDeath","expansioncontent:PrepareCrush"],"picked":"Replay:SS_forest_2","floor":47},{"not_picked":["expansioncontent:Hexaburn","expansioncontent:LastStand"],"picked":"expansioncontent:YouAreMine","floor":47},{"not_picked":["bronze:DelayedGuard","bronze:BitShift"],"picked":"bronze:Frontload","floor":48},{"not_picked":["bronze:OilSpill+1","bronze:WildBeam+1"],"picked":"bronze:Flail","floor":49}],"player_experience":179696,"relics_obtained":[{"floor":6.0,"key":"Centennial Puzzle"},{"floor":7.0,"key":"Strawberry"},{"floor":13.0,"key":"Shuriken"},{"floor":24.0,"key":"Nunchaku"},{"floor":30.0,"key":"Replay:Rubber Ducky"},{"floor":41,"key":"Bottled Tornado"}],"event_choices":[{"cards_removed":["downfall:Icky"],"damage_healed":0.0,"max_hp_gain":0.0,"max_hp_loss":0.0,"gold_gain":0.0,"event_name":"The Cleric","player_choice":"Card Removal","floor":11.0,"gold_loss":0.0,"damage_taken":0.0},{"damage_healed":0.0,"max_hp_gain":0.0,"max_hp_loss":0.0,"gold_gain":0.0,"event_name":"Vampires","player_choice":"Ignored","floor":20.0,"gold_loss":0.0,"damage_taken":0.0},{"damage_healed":0.0,"max_hp_gain":0.0,"max_hp_loss":0.0,"gold_gain":0.0,"event_name":"The Library","player_choice":"Read","floor":21.0,"gold_loss":0.0,"damage_taken":0.0,"cards_obtained":["bronze:DelayedSlice"]},{"cards_removed":["bronze:Strike"],"damage_healed":0.0,"max_hp_gain":0.0,"max_hp_loss":0.0,"gold_gain":0.0,"event_name":"Bonfire Elementals","player_choice":"Offered Basic","floor":31.0,"gold_loss":0.0,"damage_taken":0.0}],"is_beta":false,"boss_relics":[{"not_picked":["Sozu","Astrolabe"],"picked":"Replay:Bronze Core"},{"not_picked":["Ring of Chaos","Runic Pyramid"],"picked":"bronze:PlatinumCore"}],"items_purged_floors":[14,25],"is_endless":false,"potions_floor_spawned":[2,5,6,15,16,19,22,25,26,27,28,29,30,32,33,36,38,39,45,48,49],"ascension_level":0}}