{"host":"Ringo","time":1612607917,"event":{"mods":["BaseMod","Colored Map","Conspire","Dota2Spire","Hubris","Minty Spire (QoL Compilation)","Replay The Spire","StSLib","The Construct","[IsaacMod]ÒÔÈö¼âËþ","¡¾ÒÅÎï¿¨ÅÆ¡¿REMEMod"],"gold_per_floor":[112,131,144,158,170,200,228,253,253,253,283,283,315,343,343,414,414,429,444,121,136,147,176,188,214,214,242,267,302,337,362,362,438,438,451,462,462,215,266,345,421,504,572,623,548,634,262,342,342,410,482],"floor_reached":52,"language":"ZHS","playtime":1740,"items_purged":["Shockwave"],"score":3907,"play_id":"4c71e0d3-28f5-41fd-99ba-7a5d6c8ba89e","local_time":"20210206183837","daily_mods":["SealedDeck","Vintage","Heirloom","Time Dilation","Flight","DeadlyEvents","Elite Swarm","Lethality","Binary"],"is_ascension_mode":true,"campfire_choices":[{"data":"REME_Scribble","floor":10,"key":"SMITH"},{"data":"Seeing Red","floor":12,"key":"SMITH"},{"data":"REME_CRH","floor":15,"key":"SMITH"},{"data":"Infernal Blade","floor":32,"key":"SMITH"},{"data":"Limit Break","floor":49,"key":"SMITH"}],"circlet_count":0,"master_deck":["AscendersBane","Headbutt+1","ReplayTheSpireMod:Stacked","Twin Strike+1","Flex","Carnage","Seeing Red+1","Infernal Blade+1","Thunderclap","Anger","Sword Boomerang","REME_CRH+1","REME_Scribble+1","Hemokinesis","Demon Form","REME_Fury","Exhume","Metallicize+1","True Grit","True Grit","Limit Break+1"],"relics":["Burning Blood","Busted Crown","HushsDoor","replay:Trail_Library","Void","Chaos","Shuriken","Tough Bandages","REME_ChargedStone","Replay:WaspNest","GuppysTail","BookOfRevelations","HoveringKite","SatanicBible","hubris:Potato","Strawberry","Shovel","Pondfish Scales","hubris:BundleOfHerbs","Kunai","ReplayTheSpireMod:TigerMarble","construct:ClawGrip","Mummified Hand","Brimstone","Sundial","Magic Flower","Anchor","Dota2Spire:RefresherOrb","Question Card","Replay:Bandana","Replay:Mystery Machine","Whetstone","Blue Doll","Darkstone Periapt","conspire:DeflatedDodgeball","ReplayTheSpireMod:Lightbulb","Mango","hubris:Zylophone","Dota2Spire:RefresherOrb"],"acts_visited":["Exordium","TheCity","TheBeyond"],"potions_floor_usage":[16,18,25,29,33,39,51,51],"damage_taken":[{"damage":4.0,"enemies":"Jaw Worm","floor":1.0,"turns":2.0},{"damage":0.0,"enemies":"Cultist","floor":2.0,"turns":1.0},{"damage":15.0,"enemies":"conspire:RoseBush","floor":3.0,"turns":1.0},{"damage":0.0,"enemies":"2 Fungi Beasts","floor":4.0,"turns":1.0},{"damage":0.0,"enemies":"Exordium Thugs","floor":5.0,"turns":1.0},{"damage":0.0,"enemies":"3 Sentries","floor":6.0,"turns":1.0},{"damage":0.0,"enemies":"Gremlin Nob","floor":7.0,"turns":2.0},{"damage":0,"enemies":"Lagavulin","floor":8,"turns":2},{"damage":0,"enemies":"3 Sentries","floor":11,"turns":1},{"damage":0,"enemies":"Lagavulin","floor":13,"turns":1},{"damage":0,"enemies":"3 Sentries","floor":14,"turns":2},{"damage":0,"enemies":"Slime Boss","floor":16,"turns":1},{"damage":0,"enemies":"2 Thieves","floor":18,"turns":2},{"damage":0,"enemies":"conspire:FuzzyDice","floor":19,"turns":1},{"damage":0,"enemies":"conspire:HollyBat","floor":21,"turns":5},{"damage":0,"enemies":"Snake Plant","floor":22,"turns":1},{"damage":16,"enemies":"Book of Stabbing","floor":23,"turns":2},{"damage":0,"enemies":"Chosen and Byrds","floor":24,"turns":1},{"damage":0,"enemies":"conspire:Head Lice","floor":25,"turns":2},{"damage":0,"enemies":"Slavers","floor":27,"turns":1},{"damage":0,"enemies":"Replay:Snechameleon","floor":28,"turns":2},{"damage":0,"enemies":"Slavers","floor":29,"turns":1},{"damage":0,"enemies":"REME_1_Revenger","floor":30,"turns":2},{"damage":0,"enemies":"conspire:Head Lice","floor":31,"turns":2},{"damage":0,"enemies":"hubris:MusketHawk","floor":33,"turns":1},{"damage":0,"enemies":"Orb Walker","floor":35,"turns":2},{"damage":0,"enemies":"3 Darklings","floor":36,"turns":1},{"damage":0,"enemies":"4 Shapes","floor":39,"turns":1},{"damage":0,"enemies":"R_Hoarder","floor":40,"turns":4},{"damage":0,"enemies":"Giant Head","floor":41,"turns":2},{"damage":0,"enemies":"R_Hoarder","floor":42,"turns":2},{"damage":0,"enemies":"Nemesis","floor":44,"turns":1},{"damage":0,"enemies":"R_Hoarder","floor":46,"turns":3},{"damage":0,"enemies":"Reptomancer","floor":48,"turns":2},{"damage":0,"enemies":"Awakened One","floor":50,"turns":3},{"damage":0,"enemies":"Donu and Deca","floor":51,"turns":3}],"seed_played":"-949049134079410999","potions_obtained":[{"floor":4.0,"key":"Languid Potion"},{"floor":5.0,"key":"Dota2Spire:HealingSalve"},{"floor":16,"key":"Toxic Potion"},{"floor":21,"key":"Venom Potion"},{"floor":22,"key":"Adrenaline Potion"},{"floor":25,"key":"PowerPotion"},{"floor":29,"key":"Milkshake"},{"floor":33,"key":"GamblersBrew"},{"floor":39,"key":"AttackPotion"}],"is_trial":true,"path_per_floor":["M","M","M","M","M","E","E","E","T","R","E","R","E","E","R","B",null,"M","M","$","M","M","E","M","E","T","E","E","E","E","E","R","B",null,"M","M","?","$","M","E","E","E","T","E","$","E","$","E","R","B","B",null],"character_chosen":"IRONCLAD","items_purchased":["Pondfish Scales","Replay:Bandana","Hemokinesis","Membership Card","Mango","Metallicize+1","True Grit"],"campfire_rested":0,"item_purchase_floors":[20,38,38,47,47,47,47],"current_hp_per_floor":[70,75,66,72,75,75,75,75,75,75,78,78,81,84,84,87,87,94,97,97,100,100,93,102,109,109,112,112,115,115,118,118,121,121,124,124,109,109,118,127,130,130,130,133,133,136,150,150,150,153,153],"gold":482,"neow_bonus":"","is_daily":false,"chose_seed":false,"campfire_upgraded":5,"win_rate":0.0,"timestamp":1612607917,"path_taken":["M","M","M","M","M","E","E","E","T","R","E","R","E","E","R","BOSS","M","M","$","M","M","E","M","E","T","E","E","E","E","E","R","BOSS","M","M","?","$","M","E","E","E","T","E","$","E","$","E","R","BOSS","BOSS"],"items_purchased_type":["Relic","Relic","Card","Relic","Relic","Card","Card"],"build_version":"2020-12-18","purchased_purges":1,"victory":true,"max_hp_per_floor":[75,75,75,75,75,75,75,75,75,75,78,78,81,84,84,87,87,94,97,97,100,100,103,106,109,109,112,112,115,115,118,118,121,121,124,124,124,124,124,127,130,130,130,133,133,136,150,150,150,153,153],"card_choices":[{"not_picked":[],"picked":"Demon Form","floor":40},{"not_picked":[],"picked":"REME_Fury","floor":41},{"not_picked":["Replay:Many Hands"],"picked":"SKIP","floor":42},{"not_picked":[],"picked":"Exhume","floor":44},{"not_picked":["Fiend Fire"],"picked":"SKIP","floor":46},{"not_picked":[],"picked":"Limit Break","floor":48}],"player_experience":639968,"relics_obtained":[{"floor":1.0,"key":"Shuriken"},{"floor":2.0,"key":"Tough Bandages"},{"floor":3.0,"key":"REME_ChargedStone"},{"floor":4.0,"key":"Replay:WaspNest"},{"floor":5.0,"key":"hubris:Backtick"},{"floor":6.0,"key":"GuppysTail"},{"floor":7.0,"key":"BookOfRevelations"},{"floor":8,"key":"HoveringKite"},{"floor":9,"key":"GnawedLeaf"},{"floor":13,"key":"Inserter"},{"floor":14,"key":"SatanicBible"},{"floor":18,"key":"Strawberry"},{"floor":19,"key":"Shovel"},{"floor":21,"key":"Byrd Skull"},{"floor":22,"key":"hubris:BundleOfHerbs"},{"floor":23,"key":"Kunai"},{"floor":24,"key":"PunchingBag"},{"floor":25,"key":"ReplayTheSpireMod:TigerMarble"},{"floor":26,"key":"construct:ClawGrip"},{"floor":28,"key":"Mummified Hand"},{"floor":29,"key":"Brimstone"},{"floor":30,"key":"Sundial"},{"floor":31,"key":"Magic Flower"},{"floor":35,"key":"Dota2Spire:RefresherOrb"},{"floor":36,"key":"Question Card"},{"floor":39,"key":"Replay:Mystery Machine"},{"floor":40,"key":"REME_LimitBreaker"},{"floor":41,"key":"Whetstone"},{"floor":42,"key":"Blue Doll"},{"floor":43,"key":"Darkstone Periapt"},{"floor":44,"key":"conspire:DeflatedDodgeball"},{"floor":46,"key":"ReplayTheSpireMod:Lightbulb"},{"floor":48,"key":"hubris:Zylophone"}],"event_choices":[],"is_beta":true,"boss_relics":[{"not_picked":["PokeGo","Calling Bell"],"picked":"hubris:Potato"},{"not_picked":[]},{"not_picked":["Toxic Egg 2","Bronze Scales"],"picked":"Anchor"},{"not_picked":[]}],"items_purged_floors":[45],"is_endless":false,"potions_floor_spawned":[4,5,6,8,16,21,22,23,25,29,31,33,35,39,40],"ascension_level":20}}