{"host":"f5gffvlv6a66yqkd","time":1612599203,"event":{"mods":["2.2 Compatiblity","BaseMod","Colored Map","Custom Start","DeckTracker","Keyboard Shortcuts","Minty Spire (QoL Compilation)","Permanent Neow","Quick Restart","Relic Stats","StSLib","SuperFastMode"],"gold_per_floor":[12,28,45,64,74,74,107,126,126,126,142,192,204,234,234,312,312,324,337,37,47,57,57,57],"floor_reached":23,"language":"KOR","playtime":808,"items_purged":[],"score":418,"play_id":"9691b4bf-9182-4428-b113-ffb32a038626","local_time":"20210206171323","is_ascension_mode":true,"campfire_choices":[{"data":"Body Slam","floor":6.0,"key":"SMITH"},{"floor":10.0,"key":"REST"},{"data":"True Grit","floor":15.0,"key":"SMITH"}],"circlet_count":0,"master_deck":["AscendersBane","Strike_R+1","Strike_R","Strike_R","Strike_R","Defend_R","Defend_R","Defend_R","Bash","Juggernaut","Anger","True Grit+1","Body Slam+1","Iron Wave","Shrug It Off","Evolve","Power Through","Wild Strike+1","Cleave","Wild Strike","Barricade","Battle Trance","Warcry","Power Through","Disarm"],"relics":["Burning Blood","Toy Ornithopter","Whetstone","Question Card","Cursed Key","Sundial"],"acts_visited":["Exordium","TheCity"],"potions_floor_usage":[22,23],"damage_taken":[{"damage":2.0,"enemies":"2 Louse","floor":1.0,"turns":2.0},{"damage":0.0,"enemies":"Cultist","floor":2.0,"turns":4.0},{"damage":1.0,"enemies":"Small Slimes","floor":3.0,"turns":4.0},{"damage":5.0,"enemies":"2 Fungi Beasts","floor":4.0,"turns":4.0},{"damage":6.0,"enemies":"Looter","floor":5.0,"turns":3.0},{"damage":57.0,"enemies":"Gremlin Nob","floor":7.0,"turns":6.0},{"damage":21.0,"enemies":"Gremlin Gang","floor":8.0,"turns":6.0},{"damage":9.0,"enemies":"3 Louse","floor":11.0,"turns":3.0},{"damage":0.0,"enemies":"Looter","floor":13.0,"turns":4.0},{"damage":22.0,"enemies":"Lagavulin","floor":14.0,"turns":7.0},{"damage":21.0,"enemies":"Slime Boss","floor":16.0,"turns":8.0},{"damage":29.0,"enemies":"Shell Parasite","floor":18.0,"turns":6.0},{"damage":13.0,"enemies":"Spheric Guardian","floor":19.0,"turns":5.0},{"damage":20.0,"enemies":"Centurion and Healer","floor":21.0,"turns":8.0},{"damage":24,"enemies":"Cultist and Chosen","floor":22,"turns":7},{"damage":19,"enemies":"Slavers","floor":23,"turns":2}],"seed_played":"622788681867714923","potions_obtained":[{"floor":2.0,"key":"GamblersBrew"},{"floor":5.0,"key":"EssenceOfSteel"},{"floor":8.0,"key":"Dexterity Potion"},{"floor":11.0,"key":"EssenceOfSteel"},{"floor":13.0,"key":"Strength Potion"},{"floor":16.0,"key":"LiquidMemories"},{"floor":18.0,"key":"LiquidBronze"},{"floor":21.0,"key":"Fire Potion"},{"floor":22,"key":"SkillPotion"}],"is_trial":false,"path_per_floor":["M","M","M","M","M","R","E","M","T","R","M","?","M","E","R","B",null,"M","M","$","M","M","E"],"character_chosen":"IRONCLAD","items_purchased":["Sundial","Warcry"],"campfire_rested":1,"item_purchase_floors":[20,20],"current_hp_per_floor":[72,75,75,75,75,75,24,19,19,41,38,38,49,33,33,28,63,40,43,43,29,16,2,2],"gold":57,"neow_bonus":"TRANSFORM_TWO_CARDS","is_daily":false,"chose_seed":false,"campfire_upgraded":2,"win_rate":0.0,"timestamp":1612599203,"path_taken":["M","M","M","M","M","R","E","M","T","R","M","?","M","E","R","BOSS","M","M","$","M","M","E"],"items_purchased_type":["Relic","Card"],"build_version":"2020-12-22","purchased_purges":0,"victory":false,"max_hp_per_floor":[75,75,75,75,75,75,75,75,75,75,75,75,75,75,75,75,75,75,75,75,75,75,75,75],"relic_stats":{"counters":[16,79],"Sundial":[2],"Whetstone":["Wild Strike","Strike_R"],"Question Card":6,"Cursed Key":0,"obtain_stats":[{"Sundial":20,"Whetstone":9,"Question Card":14,"Cursed Key":17,"Burning Blood":0,"Toy Ornithopter":7},{"Sundial":13,"Whetstone":7,"Question Card":10,"Cursed Key":11,"Burning Blood":0,"Toy Ornithopter":6},{"Sundial":62,"Whetstone":29,"Question Card":43,"Cursed Key":51,"Burning Blood":0,"Toy Ornithopter":23}],"Burning Blood":81,"Toy Ornithopter":45},"card_choices":[{"not_picked":["Headbutt","Perfected Strike"],"picked":"True Grit","floor":1.0},{"not_picked":["Perfected Strike","Dark Embrace"],"picked":"Body Slam","floor":2.0},{"not_picked":["True Grit","Dropkick"],"picked":"Iron Wave","floor":3.0},{"not_picked":["Headbutt","True Grit"],"picked":"Shrug It Off","floor":4.0},{"not_picked":["Ghostly Armor","Rampage"],"picked":"Evolve","floor":5.0},{"not_picked":["Body Slam","Heavy Blade"],"picked":"Power Through","floor":7.0},{"not_picked":["Brutality","Flame Barrier"],"picked":"Wild Strike","floor":8.0},{"not_picked":["Flex","Sword Boomerang","Bloodletting"],"picked":"SKIP","floor":11.0},{"not_picked":["Havoc","Perfected Strike"],"picked":"Cleave","floor":13.0},{"not_picked":["Fiend Fire","Perfected Strike"],"picked":"Wild Strike","floor":14.0},{"not_picked":["Bludgeon","Berserk","Immolate"],"picked":"Barricade","floor":16.0},{"not_picked":["Body Slam","Perfected Strike","Flex","Inflame"],"picked":"SKIP","floor":18.0},{"not_picked":["Body Slam","Perfected Strike","Flex","Inflame"],"picked":"SKIP","floor":18.0},{"not_picked":["Inflame","Carnage","Clash"],"picked":"Battle Trance","floor":19.0},{"not_picked":["Flex","Headbutt","Berserk"],"picked":"Power Through","floor":21.0},{"not_picked":["Warcry","Dark Embrace","Cleave"],"picked":"Disarm","floor":22}],"player_experience":1669829,"relics_obtained":[{"floor":7.0,"key":"Toy Ornithopter"},{"floor":9.0,"key":"Whetstone"},{"floor":14.0,"key":"Question Card"}],"event_choices":[{"damage_healed":0.0,"max_hp_gain":0.0,"max_hp_loss":0.0,"gold_gain":50.0,"event_name":"Golden Shrine","player_choice":"Pray","floor":12.0,"gold_loss":0.0,"damage_taken":0.0}],"is_beta":false,"boss_relics":[{"not_picked":["SlaversCollar","Empty Cage"],"picked":"Cursed Key"}],"items_purged_floors":[],"is_endless":false,"potions_floor_spawned":[2,5,8,11,13,16,18,21,22],"killed_by":"Slavers","ascension_level":20}}