{"host":"sad04l3m69qtnhom","time":1612622277,"event":{"mods":["AchievementEnabler","BaseMod","Colored Map","Colored Powertips","DeckTracker","Highlight Path","Minty Spire (QoL Compilation)","Permanent Neow","Quick Restart","SuperFastMode","everything is the same but u backflip on backflip"],"gold_per_floor":[118,118,129,146,19,19,44,59,59,93,93,168,168,184,184,283,283,294,294,294],"floor_reached":19,"language":"KOR","playtime":6534,"items_purged":[],"score":238,"play_id":"311affa9-c0a5-42e2-8681-cba9de22c9bc","local_time":"20210206233757","is_ascension_mode":true,"campfire_choices":[{"data":"Body Slam","floor":6.0,"key":"SMITH"},{"data":"Body Slam","floor":11.0,"key":"SMITH"},{"data":"Barricade","floor":15,"key":"SMITH"}],"circlet_count":0,"master_deck":["Strike_R","Strike_R","Strike_R","Defend_R","Defend_R","Defend_R","Defend_R","Bash","Barricade+1","Warcry","Ghostly Armor","Seeing Red","Body Slam+1","Fire Breathing","Body Slam+1","Flame Barrier","Impervious"],"relics":["Burning Blood","Spirit Poop","Orichalcum","Bronze Scales","Gremlin Horn","Empty Cage"],"acts_visited":["Exordium","TheCity"],"potions_floor_usage":[16,16],"damage_taken":[{"damage":8.0,"enemies":"Jaw Worm","floor":1.0,"turns":5.0},{"damage":6.0,"enemies":"Cultist","floor":3.0,"turns":4.0},{"damage":1.0,"enemies":"2 Louse","floor":4.0,"turns":4.0},{"damage":5.0,"enemies":"Lagavulin","floor":7.0,"turns":9.0},{"damage":5.0,"enemies":"Exordium Wildlife","floor":8.0,"turns":4.0},{"damage":24.0,"enemies":"3 Sentries","floor":10.0,"turns":6.0},{"damage":14,"enemies":"2 Fungi Beasts","floor":14,"turns":4},{"damage":32,"enemies":"Slime Boss","floor":16,"turns":8},{"damage":26,"enemies":"Chosen","floor":18,"turns":6},{"damage":50,"enemies":"Masked Bandits","floor":19,"turns":4}],"seed_played":"-8252683229253708062","potions_obtained":[{"floor":1.0,"key":"BlessingOfTheForge"},{"floor":3.0,"key":"BloodPotion"},{"floor":10.0,"key":"FearPotion"},{"floor":16,"key":"FearPotion"}],"is_trial":false,"path_per_floor":["M","?","M","M","$","R","E","M","T","E","R","?","T","M","R","B",null,"M","?"],"character_chosen":"IRONCLAD","items_purchased":["Body Slam","Fire Breathing"],"campfire_rested":0,"item_purchase_floors":[5,5],"current_hp_per_floor":[70,70,70,75,75,75,76,77,77,59,59,48,48,40,40,30,68,48,0,0],"gold":294,"neow_bonus":"THREE_RARE_CARDS","is_daily":false,"chose_seed":false,"campfire_upgraded":3,"win_rate":0.0,"timestamp":1612622277,"path_taken":["M","?","M","M","$","R","E","?","T","E","R","?","?","M","R","BOSS","M","?"],"items_purchased_type":["Card","Card"],"build_version":"2020-12-22","purchased_purges":0,"victory":false,"max_hp_per_floor":[80,80,80,80,80,80,80,80,80,80,80,80,80,80,80,80,80,80,80,80],"card_choices":[{"not_picked":["Limit Break","Exhume"],"picked":"Barricade","floor":0.0},{"not_picked":["Infernal Blade","Headbutt"],"picked":"Warcry","floor":1.0},{"not_picked":["Anger","Cleave"],"picked":"Ghostly Armor","floor":3.0},{"not_picked":["Wild Strike","Blood for Blood"],"picked":"Seeing Red","floor":4.0},{"not_picked":["Second Wind","Twin Strike"],"picked":"Body Slam","floor":7.0},{"not_picked":["Wild Strike","Armaments","Whirlwind"],"picked":"SKIP","floor":8.0},{"not_picked":["Reaper","Anger"],"picked":"Flame Barrier","floor":10.0},{"not_picked":["Armaments","Twin Strike","Wild Strike"],"picked":"SKIP","floor":14},{"not_picked":["Exhume","Bludgeon"],"picked":"Impervious","floor":16},{"not_picked":["Twin Strike","Blood for Blood+1","Warcry"],"picked":"SKIP","floor":18}],"player_experience":244102,"relics_obtained":[{"floor":7.0,"key":"Orichalcum"},{"floor":9.0,"key":"Bronze Scales"},{"floor":10.0,"key":"Gremlin Horn"}],"event_choices":[{"cards_removed":["Decay"],"damage_healed":0.0,"max_hp_gain":0.0,"max_hp_loss":0.0,"gold_gain":0.0,"event_name":"Bonfire Elementals","player_choice":"Offered Curse","floor":2.0,"gold_loss":0.0,"damage_taken":0.0,"relics_obtained":["Spirit Poop"]},{"damage_healed":0.0,"max_hp_gain":0.0,"max_hp_loss":0.0,"gold_gain":75.0,"event_name":"World of Goop","player_choice":"Gather Gold","floor":12.0,"gold_loss":0.0,"damage_taken":11.0},{"damage_healed":0,"gold_gain":0,"player_choice":"Fought Bandits","damage_taken":0,"max_hp_gain":0,"max_hp_loss":0,"event_name":"Masked Bandits","floor":19,"gold_loss":0}],"is_beta":false,"boss_relics":[{"not_picked":["Astrolabe","Busted Crown"],"picked":"Empty Cage"}],"items_purged_floors":[],"is_endless":false,"potions_floor_spawned":[1,3,10,16],"killed_by":"Masked Bandits","ascension_level":7}}