{"host":"gaqyve1328ta0etl","time":1612576600,"event":{"mods":["BaseMod","Colored Map","Colored Powertips","Duelist Mod","Googly Eyes","Hero for Fun","Minty Spire (QoL Compilation)","Shop Mod","StSLib","SuperFastMode","The Hierophant","The Runesmith"],"gold_per_floor":[111,122,122,72,96,96,110,146,146,160,85,85,120,138,138,269,269,285,300,320,73,73,73,91,91,91,91,111,135,135,154,154,154,154],"floor_reached":33,"language":"ENG","playtime":1023,"items_purged":["Strike_R","Strike_R"],"score":418,"play_id":"079fb275-d60d-4cdc-8427-5c1e50563010","local_time":"20210205175640","is_ascension_mode":true,"campfire_choices":[{"data":"True Grit","floor":6,"key":"SMITH"},{"data":"Bludgeon","floor":12,"key":"SMITH"},{"floor":15,"key":"REST"},{"data":"Rampage","floor":23,"key":"SMITH"},{"floor":32,"key":"REST"}],"circlet_count":0,"master_deck":["AscendersBane","Strike_R","Strike_R","Defend_R","Defend_R","Defend_R","Defend_R","Bash","Bludgeon+1","True Grit+1","Shrug It Off","Rampage+1","Inflame","Battle Trance","Shrug It Off","Berserk+1","Pummel","Evolve+1","Havoc+1","Bludgeon+1","Exhume"],"relics":["Burning Blood","Golden Idol","Bag of Preparation","Red Skull","Frozen Egg 2","Sozu","ClockworkSouvenir","Nunchaku"],"acts_visited":["Exordium","TheCity"],"potions_floor_usage":[5,13,16],"damage_taken":[{"damage":6,"enemies":"2 Louse","floor":1,"turns":3},{"damage":12,"enemies":"Jaw Worm","floor":2,"turns":2},{"damage":0,"enemies":"Cultist","floor":5,"turns":1},{"damage":0,"enemies":"Looter","floor":7,"turns":4},{"damage":20,"enemies":"Gremlin Nob","floor":8,"turns":4},{"damage":0,"enemies":"2 Fungi Beasts","floor":10,"turns":3},{"damage":25,"enemies":"Lagavulin","floor":13,"turns":5},{"damage":26,"enemies":"Exordium Thugs","floor":14,"turns":3},{"damage":28,"enemies":"The Guardian","floor":16,"turns":9},{"damage":0,"enemies":"Chosen","floor":18,"turns":4},{"damage":2,"enemies":"Shell Parasite","floor":19,"turns":8},{"damage":37,"enemies":"Centurion and Healer","floor":20,"turns":7},{"damage":17,"enemies":"Snake Plant","floor":24,"turns":4},{"damage":6,"enemies":"Chosen and Byrds","floor":28,"turns":6},{"damage":15,"enemies":"Shelled Parasite and Fungi","floor":29,"turns":5},{"damage":0,"enemies":"Colosseum Slavers","floor":30,"turns":4},{"damage":13,"enemies":"Centurion and Healer","floor":31,"turns":6},{"damage":65,"enemies":"Automaton","floor":33,"turns":6}],"seed_played":"-8616971607840311741","potions_obtained":[{"floor":2,"key":"LiquidMemories"},{"floor":8,"key":"ColorlessPotion"},{"floor":13,"key":"FearPotion"}],"is_trial":false,"path_per_floor":["M","M","?","?","M","R","M","E","T","M","$","R","E","M","R","B",null,"M","M","M","$","?","R","M","?","T","$","M","M","?","M","R","B"],"character_chosen":"IRONCLAD","items_purchased":["ClockworkSouvenir"],"campfire_rested":2,"item_purchase_floors":[21],"current_hp_per_floor":[72,66,48,48,54,54,60,46,46,52,52,52,33,13,34,12,57,63,67,36,36,60,60,49,49,49,49,49,40,46,39,60,0,0],"gold":154,"neow_bonus":"THREE_RARE_CARDS","is_daily":false,"chose_seed":false,"campfire_upgraded":3,"win_rate":0.0,"timestamp":1612576600,"path_taken":["M","M","?","?","?","R","M","E","T","?","$","R","E","M","R","BOSS","M","M","M","$","?","R","M","?","T","$","M","?","?","M","R","BOSS"],"items_purchased_type":["Relic"],"build_version":"2020-12-22","purchased_purges":2,"victory":false,"max_hp_per_floor":[72,72,72,72,72,72,72,72,72,72,72,72,72,72,72,72,72,72,72,72,72,72,72,72,72,72,72,72,72,72,72,72,72,72],"card_choices":[{"not_picked":["Barricade","Berserk"],"picked":"Bludgeon","floor":0},{"not_picked":["Twin Strike","Body Slam"],"picked":"True Grit","floor":1},{"not_picked":["Twin Strike","Perfected Strike"],"picked":"Shrug It Off","floor":2},{"not_picked":["Entrench","Cleave"],"picked":"Rampage","floor":5},{"not_picked":["True Grit","Twin Strike","Thunderclap"],"picked":"SKIP","floor":7},{"not_picked":["Sword Boomerang","Dropkick"],"picked":"Inflame","floor":8},{"not_picked":["Sword Boomerang","True Grit","Sentinel"],"picked":"SKIP","floor":10},{"not_picked":["Clothesline","Feel No Pain+1"],"picked":"Battle Trance","floor":13},{"not_picked":["Wild Strike","Clash"],"picked":"Shrug It Off","floor":14},{"not_picked":["Corruption+1","Exhume"],"picked":"Berserk+1","floor":16},{"not_picked":["Sword Boomerang","Clothesline"],"picked":"Pummel","floor":18},{"not_picked":["Cleave","Heavy Blade","Reckless Charge"],"picked":"SKIP","floor":19},{"not_picked":["Uppercut","Iron Wave"],"picked":"Evolve+1","floor":20},{"not_picked":["Power Through","Armaments"],"picked":"Havoc+1","floor":24},{"not_picked":["Headbutt","Shrug It Off"],"picked":"Exhume","floor":28},{"not_picked":["Warcry","Iron Wave","Perfected Strike"],"picked":"SKIP","floor":29},{"not_picked":["Dropkick","Thunderclap","Sword Boomerang+1"],"picked":"SKIP","floor":31}],"player_experience":2081847,"relics_obtained":[{"floor":8,"key":"Bag of Preparation"},{"floor":9,"key":"Red Skull"},{"floor":13,"key":"Frozen Egg 2"},{"floor":26,"key":"Nunchaku"}],"event_choices":[{"damage_healed":0,"gold_gain":0,"player_choice":"Take Damage","damage_taken":18,"relics_obtained":["Golden Idol"],"max_hp_gain":0,"max_hp_loss":0,"event_name":"Golden Idol","floor":3,"gold_loss":0},{"cards_removed":["Strike_R"],"damage_healed":0,"gold_gain":0,"player_choice":"Card Removal","damage_taken":0,"max_hp_gain":0,"max_hp_loss":0,"event_name":"The Cleric","floor":4,"gold_loss":50},{"damage_healed":24,"gold_gain":0,"player_choice":"Heal","damage_taken":0,"max_hp_gain":0,"max_hp_loss":0,"event_name":"The Library","floor":22,"gold_loss":0},{"damage_healed":0,"gold_gain":0,"player_choice":"Copied","damage_taken":0,"max_hp_gain":0,"max_hp_loss":0,"event_name":"Duplicator","floor":25,"gold_loss":0,"cards_obtained":["Bludgeon"]},{"damage_healed":0,"gold_gain":0,"player_choice":"Fight","damage_taken":0,"max_hp_gain":0,"max_hp_loss":0,"event_name":"Colosseum","floor":30,"gold_loss":0},{"damage_healed":0,"gold_gain":0,"player_choice":"Fled From Nobs","damage_taken":0,"max_hp_gain":0,"max_hp_loss":0,"event_name":"Colosseum","floor":30,"gold_loss":0}],"is_beta":false,"boss_relics":[{"not_picked":["Runic Pyramid","Runesmith:UraniumAnvil"],"picked":"Sozu"}],"items_purged_floors":[11,21],"is_endless":false,"potions_floor_spawned":[2,8,13,19,20,30,31],"killed_by":"Automaton","ascension_level":12}}