{"host":"k21xmcun2pczpxg9","time":1612569775,"event":{"mods":["BaseMod","BetterRewards","Highlight Path","Minty Spire (QoL Compilation)","Quick Restart","Shop Mod"],"gold_per_floor":[114,131,131,131,56,82,82,116,116,131,150,150,200,211,211,313,313,331,350,22,22,33,33,49,76,146,161,113,133,150,170,170,270,270,285,285,285,163,175,175,209,219,245,256,256,256,274,285,285,285],"floor_reached":51,"language":"ENG","playtime":3332,"items_purged":["Defend_G","Defend_G","Defend_G"],"score":788,"play_id":"62fe4b97-4524-4bc2-86a1-cbf1b09570ff","local_time":"20210206010255","is_ascension_mode":false,"campfire_choices":[{"data":"Neutralize","floor":7.0,"key":"SMITH"},{"data":"A Thousand Cuts","floor":12.0,"key":"SMITH"},{"floor":15.0,"key":"REST"},{"data":"Infinite Blades","floor":23.0,"key":"SMITH"},{"data":"Blade Dance","floor":32.0,"key":"SMITH"},{"data":"Blade Dance","floor":40.0,"key":"SMITH"},{"data":"Cloak And Dagger","floor":45,"key":"SMITH"},{"data":"Trip","floor":49,"key":"SMITH"}],"circlet_count":0,"master_deck":["Strike_G","Strike_G","Defend_G+1","Survivor","Neutralize+1","Leg Sweep","Adrenaline+1","A Thousand Cuts+1","Quick Slash","Escape Plan","Expertise+1","Accuracy+1","Adrenaline+1","Infinite Blades+1","Cloak And Dagger+1","Blade Dance+1","Calculated Gamble+1","Blade Dance+1","Trip+1"],"relics":["Ring of the Snake","NeowsBlessing","Gremlin Horn","Pen Nib","Frozen Eye","Lantern","SlaversCollar","MerchantsRug","Ninja Scroll","Nunchaku"],"acts_visited":["Exordium","TheCity","TheBeyond"],"potions_floor_usage":[47],"damage_taken":[{"damage":0.0,"enemies":"Cultist","floor":1.0,"turns":1.0},{"damage":0.0,"enemies":"Small Slimes","floor":2.0,"turns":1.0},{"damage":0.0,"enemies":"3 Sentries","floor":6.0,"turns":1.0},{"damage":10.0,"enemies":"Gremlin Nob","floor":8.0,"turns":4.0},{"damage":3.0,"enemies":"Jaw Worm","floor":10.0,"turns":4.0},{"damage":9.0,"enemies":"Exordium Wildlife","floor":11.0,"turns":2.0},{"damage":0.0,"enemies":"2 Fungi Beasts","floor":14.0,"turns":3.0},{"damage":18.0,"enemies":"The Guardian","floor":16.0,"turns":15.0},{"damage":0.0,"enemies":"Spheric Guardian","floor":18.0,"turns":3.0},{"damage":0.0,"enemies":"3 Byrds","floor":19.0,"turns":3.0},{"damage":9.0,"enemies":"Snake Plant","floor":22.0,"turns":4.0},{"damage":0.0,"enemies":"Sentry and Sphere","floor":24.0,"turns":3.0},{"damage":0.0,"enemies":"Slavers","floor":25.0,"turns":2.0},{"damage":0.0,"enemies":"Centurion and Healer","floor":27.0,"turns":2.0},{"damage":1.0,"enemies":"Cultist and Chosen","floor":29.0,"turns":2.0},{"damage":0.0,"enemies":"Snecko","floor":30.0,"turns":2.0},{"damage":0.0,"enemies":"Snake Plant","floor":31.0,"turns":2.0},{"damage":36.0,"enemies":"Champ","floor":33.0,"turns":6.0},{"damage":4.0,"enemies":"Orb Walker","floor":35.0,"turns":2.0},{"damage":0.0,"enemies":"3 Darklings","floor":39.0,"turns":1.0},{"damage":0.0,"enemies":"Giant Head","floor":41.0,"turns":2.0},{"damage":3,"enemies":"Transient","floor":42,"turns":5},{"damage":0,"enemies":"Sphere and 2 Shapes","floor":44,"turns":1},{"damage":0,"enemies":"Maw","floor":47,"turns":1},{"damage":7,"enemies":"3 Darklings","floor":48,"turns":2},{"damage":14,"enemies":"Donu and Deca","floor":50,"turns":2}],"seed_played":"4043682121953482001","potions_obtained":[{"floor":2.0,"key":"Ancient Potion"},{"floor":8.0,"key":"SpeedPotion"},{"floor":10.0,"key":"Fire Potion"},{"floor":18.0,"key":"Strength Potion"},{"floor":22.0,"key":"ColorlessPotion"},{"floor":25.0,"key":"Dexterity Potion"},{"floor":29.0,"key":"SkillPotion"},{"floor":33.0,"key":"Ancient Potion"},{"floor":41.0,"key":"DistilledChaos"},{"floor":48,"key":"Regen Potion"}],"is_trial":false,"path_per_floor":["M","M","$","?","$","E","R","E","T","M","M","R","T","M","R","B",null,"M","M","$","?","M","R","M","E","T","M","$","M","M","M","R","B",null,"M","?","?","$","M","R","E","M","T","M","R","?","M","M","R","B",null],"character_chosen":"THE_SILENT","items_purchased":["Infinite Blades","Cloak And Dagger","Frozen Eye","Blade Dance","MerchantsRug","AttackPotion"],"campfire_rested":1,"item_purchase_floors":[20,20,20,28,38,38],"current_hp_per_floor":[70,70,70,63,63,63,63,53,53,50,41,41,41,41,62,44,70,70,70,70,70,61,61,61,61,61,61,61,60,60,60,70,46,70,66,66,66,66,66,66,66,63,63,63,63,63,63,56,56,42],"gold":285,"neow_bonus":"THREE_ENEMY_KILL","is_daily":false,"chose_seed":false,"campfire_upgraded":7,"win_rate":0.0,"timestamp":1612569775,"path_taken":["M","?","$","?","?","E","R","E","T","M","M","R","?","M","R","BOSS","M","M","$","?","M","R","M","E","T","?","$","M","?","M","R","BOSS","M","?","?","$","M","R","E","M","T","M","R","?","M","M","R","BOSS"],"items_purchased_type":["Card","Card","Relic","Card","Relic","Potion"],"build_version":"2020-12-22","purchased_purges":3,"victory":true,"max_hp_per_floor":[70,70,70,70,70,70,70,70,70,70,70,70,70,70,70,70,70,70,70,70,70,70,70,70,70,70,70,70,70,70,70,70,70,70,70,70,70,70,70,70,70,70,70,70,70,70,70,70,70,70],"card_choices":[{"not_picked":["Underhanded Strike","Poisoned Stab"],"picked":"Dagger Throw","floor":1.0},{"not_picked":["Caltrops","Acrobatics"],"picked":"Leg Sweep","floor":2.0},{"not_picked":["Skewer","Dagger Throw"],"picked":"Adrenaline","floor":6.0},{"not_picked":["Blur","Well Laid Plans"],"picked":"A Thousand Cuts","floor":8.0},{"not_picked":["Deadly Poison","Underhanded Strike"],"picked":"Quick Slash","floor":10.0},{"not_picked":["Concentrate","Outmaneuver"],"picked":"Escape Plan","floor":11.0},{"not_picked":["Expertise","Dagger Throw","Deflect"],"picked":"SKIP","floor":14.0},{"not_picked":["Outmaneuver+1","Flying Knee","Sucker Punch+1"],"picked":"SKIP","floor":18.0},{"not_picked":["Leg Sweep","Masterful Stab","Dodge and Roll+1"],"picked":"SKIP","floor":19.0},{"not_picked":["Prepared","Corpse Explosion"],"picked":"Blade Dance","floor":22.0},{"not_picked":["Deadly Poison","Distraction"],"picked":"Calculated Gamble+1","floor":24.0},{"not_picked":["Flying Knee","Dagger Throw+1","Corpse Explosion"],"picked":"SKIP","floor":25.0},{"not_picked":["Heel Hook","PiercingWail+1","Acrobatics"],"picked":"SKIP","floor":27.0},{"not_picked":["Dagger Throw","Bouncing Flask","Calculated Gamble"],"picked":"SKIP","floor":29.0},{"not_picked":["Dash","All Out Attack","Deflect"],"picked":"SKIP","floor":30.0},{"not_picked":["Dash+1","Expertise","Heel Hook"],"picked":"SKIP","floor":31.0},{"not_picked":["Tactician","Outmaneuver+1","Well Laid Plans"],"picked":"SKIP","floor":35.0},{"not_picked":["Caltrops+1","Backflip","Outmaneuver"],"picked":"SKIP","floor":39.0},{"not_picked":["Deadly Poison+1","Flying Knee","Underhanded Strike"],"picked":"SKIP","floor":41.0},{"not_picked":["PiercingWail+1","Eviscerate","Choke"],"picked":"SKIP","floor":42},{"not_picked":["Bane","Deadly Poison+1","Masterful Stab"],"picked":"SKIP","floor":44},{"not_picked":["Dark Shackles","Jack Of All Trades"],"picked":"Trip","floor":46},{"not_picked":["Sucker Punch+1","Flying Knee+1","Blade Dance"],"picked":"SKIP","floor":47},{"not_picked":["Slice","Dodge and Roll","Footwork+1"],"picked":"SKIP","floor":48}],"player_experience":128489,"relics_obtained":[{"floor":6.0,"key":"Meat on the Bone"},{"floor":8.0,"key":"Gremlin Horn"},{"floor":9.0,"key":"Pen Nib"},{"floor":13.0,"key":"War Paint"},{"floor":25.0,"key":"Lantern"},{"floor":26.0,"key":"Eternal Feather"},{"floor":41.0,"key":"Ninja Scroll"},{"floor":43,"key":"Nunchaku"}],"event_choices":[{"cards_removed":["Defend_G"],"damage_healed":0.0,"max_hp_gain":0.0,"max_hp_loss":0.0,"gold_gain":0.0,"event_name":"Golden Wing","player_choice":"Card Removal","floor":4.0,"gold_loss":0.0,"damage_taken":7.0},{"damage_healed":0.0,"max_hp_gain":0.0,"max_hp_loss":0.0,"gold_gain":0.0,"event_name":"N\u0027loth","player_choice":"Traded Relic","floor":21.0,"relics_lost":["Astrolabe"],"gold_loss":0.0,"damage_taken":0.0,"relics_obtained":["Nloth\u0027s Gift"]},{"cards_removed":["Dagger Throw"],"damage_healed":0.0,"max_hp_gain":0.0,"max_hp_loss":0.0,"gold_gain":0.0,"event_name":"Falling","player_choice":"Removed Attack","floor":36.0,"gold_loss":0.0,"damage_taken":0.0},{"damage_healed":0.0,"max_hp_gain":0.0,"max_hp_loss":0.0,"gold_gain":0.0,"event_name":"Mysterious Sphere","player_choice":"Ignored","floor":37.0,"gold_loss":0.0,"damage_taken":0.0},{"damage_healed":0,"gold_gain":0,"player_choice":"Memory 1","damage_taken":0,"max_hp_gain":0,"max_hp_loss":0,"event_name":"SensoryStone","floor":46,"gold_loss":0}],"is_beta":false,"boss_relics":[{"not_picked":["Pandora\u0027s Box","Tiny House"],"picked":"Astrolabe"},{"not_picked":["Coffee Dripper","Runic Dome"],"picked":"SlaversCollar"}],"items_purged_floors":[5,20,38],"is_endless":false,"potions_floor_spawned":[2,8,10,18,22,25,29,33,41,48],"ascension_level":0}}