{"host":"0t49mrxx90xkfqmj","time":1612584486,"event":{"mods":["AchievementEnabler","BaseMod","Colored Map","Colored Powertips","Minty Spire (QoL Compilation)","Relic Stats","Synergy Search"],"gold_per_floor":[112,82,102,122,134,169,179,214,214,228,228,228,238,253,253,358,358,340,8,8,27,27,59,70,70,150,175,175,175,175],"floor_reached":29,"language":"ENG","playtime":2491,"items_purged":["Strike_G"],"score":305,"play_id":"028239cf-e0bb-4bdc-b006-f85087bf875b","local_time":"20210206060806","is_ascension_mode":true,"campfire_choices":[{"floor":11,"key":"REST"},{"floor":15,"key":"REST"},{"floor":25,"key":"REST"},{"floor":28,"key":"REST"}],"circlet_count":0,"master_deck":["Strike_G","Strike_G","Strike_G","Strike_G","Defend_G","Defend_G","Defend_G","Defend_G","Defend_G","Survivor","Neutralize","Bouncing Flask","Footwork","Deadly Poison","Calculated Gamble","All Out Attack","Poisoned Stab","Caltrops","Concentrate","Night Terror","Deadly Poison","PiercingWail","Footwork","Shame","Poisoned Stab","Masterful Stab+1","Prepared"],"relics":["Runic Pyramid","Prayer Wheel","Anchor","Busted Crown","Membership Card","Blood Vial","Darkstone Periapt","Pen Nib","Gremlin Horn","Omamori"],"acts_visited":["Exordium","TheCity"],"potions_floor_usage":[6,8,8,16,16,16,16,23,24,27],"damage_taken":[{"damage":0,"enemies":"2 Louse","floor":1,"turns":3},{"damage":2,"enemies":"Cultist","floor":3,"turns":4},{"damage":7,"enemies":"Jaw Worm","floor":4,"turns":3},{"damage":8,"enemies":"Large Slime","floor":5,"turns":8},{"damage":13,"enemies":"Lagavulin","floor":6,"turns":5},{"damage":1,"enemies":"Blue Slaver","floor":7,"turns":6},{"damage":27,"enemies":"Gremlin Nob","floor":8,"turns":5},{"damage":9,"enemies":"Lots of Slimes","floor":10,"turns":4},{"damage":9,"enemies":"Large Slime","floor":13,"turns":6},{"damage":0,"enemies":"Looter","floor":14,"turns":3},{"damage":2,"enemies":"The Guardian","floor":16,"turns":8},{"damage":15,"enemies":"2 Thieves","floor":18,"turns":4},{"damage":4,"enemies":"Shell Parasite","floor":21,"turns":4},{"damage":34,"enemies":"Slavers","floor":23,"turns":8},{"damage":28,"enemies":"Centurion and Healer","floor":24,"turns":10},{"damage":26,"enemies":"Book of Stabbing","floor":27,"turns":6},{"damage":20,"enemies":"Slavers","floor":29,"turns":3}],"seed_played":"8027447840552814138","potions_obtained":[{"floor":2,"key":"Weak Potion"},{"floor":2,"key":"EntropicBrew"},{"floor":3,"key":"Swift Potion"},{"floor":5,"key":"DuplicationPotion"},{"floor":6,"key":"SpeedPotion"},{"floor":10,"key":"AttackPotion"},{"floor":13,"key":"LiquidBronze"},{"floor":21,"key":"Fire Potion"},{"floor":23,"key":"Block Potion"}],"is_trial":false,"path_per_floor":["M","?","M","M","M","E","M","E","T","M","R","?","M","M","R","B",null,"M","$","?","M","?","E","M","R","T","E","R","E"],"character_chosen":"THE_SILENT","items_purchased":["Membership Card","Blood Vial","PiercingWail","Footwork"],"campfire_rested":4,"item_purchase_floors":[19,19,19,19],"current_hp_per_floor":[70,70,68,61,53,40,39,12,12,3,24,24,15,15,36,34,70,55,55,61,59,59,27,1,23,23,8,30,12,12],"gold":175,"neow_bonus":"BOSS_RELIC","is_daily":false,"chose_seed":false,"campfire_upgraded":0,"win_rate":0.0,"timestamp":1612584486,"path_taken":["M","?","M","?","M","E","M","E","T","M","R","?","M","M","R","BOSS","M","$","?","M","?","E","M","R","T","E","R","E"],"items_purchased_type":["Relic","Relic","Card","Card"],"build_version":"2020-12-22","purchased_purges":1,"victory":false,"max_hp_per_floor":[70,70,70,70,70,70,70,70,70,70,70,70,70,70,70,70,70,70,70,76,76,76,76,76,76,76,76,76,76,76],"relic_stats":{"Blood Vial":10,"Darkstone Periapt":6,"Busted Crown":16,"Gremlin Horn":[0,0],"counters":[17,90],"Prayer Wheel":7,"Pen Nib":[2],"obtain_stats":[{"Blood Vial":19,"Darkstone Periapt":20,"Anchor":8,"Busted Crown":17,"Gremlin Horn":26,"Prayer Wheel":6,"Pen Nib":23,"Omamori":27,"Membership Card":19,"Ring of the Snake":0,"Runic Pyramid":0},{"Blood Vial":12,"Darkstone Periapt":12,"Anchor":7,"Busted Crown":11,"Gremlin Horn":15,"Prayer Wheel":5,"Pen Nib":14,"Omamori":16,"Membership Card":12,"Ring of the Snake":0,"Runic Pyramid":0},{"Blood Vial":59,"Darkstone Periapt":59,"Anchor":34,"Busted Crown":55,"Gremlin Horn":81,"Prayer Wheel":23,"Pen Nib":71,"Omamori":87,"Membership Card":59,"Ring of the Snake":0,"Runic Pyramid":0}]},"card_choices":[{"not_picked":["Prepared","Dash"],"picked":"Bouncing Flask","floor":1},{"not_picked":["Dash","Acrobatics"],"picked":"Footwork","floor":3},{"not_picked":["Prepared","Doppelganger"],"picked":"Deadly Poison","floor":4},{"not_picked":["Outmaneuver","Sucker Punch","Cloak And Dagger"],"picked":"SKIP","floor":5},{"not_picked":["Dodge and Roll","Flying Knee"],"picked":"Calculated Gamble","floor":6},{"not_picked":["Underhanded Strike","Dash","Tactician"],"picked":"SKIP","floor":7},{"not_picked":["Eviscerate","Acrobatics","Outmaneuver"],"picked":"SKIP","floor":7},{"not_picked":["Tactician","Dagger Spray"],"picked":"All Out Attack","floor":8},{"not_picked":["Footwork","Predator"],"picked":"Poisoned Stab","floor":10},{"not_picked":["Slice","Infinite Blades","Dagger Spray"],"picked":"SKIP","floor":10},{"not_picked":["Escape Plan","Sucker Punch"],"picked":"Caltrops","floor":13},{"not_picked":["Quick Slash","Sucker Punch","Dagger Spray"],"picked":"SKIP","floor":13},{"not_picked":["Masterful Stab","Outmaneuver"],"picked":"Concentrate","floor":14},{"not_picked":["Blade Dance","Sucker Punch","Endless Agony"],"picked":"SKIP","floor":14},{"not_picked":["Malaise","Envenom"],"picked":"Night Terror","floor":16},{"not_picked":[],"picked":"Deadly Poison","floor":18},{"not_picked":["Slice"],"picked":"SKIP","floor":18},{"not_picked":[],"picked":"Poisoned Stab","floor":21},{"not_picked":["Skewer"],"picked":"SKIP","floor":21},{"not_picked":["Blade Dance"],"picked":"SKIP","floor":23},{"not_picked":[],"picked":"Masterful Stab+1","floor":24},{"not_picked":[],"picked":"Prepared","floor":24},{"not_picked":["Reflex"],"picked":"SKIP","floor":27}],"player_experience":195006,"relics_obtained":[{"floor":6,"key":"Prayer Wheel"},{"floor":8,"key":"Anchor"},{"floor":23,"key":"Pen Nib"},{"floor":26,"key":"Gremlin Horn"},{"floor":27,"key":"Omamori"}],"event_choices":[{"damage_healed":0,"gold_gain":0,"player_choice":"Bought 2 Potions","damage_taken":0,"max_hp_gain":0,"max_hp_loss":0,"event_name":"The Woman in Blue","floor":2,"gold_loss":0},{"damage_healed":0,"gold_gain":0,"player_choice":"Ignored","damage_taken":0,"max_hp_gain":0,"max_hp_loss":0,"event_name":"Shining Light","floor":12,"gold_loss":0},{"damage_healed":0,"gold_gain":0,"player_choice":"Stole Relic","damage_taken":0,"relics_obtained":["Darkstone Periapt"],"max_hp_gain":0,"max_hp_loss":0,"event_name":"Addict","floor":20,"gold_loss":0,"cards_obtained":["Shame"]},{"damage_healed":0,"gold_gain":0,"player_choice":"Ignored","damage_taken":0,"max_hp_gain":0,"max_hp_loss":0,"event_name":"Cursed Tome","floor":22,"gold_loss":0}],"is_beta":false,"boss_relics":[{"not_picked":["Philosopher\u0027s Stone","Empty Cage"],"picked":"Busted Crown"}],"items_purged_floors":[19],"is_endless":false,"potions_floor_spawned":[3,5,6,10,13,21,23],"killed_by":"Slavers","ascension_level":2}}