{"host":"b34lfm0pg36jv5no","time":1612633276,"event":{"mods":["BaseMod","Bestiary","Colored Map","Dark Map","Minty Spire (QoL Compilation)","Relic Stats","ojb\u0027s Info Mod"],"gold_per_floor":[110,120,120,136,150,150,203,203,227,245,245,260,260,293,293,424,424,438,438,462,44,44,44,84,107,131,131,131],"floor_reached":27,"language":"ENG","playtime":3183,"items_purged":["Strike_P"],"score":322,"play_id":"ec99870a-ba8c-4d5a-8a15-8c14fb6e420c","local_time":"20210206174116","is_ascension_mode":true,"campfire_choices":[{"data":"CrushJoints","floor":6.0,"key":"SMITH"},{"data":"SashWhip","floor":8.0,"key":"SMITH"},{"data":"FlurryOfBlows","floor":11.0,"key":"SMITH"},{"data":"ThirdEye","floor":15.0,"key":"SMITH"},{"data":"MentalFortress","floor":23.0,"key":"SMITH"}],"circlet_count":0,"master_deck":["Strike_P","Strike_P","Defend_P","Defend_P","Defend_P","Defend_P","Eruption","Vigilance","FlurryOfBlows","MentalFortress+1","SashWhip+1","CrushJoints+1","DeusExMachina","FlurryOfBlows+1","ThirdEye+1","DevaForm","Protect+1","Halt+1","ThirdEye+1","MentalFortress+1","Halt+1"],"relics":["SacredBark","Golden Idol","Bag of Preparation","Anchor","Potion Belt","VioletLotus","Nilry\u0027s Codex","Membership Card","Incense Burner","Tiny Chest","Akabeko"],"acts_visited":["Exordium","TheCity"],"potions_floor_usage":[24,25,25],"damage_taken":[{"damage":0.0,"enemies":"Cultist","floor":1.0,"turns":2.0},{"damage":2.0,"enemies":"Jaw Worm","floor":2.0,"turns":4.0},{"damage":2.0,"enemies":"2 Louse","floor":4.0,"turns":3.0},{"damage":25.0,"enemies":"Red Slaver","floor":5.0,"turns":6.0},{"damage":11.0,"enemies":"Lagavulin","floor":7.0,"turns":4.0},{"damage":0.0,"enemies":"Gremlin Gang","floor":10.0,"turns":2.0},{"damage":0.0,"enemies":"Blue Slaver","floor":12.0,"turns":2.0},{"damage":0.0,"enemies":"Gremlin Nob","floor":14.0,"turns":2.0},{"damage":20.0,"enemies":"Hexaghost","floor":16.0,"turns":8.0},{"damage":0.0,"enemies":"Chosen","floor":18.0,"turns":2.0},{"damage":13.0,"enemies":"3 Byrds","floor":20.0,"turns":6.0},{"damage":35,"enemies":"Slavers","floor":24,"turns":10},{"damage":0,"enemies":"Sentry and Sphere","floor":25,"turns":7},{"damage":27,"enemies":"Chosen and Byrds","floor":27,"turns":6}],"seed_played":"1499686104353606710","potions_obtained":[{"floor":1.0,"key":"StancePotion"},{"floor":5.0,"key":"ColorlessPotion"},{"floor":7.0,"key":"CultistPotion"},{"floor":10.0,"key":"AttackPotion"},{"floor":14.0,"key":"Dexterity Potion"},{"floor":16.0,"key":"StancePotion"},{"floor":20.0,"key":"EssenceOfSteel"},{"floor":25,"key":"Strength Potion"}],"is_trial":false,"path_per_floor":["M","M","?","M","M","R","E","R","T","M","R","M","?","E","R","B",null,"M","?","M","$","?","R","E","M","T","M"],"character_chosen":"WATCHER","items_purchased":["Membership Card","Incense Burner","Fruit Juice","ColorlessPotion"],"campfire_rested":0,"item_purchase_floors":[21,21,21,21],"current_hp_per_floor":[72,70,67,65,40,40,29,29,29,29,29,29,22,22,22,2,67,67,51,38,38,38,38,3,13,13,0,0],"gold":131,"neow_bonus":"BOSS_RELIC","is_daily":false,"chose_seed":false,"campfire_upgraded":5,"win_rate":0.0,"timestamp":1612633276,"path_taken":["M","M","?","M","M","R","E","R","T","M","R","M","?","E","R","BOSS","M","?","M","$","?","R","E","M","T","M"],"items_purchased_type":["Relic","Relic","Potion","Potion"],"build_version":"2020-12-22","purchased_purges":1,"victory":false,"max_hp_per_floor":[72,72,67,67,67,67,67,67,67,67,67,67,67,67,67,67,67,67,67,67,67,67,67,67,77,77,77,77],"relic_stats":{"counters":[14,64],"Golden Idol":74,"Tiny Chest":0,"VioletLotus":[4],"Bag of Preparation":[18],"obtain_stats":[{"Potion Belt":14,"Anchor":9,"Golden Idol":3,"Nilry\u0027s Codex":19,"SacredBark":0,"Tiny Chest":24,"VioletLotus":17,"Bag of Preparation":7,"Incense Burner":21,"Membership Card":21,"PureWater":0,"Akabeko":26},{"Potion Belt":8,"Anchor":5,"Golden Idol":2,"Nilry\u0027s Codex":10,"SacredBark":0,"Tiny Chest":12,"VioletLotus":9,"Bag of Preparation":5,"Incense Burner":11,"Membership Card":11,"PureWater":0,"Akabeko":13},{"Potion Belt":25,"Anchor":19,"Golden Idol":6,"Nilry\u0027s Codex":35,"SacredBark":0,"Tiny Chest":51,"VioletLotus":33,"Bag of Preparation":19,"Incense Burner":41,"Membership Card":41,"PureWater":0,"Akabeko":58}]},"card_choices":[{"not_picked":["ClearTheMind","ThirdEye"],"picked":"FlurryOfBlows","floor":1.0},{"not_picked":["Pray","Indignation"],"picked":"MentalFortress","floor":2.0},{"not_picked":["JustLucky","Collect"],"picked":"SashWhip","floor":4.0},{"not_picked":["EmptyBody","FlyingSleeves"],"picked":"CrushJoints","floor":5.0},{"not_picked":["SpiritShield","ClearTheMind"],"picked":"DeusExMachina","floor":7.0},{"not_picked":["Prostrate","FlyingSleeves"],"picked":"FlurryOfBlows","floor":10.0},{"not_picked":["Consecrate","LikeWater"],"picked":"ThirdEye","floor":12.0},{"not_picked":["PathToVictory","Fasting2","Prostrate"],"picked":"SKIP","floor":14.0},{"not_picked":["Judgement","Devotion"],"picked":"DevaForm","floor":16.0},{"not_picked":["CrushJoints","Collect"],"picked":"Protect+1","floor":18.0},{"not_picked":["SashWhip","Nirvana+1"],"picked":"Halt+1","floor":20.0},{"not_picked":["Evaluate","WreathOfFlame"],"picked":"MentalFortress+1","floor":24},{"not_picked":["Study","Crescendo"],"picked":"Halt+1","floor":25}],"player_experience":2612699,"relics_obtained":[{"floor":7.0,"key":"Bag of Preparation"},{"floor":9.0,"key":"Anchor"},{"floor":14.0,"key":"Potion Belt"},{"floor":19.0,"key":"Nilry\u0027s Codex"},{"floor":24,"key":"Tiny Chest"},{"floor":26,"key":"Akabeko"}],"event_choices":[{"damage_healed":0.0,"max_hp_gain":0.0,"max_hp_loss":5.0,"gold_gain":0.0,"event_name":"Golden Idol","player_choice":"Lose Max HP","floor":3.0,"gold_loss":0.0,"damage_taken":0.0,"relics_obtained":["Golden Idol"]},{"cards_removed":["Strike_P"],"damage_healed":0.0,"max_hp_gain":0.0,"max_hp_loss":0.0,"gold_gain":0.0,"event_name":"Golden Wing","player_choice":"Card Removal","floor":13.0,"gold_loss":0.0,"damage_taken":7.0},{"damage_healed":0.0,"max_hp_gain":0.0,"max_hp_loss":0.0,"gold_gain":0.0,"event_name":"Cursed Tome","player_choice":"Obtained Book","floor":19.0,"gold_loss":0.0,"damage_taken":16.0},{"damage_healed":0.0,"max_hp_gain":0.0,"max_hp_loss":0.0,"gold_gain":0.0,"event_name":"Duplicator","player_choice":"Copied","floor":22.0,"gold_loss":0.0,"damage_taken":0.0,"cards_obtained":["ThirdEye"]}],"is_beta":false,"boss_relics":[{"not_picked":["Black Star","Tiny House"],"picked":"VioletLotus"}],"items_purged_floors":[21],"is_endless":false,"potions_floor_spawned":[1,5,7,10,14,16,20,25],"killed_by":"Chosen and Byrds","ascension_level":4}}