{"host":"u0hb5we0hmj7y3yv","time":1612621845,"event":{"mods":["BaseMod","Colored Powertips","Conspire","KinomotoSakuraMod(Ä¾Ö®±¾Ó£)","Minty Spire (QoL Compilation)"],"gold_per_floor":[313,76,94,114,128,128,163,187,187,200,227,227,238,255,255,353,353,373,61,61,61,71,98,98,129,156,156,179,199,298,321,321,424,424,441,244,244,254,292,324,324,341,341,352,370,396,89,100,100,100,100,100,49,80,80],"floor_reached":56,"language":"ZHS","playtime":2136,"items_purged":["ClowCardTheShield","ClowCardTheSword","ClowCardTheSword","ClowCardTheSword"],"score":2143,"play_id":"b43341a6-e2c6-40d7-9bdb-924f1134e8d1","local_time":"20210206223045","is_ascension_mode":true,"campfire_choices":[{"data":"ClowCardTheDash","floor":6.0,"key":"SMITH"},{"data":"ClowCardTheRain","floor":12.0,"key":"SMITH"},{"data":"ClowCardTheMove","floor":15.0,"key":"SMITH"},{"data":"ClowCardTheWave","floor":24.0,"key":"SMITH"},{"data":"ClowCardTheFight","floor":27.0,"key":"SMITH"},{"data":"ClowCardTheMove","floor":32.0,"key":"SMITH"},{"data":"ClowCardTheNothing","floor":41.0,"key":"SMITH"},{"floor":49,"key":"RECALL"},{"data":"ClowCardTheWave","floor":52,"key":"SMITH"}],"circlet_count":0,"master_deck":["SakuraCardTheShield+","SakuraCardTheWindy+","SakuraCardTheSword+","AscendersBane","ClowCardTheShield","SpellCardSeal","SpellCardRelease","ClowCardTheRain+1","ClowCardTheDash+1","ClowCardTheFly","ClowCardTheFight+1","ClowCardTheMove+1","ClowCardTheMove+1","ClowCardTheFlower","ClowCardTheWave+1","ClowCardTheBig+1","ClowCardTheTwin","ClowCardTheWave+1","ClowCardTheTwin","ClowCardTheNothing+1","ClowCardTheMirror+1","ClowCardTheVoice+1","ClowCardTheShadow"],"relics":["KSMOD_SealedBook","KSMOD_SealedWand","Old Coin","Vajra","Odd Mushroom","Singing Bowl","Pantograph","Sozu","ClockworkSouvenir","Bird Faced Urn","Shuriken","MealTicket","Omamori","Lantern","Busted Crown","Bag of Marbles","Nunchaku","Juzu Bracelet","Bag of Preparation","Blue Candle"],"acts_visited":["Exordium","TheCity","TheBeyond","TheEnding"],"potions_floor_usage":[55],"damage_taken":[{"damage":0.0,"enemies":"Cultist","floor":1.0,"turns":3.0},{"damage":6.0,"enemies":"Small Slimes","floor":3.0,"turns":3.0},{"damage":3.0,"enemies":"Jaw Worm","floor":4.0,"turns":2.0},{"damage":0.0,"enemies":"Gremlin Gang","floor":5.0,"turns":5.0},{"damage":14.0,"enemies":"Lagavulin","floor":7.0,"turns":4.0},{"damage":0.0,"enemies":"The Mushroom Lair","floor":8.0,"turns":2.0},{"damage":0.0,"enemies":"Looter","floor":10.0,"turns":1.0},{"damage":0.0,"enemies":"Gremlin Nob","floor":11.0,"turns":2.0},{"damage":1.0,"enemies":"Blue Slaver","floor":13.0,"turns":2.0},{"damage":5.0,"enemies":"Gremlin Gang","floor":14.0,"turns":3.0},{"damage":0.0,"enemies":"Hexaghost","floor":16.0,"turns":2.0},{"damage":0.0,"enemies":"Chosen","floor":18.0,"turns":4.0},{"damage":0.0,"enemies":"3 Byrds","floor":22.0,"turns":3.0},{"damage":0.0,"enemies":"Slavers","floor":23.0,"turns":3.0},{"damage":9.0,"enemies":"Gremlin Leader","floor":25.0,"turns":5.0},{"damage":0.0,"enemies":"Sentry and Sphere","floor":29.0,"turns":3.0},{"damage":17.0,"enemies":"Champ","floor":33.0,"turns":4.0},{"damage":2.0,"enemies":"3 Shapes","floor":35.0,"turns":2.0},{"damage":0.0,"enemies":"Orb Walker","floor":38.0,"turns":1.0},{"damage":0.0,"enemies":"KSMOD_TheNothingMonster","floor":39.0,"turns":1.0},{"damage":0.0,"enemies":"Nemesis","floor":40.0,"turns":1.0},{"damage":1.0,"enemies":"Sphere and 2 Shapes","floor":42.0,"turns":2.0},{"damage":0.0,"enemies":"4 Shapes","floor":44.0,"turns":1.0},{"damage":0,"enemies":"Writhing Mass","floor":45,"turns":1},{"damage":0,"enemies":"Giant Head","floor":46,"turns":1},{"damage":0,"enemies":"3 Darklings","floor":48,"turns":1},{"damage":43,"enemies":"Time Eater","floor":50,"turns":8},{"damage":0,"enemies":"Shield and Spear","floor":54,"turns":1},{"damage":58,"enemies":"The Heart","floor":55,"turns":4}],"seed_played":"8210888407548838809","potions_obtained":[{"floor":3.0,"key":"Dexterity Potion"},{"floor":4.0,"key":"Swift Potion"},{"floor":10.0,"key":"Weak Potion"},{"floor":16.0,"key":"Fire Potion"}],"is_trial":false,"path_per_floor":["M","$","M","M","M","R","E","?","T","M","E","R","M","M","R","B",null,"M","$","?","?","M","E","R","E","T","R","T","M","?","T","R","B",null,"M","$","?","M","?","E","R","M","T","M","M","E","$","M","R","B",null,"R","$","E","B",null],"character_chosen":"KINOMOTOSAKURA","items_purchased":["ClowCardTheDash","ClowCardTheFlower","ClockworkSouvenir","ClowCardTheWave","Bag of Preparation","ClowCardTheShadow"],"campfire_rested":0,"item_purchase_floors":[2,19,19,36,47,53],"current_hp_per_floor":[63,63,57,54,54,54,40,40,40,40,40,40,41,38,38,65,73,73,73,73,73,75,75,75,72,72,72,72,80,80,80,80,65,76,78,82,82,84,86,88,88,90,90,92,92,94,94,94,94,58,85,85,94,96,60],"gold":80,"neow_bonus":"ONE_RARE_RELIC","is_daily":false,"chose_seed":false,"campfire_upgraded":8,"win_rate":0.0,"timestamp":1612621845,"path_taken":["M","$","M","?","M","R","E","?","T","M","E","R","M","M","R","BOSS","M","$","?","?","M","E","R","E","T","R","?","?","?","?","R","BOSS","M","$","?","?","?","E","R","M","T","M","M","E","$","M","R","BOSS","R","$","E","BOSS"],"items_purchased_type":["Card","Card","Relic","Card","Relic","Card"],"build_version":"2020-12-22","purchased_purges":4,"victory":true,"max_hp_per_floor":[70,70,70,70,70,70,70,70,70,70,70,70,72,74,74,76,76,76,76,76,76,78,78,78,78,78,78,78,80,80,80,80,80,80,82,82,82,84,86,88,88,90,90,92,92,94,94,94,94,94,94,94,94,96,96],"card_choices":[{"not_picked":["ClowCardTheWatery","ClowCardTheIllusion"],"picked":"ClowCardTheRain","floor":1.0},{"not_picked":["ClowCardThePower","ClowCardTheShadow","ClowCardTheMirror"],"picked":"SKIP","floor":3.0},{"not_picked":["ClowCardTheSand","ClowCardTheLibra"],"picked":"ClowCardTheFly","floor":4.0},{"not_picked":["ClowCardTheRain","ClowCardTheMirror","ClowCardTheSong"],"picked":"SKIP","floor":5.0},{"not_picked":["ClowCardTheFly","ClowCardTheIllusion"],"picked":"ClowCardTheFight","floor":7.0},{"not_picked":["ClowCardTheArrow","ClowCardTheLibra"],"picked":"ClowCardTheMove","floor":8.0},{"not_picked":["ClowCardTheMaze","ClowCardTheLibra"],"picked":"ClowCardTheMove","floor":10.0},{"not_picked":["ClowCardTheVoice","ClowCardThePower"],"picked":"ClowCardTheCreate","floor":11.0},{"not_picked":["ClowCardTheShot","ClowCardTheSilent","ClowCardTheRain"],"picked":"Singing Bowl","floor":13.0},{"not_picked":["ClowCardTheJump","ClowCardTheShadow","ClowCardTheVoice"],"picked":"Singing Bowl","floor":14.0},{"not_picked":["ClowCardTheThrough","ClowCardTheReturn","ClowCardTheFight"],"picked":"Singing Bowl","floor":16.0},{"not_picked":["ClowCardTheSilent","ClowCardTheIllusion"],"picked":"ClowCardTheWindy","floor":18.0},{"not_picked":["ClowCardTheLibra","ClowCardTheShadow","ClowCardTheSand+1"],"picked":"Singing Bowl","floor":22.0},{"not_picked":["ClowCardTheFlower+1","ClowCardTheFly"],"picked":"ClowCardTheBig+1","floor":23.0},{"not_picked":["ClowCardThePower+1","ClowCardTheMirror"],"picked":"ClowCardTheStorm+1","floor":25.0},{"not_picked":["ClowCardTheShot","ClowCardTheArrow","ClowCardTheDream"],"picked":"Singing Bowl","floor":29.0},{"not_picked":["ClowCardTheFight","ClowCardTheReturn"],"picked":"ClowCardTheTwin","floor":33.0},{"not_picked":["ClowCardThePower+1"],"picked":"Singing Bowl","floor":35.0},{"not_picked":["ClowCardTheShot"],"picked":"Singing Bowl","floor":38.0},{"not_picked":["ClowCardTheShadow+1"],"picked":"Singing Bowl","floor":39.0},{"not_picked":["ClowCardTheRain"],"picked":"Singing Bowl","floor":40.0},{"not_picked":["ClowCardTheFirey"],"picked":"Singing Bowl","floor":42.0},{"not_picked":["ClowCardTheLock"],"picked":"Singing Bowl","floor":44.0},{"not_picked":[],"picked":"ClowCardTheMirror+1","floor":45},{"not_picked":["ClowCardTheFlower"],"picked":"Singing Bowl","floor":46},{"not_picked":[],"picked":"ClowCardTheVoice+1","floor":48},{"not_picked":["ClowCardTheFloat"],"picked":"Singing Bowl","floor":54}],"player_experience":101517,"relics_obtained":[{"floor":7.0,"key":"Vajra"},{"floor":8.0,"key":"Odd Mushroom"},{"floor":11.0,"key":"Singing Bowl"},{"floor":14.0,"key":"Pantograph"},{"floor":23.0,"key":"Bird Faced Urn"},{"floor":25.0,"key":"Shuriken"},{"floor":26.0,"key":"MealTicket"},{"floor":28.0,"key":"Omamori"},{"floor":31.0,"key":"Lantern"},{"floor":40.0,"key":"Bag of Marbles"},{"floor":43.0,"key":"Nunchaku"},{"floor":46,"key":"Juzu Bracelet"},{"floor":54,"key":"Blue Candle"}],"event_choices":[{"damage_healed":0.0,"max_hp_gain":0.0,"max_hp_loss":0.0,"gold_gain":0.0,"event_name":"Mushrooms","player_choice":"Fought Mushrooms","floor":8.0,"gold_loss":0.0,"damage_taken":0.0},{"damage_healed":0.0,"max_hp_gain":0.0,"max_hp_loss":0.0,"gold_gain":0.0,"event_name":"The Library","player_choice":"Read","floor":21.0,"gold_loss":0.0,"damage_taken":0.0,"cards_obtained":["ClowCardTheWave"]},{"damage_healed":0.0,"max_hp_gain":0.0,"max_hp_loss":0.0,"gold_gain":99.0,"event_name":"Nest","player_choice":"Stole From Cult","floor":30.0,"gold_loss":0.0,"damage_taken":0.0},{"damage_healed":0.0,"max_hp_gain":0.0,"max_hp_loss":0.0,"gold_gain":0.0,"cards_transformed":["ClowCardTheShield"],"event_name":"Transmorgrifier","player_choice":"Transformed","floor":37.0,"gold_loss":0.0,"damage_taken":0.0,"cards_obtained":["ClowCardTheTwin"]}],"is_beta":false,"boss_relics":[{"not_picked":["Fusion Hammer","Snecko Eye"],"picked":"Sozu"},{"not_picked":["SacredBark","conspire:SlowCooker"],"picked":"Busted Crown"}],"items_purged_floors":[2,19,36,47],"is_endless":false,"potions_floor_spawned":[3,4,10,14,16,25,33,39,44,46],"ascension_level":11}}