{"host":"y76clbnovzmw9ubx","time":1612627952,"event":{"mods":["AchievementEnabler","BaseMod","Minty Spire (QoL Compilation)","Permanent Neow","Relic Stats"],"gold_per_floor":[111,111,131,131,143,185,205,240,240,240,255,296,319,356,356,443,443,465,489,508,517,517,560,560,597,622,649,670,670,714,740,740,823,823,848,848,869,898,898,933,956,519,528,559,293,327,357,384,384,384,384,384,384,44,86,86],"floor_reached":57,"language":"ENG","playtime":5800,"items_purged":["Strike_G","Doubt","Strike_G"],"score":3468,"play_id":"6f9c56b1-6ced-4706-9a4b-62120c59d30b","local_time":"20210206111232","is_ascension_mode":true,"campfire_choices":[{"floor":10,"key":"REST"},{"floor":15,"key":"RECALL"},{"data":"After Image","floor":24,"key":"SMITH"},{"data":"Backstab","floor":29,"key":"SMITH"},{"data":"Footwork","floor":32,"key":"SMITH"},{"data":"Doppelganger","floor":49,"key":"SMITH"},{"data":"Caltrops","floor":53,"key":"SMITH"}],"circlet_count":0,"master_deck":["AscendersBane","Strike_G","Strike_G","Strike_G","Defend_G","Defend_G","Defend_G","Defend_G","Defend_G","Survivor","Neutralize+1","Apotheosis+1","Backstab+1","Blade Dance","Backflip","Leg Sweep+1","Cloak And Dagger","Footwork+1","Blur","Finisher+1","After Image+1","Caltrops+1","All Out Attack","Crippling Poison","Slice","Acrobatics","Blur","Cloak And Dagger+1","PiercingWail+1","Cloak And Dagger","After Image+1","Acrobatics","Terror+1","Blade Dance","Dodge and Roll+1","Doppelganger+1","Noxious Fumes","Infinite Blades+1","Predator","Footwork+1","PiercingWail","Blur"],"relics":["Ring of the Snake","CeramicFish","Lantern","Kunai","Pantograph","Whetstone","Coffee Dripper","Bronze Scales","Ancient Tea Set","Tough Bandages","Cursed Key","Ice Cream","Membership Card","Juzu Bracelet","Orichalcum","StrikeDummy","Frozen Egg 2","Gremlin Horn","TwistedFunnel","The Specimen","Strawberry","Pear","Eternal Feather"],"acts_visited":["Exordium","TheCity","TheBeyond","TheEnding"],"potions_floor_usage":[6,12,16,20,23,27,30,33,38,50,56],"damage_taken":[{"damage":5,"enemies":"Jaw Worm","floor":1,"turns":8},{"damage":0,"enemies":"2 Louse","floor":3,"turns":2},{"damage":0,"enemies":"Small Slimes","floor":5,"turns":2},{"damage":5,"enemies":"Lagavulin","floor":6,"turns":5},{"damage":0,"enemies":"Exordium Wildlife","floor":7,"turns":6},{"damage":14,"enemies":"3 Sentries","floor":8,"turns":11},{"damage":3,"enemies":"Exordium Thugs","floor":11,"turns":5},{"damage":0,"enemies":"Lagavulin","floor":12,"turns":6},{"damage":0,"enemies":"Red Slaver","floor":13,"turns":4},{"damage":10,"enemies":"3 Sentries","floor":14,"turns":10},{"damage":0,"enemies":"The Guardian","floor":16,"turns":11},{"damage":0,"enemies":"Shell Parasite","floor":18,"turns":5},{"damage":8,"enemies":"Spheric Guardian","floor":19,"turns":7},{"damage":0,"enemies":"Snecko","floor":20,"turns":6},{"damage":0,"enemies":"Gremlin Leader","floor":23,"turns":8},{"damage":8,"enemies":"Book of Stabbing","floor":25,"turns":5},{"damage":0,"enemies":"Cultist and Chosen","floor":27,"turns":7},{"damage":0,"enemies":"Centurion and Healer","floor":28,"turns":9},{"damage":15,"enemies":"Gremlin Leader","floor":30,"turns":8},{"damage":7,"enemies":"Snake Plant","floor":31,"turns":3},{"damage":0,"enemies":"Automaton","floor":33,"turns":14},{"damage":5,"enemies":"3 Darklings","floor":35,"turns":5},{"damage":0,"enemies":"Orb Walker","floor":37,"turns":4},{"damage":9,"enemies":"3 Darklings","floor":38,"turns":6},{"damage":0,"enemies":"Giant Head","floor":40,"turns":9},{"damage":3,"enemies":"Maw","floor":41,"turns":7},{"damage":0,"enemies":"Nemesis","floor":44,"turns":7},{"damage":0,"enemies":"Mind Bloom Boss Battle","floor":46,"turns":7},{"damage":0,"enemies":"Giant Head","floor":47,"turns":7},{"damage":10,"enemies":"Transient","floor":48,"turns":6},{"damage":5,"enemies":"Time Eater","floor":50,"turns":14},{"damage":0,"enemies":"Donu and Deca","floor":51,"turns":12},{"damage":10,"enemies":"Shield and Spear","floor":55,"turns":9},{"damage":86,"enemies":"The Heart","floor":56,"turns":11}],"seed_played":"-9026407954416897955","potions_obtained":[{"floor":1,"key":"EssenceOfSteel"},{"floor":3,"key":"SteroidPotion"},{"floor":11,"key":"PowerPotion"},{"floor":12,"key":"PowerPotion"},{"floor":16,"key":"Weak Potion"},{"floor":19,"key":"CunningPotion"},{"floor":20,"key":"Energy Potion"},{"floor":25,"key":"Block Potion"},{"floor":28,"key":"Poison Potion"},{"floor":30,"key":"Dexterity Potion"},{"floor":35,"key":"SkillPotion"},{"floor":41,"key":"Weak Potion"},{"floor":44,"key":"FairyPotion"},{"floor":46,"key":"DistilledChaos"},{"floor":55,"key":"LiquidBronze"}],"is_trial":false,"path_per_floor":["M","?","M","?","M","E","M","E","T","R","M","E","M","E","R","B",null,"M","M","M","?","?","E","R","E","T","M","M","R","E","M","R","B",null,"M","?","M","M","?","E","M","$","T","E","$","?","E","M","R","B","B",null,"R","$","E","B",null],"character_chosen":"THE_SILENT","items_purchased":["Membership Card","Doppelganger","Juzu Bracelet","Orichalcum","Noxious Fumes","Gremlin Horn","TwistedFunnel","Footwork+1","Strawberry","Pear","Poison Potion","PiercingWail"],"campfire_rested":1,"item_purchase_floors":[42,42,42,42,42,45,45,54,54,54,54,54],"current_hp_per_floor":[54,54,54,54,54,49,49,35,35,53,50,50,50,40,40,60,60,60,52,52,52,52,52,52,44,44,44,44,44,29,22,22,47,57,52,52,52,43,43,43,40,40,40,40,40,60,60,50,50,55,60,60,60,77,67,15],"gold":86,"neow_bonus":"RANDOM_COLORLESS_2","is_daily":false,"chose_seed":false,"campfire_upgraded":5,"win_rate":0.0,"timestamp":1612627952,"path_taken":["M","?","M","?","M","E","M","E","T","R","M","E","M","E","R","BOSS","M","M","M","?","?","E","R","E","T","?","M","R","E","M","R","BOSS","M","?","?","?","?","E","M","$","T","E","$","?","E","M","R","BOSS","BOSS","R","$","E","BOSS"],"items_purchased_type":["Relic","Card","Relic","Relic","Card","Relic","Relic","Card","Relic","Relic","Potion","Card"],"build_version":"2020-12-22","purchased_purges":3,"victory":true,"max_hp_per_floor":[60,60,60,60,60,60,60,60,60,60,60,60,60,60,60,60,60,60,60,60,60,60,60,60,60,60,60,60,60,60,60,60,60,60,60,60,60,60,60,60,60,60,60,60,60,60,60,60,60,60,60,60,60,77,77,77],"relic_stats":{"Gremlin Horn":[2,2],"counters":[34,246],"CeramicFish":270,"Eternal Feather":0,"Juzu Bracelet":1,"Whetstone":["Neutralize","Finisher"],"Orichalcum":[12],"Cursed Key":1,"Tough Bandages":[144],"Pantograph":90,"Bronze Scales":[631],"Kunai":[194],"obtain_stats":[{"Ice Cream":40,"TwistedFunnel":45,"Lantern":8,"Pear":54,"Gremlin Horn":45,"The Specimen":46,"CeramicFish":6,"Eternal Feather":55,"Juzu Bracelet":42,"Whetstone":14,"Orichalcum":42,"Frozen Egg 2":44,"Ancient Tea Set":25,"Cursed Key":34,"Tough Bandages":30,"Pantograph":12,"Bronze Scales":23,"Strawberry":54,"Coffee Dripper":17,"Kunai":9,"Membership Card":42,"StrikeDummy":43,"Ring of the Snake":0},{"Ice Cream":25,"TwistedFunnel":27,"Lantern":6,"Pear":32,"Gremlin Horn":27,"The Specimen":28,"CeramicFish":4,"Eternal Feather":33,"Juzu Bracelet":26,"Whetstone":10,"Orichalcum":26,"Frozen Egg 2":27,"Ancient Tea Set":16,"Cursed Key":21,"Tough Bandages":19,"Pantograph":8,"Bronze Scales":15,"Strawberry":32,"Coffee Dripper":11,"Kunai":6,"Membership Card":26,"StrikeDummy":26,"Ring of the Snake":0},{"Ice Cream":166,"TwistedFunnel":180,"Lantern":34,"Pear":226,"Gremlin Horn":180,"The Specimen":187,"CeramicFish":17,"Eternal Feather":235,"Juzu Bracelet":173,"Whetstone":59,"Orichalcum":173,"Frozen Egg 2":180,"Ancient Tea Set":101,"Cursed Key":142,"Tough Bandages":125,"Pantograph":45,"Bronze Scales":96,"Strawberry":226,"Coffee Dripper":70,"Kunai":34,"Membership Card":173,"StrikeDummy":173,"Ring of the Snake":0}],"Ring of the Snake":[68]},"card_choices":[{"not_picked":["Secret Technique","Master of Strategy"],"picked":"Apotheosis","floor":0},{"not_picked":["Heel Hook","Blade Dance"],"picked":"Backstab","floor":1},{"not_picked":["Flying Knee","Bane"],"picked":"Blade Dance","floor":3},{"not_picked":["Deadly Poison","Accuracy","PiercingWail"],"picked":"SKIP","floor":5},{"not_picked":["Prepared","Distraction"],"picked":"Backflip","floor":6},{"not_picked":["PiercingWail","Dagger Throw"],"picked":"Leg Sweep","floor":7},{"not_picked":["Eviscerate","Choke"],"picked":"Cloak And Dagger","floor":8},{"not_picked":["Expertise","Acrobatics","Calculated Gamble"],"picked":"SKIP","floor":11},{"not_picked":["Cloak And Dagger","Infinite Blades"],"picked":"Footwork","floor":12},{"not_picked":["Deadly Poison","Eviscerate"],"picked":"Blur","floor":13},{"not_picked":["Concentrate","Tools of the Trade"],"picked":"Finisher","floor":14},{"not_picked":["Envenom","Doppelganger"],"picked":"After Image","floor":16},{"not_picked":["Blade Dance","Dash"],"picked":"Caltrops","floor":18},{"not_picked":["Setup","Acrobatics"],"picked":"All Out Attack","floor":19},{"not_picked":["Dash","Backflip"],"picked":"Crippling Poison","floor":20},{"not_picked":["Bouncing Flask","Concentrate"],"picked":"Slice","floor":23},{"not_picked":["Dagger Spray","Distraction"],"picked":"Acrobatics","floor":25},{"not_picked":["PiercingWail+1","Outmaneuver"],"picked":"Blur","floor":27},{"not_picked":["Poisoned Stab","Unload"],"picked":"Cloak And Dagger+1","floor":28},{"not_picked":["Deflect","Concentrate"],"picked":"PiercingWail+1","floor":30},{"not_picked":["Skewer","Leg Sweep"],"picked":"Cloak And Dagger","floor":31},{"not_picked":["Phantasmal Killer","Adrenaline"],"picked":"After Image","floor":33},{"not_picked":["Slice+1","Flying Knee"],"picked":"Acrobatics","floor":35},{"not_picked":["Backflip","Endless Agony"],"picked":"Terror+1","floor":37},{"not_picked":["Flying Knee","Dodge and Roll"],"picked":"Blade Dance","floor":38},{"not_picked":["Outmaneuver+1","Bullet Time","Reflex+1"],"picked":"SKIP","floor":40},{"not_picked":["Predator","Dagger Spray"],"picked":"Dodge and Roll+1","floor":41},{"not_picked":["Dagger Throw","Grand Finale","Prepared"],"picked":"SKIP","floor":44},{"not_picked":["Calculated Gamble","Reflex+1"],"picked":"Infinite Blades+1","floor":46},{"not_picked":["Dagger Throw","Dagger Spray+1","Heel Hook+1"],"picked":"SKIP","floor":47},{"not_picked":["Slice","Sucker Punch"],"picked":"Predator","floor":48},{"not_picked":["Deflect","Endless Agony"],"picked":"Blur","floor":55}],"player_experience":3193335,"relics_obtained":[{"floor":6,"key":"CeramicFish"},{"floor":8,"key":"Lantern"},{"floor":9,"key":"Kunai"},{"floor":12,"key":"Pantograph"},{"floor":14,"key":"Whetstone"},{"floor":23,"key":"Bronze Scales"},{"floor":25,"key":"Ancient Tea Set"},{"floor":30,"key":"Tough Bandages"},{"floor":40,"key":"Ice Cream"},{"floor":43,"key":"StrikeDummy"},{"floor":44,"key":"Frozen Egg 2"},{"floor":46,"key":"The Specimen"},{"floor":55,"key":"Eternal Feather"}],"event_choices":[{"damage_healed":0,"gold_gain":0,"player_choice":"Fled","damage_taken":0,"max_hp_gain":0,"max_hp_loss":0,"event_name":"Scrap Ooze","floor":2,"gold_loss":0},{"damage_healed":0,"gold_gain":0,"player_choice":"Grow","damage_taken":0,"max_hp_gain":0,"max_hp_loss":0,"event_name":"Living Wall","floor":4,"gold_loss":0,"cards_upgraded":["Apotheosis"]},{"damage_healed":0,"gold_gain":0,"player_choice":"Smashed Altar","damage_taken":0,"max_hp_gain":0,"max_hp_loss":0,"event_name":"Forgotten Altar","floor":21,"gold_loss":0,"cards_obtained":["Decay"]},{"cards_removed":["Decay"],"damage_healed":0,"gold_gain":0,"player_choice":"Elegance","damage_taken":0,"max_hp_gain":0,"max_hp_loss":0,"event_name":"Back to Basics","floor":22,"gold_loss":0},{"damage_healed":0,"gold_gain":0,"player_choice":"Forge","damage_taken":0,"max_hp_gain":0,"max_hp_loss":0,"event_name":"Accursed Blacksmith","floor":36,"gold_loss":0,"cards_upgraded":["After Image"]},{"damage_healed":0,"gold_gain":0,"player_choice":"Upgraded","damage_taken":0,"max_hp_gain":0,"max_hp_loss":0,"event_name":"Upgrade Shrine","floor":39,"gold_loss":0,"cards_upgraded":["Leg Sweep"]},{"damage_healed":0,"gold_gain":0,"player_choice":"Fight","damage_taken":0,"max_hp_gain":0,"max_hp_loss":0,"event_name":"MindBloom","floor":46,"gold_loss":0}],"is_beta":false,"boss_relics":[{"not_picked":["Empty Cage","Runic Pyramid"],"picked":"Coffee Dripper"},{"not_picked":["SlaversCollar","Velvet Choker"],"picked":"Cursed Key"}],"items_purged_floors":[42,45,54],"is_endless":false,"potions_floor_spawned":[1,3,11,12,16,19,20,25,28,30,35,41,44,46,47,55],"ascension_level":20}}