{"host":"bf5upntvbdompq33","time":1612570889,"event":{"mods":["BaseMod","Colored Map","Colored Powertips","Curses Come First","Minty Spire (QoL Compilation)","StSLib","The Dragon Tamer","The Hierophant","The Marked","The Mystic","The Servant 0.9.4"],"gold_per_floor":[117,136,136,154,172,172,206,206,255,23,80,80,108,118,118,219,219,232,331,331,347,20,20,20,20],"floor_reached":24,"language":"ENG","playtime":1374,"items_purged":["Strike_B","Strike_B"],"score":381,"play_id":"ba3a6f05-e79e-411f-bb94-1bd7665100bb","local_time":"20210205172129","is_ascension_mode":true,"campfire_choices":[{"data":"Lockon","floor":6,"key":"SMITH"},{"floor":8,"key":"REST"},{"floor":12,"key":"REST"},{"floor":15,"key":"REST"},{"floor":23,"key":"REST"}],"circlet_count":0,"master_deck":["AscendersBane","Strike_B","Strike_B","Defend_B+1","Defend_B","Defend_B","Defend_B","Zap","Dualcast","Ball Lightning","Streamline+1","Lockon+1","Cold Snap","Cold Snap","Glacier","Capacitor","Compile Driver","Defragment","Turbo","Echo Form","Coolheaded","Echo Form","Rebound","Undo+1","Heatsinks","Darkness"],"relics":["Cracked Core","Potion Belt","Darkstone Periapt","Art of War","Dream Catcher","Bag of Preparation","Inserter","War Paint"],"acts_visited":["Exordium","TheCity"],"potions_floor_usage":[7,14],"damage_taken":[{"damage":4,"enemies":"2 Louse","floor":1,"turns":4},{"damage":2,"enemies":"Jaw Worm","floor":2,"turns":4},{"damage":6,"enemies":"Small Slimes","floor":4,"turns":3},{"damage":16,"enemies":"2 Fungi Beasts","floor":5,"turns":3},{"damage":34,"enemies":"Lagavulin","floor":7,"turns":6},{"damage":23,"enemies":"Gremlin Nob","floor":11,"turns":4},{"damage":20,"enemies":"3 Sentries","floor":13,"turns":8},{"damage":0,"enemies":"Large Slime","floor":14,"turns":4},{"damage":0,"enemies":"The Guardian","floor":16,"turns":10},{"damage":33,"enemies":"Chosen","floor":18,"turns":6},{"damage":25,"enemies":"Spheric Guardian","floor":21,"turns":4},{"damage":28,"enemies":"Gremlin Leader","floor":24,"turns":2}],"seed_played":"1834971529354145297","potions_obtained":[{"floor":2,"key":"PowerPotion"},{"floor":7,"key":"SmokeBomb"},{"floor":13,"key":"DistilledChaos"},{"floor":21,"key":"FearPotion"}],"is_trial":false,"path_per_floor":["M","M","?","M","M","R","E","R","T","$","?","R","E","M","R","B",null,"M","?","?","M","$","R","E"],"character_chosen":"DEFECT","items_purchased":["Glacier","Capacitor","War Paint","Heatsinks"],"campfire_rested":4,"item_purchase_floors":[10,10,22,22],"current_hp_per_floor":[64,62,62,56,40,40,6,28,28,28,5,27,7,7,29,29,64,31,31,31,6,6,28,0,0],"gold":20,"neow_bonus":"RANDOM_COMMON_RELIC","is_daily":false,"chose_seed":false,"campfire_upgraded":1,"win_rate":0.0,"timestamp":1612570889,"path_taken":["M","M","?","M","M","R","E","R","T","?","?","R","E","M","R","BOSS","M","?","?","M","$","R","E"],"items_purchased_type":["Card","Card","Relic","Card"],"build_version":"2020-12-22","purchased_purges":2,"victory":false,"max_hp_per_floor":[75,75,75,75,75,75,75,75,75,75,75,75,75,75,75,75,75,75,75,75,75,75,75,75,75],"card_choices":[{"not_picked":["Scrape","Conserve Battery"],"picked":"Ball Lightning","floor":1},{"not_picked":["Redo","Barrage"],"picked":"Streamline","floor":2},{"not_picked":["Compile Driver","Chill"],"picked":"Lockon","floor":4},{"not_picked":["Coolheaded","Melter"],"picked":"Cold Snap","floor":5},{"not_picked":["Rip and Tear","Biased Cognition"],"picked":"Cold Snap","floor":7},{"not_picked":["Cold Snap","Rebound"],"picked":"Compile Driver","floor":11},{"not_picked":["Heatsinks","Turbo"],"picked":"Defragment","floor":12},{"not_picked":["Go for the Eyes","Coolheaded"],"picked":"Turbo","floor":13},{"not_picked":["Scrape","Barrage"],"picked":"Echo Form","floor":14},{"not_picked":["Steam Power","Static Discharge"],"picked":"Coolheaded","floor":15},{"not_picked":["Amplify","Core Surge"],"picked":"Echo Form","floor":16},{"not_picked":["Steam","Lockon"],"picked":"Rebound","floor":18},{"not_picked":["Heatsinks","Turbo"],"picked":"Undo","floor":21},{"not_picked":["Steam+1","Storm"],"picked":"Darkness","floor":23}],"player_experience":1433943,"relics_obtained":[{"floor":7,"key":"Darkstone Periapt"},{"floor":9,"key":"Art of War"},{"floor":11,"key":"Dream Catcher"},{"floor":13,"key":"Bag of Preparation"}],"event_choices":[{"damage_healed":0,"gold_gain":0,"player_choice":"Grow","damage_taken":0,"max_hp_gain":0,"max_hp_loss":0,"event_name":"Living Wall","floor":3,"gold_loss":0,"cards_upgraded":["Streamline"]},{"damage_healed":0,"gold_gain":0,"player_choice":"Searched \u00271\u0027 times","damage_taken":0,"max_hp_gain":0,"max_hp_loss":0,"event_name":"Dead Adventurer","floor":11,"gold_loss":0},{"damage_healed":0,"gold_gain":99,"player_choice":"Stole From Cult","damage_taken":0,"max_hp_gain":0,"max_hp_loss":0,"event_name":"Nest","floor":19,"gold_loss":0},{"damage_healed":0,"gold_gain":0,"player_choice":"Ignored","damage_taken":0,"max_hp_gain":0,"max_hp_loss":0,"event_name":"Vampires","floor":20,"gold_loss":0}],"is_beta":false,"boss_relics":[{"not_picked":["SacredBark","Calling Bell"],"picked":"Inserter"}],"items_purged_floors":[10,22],"is_endless":false,"potions_floor_spawned":[2,7,13,21],"killed_by":"Gremlin Leader","ascension_level":10}}