{"host":"dq9lwkr0jwog4b8f","time":1612629534,"event":{"mods":["AchievementEnabler","BaseMod","Bestiary","Colored Map","Colored Powertips","DeckTracker","Downfall","Marisa????????","Minty Spire (QoL Compilation)","Replay The Spire","Robot Space Explorer","StSLib","The Cursed","The Marked","The Servant 0.9.4"],"gold_per_floor":[360,379,379,454,466,466,485,485,485,485,485,485,501,511,522,535,535,632,632,645,664,674,686,601,601,617,617,617,542,555,555,555],"floor_reached":31,"language":"ENG","playtime":3341,"items_purged":[],"score":233,"play_id":"4bd25b5a-eded-4b2d-a5b1-5a694183a2ba","local_time":"20210206173854","is_ascension_mode":false,"campfire_choices":[{"floor":6,"key":"REST"},{"floor":8,"key":"REST"},{"data":"Streamline","floor":10,"key":"SMITH"},{"data":"Electrodynamics","floor":17,"key":"SMITH"},{"floor":25,"key":"REST"},{"floor":27,"key":"REST"}],"circlet_count":0,"master_deck":["Strike_B","Strike_B","Strike_B","Defend_B","Defend_B","Defend_B","Zap","Dualcast","Storm","Auto Shields","Scrape","Redo","Streamline+1","Conserve Battery","White Noise","FIFO Queue","Electrodynamics+1","Core Surge","Heatsinks+1","Beam Cell","Sweeping Beam","Gash+1","Leap","Streamline"],"relics":["Cracked Core","Replay:Rubber Ducky","Black Star","The Courier","Ginger"],"acts_visited":["Exordium","TheCity"],"potions_floor_usage":[18,20,31,31,31],"damage_taken":[{"damage":6,"enemies":"2 Louse","floor":1,"turns":2},{"damage":1,"enemies":"Jaw Worm","floor":2,"turns":3},{"damage":1,"enemies":"Cultist","floor":5,"turns":3},{"damage":30,"enemies":"Gremlin Gang","floor":7,"turns":4},{"damage":4,"enemies":"Large Slime","floor":13,"turns":5},{"damage":5,"enemies":"3 Louse","floor":14,"turns":2},{"damage":10,"enemies":"Looter","floor":15,"turns":3},{"damage":0,"enemies":"Large Slime","floor":16,"turns":5},{"damage":13,"enemies":"Hexaghost","floor":18,"turns":9},{"damage":2,"enemies":"3 Byrds","floor":20,"turns":4},{"damage":17,"enemies":"2 Thieves","floor":21,"turns":3},{"damage":15,"enemies":"3 Cultists","floor":22,"turns":3},{"damage":15,"enemies":"Centurion and Healer","floor":23,"turns":4},{"damage":37,"enemies":"Sentry and Sphere","floor":26,"turns":6},{"damage":0,"enemies":"Cultist and Chosen","floor":30,"turns":5},{"damage":37,"enemies":"Book of Stabbing","floor":31,"turns":5}],"seed_played":"-2237498011468008691","potions_obtained":[{"floor":1,"key":"SneckoOil"},{"floor":5,"key":"hexamod:SoulburnPotion"},{"floor":13,"key":"champ:CounterPotion"},{"floor":22,"key":"Swift Potion"},{"floor":30,"key":"SkillPotion"}],"is_trial":false,"path_per_floor":["M","M","?","?","M","R","M","R","T","R","PTL","PTL","M","M","M","M","R","B",null,"M","M","M","M","?","R","M","R","T","?","M","E"],"character_chosen":"DEFECT","items_purchased":[],"campfire_rested":4,"item_purchase_floors":[],"current_hp_per_floor":[48,47,47,36,35,57,27,49,49,49,49,49,45,40,30,30,30,17,75,73,56,41,26,26,48,11,33,33,33,33,0,0],"gold":555,"neow_bonus":"TWO_FIFTY_GOLD","is_daily":false,"chose_seed":false,"campfire_upgraded":2,"win_rate":0.0,"timestamp":1612629534,"path_taken":["M","M","?","?","?","R","M","R","T","R","PTL","PTL","?","?","M","M","R","BOSS","M","M","M","?","?","R","M","R","T","?","M","E"],"items_purchased_type":[],"build_version":"2020-12-22","purchased_purges":0,"victory":false,"max_hp_per_floor":[75,75,75,75,75,75,75,75,75,75,75,75,75,75,75,75,75,75,75,75,75,75,75,75,75,75,75,75,75,75,75,75],"card_choices":[{"not_picked":["Tempest","Hello World"],"picked":"Storm","floor":1},{"not_picked":["Consume","Rebound"],"picked":"Auto Shields","floor":2},{"not_picked":["Steam","BasicCrystalCard"],"picked":"Redo","floor":5},{"not_picked":["Barrage","Turbo"],"picked":"Streamline","floor":7},{"not_picked":["Leap","Auto Shields"],"picked":"Conserve Battery","floor":13},{"not_picked":["Stack","Panic Button"],"picked":"White Noise","floor":14},{"not_picked":["Steam","Stack"],"picked":"FIFO Queue","floor":15},{"not_picked":["Tempest","White Noise"],"picked":"Electrodynamics","floor":16},{"not_picked":["Thunder Strike","Hyperbeam"],"picked":"Core Surge","floor":18},{"not_picked":["Hologram","Reprogram"],"picked":"Heatsinks+1","floor":20},{"not_picked":["Steam","Cold Snap"],"picked":"Beam Cell","floor":21},{"not_picked":["Compile Driver","Panic Button"],"picked":"Sweeping Beam","floor":22},{"not_picked":["Chill","Hello World"],"picked":"Gash+1","floor":23},{"not_picked":["BasicCrystalCard","Gash"],"picked":"Leap","floor":26},{"not_picked":["Glacier","Darkness"],"picked":"Streamline","floor":30}],"player_experience":207491,"relics_obtained":[{"floor":9,"key":"Replay:Rubber Ducky"},{"floor":28,"key":"Ginger"}],"event_choices":[{"damage_healed":0,"gold_gain":0,"cards_transformed":["Defend_B"],"player_choice":"Change","damage_taken":0,"max_hp_gain":0,"max_hp_loss":0,"event_name":"Living Wall","floor":3,"gold_loss":0,"cards_obtained":["Scrape"]},{"damage_healed":0,"gold_gain":75,"player_choice":"Gather Gold","damage_taken":11,"max_hp_gain":0,"max_hp_loss":0,"event_name":"World of Goop","floor":4,"gold_loss":0},{"damage_healed":0,"gold_gain":0,"player_choice":"Obtained Relic","damage_taken":0,"relics_obtained":["The Courier"],"max_hp_gain":0,"max_hp_loss":0,"event_name":"Addict","floor":24,"gold_loss":85},{"cards_removed":["Strike_B"],"damage_healed":0,"gold_gain":0,"player_choice":"Gave Gold","damage_taken":0,"max_hp_gain":0,"max_hp_loss":0,"event_name":"Beggar","floor":29,"gold_loss":75}],"is_beta":false,"boss_relics":[{"not_picked":["Cursed Key","FrozenCore"],"picked":"Black Star"}],"items_purged_floors":[],"is_endless":false,"potions_floor_spawned":[1,5,13,16,22,30],"killed_by":"Book of Stabbing","ascension_level":0}}