{"host":"tq99ucv8ezzqzioe","time":1612589048,"event":{"mods":["BaseMod","Colored Map","Downfall","Highlight Path","Minty Spire (QoL Compilation)","StSLib"],"gold_per_floor":[115,115,190,87,101,139,139,177,226,226,32,48,66,66,66,187,187,201,201,201,216,239,239,252,252,252,279,279,322,1,25,25,145,145,158,181,181,201,214,214,232,270,295,358,381,420,420,443,443,443,443,443,61,61,61],"floor_reached":54,"language":"ENG","playtime":4339,"items_purged":["Strike_R","Strike_R"],"score":1040,"play_id":"2280ff46-967d-4439-9af7-f7eb5144a8bf","local_time":"20210206002408","is_ascension_mode":true,"campfire_choices":[{"data":"Bash","floor":7,"key":"SMITH"},{"floor":10,"key":"REST"},{"floor":15,"key":"RECALL"},{"data":"Body Slam","floor":23,"key":"SMITH"},{"floor":25,"key":"REST"},{"floor":32,"key":"REST"},{"data":"Entrench","floor":40,"key":"SMITH"},{"floor":47,"key":"REST"},{"data":"Barricade","floor":49,"key":"SMITH"},{"data":"Shrug It Off","floor":52,"key":"SMITH"}],"circlet_count":0,"master_deck":["Strike_R","Strike_R","Defend_R","Defend_R","Defend_R","Defend_R","Bash+1","Shrug It Off+1","Headbutt","Impervious","Demon Form","Shrug It Off","Shrug It Off","Cleave","Impervious","Cleave","Demon Form","Shrug It Off+1","Body Slam+1","Entrench+1","Shrug It Off+1","Heavy Blade+1","Barricade+1","Evolve+1","Iron Wave+1","Panache","Pommel Strike+1","Heavy Blade+1","Shrug It Off","Shrug It Off","Feel No Pain+1","Juggernaut"],"relics":["Burning Blood","NeowsBlessing","Golden Idol","MealTicket","Vajra","Eternal Feather","Art of War","sneckomod:SneckoTalon","Strawberry","Nloth\u0027s Gift","Oddly Smooth Stone","Medical Kit","Philosopher\u0027s Stone","Bottled Lightning","War Paint","Champion Belt","StrikeDummy","Toolbox"],"acts_visited":["Exordium","TheCity","TheBeyond","TheEnding"],"potions_floor_usage":[16,21,21,24,29,30,39,39,46,50,54],"damage_taken":[{"damage":0,"enemies":"2 Louse","floor":1,"turns":1},{"damage":0,"enemies":"Small Slimes","floor":5,"turns":1},{"damage":0,"enemies":"3 Sentries","floor":6,"turns":1},{"damage":36,"enemies":"Gremlin Nob","floor":8,"turns":4},{"damage":0,"enemies":"Cultist","floor":12,"turns":3},{"damage":6,"enemies":"2 Fungi Beasts","floor":13,"turns":4},{"damage":35,"enemies":"Hexaghost","floor":16,"turns":11},{"damage":42,"enemies":"Spheric Guardian","floor":18,"turns":10},{"damage":8,"enemies":"3 Byrds","floor":21,"turns":5},{"damage":16,"enemies":"3 Cultists","floor":22,"turns":6},{"damage":20,"enemies":"Centurion and Healer","floor":24,"turns":5},{"damage":62,"enemies":"Slavers","floor":29,"turns":7},{"damage":4,"enemies":"Shelled Parasite and Fungi","floor":31,"turns":6},{"damage":49,"enemies":"Champ","floor":33,"turns":8},{"damage":10,"enemies":"Orb Walker","floor":35,"turns":5},{"damage":13,"enemies":"3 Darklings","floor":36,"turns":7},{"damage":24,"enemies":"Writhing Mass","floor":38,"turns":6},{"damage":19,"enemies":"4 Shapes","floor":39,"turns":6},{"damage":39,"enemies":"Spire Growth","floor":41,"turns":9},{"damage":22,"enemies":"Nemesis","floor":42,"turns":11},{"damage":5,"enemies":"Mind Bloom Boss Battle","floor":44,"turns":8},{"damage":0,"enemies":"Sphere and 2 Shapes","floor":45,"turns":7},{"damage":17,"enemies":"Giant Head","floor":46,"turns":9},{"damage":3,"enemies":"Jaw Worm Horde","floor":48,"turns":6},{"damage":68,"enemies":"Awakened One","floor":50,"turns":12},{"damage":98,"enemies":"Shield and Spear","floor":54,"turns":6}],"seed_played":"-812977886885178565","potions_obtained":[{"floor":6,"key":"ElixirPotion"},{"floor":8,"key":"Fire Potion"},{"floor":12,"key":"sneckomod:MuddlingPotion"},{"floor":18,"key":"hexamod:SoulburnPotion"},{"floor":21,"key":"Dexterity Potion"},{"floor":33,"key":"BloodPotion"},{"floor":35,"key":"FearPotion"},{"floor":36,"key":"HeartOfIron"},{"floor":42,"key":"SneckoOil"},{"floor":46,"key":"Strength Potion"}],"is_trial":false,"path_per_floor":["M","?","?","?","M","E","R","E","T","R","$","M","M","?","R","B",null,"M","?","?","M","M","R","M","R","T","T","?","E","$","M","R","B",null,"M","M","?","M","M","R","M","E","T","?","M","E","R","M","R","B",null,"R","$","E"],"character_chosen":"IRONCLAD","items_purchased":["Art of War","Shrug It Off","Fruit Juice","Medical Kit","Juggernaut","Toolbox"],"campfire_rested":4,"item_purchase_floors":[11,11,30,30,53,53],"current_hp_per_floor":[78,58,47,47,53,59,59,29,29,59,74,80,80,73,80,51,73,37,37,37,35,25,37,23,59,66,66,66,10,30,32,71,28,76,72,65,65,47,52,67,34,18,18,19,25,14,59,62,80,18,74,92,92,0,0],"gold":61,"neow_bonus":"THREE_ENEMY_KILL","is_daily":false,"chose_seed":false,"campfire_upgraded":5,"win_rate":0.0,"timestamp":1612589048,"path_taken":["M","?","?","?","M","E","R","E","T","R","$","?","M","?","R","BOSS","M","?","?","M","M","R","?","R","T","?","?","E","$","M","R","BOSS","M","?","?","M","M","R","M","E","T","?","?","E","R","M","R","BOSS","R","$","E"],"items_purchased_type":["Relic","Card","Potion","Relic","Card","Relic"],"build_version":"2020-12-22","purchased_purges":2,"victory":false,"max_hp_per_floor":[80,80,80,80,80,80,80,80,80,80,80,80,80,80,80,80,80,80,80,80,80,80,80,80,80,87,87,87,87,92,92,92,92,92,92,92,92,92,92,92,92,92,92,92,92,92,92,92,92,92,92,92,92,92,92],"card_choices":[{"not_picked":["Headbutt","Iron Wave"],"picked":"Shrug It Off","floor":1},{"not_picked":["Clash","Seeing Red"],"picked":"Headbutt","floor":5},{"not_picked":["Headbutt","Thunderclap"],"picked":"Impervious","floor":6},{"not_picked":["Entrench","Headbutt"],"picked":"Demon Form","floor":8},{"not_picked":["Thunderclap","Twin Strike"],"picked":"Shrug It Off","floor":12},{"not_picked":["Wild Strike","Dark Embrace"],"picked":"Cleave","floor":13},{"not_picked":["Brutality","Corruption"],"picked":"Impervious","floor":16},{"not_picked":["Havoc","True Grit"],"picked":"Cleave","floor":18},{"not_picked":["Infernal Blade","Searing Blow"],"picked":"Shrug It Off","floor":21},{"not_picked":["Warcry","Disarm"],"picked":"Body Slam","floor":22},{"not_picked":["Twin Strike+1","Shrug It Off"],"picked":"Entrench","floor":24},{"not_picked":["Offering","Second Wind"],"picked":"Shrug It Off","floor":29},{"not_picked":["Iron Wave","Thunderclap"],"picked":"Heavy Blade+1","floor":31},{"not_picked":["Offering","Reaper"],"picked":"Barricade","floor":33},{"not_picked":["True Grit","Berserk"],"picked":"Evolve+1","floor":35},{"not_picked":["Spot Weakness+1","Armaments+1"],"picked":"Iron Wave+1","floor":36},{"not_picked":["Discovery","The Bomb"],"picked":"Panache","floor":37},{"not_picked":["Whirlwind","Wild Strike"],"picked":"Pommel Strike+1","floor":38},{"not_picked":["Whirlwind","Wild Strike+1"],"picked":"Heavy Blade+1","floor":39},{"not_picked":["Twin Strike","Blood for Blood+1"],"picked":"Shrug It Off","floor":41},{"not_picked":["Battle Trance","Twin Strike+1"],"picked":"Shrug It Off","floor":42},{"not_picked":["Twin Strike","Clash"],"picked":"Feel No Pain+1","floor":45},{"not_picked":["Burning Pact","Barricade","Berserk"],"picked":"SKIP","floor":46},{"not_picked":["Perfected Strike+1","Anger+1","Flex+1"],"picked":"SKIP","floor":48}],"player_experience":873555,"relics_obtained":[{"floor":6,"key":"Vajra"},{"floor":8,"key":"Eternal Feather"},{"floor":26,"key":"Strawberry"},{"floor":27,"key":"Ancient Tea Set"},{"floor":29,"key":"Oddly Smooth Stone"},{"floor":42,"key":"Bottled Lightning"},{"floor":43,"key":"War Paint"},{"floor":44,"key":"Champion Belt"},{"floor":46,"key":"StrikeDummy"}],"event_choices":[{"damage_healed":0,"gold_gain":0,"player_choice":"Take Damage","damage_taken":20,"relics_obtained":["Golden Idol"],"max_hp_gain":0,"max_hp_loss":0,"event_name":"Golden Idol","floor":2,"gold_loss":0},{"damage_healed":0,"gold_gain":75,"player_choice":"Gather Gold","damage_taken":11,"max_hp_gain":0,"max_hp_loss":0,"event_name":"World of Goop","floor":3,"gold_loss":0},{"damage_healed":0,"gold_gain":0,"player_choice":"Paid Gold","damage_taken":0,"relics_obtained":["MealTicket"],"max_hp_gain":0,"max_hp_loss":0,"event_name":"WeMeetAgain","floor":4,"gold_loss":103},{"cards_removed":["Strike_R"],"damage_healed":0,"gold_gain":0,"player_choice":"Card Removal","damage_taken":7,"max_hp_gain":0,"max_hp_loss":0,"event_name":"Golden Wing","floor":14,"gold_loss":0},{"damage_healed":0,"gold_gain":0,"player_choice":"Ignored","damage_taken":0,"max_hp_gain":0,"max_hp_loss":0,"event_name":"Ghosts","floor":19,"gold_loss":0},{"damage_healed":0,"gold_gain":0,"player_choice":"Copied","damage_taken":0,"max_hp_gain":0,"max_hp_loss":0,"event_name":"Duplicator","floor":20,"gold_loss":0,"cards_obtained":["Demon Form"]},{"damage_healed":0,"gold_gain":0,"player_choice":"Traded Relic","damage_taken":0,"relics_obtained":["Nloth\u0027s Gift"],"max_hp_gain":0,"max_hp_loss":0,"event_name":"N\u0027loth","floor":28,"relics_lost":["Ancient Tea Set"],"gold_loss":0},{"damage_healed":0,"gold_gain":0,"player_choice":"Memory 1","damage_taken":0,"max_hp_gain":0,"max_hp_loss":0,"event_name":"SensoryStone","floor":37,"gold_loss":0},{"damage_healed":0,"gold_gain":0,"player_choice":"Fight","damage_taken":0,"max_hp_gain":0,"max_hp_loss":0,"event_name":"MindBloom","floor":44,"gold_loss":0}],"is_beta":false,"boss_relics":[{"not_picked":["Astrolabe","Runic Dome"],"picked":"sneckomod:SneckoTalon"},{"not_picked":["Calling Bell","Velvet Choker"],"picked":"Philosopher\u0027s Stone"}],"items_purged_floors":[30,53],"is_endless":false,"potions_floor_spawned":[6,8,12,18,21,33,35,36,38,42,46],"killed_by":"Shield and Spear","ascension_level":7}}