{"host":"87fdiiwflhrwsj8a","time":1612652598,"event":{"mods":["Aspiration","BaseMod","Better Match","Better Third Choice","BetterRewards","Colored Map","Conspire","GifTheSpireLib","Infinite Spire","Minty Spire (QoL Compilation)","Quick Restart","Relic Sorter","Replay The Spire","StSLib","Stuff the Spire","The Marked","The Servant 0.9.4"],"gold_per_floor":[116,76,91,91,108,140,159,159,186,214,228,39,91,125,125,222,222,235,112,123,323,342,342,371,371,371,332,366,376,408,418,418,521,521,531,541,556,572,592,620,631,659,685,718,718,718,121,152,152,152,152,152,35,69,69],"floor_reached":56,"language":"ENG","playtime":9326,"items_purged":[],"score":2176,"play_id":"83e04bc2-9594-4de2-ac00-6a2ae79f209c","local_time":"20210206180318","is_ascension_mode":true,"campfire_choices":[{"data":"ReplayTheSpireMod:Private Reserves","floor":8,"key":"SMITH"},{"data":"Trip","floor":23,"key":"SMITH"},{"data":"Initiator","floor":25,"key":"SMITH"},{"data":"Berserk","floor":32,"key":"SMITH"},{"floor":49,"key":"RECALL"}],"circlet_count":0,"master_deck":["Strike_S","Strike_S","Strike_S","Strike_S","Defend_S","Defend_S","Defend_S+1","Defend_S","KidneyShot","Exchange","ReplayTheSpireMod:Private Reserves+1","Potential","BottledTime+1","Starlight","BottledTime+1","BottledTime+1","Trip+1","Initiator+1","Endless Agony+1","Hightail+1","Conserve Battery","Berserk+1","JustLucky","Flex","Iron Wave","Replay:Undeath\u0027s Touch+1","Glass Knife"],"relics":["Uniform","Ice Cream","Lee\u0027s Waffle","Shuriken","Calipers","aspiration:TomeofQuesting","The Courier","PrismaticShard","Bag of Marbles","Onion Ring","StuffTheSpire:Kangaroo","Chemical X","War Paint","infinitespire:Bottled Soul","Replay:Ringing Soul","StuffTheSpire:HeavyRock","Painkiller Herb","WingedGreaves","aspiration:FetidBarrel","aspiration:ArtOfWarUpgrade","Juzu Bracelet","Bronze Scales","Centennial Puzzle","Pondfish Scales","StuffTheSpire:Gunfinga","infinitespire:Beetle Shell","aspiration:Lifesprig","PocketWatch"],"acts_visited":["Exordium","TheCity","TheBeyond","TheEnding"],"potions_floor_usage":[29],"damage_taken":[{"damage":0,"enemies":"Cultist","floor":1,"turns":3},{"damage":5,"enemies":"Jaw Worm","floor":3,"turns":3},{"damage":4,"enemies":"2 Louse","floor":5,"turns":2},{"damage":15,"enemies":"Lagavulin","floor":6,"turns":6},{"damage":5,"enemies":"Gremlin Gang","floor":7,"turns":4},{"damage":10,"enemies":"3 Sentries","floor":10,"turns":7},{"damage":0,"enemies":"2 Fungi Beasts","floor":11,"turns":2},{"damage":0,"enemies":"Gremlin Nob","floor":14,"turns":2},{"damage":20,"enemies":"Slime Boss","floor":16,"turns":6},{"damage":0,"enemies":"Spheric Guardian","floor":18,"turns":1},{"damage":7,"enemies":"Chosen","floor":20,"turns":2},{"damage":14,"enemies":"Centurion and Healer","floor":22,"turns":3},{"damage":0,"enemies":"Gremlin Leader","floor":24,"turns":2},{"damage":0,"enemies":"conspire:Head Lice","floor":28,"turns":5},{"damage":18,"enemies":"Snake Plant","floor":29,"turns":2},{"damage":14,"enemies":"Book of Stabbing","floor":30,"turns":5},{"damage":0,"enemies":"Snecko","floor":31,"turns":2},{"damage":0,"enemies":"Automaton","floor":33,"turns":8},{"damage":0,"enemies":"3 Shapes","floor":35,"turns":3},{"damage":14,"enemies":"3 Darklings","floor":36,"turns":3},{"damage":4,"enemies":"Spire Growth","floor":37,"turns":2},{"damage":0,"enemies":"Writhing Mass","floor":38,"turns":3},{"damage":0,"enemies":"Transient","floor":39,"turns":5},{"damage":0,"enemies":"R_Hoarder","floor":40,"turns":6},{"damage":10,"enemies":"4 Shapes","floor":41,"turns":9},{"damage":0,"enemies":"Giant Head","floor":42,"turns":5},{"damage":1,"enemies":"Reptomancer","floor":44,"turns":4},{"damage":0,"enemies":"R_Hoarder","floor":48,"turns":4},{"damage":3,"enemies":"Donu and Deca","floor":50,"turns":4},{"damage":15,"enemies":"Shield and Spear","floor":54,"turns":2},{"damage":0,"enemies":"The Heart","floor":55,"turns":5}],"seed_played":"-5181831788512031128","potions_obtained":[{"floor":3,"key":"Doom Potion"},{"floor":5,"key":"conspire:TimeTravelPotion"},{"floor":10,"key":"Strength Potion"},{"floor":11,"key":"LiquidMemories"},{"floor":30,"key":"Energy Potion"}],"is_trial":false,"path_per_floor":["M","$","M","?","M","E","M","R","T","E","M","$","T","E","R_BF","B",null,"M","$","M","?","M","R","E","R","T","$","E","M","E","M","R","B",null,"?","?","?","?","?","E","?","E","T","E","?","T","T","E","T","B",null,"T","T","E","B",null],"character_chosen":"THE_SERVANT","items_purchased":["Lee\u0027s Waffle","ReplayTheSpireMod:Private Reserves","Shuriken","BottledTime+1","PrismaticShard","Trip","Chemical X","Hightail+1","Bronze Scales","Centennial Puzzle","Pondfish Scales","StuffTheSpire:Gunfinga","aspiration:Lifesprig"],"campfire_rested":0,"item_purchase_floors":[0,0,0,2,12,12,19,27,47,47,47,47,53],"current_hp_per_floor":[72,72,67,72,68,53,48,48,48,38,38,38,38,38,59,39,72,72,72,65,65,51,51,51,51,51,51,54,57,43,46,46,46,81,81,67,66,69,69,72,62,62,62,61,61,61,61,64,64,61,93,93,93,78,78],"gold":69,"neow_bonus":"","is_daily":false,"chose_seed":false,"campfire_upgraded":4,"win_rate":0.0,"timestamp":1612652598,"path_taken":["M","?","?","?","?","E","M","R","T","E","M","$","?","E","R_BF","BOSS","M","$","M","?","M","R","E","R","T","$","E","M","E","M","R","BOSS","?","?","?","?","?","E","?","E","T","E","?","T","T","E","T","BOSS","T","T","E","BOSS"],"items_purchased_type":["Relic","Card","Relic","Card","Relic","Card","Relic","Card","Relic","Relic","Relic","Relic","Relic"],"build_version":"2020-12-22","purchased_purges":0,"victory":true,"max_hp_per_floor":[72,72,72,72,72,72,72,72,72,72,72,72,72,72,72,72,72,72,72,72,72,72,72,72,72,72,72,75,78,78,81,81,81,81,81,81,84,87,87,90,90,90,90,90,90,90,90,93,93,93,93,93,93,93,93],"card_choices":[{"not_picked":["InstantArmor","TimeWarp"],"picked":"Potential","floor":1},{"not_picked":["Contraction","Read"],"picked":"Starlight","floor":3},{"not_picked":["Alleviate","SpecialFormula","Orbit"],"picked":"SKIP","floor":5},{"not_picked":["Defy","Foresight","SilverMatrix"],"picked":"SKIP","floor":6},{"not_picked":["Alleviate","Rewind"],"picked":"BottledTime","floor":7},{"not_picked":["InstantArmor","SpecialFormula","KillingDoll"],"picked":"SKIP","floor":10},{"not_picked":["Starlight","Read"],"picked":"BottledTime","floor":11},{"not_picked":["StuffTheSpire:Synthwave","Specialist","StuffTheSpire:RagingBull"],"picked":"SKIP","floor":14},{"not_picked":["Amplify","Phantasmal Killer"],"picked":"Initiator","floor":16},{"not_picked":["Stack+1","Deadly Poison","PanicButton"],"picked":"SKIP","floor":18},{"not_picked":["Armaments","Caltrops","Doom and Gloom"],"picked":"SKIP","floor":20},{"not_picked":["Shockwave","Secret Weapon"],"picked":"Endless Agony+1","floor":22},{"not_picked":["Distraction","theMarked:Frustration","ReplayTheSpireMod:Corrosion Curse"],"picked":"SKIP","floor":24},{"not_picked":["Clash","CrushJoints"],"picked":"Conserve Battery","floor":28},{"not_picked":["Alleviate","Perfected Strike+1"],"picked":"Berserk","floor":29},{"not_picked":["Ball Lightning","theMarked:Panic","ReplayTheSpireMod:Strike From Hell"],"picked":"SKIP","floor":30},{"not_picked":["StuffTheSpire:Resist","Cleave"],"picked":"JustLucky","floor":31},{"not_picked":["Deadly Poison","Coolheaded+1","FlurryOfBlows"],"picked":"SKIP","floor":35},{"not_picked":["Outmaneuver","Fasting2","FlurryOfBlows+1"],"picked":"SKIP","floor":36},{"not_picked":["StuffTheSpire:BrimstoneBlast+1","StuffTheSpire:LoadUp+1"],"picked":"Flex","floor":37},{"not_picked":["Infinite Blades+1","Survey Options+1"],"picked":"Iron Wave","floor":38},{"not_picked":["Panic Button+1","Protect+1","StuffTheSpire:Injection"],"picked":"SKIP","floor":39},{"not_picked":["conspire:ExplosiveBarrier","Alleviate"],"picked":"Replay:Undeath\u0027s Touch+1","floor":40},{"not_picked":["Run Through+1","Impatience","Panic Button+1"],"picked":"SKIP","floor":41},{"not_picked":["StuffTheSpire:SnapShoot","Blasphemy","theMarked:BanishingWave+1"],"picked":"SKIP","floor":42},{"not_picked":["theMarked:BanishingWave+1","theMarked:HeightenedSenses","theMarked:WastefulDefense+1"],"picked":"SKIP","floor":44},{"not_picked":["Mayhem","Aggregate"],"picked":"Glass Knife","floor":48},{"not_picked":["Disarm","Replay:AtTheReady","Doom and Gloom"],"picked":"SKIP","floor":54}],"player_experience":2591165,"relics_obtained":[{"floor":6,"key":"aspiration:TomeofQuesting"},{"floor":10,"key":"The Courier"},{"floor":13,"key":"Bag of Marbles"},{"floor":14,"key":"Onion Ring"},{"floor":24,"key":"War Paint"},{"floor":26,"key":"infinitespire:Bottled Soul"},{"floor":28,"key":"Replay:Ringing Soul"},{"floor":30,"key":"StuffTheSpire:HeavyRock"},{"floor":40,"key":"WingedGreaves"},{"floor":42,"key":"aspiration:FetidBarrel"},{"floor":43,"key":"Art of War"},{"floor":44,"key":"Juzu Bracelet"},{"floor":48,"key":"infinitespire:Beetle Shell"},{"floor":54,"key":"PocketWatch"}],"event_choices":[{"damage_healed":0,"gold_gain":250,"player_choice":"Bet on Owner","damage_taken":0,"max_hp_gain":0,"max_hp_loss":0,"event_name":"The Joust","floor":21,"gold_loss":50},{"damage_healed":0,"gold_gain":0,"player_choice":"Ignored","damage_taken":0,"max_hp_gain":0,"max_hp_loss":0,"event_name":"Tomb of Lord Red Mask","floor":45,"gold_loss":0}],"is_beta":false,"boss_relics":[{"not_picked":["aspiration:RunicSpoon","Abe\u0027s Treasure"],"picked":"StuffTheSpire:Kangaroo"},{"not_picked":["StoneMask","ReplayTheSpireMod:DimensionalGlitch"],"picked":"Painkiller Herb"}],"items_purged_floors":[],"is_endless":false,"potions_floor_spawned":[3,5,10,11,22,24,28,30,37,38,40,42,44,48,54],"ascension_level":4}}