{"host":"rn4c402gwd40h2z6","time":1612602241,"event":{"mods":["10 clothes from DAL","100% Spire Juice","Act Like it!","BaseMod","Better Synergies","CapriCore","Card Forge","DNKmod","Data Control","Decade(王小明)","FoggyMod","Friendly Minions","Good Game Mod","HololiveMod","Infinite Spire","KinomotoSakuraMod(木之本樱)","Kiyohime（清姬）","LagranYue(拉格朗・月)","Library of Ruina","Library of Ruina Extra","Luminous","Minty Spire (QoL Compilation)","Pale of the Ancients","Permanent Neow","Quick Restart","Railgun Mod","Random Character Button","Relic Filter Mod","Remilia（蕾米莉亚）","RumiaBox-露米娅的神秘盒子","Spicy Shops","StSLib","Td1madao Mod","The Animator","The Blue Laboratory","The IronCluck","The Saiyan","The Senshi","The Servant 0.9.4","The Wild Card","WarShipGirlsR/战舰少女R mod","Yuri Mod","noobMod","slay the spire mod where everything is the same but ironclad has a cowboy hat","【功能Mod】混沌之环修复补丁","【功能Mod】精心准备","【遗物Mod】死灵法师NEW","老伊莉雅"],"gold_per_floor":[114,289,289,289,289,289,309,341,341,360,51,51,51,51,51,151,151,165,95,95,19,19,19,37,37,37,312,222,222],"floor_reached":28,"language":"ZHS","playtime":1572,"items_purged":["PrismaMod:MiyuUberAttack"],"score":287,"play_id":"c0cbc0f6-2230-4e32-99c4-08063b24cee3","local_time":"20210206170401","is_ascension_mode":false,"campfire_choices":[{"floor":6.0,"key":"RECALL"},{"data":"HeartBreak","floor":13.0,"key":"SMITH"},{"data":"PrismaMod:MiyuUberAOEAttack","floor":15.0,"key":"SMITH"},{"data":"PrismaMod:MiyuUberAOEAttack","floor":23,"key":"SMITH"},{"data":"PrismaMod:MiyuUncommonAOEAttack","floor":25,"key":"SMITH"}],"circlet_count":0,"master_deck":["PrismaMod:MiyuCommonDefend","PrismaMod:MiyuCommonDefend","PrismaMod:MiyuCommonDefend","PrismaMod:MiyuCommonDefend","PrismaMod:MiyuCommonDefend+1","PrismaMod:MiyuCommonAttack","PrismaMod:MiyuCommonAttack","PrismaMod:MiyuCommonAttack","PrismaMod:MiyuCommonAttack","PrismaMod:MiyuCommonAttack+1","PrismaMod:MiyuCheapChannelAttack","PrismaMod:MiyuCheapChannelDefend","HeartBreak+1","infinitespire:Punishment+1","PrismaMod:MiyuAttackChannelWeak","PrismaMod:MiyuUberAOEAttack+1","Haniel","PrismaMod:MiyuUncommonAOEAttack+1","PrismaMod:MiyuCarnivalDefend","PrismaMod:MiyuUberAttack+1","PrismaMod:MiyuUberAOEAttack+1","Ghostly","Ghostly","Ghostly","Ghostly","Ghostly","HeartBreak+1"],"relics":["PrismaMod:PrismaSapphire","Hammer of Thor","Seething Fire","Anvil of the Gods","ice","REME:ComplimentaryCards","Ccalipers","PageOfTheQueenOfHatred","Baka2","Omamori","PageOfTheKnightOfDespair","Membership Card","PageOfGreed","RingOfChaos2","OrangePellets","SumDragon","PageOfFreischutz","PageOfWrath"],"acts_visited":["Exordium","TheCity"],"potions_floor_usage":[18],"damage_taken":[{"damage":7.0,"enemies":"Small Slimes","floor":1.0,"turns":2.0},{"damage":0.0,"enemies":"2 Louse","floor":7.0,"turns":2.0},{"damage":0.0,"enemies":"3 Sentries","floor":8.0,"turns":7.0},{"damage":0.0,"enemies":"Jaw Worm","floor":10.0,"turns":1.0},{"damage":3.0,"enemies":"Slime Boss","floor":16.0,"turns":4.0},{"damage":0,"enemies":"Shell Parasite","floor":18,"turns":2},{"damage":6,"enemies":"2 Thieves","floor":19,"turns":5},{"damage":14,"enemies":"Cultist and Chosen","floor":24,"turns":4},{"damage":0,"enemies":"Chosen and Byrds","floor":28,"turns":1}],"seed_played":"-7107946743011224224","potions_obtained":[{"floor":7.0,"key":"LiquidBronze"},{"floor":10.0,"key":"infinitespire:BlackPotion"},{"floor":16.0,"key":"DistilledChaos"},{"floor":18,"key":"SkillPotion"}],"is_trial":false,"path_per_floor":["M","?","?","?","?","R","M","E","T","M","$","T","R","?","R","B",null,"M","M","?","$","?","R","M","R","T","?","M"],"character_chosen":"MIYU","items_purchased":["Haniel","PrismaMod:MiyuUncommonAOEAttack","Membership Card","OrangePellets","SumDragon"],"campfire_rested":0,"item_purchase_floors":[11,11,11,21,21],"current_hp_per_floor":[68,68,53,50,32,32,38,50,50,55,55,55,55,55,55,75,75,75,70,37,37,37,37,28,28,28,28,28,28],"gold":222,"neow_bonus":"RANDOM_COMMON_RELIC","is_daily":false,"chose_seed":false,"campfire_upgraded":4,"win_rate":0.0,"timestamp":1612602241,"path_taken":["M","?","?","?","?","R","?","E","T","?","?","?","R","?","R","BOSS","M","?","?","$","?","R","?","R","T","?","?"],"items_purchased_type":["Card","Card","Relic","Relic","Relic"],"build_version":"2020-12-22","purchased_purges":1,"victory":false,"max_hp_per_floor":[75,75,75,75,75,75,75,75,75,75,75,75,75,75,75,75,75,75,75,37,37,37,37,37,37,37,37,37,37],"card_choices":[{"not_picked":["PrismaMod:MiyuUncommonAttack","PrismaMod:MiyuCheapChannelDefend"],"picked":"PrismaMod:MiyuUberAttack","floor":1.0},{"not_picked":["infinitespire:FinalStrike","infinitespire:SealOfDarkness+"],"picked":"infinitespire:Punishment","floor":5.0},{"not_picked":["PrismaMod:MiyuEvokeBuffDex","PrismaMod:MiyuUncommonAttack"],"picked":"PrismaMod:MiyuAttackChannelWeak","floor":7.0},{"not_picked":["PrismaMod:MiyuCheapChannelAttack","PrismaMod:MiyuUncommonAttack"],"picked":"PrismaMod:MiyuChannelAttackEvoke","floor":8.0},{"not_picked":["PrismaMod:MiyuCheapAttack1","PrismaMod:MiyuCheapEvoke"],"picked":"PrismaMod:MiyuUberAOEAttack","floor":10.0},{"not_picked":["PrismaMod:MiyuEvokeAllDefend","PrismaMod:MiyuDefendChannelDefend"],"picked":"PrismaMod:MiyuCarnivalDefend","floor":16.0},{"not_picked":["PrismaMod:MiyuEvokeBuffStr","PrismaMod:MiyuUberAOEAttack"],"picked":"PrismaMod:MiyuUberAttack+1","floor":18},{"not_picked":["PrismaMod:MiyuCheapDexBuff","PrismaMod:MiyuCheapChannelHeal"],"picked":"PrismaMod:MiyuUberAOEAttack","floor":19},{"not_picked":["PrismaMod:MiyuCheapChannelWeak","PrismaMod:MiyuEvokeBuffStr","PrismaMod:MiyuCheapEvoke"],"picked":"SKIP","floor":24}],"player_experience":104258,"relics_obtained":[{"floor":1.0,"key":"Baka"},{"floor":7.0,"key":"Baka2"},{"floor":8.0,"key":"Omamori"},{"floor":8.0,"key":"PageOfTheKnightOfDespair"},{"floor":12.0,"key":"PageOfGreed"},{"floor":26,"key":"PageOfWrath"}],"event_choices":[{"damage_healed":0.0,"max_hp_gain":0.0,"max_hp_loss":0.0,"gold_gain":175.0,"event_name":"Liars Game","player_choice":"AGREE","floor":2.0,"gold_loss":0.0,"damage_taken":0.0,"cards_obtained":["Doubt"]},{"damage_healed":0.0,"max_hp_gain":0.0,"max_hp_loss":0.0,"gold_gain":0.0,"event_name":"Shining Light","player_choice":"Entered Light","floor":3.0,"gold_loss":0.0,"damage_taken":15.0,"cards_upgraded":["PrismaMod:MiyuCommonAttack","PrismaMod:MiyuCommonDefend"]},{"damage_healed":0.0,"max_hp_gain":0.0,"max_hp_loss":0.0,"gold_gain":0.0,"event_name":"Scrap Ooze","player_choice":"Success","floor":4.0,"gold_loss":0.0,"damage_taken":3.0,"relics_obtained":["PageOfTheQueenOfHatred"]},{"damage_healed":0.0,"max_hp_gain":0.0,"max_hp_loss":0.0,"gold_gain":0.0,"event_name":"Accursed Blacksmith","player_choice":"Forge","floor":14.0,"gold_loss":0.0,"damage_taken":0.0,"cards_upgraded":["infinitespire:Punishment"]},{"damage_healed":0,"gold_gain":0,"player_choice":"Became a Ghost","damage_taken":0,"max_hp_gain":0,"max_hp_loss":38,"event_name":"Ghosts","floor":20,"gold_loss":0,"cards_obtained":["Ghostly","Ghostly","Ghostly","Ghostly","Ghostly"]},{"cards_removed":["PrismaMod:MiyuChannelAttackEvoke"],"damage_healed":0,"gold_gain":0,"player_choice":"Gave Card","damage_taken":0,"relics_obtained":["PageOfFreischutz"],"max_hp_gain":0,"max_hp_loss":0,"event_name":"WeMeetAgain","floor":22,"gold_loss":0},{"damage_healed":0,"gold_gain":275,"player_choice":"Desecrate","damage_taken":0,"max_hp_gain":0,"max_hp_loss":0,"event_name":"Golden Shrine","floor":27,"gold_loss":0,"cards_obtained":["Regret"]}],"is_beta":false,"boss_relics":[{"not_picked":["Cursed Key","AddBug"],"picked":"RingOfChaos2"}],"items_purged_floors":[21],"is_endless":false,"potions_floor_spawned":[7,10,16,18],"killed_by":"Chosen and Byrds","ascension_level":0}}