{"host":"FirstDane","time":1612584193,"event":{"mods":["BaseMod","Bestiary","Highlight Path","Minty Spire (QoL Compilation)","Relic Stats","Slay the Relics Exporter","StSLib"],"gold_per_floor":[14,30,48,62,62,62,88,104,104,119,149,149,74,93,93,93,93],"floor_reached":16,"language":"ENG","playtime":1413,"items_purged":["Strike_G"],"score":228,"play_id":"470b6e5a-da5e-4c37-94bf-f7177c78aa6a","local_time":"20210205220313","is_ascension_mode":true,"campfire_choices":[{"data":"Predator","floor":6,"key":"SMITH"},{"data":"Blade Dance","floor":12,"key":"SMITH"},{"data":"Cloak And Dagger","floor":15,"key":"SMITH"}],"circlet_count":0,"master_deck":["AscendersBane","Strike_G","Strike_G","Strike_G","Strike_G","Defend_G","Defend_G","Defend_G","Defend_G","Defend_G","Survivor","Neutralize","Violence","Poisoned Stab","Blade Dance+1","Predator+1","Poisoned Stab","Blade Dance","Dodge and Roll","Cloak And Dagger+1"],"relics":["Ring of the Snake","Ornamental Fan","Bronze Scales","Vajra"],"acts_visited":["Exordium"],"potions_floor_usage":[4,10,11],"damage_taken":[{"damage":7,"enemies":"Jaw Worm","floor":1,"turns":6},{"damage":0,"enemies":"Cultist","floor":2,"turns":3},{"damage":0,"enemies":"2 Louse","floor":3,"turns":2},{"damage":11,"enemies":"Large Slime","floor":4,"turns":7},{"damage":40,"enemies":"Lagavulin","floor":7,"turns":10},{"damage":2,"enemies":"Gremlin Gang","floor":8,"turns":4},{"damage":1,"enemies":"3 Louse","floor":10,"turns":3},{"damage":7,"enemies":"3 Sentries","floor":11,"turns":5},{"damage":0,"enemies":"Exordium Wildlife","floor":14,"turns":2},{"damage":19,"enemies":"The Guardian","floor":16,"turns":8}],"seed_played":"8955389566405620572","potions_obtained":[{"floor":1,"key":"Strength Potion"},{"floor":3,"key":"Strength Potion"},{"floor":7,"key":"BlessingOfTheForge"},{"floor":10,"key":"DuplicationPotion"}],"is_trial":false,"path_per_floor":["M","M","M","M","?","R","E","M","T","M","E","R","$","M","R","B"],"character_chosen":"THE_SILENT","items_purchased":[],"campfire_rested":0,"item_purchase_floors":[],"current_hp_per_floor":[52,52,52,41,66,66,26,24,24,23,16,16,16,16,16,0,0],"gold":93,"neow_bonus":"RANDOM_COLORLESS_2","is_daily":false,"chose_seed":false,"campfire_upgraded":3,"win_rate":0.0,"timestamp":1612584193,"path_taken":["M","M","M","M","?","R","E","M","T","M","E","R","?","M","R","BOSS"],"items_purchased_type":[],"build_version":"2020-12-18","purchased_purges":1,"victory":false,"max_hp_per_floor":[66,66,66,66,66,66,66,66,66,66,66,66,66,66,66,66,66],"relic_stats":{"counters":[10,50],"Ornamental Fan":[64],"Bronze Scales":[66],"obtain_stats":[{"Ornamental Fan":7,"Bronze Scales":9,"Vajra":11,"Ring of the Snake":0},{"Ornamental Fan":5,"Bronze Scales":6,"Vajra":8,"Ring of the Snake":0},{"Ornamental Fan":28,"Bronze Scales":32,"Vajra":40,"Ring of the Snake":0}],"Ring of the Snake":[20]},"card_choices":[{"not_picked":["Mayhem","Magnetism"],"picked":"Violence","floor":0},{"not_picked":["Slice","Deflect"],"picked":"Poisoned Stab","floor":1},{"not_picked":["Outmaneuver","Deflect"],"picked":"Blade Dance","floor":2},{"not_picked":["Blur","Storm of Steel"],"picked":"Predator","floor":3},{"not_picked":["Infinite Blades","Crippling Poison"],"picked":"Poisoned Stab","floor":4},{"not_picked":["Escape Plan","Accuracy"],"picked":"Blade Dance","floor":7},{"not_picked":["Flechettes","Deflect","Reflex"],"picked":"SKIP","floor":8},{"not_picked":["Dagger Spray","Quick Slash"],"picked":"Dodge and Roll","floor":10},{"not_picked":["Setup","Quick Slash","Distraction"],"picked":"SKIP","floor":11},{"not_picked":["Setup","Quick Slash","Distraction"],"picked":"SKIP","floor":11},{"not_picked":["Dagger Throw","Underhanded Strike"],"picked":"Cloak And Dagger","floor":14}],"player_experience":4044010,"relics_obtained":[{"floor":7,"key":"Ornamental Fan"},{"floor":9,"key":"Bronze Scales"},{"floor":11,"key":"Vajra"}],"event_choices":[{"damage_healed":25,"gold_gain":0,"player_choice":"Full Heal","damage_taken":0,"max_hp_gain":0,"max_hp_loss":0,"event_name":"Wheel of Change","floor":5,"gold_loss":0}],"is_beta":true,"boss_relics":[],"items_purged_floors":[13],"is_endless":false,"potions_floor_spawned":[1,3,7,10],"killed_by":"The Guardian","ascension_level":20}}