{"host":"1dhlu4qzehvrzpot","time":1612635812,"event":{"mods":["2.2 Compatiblity","AchievementEnabler","BaseMod","Block Reminder","Minty Spire (QoL Compilation)","Permanent Neow","Quick Restart","Rare Cards Sparkle","Relic Stats","Say the Spire","Slay-I","StSLib","SuperFastMode"],"gold_per_floor":[114,129,204,25,25,55,70,100,150,165,180,210,225,240,240,340,340,355,355,385,400,234,234,234],"floor_reached":23,"language":"ENG","playtime":1297,"items_purged":[],"score":283,"play_id":"32e57ff5-b302-4778-bfad-4a2ab0febc0f","local_time":"20210206192332","daily_mods":["Draft","Diverse","DeadlyEvents"],"is_ascension_mode":false,"campfire_choices":[{"data":"Omniscience","floor":15,"key":"SMITH"}],"circlet_count":0,"master_deck":["Havoc","Armaments","Hello World","Prepared","Auto Shields","Clash","FollowUp","TalkToTheHand","Entrench","Sweeping Beam","Intimidate","EmptyBody","WreathOfFlame","Flex","SashWhip","Impervious","Dagger Throw","Clash","Omniscience+1","Underhanded Strike","MasterReality","Hologram","After Image","Crippling Poison","Metallicize","Violence"],"relics":["Ring of the Snake","Bottled Tornado","Ancient Tea Set","Dream Catcher","Mercury Hourglass","Sozu","Centennial Puzzle"],"acts_visited":["Exordium","TheCity"],"potions_floor_usage":[12,13,14,23],"damage_taken":[{"damage":0,"enemies":"Small Slimes","floor":1,"turns":3},{"damage":0,"enemies":"2 Louse","floor":2,"turns":4},{"damage":5,"enemies":"Gremlin Nob","floor":6,"turns":4},{"damage":0,"enemies":"Cultist","floor":7,"turns":4},{"damage":0,"enemies":"Lagavulin","floor":8,"turns":5},{"damage":0,"enemies":"Red Slaver","floor":10,"turns":3},{"damage":1,"enemies":"Looter","floor":11,"turns":3},{"damage":0,"enemies":"Gremlin Nob","floor":12,"turns":3},{"damage":0,"enemies":"3 Louse","floor":13,"turns":3},{"damage":11,"enemies":"Exordium Wildlife","floor":14,"turns":3},{"damage":15,"enemies":"The Guardian","floor":16,"turns":9},{"damage":19,"enemies":"Spheric Guardian","floor":18,"turns":4},{"damage":35,"enemies":"Book of Stabbing","floor":20,"turns":9},{"damage":0,"enemies":"Chosen","floor":21,"turns":7},{"damage":25,"enemies":"Slavers","floor":23,"turns":2}],"seed_played":"5285009320175426936","potions_obtained":[{"floor":2,"key":"Explosive Potion"},{"floor":6,"key":"CunningPotion"},{"floor":8,"key":"ColorlessPotion"},{"floor":12,"key":"LiquidBronze"}],"is_trial":false,"path_per_floor":["M","M","?","$","?","E","M","E","T","M","M","E","M","M","R","B",null,"M","?","E","M","$","E"],"character_chosen":"THE_SILENT","items_purchased":["Impervious","Dagger Throw","Violence"],"campfire_rested":0,"item_purchase_floors":[4,4,22],"current_hp_per_floor":[70,70,59,59,64,59,59,59,59,59,58,58,58,47,47,32,75,56,56,21,21,21,0,0],"gold":234,"neow_bonus":"","is_daily":true,"chose_seed":false,"campfire_upgraded":1,"win_rate":0.0,"timestamp":1612635812,"path_taken":["M","M","?","$","?","E","M","E","T","M","M","E","M","?","R","BOSS","M","?","?","M","?","E"],"items_purchased_type":["Card","Card","Card"],"build_version":"2020-12-22","purchased_purges":0,"victory":false,"max_hp_per_floor":[70,70,70,70,75,75,75,75,75,75,75,75,75,75,75,75,75,75,75,75,75,75,75,75],"relic_stats":{"Sozu":2,"Dream Catcher":0,"Centennial Puzzle":[3],"counters":[15,65],"obtain_stats":[{"Sozu":17,"Dream Catcher":9,"Centennial Puzzle":20,"Bottled Tornado":6,"Ancient Tea Set":8,"Ring of the Snake":0,"Mercury Hourglass":12},{"Sozu":11,"Dream Catcher":5,"Centennial Puzzle":13,"Bottled Tornado":3,"Ancient Tea Set":5,"Ring of the Snake":0,"Mercury Hourglass":8},{"Sozu":43,"Dream Catcher":20,"Centennial Puzzle":56,"Bottled Tornado":11,"Ancient Tea Set":20,"Ring of the Snake":0,"Mercury Hourglass":29}],"Ring of the Snake":[30],"Mercury Hourglass":[120]},"card_choices":[{"not_picked":["Rupture","Lockon"],"picked":"Havoc","floor":0},{"not_picked":["Clothesline","Iron Wave"],"picked":"Armaments","floor":0},{"not_picked":["Escape Plan","PathToVictory"],"picked":"Hello World","floor":0},{"not_picked":["Body Slam","Perseverance"],"picked":"Cloak And Dagger","floor":0},{"not_picked":["Clothesline","Force Field"],"picked":"Prepared","floor":0},{"not_picked":["Gash","Headbutt"],"picked":"Auto Shields","floor":0},{"not_picked":["Skewer","Blizzard"],"picked":"Clash","floor":0},{"not_picked":["Warcry","Cloak And Dagger"],"picked":"FollowUp","floor":0},{"not_picked":["Beam Cell","Cold Snap"],"picked":"TalkToTheHand","floor":0},{"not_picked":["Pommel Strike","Compile Driver"],"picked":"Entrench","floor":0},{"not_picked":["Deadly Poison","Clash"],"picked":"Sweeping Beam","floor":0},{"not_picked":["Quick Slash","Rip and Tear"],"picked":"Intimidate","floor":0},{"not_picked":["Deadly Poison","Rupture"],"picked":"EmptyBody","floor":0},{"not_picked":["Stack","EmptyFist"],"picked":"WreathOfFlame","floor":0},{"not_picked":["Wild Strike","Underhanded Strike"],"picked":"Flex","floor":0},{"not_picked":["Perfected Strike","Bane"],"picked":"SashWhip","floor":1},{"not_picked":["Go for the Eyes","Headbutt","Havoc"],"picked":"SKIP","floor":2},{"not_picked":["Adaptation","Shrug It Off"],"picked":"Clash","floor":6},{"not_picked":["Ball Lightning","Crescendo","SashWhip"],"picked":"SKIP","floor":7},{"not_picked":["Conserve Battery","Evaluate"],"picked":"Omniscience","floor":8},{"not_picked":["ThirdEye","Acrobatics","Go for the Eyes"],"picked":"SKIP","floor":10},{"not_picked":["Conserve Battery","Heavy Blade","Carnage"],"picked":"SKIP","floor":11},{"not_picked":["Escape Plan","Crescendo"],"picked":"Underhanded Strike","floor":12},{"not_picked":["Poisoned Stab","Go for the Eyes"],"picked":"MasterReality","floor":13},{"not_picked":["Hemokinesis","Expertise"],"picked":"Hologram","floor":14},{"not_picked":["Buffer","Berserk"],"picked":"After Image","floor":16},{"not_picked":["ClearTheMind","Halt","Power Through"],"picked":"SKIP","floor":18},{"not_picked":["Eviscerate","Pommel Strike"],"picked":"Metallicize","floor":20},{"not_picked":["InnerPeace","Warcry","Havoc"],"picked":"SKIP","floor":21}],"player_experience":540653,"relics_obtained":[{"floor":6,"key":"Bottled Tornado"},{"floor":8,"key":"Ancient Tea Set"},{"floor":9,"key":"Dream Catcher"},{"floor":12,"key":"Mercury Hourglass"},{"floor":20,"key":"Centennial Puzzle"}],"event_choices":[{"damage_healed":0,"gold_gain":75,"player_choice":"Gather Gold","damage_taken":11,"max_hp_gain":0,"max_hp_loss":0,"event_name":"World of Goop","floor":3,"gold_loss":0},{"damage_healed":0,"gold_gain":0,"player_choice":"Donut","damage_taken":0,"max_hp_gain":5,"max_hp_loss":0,"event_name":"Big Fish","floor":5,"gold_loss":0},{"damage_healed":0,"gold_gain":0,"cards_transformed":["Cloak And Dagger"],"player_choice":"Transformed","damage_taken":0,"max_hp_gain":0,"max_hp_loss":0,"event_name":"Transmorgrifier","floor":19,"gold_loss":0,"cards_obtained":["Crippling Poison"]}],"is_beta":false,"boss_relics":[{"not_picked":["Astrolabe","Busted Crown"],"picked":"Sozu"}],"items_purged_floors":[],"is_endless":false,"potions_floor_spawned":[2,6,8,12,20,21],"killed_by":"Slavers","ascension_level":0}}