{"host":"8d3fefv2347kqkpz","time":1612588409,"event":{"mods":["AchievementEnabler","Act Like it!","Aspiration","BaseMod","Better Vampires","Colored Map","Colored Powertips","Conspire","GifTheSpireLib","Highlight Path","Hubris","Mimic Mod","Minty Spire (QoL Compilation)","Quick Restart","Rare Cards Sparkle","Relic Stats","Replay The Spire","Spicy Shops","StSLib","The Jungle","Waifu the Spire"],"gold_per_floor":[115,115,115,126,126,151,151,168,241,241,241],"floor_reached":10,"language":"ZHS","playtime":220,"items_purged":[],"score":94,"play_id":"072e1346-7bfd-46e7-af7f-f619c89f4d70","local_time":"20210206131329","is_ascension_mode":true,"campfire_choices":[{"floor":7,"key":"REST"}],"circlet_count":0,"master_deck":["conspire:GhostlyStrike","conspire:GhostlyStrike","conspire:GhostlyStrike","conspire:GhostlyStrike","conspire:GhostlyDefend","conspire:GhostlyDefend","conspire:GhostlyDefend","Eruption","Vigilance","PathToVictory","Replay:AllIn+1","PathToVictory"],"relics":["PureWater","hubris:SlimyHat","Replay:Baseball","Shuriken"],"acts_visited":["Exordium"],"potions_floor_usage":[],"damage_taken":[{"damage":1,"enemies":"2 Louse","floor":1,"turns":5},{"damage":8,"enemies":"Jaw Worm","floor":4,"turns":3},{"damage":36,"enemies":"Gremlin Nob","floor":6,"turns":5},{"damage":0,"enemies":"Small Slimes","floor":8,"turns":3},{"damage":50,"enemies":"3 Sentries","floor":10,"turns":8}],"seed_played":"-845537150201217300","potions_obtained":[{"floor":6,"key":"Milkshake"},{"floor":8,"key":"Swift Potion"}],"is_trial":false,"path_per_floor":["M","?","?","M","?","E","R","M","T","E"],"character_chosen":"WATCHER","items_purchased":[],"campfire_rested":1,"item_purchase_floors":[],"current_hp_per_floor":[76,76,69,61,61,25,48,48,48,0,0],"gold":241,"neow_bonus":"RANDOM_EVENT","is_daily":false,"chose_seed":false,"campfire_upgraded":0,"win_rate":0.0,"timestamp":1612588409,"path_taken":["M","?","?","M","?","E","R","M","T","E"],"items_purchased_type":[],"build_version":"2020-12-22","purchased_purges":0,"victory":false,"max_hp_per_floor":[77,77,77,77,77,77,77,77,77,77,77],"relic_stats":{"counters":[5,24],"Shuriken":[0],"obtain_stats":[{"Replay:Baseball":6,"Shuriken":9,"hubris:SlimyHat":3,"PureWater":0},{"Replay:Baseball":3,"Shuriken":4,"hubris:SlimyHat":1,"PureWater":0},{"Replay:Baseball":13,"Shuriken":16,"hubris:SlimyHat":5,"PureWater":0}]},"card_choices":[{"not_picked":["FlyingSleeves","ThirdEye"],"picked":"PathToVictory","floor":1},{"not_picked":["TalkToTheHand","JustLucky","ClearTheMind"],"picked":"SKIP","floor":4},{"not_picked":["Protect","Replay:BluntJabs"],"picked":"PathToVictory","floor":6},{"not_picked":["Fasting2","WaveOfTheHand","Replay:ManipulateFuture"],"picked":"SKIP","floor":8}],"player_experience":270979,"relics_obtained":[{"floor":6,"key":"Replay:Baseball"},{"floor":9,"key":"Shuriken"}],"event_choices":[{"damage_healed":0,"gold_gain":0,"player_choice":"Donut","damage_taken":0,"max_hp_gain":5,"max_hp_loss":0,"event_name":"Big Fish","floor":0,"gold_loss":0},{"damage_healed":0,"gold_gain":0,"player_choice":"Success","damage_taken":7,"relics_obtained":["hubris:SlimyHat"],"max_hp_gain":0,"max_hp_loss":0,"event_name":"Scrap Ooze","floor":3,"gold_loss":0},{"damage_healed":0,"gold_gain":0,"player_choice":"Agree","damage_taken":0,"max_hp_gain":0,"max_hp_loss":0,"event_name":"conspire:LoneGhost","floor":5,"gold_loss":0}],"is_beta":false,"boss_relics":[],"items_purged_floors":[],"is_endless":false,"potions_floor_spawned":[6,8],"killed_by":"3 Sentries","ascension_level":1}}