{"host":"fdip6nj211smoxvi","time":1612609446,"event":{"mods":["BaseMod","BetterRewards","Colored Map","Downfall","Hermit","Minty Spire (QoL Compilation)","Shop Mod","StSLib","The Hierophant","The Servant 0.9.4"],"gold_per_floor":[111,111,111,65,85,85,115,115,115,127,79,110,120,140,140,140,140],"floor_reached":16,"language":"DEU","playtime":746,"items_purged":[],"score":143,"play_id":"de69c481-6c57-418c-850d-34cff58b093f","local_time":"20210206120406","is_ascension_mode":true,"campfire_choices":[{"floor":6,"key":"REST"},{"data":"Flex","floor":8,"key":"SMITH"},{"floor":15,"key":"REST"}],"circlet_count":0,"master_deck":["Strike_R+1","Strike_R","Strike_R","Strike_R+1","Defend_R","Defend_R","Defend_R","Defend_R","Bash","CurseOfTheBell","Pummel","Flex+1","Whirlwind","Rampage","Shrug It Off","Shockwave","True Grit","Feel No Pain+1","Headbutt","True Grit"],"relics":["Calling Bell","Dream Catcher","Frozen Egg 2","CaptainsWheel","Whetstone","Smiling Mask","Question Card","Paper Frog"],"acts_visited":["Exordium"],"potions_floor_usage":[7,12],"damage_taken":[{"damage":1,"enemies":"Cultist","floor":1,"turns":4},{"damage":8,"enemies":"2 Louse","floor":5,"turns":3},{"damage":10,"enemies":"Gremlin Nob","floor":7,"turns":3},{"damage":12,"enemies":"Jaw Worm","floor":10,"turns":2},{"damage":7,"enemies":"Lagavulin","floor":12,"turns":5},{"damage":4,"enemies":"Red Slaver","floor":13,"turns":4},{"damage":11,"enemies":"Blue Slaver","floor":14,"turns":4},{"damage":60,"enemies":"Hexaghost","floor":16,"turns":9}],"seed_played":"-7422048170213424951","potions_obtained":[{"floor":5,"key":"AttackPotion"},{"floor":10,"key":"Energy Potion"}],"is_trial":false,"path_per_floor":["M","T","?","$","M","R","E","R","T","M","$","E","M","M","R","B"],"character_chosen":"IRONCLAD","items_purchased":["Flex","True Grit"],"campfire_rested":2,"item_purchase_floors":[4,11],"current_hp_per_floor":[71,71,64,64,56,80,70,70,70,58,58,51,47,36,60,0,0],"gold":140,"neow_bonus":"BOSS_RELIC","is_daily":false,"chose_seed":false,"campfire_upgraded":1,"win_rate":0.0,"timestamp":1612609446,"path_taken":["M","?","?","$","M","R","E","R","T","M","?","E","M","M","R","BOSS"],"items_purchased_type":["Card","Card"],"build_version":"2020-12-22","purchased_purges":0,"victory":false,"max_hp_per_floor":[80,80,80,80,80,80,80,80,80,80,80,80,80,80,80,80,80],"card_choices":[{"not_picked":["Anger","Twin Strike"],"picked":"Pummel","floor":1},{"not_picked":["Sword Boomerang","Warcry"],"picked":"Whirlwind","floor":5},{"not_picked":["Infernal Blade","Warcry"],"picked":"Rampage","floor":6},{"not_picked":["Twin Strike","Sever Soul"],"picked":"Shrug It Off","floor":7},{"not_picked":["Armaments","Searing Blow","Anger"],"picked":"Shockwave","floor":10},{"not_picked":["Carnage","Headbutt","Twin Strike"],"picked":"Feel No Pain+1","floor":12},{"not_picked":["Dropkick","Cleave","Reckless Charge"],"picked":"Headbutt","floor":13},{"not_picked":["Bloodletting","Dark Embrace+1","Headbutt"],"picked":"True Grit","floor":14}],"player_experience":242715,"relics_obtained":[{"floor":0,"key":"Dream Catcher"},{"floor":0,"key":"Frozen Egg 2"},{"floor":0,"key":"CaptainsWheel"},{"floor":2,"key":"Whetstone"},{"floor":7,"key":"Smiling Mask"},{"floor":9,"key":"Question Card"},{"floor":12,"key":"Paper Frog"}],"event_choices":[{"cards_removed":["Strike_R"],"damage_healed":0,"gold_gain":0,"player_choice":"Card Removal","damage_taken":7,"max_hp_gain":0,"max_hp_loss":0,"event_name":"Golden Wing","floor":3,"gold_loss":0}],"is_beta":false,"boss_relics":[],"items_purged_floors":[],"is_endless":false,"potions_floor_spawned":[5,10],"killed_by":"Hexaghost","ascension_level":6}}