{"host":"og21o26alpnbwmz8","time":1612632250,"event":{"mods":["Act Like it!","Aspiration","BaseMod","Conspire","Downfall","Halation","Hallownest","Hubris","Jedi Mod","Mimic Mod","Minty Spire (QoL Compilation)","Pale of the Ancients","Reliquary","Replay The Spire","Shop Mod","Spikes Relics","StSLib","The Alterego","The Blackbeard","The Blue Laboratory","The Death Knight","The Runesmith","Waifu the Spire"],"gold_per_floor":[99,112,112,9,29,86,86,112,112,112,112],"floor_reached":9,"language":"ENG","playtime":301,"items_purged":[],"score":49,"play_id":"ea7141b8-15f4-4876-ba91-9e159ea58de9","local_time":"20210206122410","is_ascension_mode":false,"campfire_choices":[{"data":"champ:Execute","floor":1,"key":"SMITH"}],"circlet_count":0,"master_deck":["champ:Strike+1","champ:Strike+1","champ:Strike+1","champ:Strike+1","champ:Defend","champ:Defend","champ:Defend","champ:Defend","champ:Execute+1","champ:Taunt","champ:FanOfKnives+1","champ:EnragedBash","champ:ShieldSigil","champ:AdrenalArmor","champ:IronFortress","Pot Of Greed","Pot Of Greed"],"relics":["champ:ChampionCrown","Bird Faced Urn","HornCleat","Grinning Jar"],"acts_visited":["Exordium"],"potions_floor_usage":[],"damage_taken":[{"damage":10,"enemies":"2 Louse","floor":2,"turns":2},{"damage":20,"enemies":"downfall:FleeingMerchant","floor":4,"turns":4},{"damage":36,"enemies":"Cultist","floor":5,"turns":3},{"damage":61,"enemies":"Lagavulin Event","floor":6,"turns":8},{"damage":41,"enemies":"Lagavulin","floor":9,"turns":4}],"seed_played":"-5164867939210162509","potions_obtained":[{"floor":6,"key":"ColorlessPotion"}],"is_trial":false,"path_per_floor":["R","M","?","$","M","?","T","T","E"],"character_chosen":"THE_CHAMP","items_purchased":["champ:EnragedBash","champ:ShieldSigil"],"campfire_rested":0,"item_purchase_floors":[4,4],"current_hp_per_floor":[90,90,90,80,79,38,38,38,0,0,0],"gold":112,"neow_bonus":"RANDOM_COMMON_RELIC","is_daily":false,"chose_seed":false,"campfire_upgraded":1,"win_rate":0.0,"timestamp":1612632250,"path_taken":["R","M","?","$","M","?","T","?","E"],"items_purchased_type":["Card","Card"],"build_version":"2020-12-22","purchased_purges":0,"victory":false,"max_hp_per_floor":[90,90,90,90,90,90,90,90,90,90,90],"card_choices":[{"not_picked":["champ:Encircle","champ:BerserkerStyle"],"picked":"champ:FanOfKnives","floor":2},{"not_picked":["champ:PerfectedStrike","champ:PreciseThrust","champ:StanceDance"],"picked":"SKIP","floor":4},{"not_picked":["champ:Backstep","champ:PreemptiveStrike"],"picked":"champ:AdrenalArmor","floor":5},{"not_picked":["champ:SwordSigil","champ:BladeFlurry"],"picked":"champ:IronFortress","floor":6}],"player_experience":237214,"relics_obtained":[{"floor":6,"key":"Bird Faced Urn"},{"floor":7,"key":"HornCleat"},{"floor":8,"key":"Grinning Jar"}],"event_choices":[],"is_beta":false,"boss_relics":[],"items_purged_floors":[],"is_endless":false,"potions_floor_spawned":[6],"killed_by":"Lagavulin","ascension_level":0}}