{"host":"jzaz9xuivg238wzk","time":1612612729,"event":{"mods":["2.2 Compatiblity","AchievementEnabler","Aspiration","BaseMod","Better Match","Better Note","Better Skull","Better Third Choice","BetterRewards","Colored Map","Colored Powertips","Conspire","Defuse TimeMaze Blight","Downfall","Energized Spire","GifTheSpireLib","Halation","Highlight Path","Hubris","Infinite Spire","Lobotomy","LobotomyExtend","Minty Spire (QoL Compilation)","Quick Restart","Relic Sorter","Reliquary","Replay The Spire","Spicy Shops","StSLib","Stuff the Spire","The Sage","Waifu the Spire","Wandering Minibosses"],"gold_per_floor":[99,84,98,113,126,140,140,157,172,203,3,21,21,37,47,145,145,145,160,178,189,208,208,208,208],"floor_reached":23,"language":"ENG","playtime":1402,"items_purged":[],"score":201,"play_id":"cf17549a-d1e1-4b63-ad39-3791a74b8470","local_time":"20210206135849","is_ascension_mode":false,"campfire_choices":[{"floor":1.0,"key":"RECALL"},{"floor":11.0,"key":"REST"},{"data":"bronze:DelayedSlice","floor":13.0,"key":"SMITH"},{"floor":18.0,"key":"DIG"}],"circlet_count":0,"master_deck":["bronze:Strike","bronze:Strike","bronze:Strike","bronze:Strike","bronze:Defend","bronze:Defend","bronze:Defend","bronze:Defend","bronze:Replicate","bronze:Goto","bronze:FineTuning","bronze:WildBeam","bronze:FineTuning","bronze:DelayedSlice+1","bronze:Optimize","bronze:Boost","bronze:FineTuning","bronze:Frontload","bronze:Backtrace","bronze:ItsAFeature","bronze:WhirlingStrike","bronze:AlphaBuild","bronze:FollowUp","bronze:Overheat+1","bronze:Return","bronze:FollowUp"],"relics":["bronze:BronzeCore","LetterFromLob","reliquary:RoseTintedGlasses","downfall:HeartBlessingRed","downfall:HeartBlessingGreen","Black Star","Replay:Wax Seal"],"acts_visited":["Exordium","TheCity"],"potions_floor_usage":[23],"damage_taken":[{"damage":0.0,"enemies":"downfall:FleeingMerchant","floor":2.0,"turns":4.0},{"damage":1.0,"enemies":"Cultist","floor":3.0,"turns":4.0},{"damage":0.0,"enemies":"Small Slimes","floor":4.0,"turns":4.0},{"damage":0.0,"enemies":"2 Louse","floor":5.0,"turns":2.0},{"damage":3.0,"enemies":"Exordium Wildlife","floor":6.0,"turns":3.0},{"damage":7.0,"enemies":"Blue Slaver","floor":8.0,"turns":3.0},{"damage":10.0,"enemies":"Large Slime","floor":9.0,"turns":6.0},{"damage":21.0,"enemies":"Lagavulin","floor":10.0,"turns":6.0},{"damage":0.0,"enemies":"2 Fungi Beasts","floor":12.0,"turns":3.0},{"damage":12.0,"enemies":"Lots of Slimes","floor":14.0,"turns":4.0},{"damage":0.0,"enemies":"Large Slime","floor":15.0,"turns":4.0},{"damage":11.0,"enemies":"IC_STATUS_ARCHETYPE","floor":16.0,"turns":5.0},{"damage":20.0,"enemies":"3 Byrds","floor":19.0,"turns":4.0},{"damage":17.0,"enemies":"conspire:FuzzyDice","floor":20.0,"turns":7.0},{"damage":6.0,"enemies":"Centurion and Healer","floor":21.0,"turns":7.0},{"damage":16.0,"enemies":"Snecko","floor":22.0,"turns":4.0},{"damage":18,"enemies":"3 Cultists","floor":23,"turns":3}],"seed_played":"6195809996816554475","potions_obtained":[{"floor":4.0,"key":"sneckomod:MuddlingPotion"},{"floor":5.0,"key":"DistilledChaos"},{"floor":9.0,"key":"Elixir"},{"floor":10.0,"key":"Weak Potion"},{"floor":12.0,"key":"Venom Potion"},{"floor":20.0,"key":"Adrenaline Potion"},{"floor":21.0,"key":"Reflective Coating"}],"is_trial":false,"path_per_floor":["R","$","M","M","M","M","T","M","M","E","R","M","R","M","M","B",null,"R_BF","M","M","M","M","M"],"character_chosen":"THE_AUTOMATON","items_purchased":[],"campfire_rested":1,"item_purchase_floors":[],"current_hp_per_floor":[77,77,76,76,76,73,73,66,56,35,58,58,58,46,46,35,77,77,57,40,34,18,0,0,0],"gold":208,"neow_bonus":"TEN_PERCENT_HP_BONUS","is_daily":false,"chose_seed":false,"campfire_upgraded":1,"win_rate":0.0,"timestamp":1612612729,"path_taken":["R","?","?","M","M","M","T","M","M","E","R","M","R","M","M","BOSS","R_BF","M","M","M","M","M"],"items_purchased_type":[],"build_version":"2020-12-22","purchased_purges":0,"victory":false,"max_hp_per_floor":[77,77,77,77,77,77,77,77,77,77,77,77,77,77,77,77,77,77,77,77,77,77,77,77,77],"card_choices":[{"not_picked":["bronze:Shield","bronze:Overheat"],"picked":"bronze:FineTuning","floor":2.0},{"not_picked":["bronze:ForLoop","bronze:Shield"],"picked":"bronze:WildBeam","floor":3.0},{"not_picked":["bronze:Break","bronze:BuggyMess"],"picked":"bronze:FineTuning","floor":4.0},{"not_picked":["bronze:Allocate","bronze:Invalidate"],"picked":"bronze:DelayedSlice","floor":5.0},{"not_picked":["bronze:WildBeam","bronze:FollowUp"],"picked":"bronze:Optimize","floor":6.0},{"not_picked":["bronze:Overload","bronze:OilSpill"],"picked":"bronze:Boost","floor":8.0},{"not_picked":["bronze:DigitalCarnage","bronze:Deprecate"],"picked":"bronze:FineTuning","floor":9.0},{"not_picked":["bronze:WildBeam","bronze:Deprecate"],"picked":"bronze:Frontload","floor":10.0},{"not_picked":["bronze:Turbo","bronze:Frontload"],"picked":"bronze:Backtrace","floor":12.0},{"not_picked":["bronze:Invalidate","bronze:BitShift"],"picked":"bronze:ItsAFeature","floor":14.0},{"not_picked":["bronze:BugBarrage","bronze:Iterate"],"picked":"bronze:WhirlingStrike","floor":15.0},{"not_picked":["bronze:HardenedForm","bronze:HyperBeam"],"picked":"bronze:AlphaBuild","floor":16.0},{"not_picked":["bronze:BitShift+1","bronze:CutThrough"],"picked":"bronze:FollowUp","floor":19.0},{"not_picked":["bronze:FineTuning","bronze:CutThrough"],"picked":"bronze:Overheat+1","floor":20.0},{"not_picked":["bronze:BurnOut","bronze:Invalidate"],"picked":"bronze:Return","floor":21.0},{"not_picked":["bronze:BugBarrage","bronze:WildBeam+1"],"picked":"bronze:FollowUp","floor":22.0}],"player_experience":253654,"relics_obtained":[{"floor":3.0,"key":"LetterFromLob"},{"floor":10.0,"key":"reliquary:RoseTintedGlasses"},{"floor":18.0,"key":"Replay:Wax Seal"}],"event_choices":[],"is_beta":false,"boss_relics":[{"not_picked":["energizedSpire:NeverEndingSparkler","Replay:Grab Bag"],"picked":"Black Star"}],"items_purged_floors":[],"is_endless":false,"potions_floor_spawned":[4,5,9,10,12,15,20,21],"killed_by":"3 Cultists","ascension_level":0}}