{"host":"e7sl0pd4xxdbbdh2","time":1612637553,"event":{"mods":["AchievementEnabler","BaseMod","Better Third Choice","Colored Map","Colored Powertips","Minty Spire (QoL Compilation)","Replay The Spire","StSLib","SuperFastMode"],"gold_per_floor":[117,134,149,167,50,50,79,99,99,112,112,123,123,138,138,138,138],"floor_reached":16,"language":"SPA","playtime":908,"items_purged":["Strike_G"],"score":208,"play_id":"f7ab6d0d-93e6-4f97-ac0c-d8483c768455","local_time":"20210206155233","is_ascension_mode":true,"campfire_choices":[{"data":"Glass Knife","floor":6,"key":"SMITH"},{"floor":11,"key":"REST"},{"data":"Wraith Form v2","floor":13,"key":"SMITH"},{"data":"Well Laid Plans","floor":15,"key":"SMITH"}],"circlet_count":0,"master_deck":["AscendersBane","Strike_G","Strike_G","Strike_G","Strike_G","Defend_G","Defend_G","Defend_G","Defend_G","Defend_G","Survivor","Neutralize","Glass Knife+1","Flying Knee","Quick Slash","Cloak And Dagger","Dagger Spray","Footwork","Well Laid Plans+1","Wraith Form v2+1","ReplayTheSpireMod:Speed Training"],"relics":["Ring of the Snake","Unceasing Top","Odd Mushroom"],"acts_visited":["Exordium"],"potions_floor_usage":[8,14,16,16],"damage_taken":[{"damage":0,"enemies":"Cultist","floor":1,"turns":3},{"damage":2,"enemies":"Small Slimes","floor":2,"turns":4},{"damage":0,"enemies":"2 Louse","floor":3,"turns":3},{"damage":5,"enemies":"Blue Slaver","floor":4,"turns":4},{"damage":22,"enemies":"Lagavulin","floor":7,"turns":9},{"damage":2,"enemies":"The Mushroom Lair","floor":8,"turns":4},{"damage":0,"enemies":"Large Slime","floor":10,"turns":4},{"damage":0,"enemies":"Looter","floor":12,"turns":4},{"damage":6,"enemies":"Exordium Wildlife","floor":14,"turns":4},{"damage":32,"enemies":"Slime Boss","floor":16,"turns":13}],"seed_played":"6283494240117930709","potions_obtained":[{"floor":3,"key":"Fruit Juice"},{"floor":7,"key":"SkillPotion"},{"floor":10,"key":"SteroidPotion"},{"floor":14,"key":"DistilledChaos"}],"is_trial":false,"path_per_floor":["M","M","M","M","$","R","E","?","T","M","R","M","R","M","R","B"],"character_chosen":"THE_SILENT","items_purchased":["Footwork"],"campfire_rested":1,"item_purchase_floors":[5],"current_hp_per_floor":[44,42,42,37,37,37,15,13,13,13,32,32,32,31,31,0,0],"gold":138,"neow_bonus":"THREE_RARE_CARDS","is_daily":false,"chose_seed":false,"campfire_upgraded":3,"win_rate":0.0,"timestamp":1612637553,"path_taken":["M","M","M","M","$","R","E","?","T","M","R","M","R","M","R","BOSS"],"items_purchased_type":["Card"],"build_version":"2020-12-22","purchased_purges":1,"victory":false,"max_hp_per_floor":[66,66,66,66,66,66,66,66,66,66,66,66,66,71,71,71,71],"card_choices":[{"not_picked":["Corpse Explosion","Grand Finale"],"picked":"Glass Knife","floor":0},{"not_picked":["Prepared","Deflect"],"picked":"Flying Knee","floor":1},{"not_picked":["Slice","Riddle With Holes"],"picked":"Quick Slash","floor":2},{"not_picked":["Endless Agony","Deflect"],"picked":"Cloak And Dagger","floor":3},{"not_picked":["ReplayTheSpireMod:Necrosis","Blur"],"picked":"Dagger Spray","floor":4},{"not_picked":["ReplayTheSpireMod:From All Sides","ReplayTheSpireMod:Shiv Toss","Dagger Throw"],"picked":"SKIP","floor":7},{"not_picked":["Underhanded Strike","Quick Slash"],"picked":"Well Laid Plans","floor":10},{"not_picked":["Poisoned Stab","Deflect"],"picked":"Wraith Form v2","floor":12},{"not_picked":["Deadly Poison","Hidden Blade"],"picked":"ReplayTheSpireMod:Speed Training","floor":14}],"player_experience":1676067,"relics_obtained":[{"floor":7,"key":"Unceasing Top"},{"floor":8,"key":"Odd Mushroom"}],"event_choices":[{"damage_healed":0,"gold_gain":0,"player_choice":"Fought Mushrooms","damage_taken":0,"max_hp_gain":0,"max_hp_loss":0,"event_name":"Mushrooms","floor":8,"gold_loss":0}],"is_beta":false,"boss_relics":[],"items_purged_floors":[5],"is_endless":false,"potions_floor_spawned":[3,7,10,14],"killed_by":"Slime Boss","ascension_level":20}}