{"host":"epc8efk9vrywpcsw","time":1612608993,"event":{"mods":["BaseMod","Minty Spire (QoL Compilation)","Relic Stats","StSLib"],"gold_per_floor":[110,110,21,21,21,21,47,47,47,76,91,109,134,152,152,152,152],"floor_reached":16,"language":"ENG","playtime":291,"items_purged":[],"score":336,"play_id":"d2042ea0-8e50-4b45-9f98-20e2b57d7ee5","local_time":"20210206115633","is_ascension_mode":true,"campfire_choices":[{"data":"Body Slam","floor":6,"key":"SMITH"},{"data":"Body Slam","floor":8,"key":"SMITH"},{"data":"Entrench","floor":15,"key":"SMITH"}],"circlet_count":0,"master_deck":["AscendersBane","Strike_R","Strike_R","Strike_R","Strike_R","Defend_R","Defend_R","Defend_R","Defend_R","Bash","Body Slam+1","Entrench+1","Regret","Body Slam+1","Combust","Body Slam"],"relics":["Burning Blood","NeowsBlessing","Dream Catcher","Ginger","WingedGreaves","Sundial","Art of War"],"acts_visited":["Exordium"],"potions_floor_usage":[13,16],"damage_taken":[{"damage":0,"enemies":"Jaw Worm","floor":1,"turns":1},{"damage":0,"enemies":"Gremlin Nob","floor":7,"turns":1},{"damage":0,"enemies":"Lagavulin","floor":10,"turns":1},{"damage":6,"enemies":"Cultist","floor":11,"turns":4},{"damage":19,"enemies":"Small Slimes","floor":12,"turns":3},{"damage":28,"enemies":"Gremlin Nob","floor":13,"turns":4},{"damage":16,"enemies":"Blue Slaver","floor":14,"turns":4},{"damage":29,"enemies":"Hexaghost","floor":16,"turns":6}],"seed_played":"-690237178939592796","potions_obtained":[{"floor":10,"key":"GamblersBrew"},{"floor":11,"key":"SpeedPotion"},{"floor":13,"key":"DistilledChaos"}],"is_trial":false,"path_per_floor":["M","?","$","?","$","R","E","R","T","E","M","M","E","M","R","B"],"character_chosen":"IRONCLAD","items_purchased":["Entrench"],"campfire_rested":0,"item_purchase_floors":[3],"current_hp_per_floor":[74,74,74,74,74,74,75,75,75,75,75,62,40,30,30,1,1],"gold":152,"neow_bonus":"THREE_ENEMY_KILL","is_daily":false,"chose_seed":false,"campfire_upgraded":3,"win_rate":0.0,"timestamp":1612608993,"path_taken":["M","?","?","?","?","R","E","R","T","E","M","?","E","M","R","BOSS"],"items_purchased_type":["Card"],"build_version":"2020-12-22","purchased_purges":0,"victory":false,"max_hp_per_floor":[75,75,75,75,75,75,75,75,75,75,75,75,75,75,75,75,75],"relic_stats":{"Dream Catcher":0,"counters":[8,24],"Sundial":[2],"Art of War":[1],"Ginger":[2],"obtain_stats":[{"Dream Catcher":4,"NeowsBlessing":0,"Sundial":10,"WingedGreaves":9,"Art of War":13,"Ginger":7,"Burning Blood":0},{"Dream Catcher":1,"NeowsBlessing":0,"Sundial":3,"WingedGreaves":2,"Art of War":6,"Ginger":2,"Burning Blood":0},{"Dream Catcher":1,"NeowsBlessing":0,"Sundial":3,"WingedGreaves":2,"Art of War":14,"Ginger":2,"Burning Blood":0}],"Burning Blood":31},"card_choices":[{"not_picked":["Anger","True Grit"],"picked":"Body Slam","floor":1},{"not_picked":["Immolate","Bloodletting"],"picked":"Body Slam","floor":7},{"not_picked":["Twin Strike","Bloodletting","Infernal Blade"],"picked":"SKIP","floor":10},{"not_picked":["Disarm","Cleave"],"picked":"Combust","floor":11},{"not_picked":["Headbutt","Iron Wave","Clothesline"],"picked":"SKIP","floor":12},{"not_picked":["Flex","Warcry"],"picked":"Body Slam","floor":13},{"not_picked":["Searing Blow","Body Slam","Wild Strike"],"picked":"SKIP","floor":14}],"player_experience":486372,"relics_obtained":[{"floor":7,"key":"Ginger"},{"floor":9,"key":"WingedGreaves"},{"floor":10,"key":"Sundial"},{"floor":13,"key":"Art of War"}],"event_choices":[{"cards_removed":["Strike_R"],"damage_healed":0,"gold_gain":0,"player_choice":"Offered Basic","damage_taken":0,"max_hp_gain":0,"max_hp_loss":0,"event_name":"Bonfire Elementals","floor":2,"gold_loss":0},{"damage_healed":0,"gold_gain":0,"player_choice":"Box","damage_taken":0,"relics_obtained":["Dream Catcher"],"max_hp_gain":0,"max_hp_loss":0,"event_name":"Big Fish","floor":4,"gold_loss":0,"cards_obtained":["Regret"]}],"is_beta":false,"boss_relics":[],"items_purged_floors":[],"is_endless":false,"potions_floor_spawned":[10,11,12,13],"killed_by":"Hexaghost","ascension_level":20}}