{"host":"rvofswtrkybk7ok8","time":1612616030,"event":{"mods":["ATMod(°¢èªMod)","BaseMod","Card Filter","Colored Map","Minty Spire (QoL Compilation)","Quick Restart","StSLib"],"gold_per_floor":[113,130,130,147,164,164,208,208,208,208,221,221,240,273,273,371,371,395,411,455,455,455,482,482,482,482],"floor_reached":25,"language":"ZHS","playtime":770,"items_purged":[],"score":401,"play_id":"4c095e0d-f1b2-4871-8454-bf9dfdbcd2e1","local_time":"20210206205350","is_ascension_mode":true,"campfire_choices":[{"data":"AT_MachinaRedman","floor":8.0,"key":"SMITH"},{"data":"AT_ThreeBodyProblem","floor":10.0,"key":"SMITH"},{"data":"Double Energy","floor":12.0,"key":"SMITH"},{"floor":15.0,"key":"REST"},{"floor":24,"key":"REST"}],"circlet_count":0,"master_deck":["AscendersBane","Strike_B","Strike_B","Strike_B","Strike_B","Defend_B","Defend_B","Defend_B","Defend_B","Zap","Dualcast","AT_MachinaRedman+1","Ball Lightning","Double Energy+1","Pain","AT_ThreeBodyProblem+1","FTL","Core Surge","Tempest","Fusion","All For One","Steam Power","Beam Cell","Cold Snap","FTL"],"relics":["Cracked Core","AT_ATBox","NeowsBlessing","WarpedTongs","Bloody Idol","Darkstone Periapt","Pantograph","Dream Catcher","Inserter","Red Mask","Kunai"],"acts_visited":["Exordium","TheCity"],"potions_floor_usage":[],"damage_taken":[{"damage":0.0,"enemies":"Cultist","floor":1.0,"turns":1.0},{"damage":0.0,"enemies":"Jaw Worm","floor":2.0,"turns":1.0},{"damage":0.0,"enemies":"Small Slimes","floor":4.0,"turns":1.0},{"damage":14.0,"enemies":"Exordium Wildlife","floor":5.0,"turns":2.0},{"damage":42.0,"enemies":"Lagavulin","floor":7.0,"turns":4.0},{"damage":2.0,"enemies":"3 Louse","floor":11.0,"turns":2.0},{"damage":4.0,"enemies":"Looter","floor":13.0,"turns":2.0},{"damage":7.0,"enemies":"3 Sentries","floor":14.0,"turns":3.0},{"damage":34.0,"enemies":"The Guardian","floor":16.0,"turns":7.0},{"damage":6.0,"enemies":"3 Byrds","floor":18.0,"turns":3.0},{"damage":14.0,"enemies":"Spheric Guardian","floor":19.0,"turns":3.0},{"damage":29,"enemies":"Masked Bandits","floor":20,"turns":3},{"damage":28,"enemies":"Snake Plant","floor":25,"turns":4}],"seed_played":"-8361884229708000360","potions_obtained":[{"floor":1.0,"key":"EntropicBrew"},{"floor":7.0,"key":"Strength Potion"},{"floor":11.0,"key":"SkillPotion"},{"floor":14.0,"key":"SteroidPotion"}],"is_trial":false,"path_per_floor":["M","M","?","M","M","?","E","R","T","R","M","R","M","E","R","B",null,"M","M","?","T","?","T","R","M"],"character_chosen":"DEFECT","items_purchased":[],"campfire_rested":2,"item_purchase_floors":[],"current_hp_per_floor":[64,64,64,64,50,50,20,20,20,20,18,18,14,7,26,17,52,46,32,3,3,3,8,27,0,0],"gold":482,"neow_bonus":"THREE_ENEMY_KILL","is_daily":false,"chose_seed":false,"campfire_upgraded":3,"win_rate":0.0,"timestamp":1612616030,"path_taken":["M","?","?","M","?","?","E","R","T","R","M","R","M","E","R","BOSS","M","M","?","?","?","?","R","M"],"items_purchased_type":[],"build_version":"2020-12-22","purchased_purges":0,"victory":false,"max_hp_per_floor":[71,71,71,71,71,64,64,64,64,64,64,64,64,64,64,64,64,64,64,64,64,64,64,64,64,64],"card_choices":[{"not_picked":["Gash","Steam"],"picked":"Ball Lightning","floor":1.0},{"not_picked":["Streamline","Rebound"],"picked":"Double Energy","floor":2.0},{"not_picked":["Heatsinks","Compile Driver","Steam Power"],"picked":"SKIP","floor":4.0},{"not_picked":["AT_ThunderBolt","Conserve Battery","Double Energy"],"picked":"SKIP","floor":5.0},{"not_picked":["Genetic Algorithm","Hello World"],"picked":"AT_ThreeBodyProblem","floor":7.0},{"not_picked":["Conserve Battery","Ball Lightning"],"picked":"FTL","floor":11.0},{"not_picked":["Scrape","Stack"],"picked":"Core Surge","floor":13.0},{"not_picked":["Gash","Hologram"],"picked":"Tempest","floor":14.0},{"not_picked":["Cold Snap","Conserve Battery"],"picked":"Fusion","floor":15.0},{"not_picked":["Buffer","Fission"],"picked":"All For One","floor":16.0},{"not_picked":["Gash","Redo"],"picked":"Steam Power","floor":18.0},{"not_picked":["FTL","Doom and Gloom"],"picked":"Beam Cell","floor":19.0},{"not_picked":["Barrage","Lockon"],"picked":"Cold Snap","floor":20},{"not_picked":["Rebound","Compile Driver"],"picked":"FTL","floor":24}],"player_experience":623505,"relics_obtained":[{"floor":7.0,"key":"Darkstone Periapt"},{"floor":9.0,"key":"Pantograph"},{"floor":14.0,"key":"Dream Catcher"},{"floor":20,"key":"Red Mask"},{"floor":21,"key":"Kunai"}],"event_choices":[{"damage_healed":0.0,"max_hp_gain":0.0,"max_hp_loss":0.0,"gold_gain":0.0,"event_name":"Accursed Blacksmith","player_choice":"Rummage","floor":3.0,"gold_loss":0.0,"damage_taken":0.0,"relics_obtained":["WarpedTongs"],"cards_obtained":["Pain"]},{"damage_healed":0.0,"max_hp_gain":0.0,"max_hp_loss":7.0,"gold_gain":0.0,"event_name":"Golden Idol","player_choice":"Lose Max HP","floor":6.0,"gold_loss":0.0,"damage_taken":0.0,"relics_obtained":["Golden Idol"]},{"damage_healed":0,"gold_gain":0,"player_choice":"Fought Bandits","damage_taken":0,"max_hp_gain":0,"max_hp_loss":0,"event_name":"Masked Bandits","floor":20,"gold_loss":0},{"damage_healed":0,"gold_gain":0,"player_choice":"Gave Idol","damage_taken":0,"relics_obtained":["Bloody Idol"],"max_hp_gain":0,"max_hp_loss":0,"event_name":"Forgotten Altar","floor":22,"relics_lost":["Golden Idol"],"gold_loss":0}],"is_beta":false,"boss_relics":[{"not_picked":["Black Star","Sozu"],"picked":"Inserter"}],"items_purged_floors":[],"is_endless":false,"potions_floor_spawned":[1,7,11,14,16,20],"killed_by":"Snake Plant","ascension_level":18}}