{"host":"5h6e4l6hpn0p5lap","time":1612583061,"event":{"mods":["AchievementEnabler","BaseMod","Better Altar","Better Match","Better Sensory Stone","Better Skull","Better Third Choice","Colored Map","Filter the Spire","Minty Spire (QoL Compilation)","StSLib"],"gold_per_floor":[213,19,19,39,59,59,84,84,84,109,143,68,68,18,18,121,121,133,48,48,48,48],"floor_reached":21,"language":"ENG","playtime":721,"items_purged":["Defend_P"],"score":245,"play_id":"ed699574-99cb-4171-a675-5a0cf6211440","local_time":"20210205224421","is_ascension_mode":true,"campfire_choices":[{"data":"Eruption","floor":6,"key":"SMITH"},{"data":"WheelKick","floor":8,"key":"SMITH"},{"floor":13,"key":"REST"},{"data":"Fasting2","floor":15,"key":"SMITH"}],"circlet_count":0,"master_deck":["Strike_P","Strike_P","Defend_P","Defend_P","Defend_P","Eruption+1","Vigilance","Consecrate","WheelKick+1","ThirdEye","FearNoEvil","FlyingSleeves","BattleHymn","MentalFortress","Adaptation","Fasting2+1","ThirdEye","DevaForm","ThirdEye","CutThroughFate","Scrawl","Alpha"],"relics":["PureWater","Pocketwatch","Shovel","Odd Mushroom","Blood Vial","Calling Bell","PreservedInsect","Mummified Hand","Prayer Wheel","Yang"],"acts_visited":["Exordium","TheCity"],"potions_floor_usage":[11],"damage_taken":[{"damage":6,"enemies":"Cultist","floor":1,"turns":4},{"damage":0,"enemies":"2 Louse","floor":4,"turns":2},{"damage":0,"enemies":"Jaw Worm","floor":5,"turns":4},{"damage":26,"enemies":"3 Sentries","floor":7,"turns":7},{"damage":0,"enemies":"The Mushroom Lair","floor":10,"turns":3},{"damage":14,"enemies":"Gremlin Nob","floor":11,"turns":3},{"damage":0,"enemies":"Slime Boss","floor":16,"turns":3},{"damage":14,"enemies":"Shell Parasite","floor":18,"turns":5}],"seed_played":"6795620238218666249","potions_obtained":[{"floor":7,"key":"DistilledChaos"},{"floor":10,"key":"BottledMiracle"},{"floor":11,"key":"Explosive Potion"}],"is_trial":false,"path_per_floor":["M","$","$","M","M","R","E","R","T","?","E","$","R","$","R","B",null,"M","?","?","$"],"character_chosen":"WATCHER","items_purchased":["WheelKick","ThirdEye","Fasting2","ThirdEye"],"campfire_rested":1,"item_purchase_floors":[2,2,12,14],"current_hp_per_floor":[66,66,66,66,66,66,40,40,40,40,26,26,47,47,47,49,72,58,58,58,58,58],"gold":48,"neow_bonus":"HUNDRED_GOLD","is_daily":false,"chose_seed":false,"campfire_upgraded":3,"win_rate":0.0,"timestamp":1612583061,"path_taken":["M","?","$","M","?","R","E","R","T","?","E","?","R","$","R","BOSS","M","?","?","$"],"items_purchased_type":["Card","Card","Card","Card"],"build_version":"2020-12-22","purchased_purges":1,"victory":false,"max_hp_per_floor":[72,72,72,72,72,72,72,72,72,72,72,72,72,72,72,72,72,72,72,72,72,72],"card_choices":[{"not_picked":["Evaluate","Protect"],"picked":"Consecrate","floor":1},{"not_picked":["DeceiveReality","Halt"],"picked":"FearNoEvil","floor":4},{"not_picked":["Blasphemy","CrushJoints"],"picked":"FlyingSleeves","floor":5},{"not_picked":["FollowUp","MentalFortress"],"picked":"BattleHymn","floor":7},{"not_picked":["Pray","ReachHeaven"],"picked":"MentalFortress","floor":10},{"not_picked":["Evaluate","JustLucky"],"picked":"Adaptation","floor":11},{"not_picked":["Brilliance","Blasphemy"],"picked":"DevaForm","floor":16},{"not_picked":["FlyingSleeves","FollowUp"],"picked":"ThirdEye","floor":18},{"not_picked":["Collect","Evaluate"],"picked":"CutThroughFate","floor":18}],"player_experience":1067633,"relics_obtained":[{"floor":7,"key":"Pocketwatch"},{"floor":9,"key":"Shovel"},{"floor":10,"key":"Odd Mushroom"},{"floor":11,"key":"Blood Vial"},{"floor":17,"key":"PreservedInsect"},{"floor":17,"key":"Mummified Hand"},{"floor":17,"key":"Prayer Wheel"}],"event_choices":[{"damage_healed":0,"gold_gain":0,"player_choice":"Fought Mushrooms","damage_taken":0,"max_hp_gain":0,"max_hp_loss":0,"event_name":"Mushrooms","floor":10,"gold_loss":0},{"damage_healed":0,"gold_gain":0,"player_choice":"Obtained Relic","damage_taken":0,"relics_obtained":["Yang"],"max_hp_gain":0,"max_hp_loss":0,"event_name":"Addict","floor":19,"gold_loss":85},{"damage_healed":0,"gold_gain":0,"cards_transformed":["Strike_P","Strike_P"],"player_choice":"Became Test Subject","damage_taken":0,"max_hp_gain":0,"max_hp_loss":0,"event_name":"Drug Dealer","floor":20,"gold_loss":0,"cards_obtained":["Scrawl","Alpha"]}],"is_beta":false,"boss_relics":[{"not_picked":["Ectoplasm","VioletLotus"],"picked":"Calling Bell"}],"items_purged_floors":[2],"is_endless":false,"potions_floor_spawned":[7,10,11],"ascension_level":1}}