{"host":"uka1ahftzzr5chfh","time":1612592443,"event":{"mods":["A Magickal Journey","Act Like it!","Ascension Reborn","Aspiration","BaseMod","BetterRewards","Block Reminder","Card Forge","Challenge The Spire","Clockwork Mod","Colored Powertips","Colorless Booster Pack","Conjunction","Conspire","Custom Start","Defuse TimeMaze Blight","Elementarium","Fiend Mod","Friendly Minions","Gremlin Mod","Halation","Hallownest","Hubris","Infinite Spire","Lobotomy","LobotomyExtend","Luminous","Minty Spire (QoL Compilation)","Permanent Neow","Relic Filter","Remove Card Discount Mod","Replay The Spire","Reworked Bosses","SacredBarkPlus","StSLib","SuperFastMode","Synergy Search","The Blackbeard","The Bladedancer","The Construct","The Cursed","The Disciple","The Elementalist","The Gatherer","The Jungle","The Marked","The Necromancer","The Runesmith","TheFirefly","Trackpad","Transform Curses","Wandering Minibosses"],"gold_per_floor":[116,136,136,156,6,6,39,51,74,86,117,117,135,135,211,307,307,320,320,340,340,357,391,409,409,409],"floor_reached":25,"language":"ENG","playtime":1616,"items_purged":[],"score":285,"play_id":"b8aeef68-516b-4c20-80e6-98ee43af479f","local_time":"20210206012043","is_ascension_mode":true,"campfire_choices":[{"floor":6,"key":"REST"}],"circlet_count":0,"master_deck":["theMarked:Strike+1","theMarked:Defend+1","theMarked:Defend+1","theMarked:Defend+1","theMarked:SoldierOfQuellstein+1","theMarked:KeepCalmAndFight+1","theMarked:RogueSparks+1","theMarked:EmpowerWeapon+1","theMarked:WardOff+1","theMarked:FavorableWinds+1","theMarked:BanishingStrike+1","theMarked:ComboAttacks+1","theMarked:ThrowWeapon+1","theMarked:ElectricStrings+1","theMarked:SuspiciousRaven+1","theMarked:Aftermath+1","theMarked:ComboAttacks+1","theMarked:Indomitable+1"],"relics":["theMarked:ArtifactOfAir","Hammer of Thor","Seething Fire","Anvil of the Gods","aspiration:Nostalgia","Cracked Core","LetterFromLob","Dream Catcher","Replay:Baseball","Gaze_r","conspire:GiftBox","elementalistmod:RedRibbon","Replay:WaspNest","conspire:RoyalGoblet","Bronze Scales","wanderingMiniBosses:CarrionFlame","MagicBullet_r"],"acts_visited":["Exordium","Hallownest:Greenpath"],"potions_floor_usage":[16,23,24,24],"damage_taken":[{"damage":3,"enemies":"Hallownest:2_Tiktiks_and_1_Crawlid","floor":1,"turns":4},{"damage":2,"enemies":"Hallownest:2_MossCreeps","floor":2,"turns":3},{"damage":0,"enemies":"Hallownest:monsterHuskGuard","floor":4,"turns":3},{"damage":0,"enemies":"Hallownest:eliteMossKnight","floor":7,"turns":6},{"damage":0,"enemies":"Hallownest:Wandering_and_Horned","floor":8,"turns":3},{"damage":0,"enemies":"Hallownest:MossCreep_and_Mosskin","floor":10,"turns":4},{"damage":2,"enemies":"Hallownest:eliteCrystalGuardian","floor":11,"turns":5},{"damage":0,"enemies":"Hallownest:monsterMossCharger","floor":13,"turns":1},{"damage":10,"enemies":"Hallownest:BossHornet","floor":16,"turns":8},{"damage":0,"enemies":"Hallownest:Flukemon_and_Top","floor":18,"turns":5},{"damage":1,"enemies":"Hallownest:Guard_and_Sentry","floor":20,"turns":5},{"damage":18,"enemies":"Hallownest:monsterShrumalOgre","floor":22,"turns":6},{"damage":0,"enemies":"Hallownest:Nosk","floor":23,"turns":4},{"damage":18,"enemies":"Hallownest:Warrior_and_Youth","floor":24,"turns":4},{"damage":39,"enemies":"Hallownest:eliteWatcherKnight","floor":25,"turns":1}],"seed_played":"-4663031384645009055","potions_obtained":[{"floor":2,"key":"Strength Potion"},{"floor":7,"key":"LiquidMemories"},{"floor":10,"key":"DistilledChaos"},{"floor":16,"key":"Swift Potion"},{"floor":24,"key":"Adrenaline Potion"}],"is_trial":false,"path_per_floor":["M","M","?","M","$","R","E","M","T","M","E","?","M","T","R","B",null,"M","?","M","?","M","E","M","E"],"character_chosen":"THE_DEFAULT","items_purchased":["Dream Catcher"],"campfire_rested":1,"item_purchase_floors":[5],"current_hp_per_floor":[67,65,55,55,55,70,70,70,70,70,68,68,68,68,68,58,70,70,73,72,73,55,55,37,0,0],"gold":409,"neow_bonus":"NOSTALGIA","is_daily":false,"chose_seed":false,"campfire_upgraded":0,"win_rate":0.0,"timestamp":1612592443,"path_taken":["M","M","?","?","$","R","E","M","T","M","E","?","M","?","R","BOSS","M","?","M","?","M","E","M","E"],"items_purchased_type":["Relic"],"build_version":"2020-12-22","purchased_purges":0,"victory":false,"max_hp_per_floor":[70,70,70,70,70,70,70,70,70,70,70,70,70,70,70,70,70,70,73,73,73,73,73,73,73,73],"card_choices":[{"not_picked":["theMarked:CreepingChasm","theMarked:TwofoldDefense"],"picked":"theMarked:KeepCalmAndFight","floor":1},{"not_picked":["theMarked:ShockingTouch","theMarked:PowerFlow"],"picked":"theMarked:RogueSparks","floor":2},{"not_picked":["theMarked:TakeCover","theMarked:Convert"],"picked":"theMarked:EmpowerWeapon","floor":4},{"not_picked":["theMarked:Convert","theMarked:ShockingTouch"],"picked":"theMarked:WardOff","floor":6},{"not_picked":["theMarked:Parkour","theMarked:Friction"],"picked":"theMarked:FavorableWinds","floor":7},{"not_picked":["theMarked:ElectricStrings","theMarked:StartUp"],"picked":"theMarked:BanishingStrike","floor":8},{"not_picked":["theMarked:TakeCover","theMarked:WardOff"],"picked":"theMarked:ComboAttacks","floor":10},{"not_picked":["theMarked:DispelDoubt","theMarked:TurnInvisible"],"picked":"theMarked:ThrowWeapon","floor":11},{"not_picked":["theMarked:Parry","theMarked:Convert"],"picked":"theMarked:ElectricStrings","floor":11},{"not_picked":["theMarked:TwofoldDefense","theMarked:WastefulAttack","theMarked:KeepCalmAndFight"],"picked":"SKIP","floor":13},{"not_picked":["theMarked:TakeOffHeels","theMarked:Snap"],"picked":"theMarked:SuspiciousRaven","floor":16},{"not_picked":["theMarked:ElectricStrings","theMarked:TwofoldDefense"],"picked":"theMarked:Aftermath+1","floor":18},{"not_picked":["theMarked:EmpowerWeapon","theMarked:Parkour","theMarked:HeightenedSenses"],"picked":"SKIP","floor":20},{"not_picked":["theMarked:TwofoldDefense+1","theMarked:ChainLightning+1","theMarked:Friction"],"picked":"SKIP","floor":22},{"not_picked":["theMarked:WastefulAttack","theMarked:Seal+1"],"picked":"theMarked:ComboAttacks+1","floor":23},{"not_picked":["theMarked:WastefulAttack","theMarked:RepellingDischarge+1"],"picked":"theMarked:Indomitable","floor":24}],"player_experience":803877,"relics_obtained":[{"floor":1,"key":"LetterFromLob"},{"floor":7,"key":"Replay:Baseball"},{"floor":9,"key":"Gaze_r"},{"floor":11,"key":"conspire:GiftBox"},{"floor":14,"key":"Replay:WaspNest"},{"floor":23,"key":"Bronze Scales"},{"floor":24,"key":"wanderingMiniBosses:CarrionFlame"}],"event_choices":[],"is_beta":false,"boss_relics":[{"not_picked":["infinitespire:Cupcake","halation:CatFaceCupcake"],"picked":"conspire:RoyalGoblet"}],"items_purged_floors":[],"is_endless":false,"potions_floor_spawned":[2,7,10,16,18,20,24],"killed_by":"Hallownest:eliteWatcherKnight","ascension_level":0}}