{"host":"s5d39dhq0ddhxhke","time":1612642256,"event":{"mods":["AchievementEnabler","BaseMod","Colored Map","Minty Spire (QoL Compilation)","Smile Girya","SuperFastMode"],"gold_per_floor":[118,118,128,53,64,91,104,104,104,104,133,153,153,172,172,268,268,286,310,310,331,256,256,287,312,339,339,339,357,374,387,387,459,459,474,490,390,390,415,445,462,478,532,559,89,89,89,33,33,33,33],"floor_reached":52,"language":"ENG","playtime":1558,"items_purged":["Pain","Strike_R","Strike_R"],"score":2088,"play_id":"ae264ad3-fecb-4e06-a298-382129eaceda","local_time":"20210206221056","is_ascension_mode":true,"campfire_choices":[{"data":"Inflame","floor":8,"key":"SMITH"},{"floor":10,"key":"REST"},{"data":"Immolate","floor":15,"key":"SMITH"},{"floor":23,"key":"REST"},{"data":"Demon Form","floor":32,"key":"SMITH"},{"data":"Whirlwind","floor":47,"key":"SMITH"},{"data":"Impervious","floor":49,"key":"SMITH"}],"circlet_count":0,"master_deck":["AscendersBane","Strike_R","Defend_R","Defend_R","Defend_R","Defend_R","Bash","Inflame+1","Carnage","Whirlwind+1","Clothesline","Immolate+1","Demon Form+1","Shrug It Off","Pummel","Necronomicurse","Flame Barrier","Corruption","Offering","Impervious+1"],"relics":["Burning Blood","WarpedTongs","Eternal Feather","Thread and Needle","Gambling Chip","Bloody Idol","Velvet Choker","Necronomicon","Unceasing Top","Art of War","SlaversCollar","Lizard Tail","Letter Opener","Bag of Marbles","Bottled Tornado","Orichalcum","Prayer Wheel"],"acts_visited":["Exordium","TheCity","TheBeyond"],"potions_floor_usage":[7,14,16,35,51],"damage_taken":[{"damage":1,"enemies":"Cultist","floor":1,"turns":3},{"damage":25,"enemies":"Jaw Worm","floor":3,"turns":6},{"damage":8,"enemies":"2 Louse","floor":5,"turns":3},{"damage":40,"enemies":"3 Sentries","floor":6,"turns":7},{"damage":7,"enemies":"Looter","floor":7,"turns":3},{"damage":23,"enemies":"Lagavulin","floor":11,"turns":5},{"damage":0,"enemies":"3 Louse","floor":12,"turns":1},{"damage":0,"enemies":"2 Fungi Beasts","floor":14,"turns":2},{"damage":0,"enemies":"Slime Boss","floor":16,"turns":4},{"damage":32,"enemies":"Shell Parasite","floor":18,"turns":4},{"damage":1,"enemies":"Chosen","floor":19,"turns":4},{"damage":20,"enemies":"Snake Plant","floor":21,"turns":2},{"damage":14,"enemies":"Book of Stabbing","floor":24,"turns":4},{"damage":2,"enemies":"Centurion and Healer","floor":25,"turns":2},{"damage":0,"enemies":"3 Cultists","floor":29,"turns":1},{"damage":8,"enemies":"Snake Plant","floor":30,"turns":3},{"damage":0,"enemies":"Cultist and Chosen","floor":31,"turns":2},{"damage":72,"enemies":"Collector","floor":33,"turns":9},{"damage":5,"enemies":"3 Darklings","floor":35,"turns":2},{"damage":23,"enemies":"Orb Walker","floor":36,"turns":3},{"damage":0,"enemies":"Mind Bloom Boss Battle","floor":39,"turns":3},{"damage":11,"enemies":"Giant Head","floor":40,"turns":4},{"damage":10,"enemies":"Transient","floor":41,"turns":6},{"damage":26,"enemies":"Spire Growth","floor":42,"turns":3},{"damage":6,"enemies":"Reptomancer","floor":44,"turns":3},{"damage":39,"enemies":"Time Eater","floor":50,"turns":6},{"damage":14,"enemies":"Donu and Deca","floor":51,"turns":5}],"seed_played":"-2784793965741155663","potions_obtained":[{"floor":3,"key":"DuplicationPotion"},{"floor":5,"key":"FairyPotion"},{"floor":12,"key":"Explosive Potion"},{"floor":14,"key":"Fire Potion"},{"floor":16,"key":"Explosive Potion"},{"floor":30,"key":"Fire Potion"},{"floor":31,"key":"BloodPotion"},{"floor":35,"key":"HeartOfIron"}],"is_trial":false,"path_per_floor":["M","?","M","$","M","E","M","R","T","R","E","M","?","M","R","B",null,"M","M","?","M","?","R","E","M","T","?","?","M","M","M","R","B",null,"M","M","$","?","?","E","M","M","T","E","$","?","R","?","R","B","B",null],"character_chosen":"IRONCLAD","items_purchased":["Orichalcum","Impervious"],"campfire_rested":2,"item_purchase_floors":[45,45],"current_hp_per_floor":[80,80,61,61,59,25,24,33,33,66,49,55,27,33,42,48,74,48,53,32,18,18,54,46,50,50,50,50,61,64,75,82,21,67,82,70,70,70,81,81,82,67,72,77,77,77,78,78,78,45,37],"gold":33,"neow_bonus":"TEN_PERCENT_HP_BONUS","is_daily":false,"chose_seed":false,"campfire_upgraded":5,"win_rate":0.0,"timestamp":1612642256,"path_taken":["M","?","M","$","M","E","?","R","T","R","E","M","?","M","R","BOSS","M","M","?","M","?","R","E","M","T","?","?","M","?","M","R","BOSS","M","M","$","?","?","E","?","M","T","E","$","?","R","?","R","BOSS","BOSS"],"items_purchased_type":["Relic","Card"],"build_version":"2020-12-22","purchased_purges":3,"victory":true,"max_hp_per_floor":[82,82,82,82,82,82,82,82,82,82,82,82,82,82,82,82,82,82,82,82,82,82,82,82,82,82,82,82,82,82,82,82,82,82,82,82,82,82,82,82,82,82,82,82,82,78,78,78,78,78,78],"card_choices":[{"not_picked":["Heavy Blade","Clash","Sever Soul"],"picked":"SKIP","floor":1},{"not_picked":["Wild Strike","Cleave"],"picked":"Inflame","floor":3},{"not_picked":["Armaments","Pommel Strike"],"picked":"Carnage","floor":5},{"not_picked":["Uppercut","Anger"],"picked":"Whirlwind","floor":6},{"not_picked":["Twin Strike","Dropkick"],"picked":"Clothesline","floor":7},{"not_picked":["Intimidate","True Grit"],"picked":"Immolate","floor":11},{"not_picked":["Flex","Thunderclap","Dark Embrace"],"picked":"SKIP","floor":12},{"not_picked":["Iron Wave","Body Slam","Rage"],"picked":"SKIP","floor":14},{"not_picked":["Barricade","Brutality"],"picked":"Demon Form","floor":16},{"not_picked":["Rage","Searing Blow"],"picked":"Shrug It Off","floor":18},{"not_picked":["Havoc","Second Wind"],"picked":"Pummel","floor":19},{"not_picked":["Wild Strike","Havoc"],"picked":"Flame Barrier","floor":21},{"not_picked":["Bloodletting","Twin Strike","Flex"],"picked":"SKIP","floor":24},{"not_picked":["Carnage","Anger","Flame Barrier"],"picked":"SKIP","floor":25},{"not_picked":["Spot Weakness","Pommel Strike","Perfected Strike"],"picked":"SKIP","floor":29},{"not_picked":["Blood for Blood","Cleave","Fiend Fire"],"picked":"SKIP","floor":30},{"not_picked":["Wild Strike","Iron Wave","Ghostly Armor+1"],"picked":"SKIP","floor":31},{"not_picked":["Reaper","Berserk"],"picked":"Offering","floor":33},{"not_picked":["Sword Boomerang","Body Slam+1","Armaments+1"],"picked":"SKIP","floor":35},{"not_picked":["Armaments+1","Pommel Strike","Flame Barrier"],"picked":"SKIP","floor":36},{"not_picked":["Dark Embrace","Fire Breathing","Sever Soul"],"picked":"SKIP","floor":40},{"not_picked":["True Grit","Twin Strike","Fire Breathing+1"],"picked":"SKIP","floor":41},{"not_picked":["Rampage","Warcry","Headbutt"],"picked":"SKIP","floor":42},{"not_picked":["Thunderclap+1","Sword Boomerang+1","Clash"],"picked":"SKIP","floor":44}],"player_experience":488118,"relics_obtained":[{"floor":6,"key":"Eternal Feather"},{"floor":9,"key":"Thread and Needle"},{"floor":11,"key":"Gambling Chip"},{"floor":20,"key":"Necronomicon"},{"floor":24,"key":"Unceasing Top"},{"floor":26,"key":"Art of War"},{"floor":39,"key":"Lizard Tail"},{"floor":40,"key":"Letter Opener"},{"floor":43,"key":"Bag of Marbles"},{"floor":44,"key":"Bottled Tornado"}],"event_choices":[{"damage_healed":0,"gold_gain":0,"player_choice":"Rummage","damage_taken":0,"relics_obtained":["WarpedTongs"],"max_hp_gain":0,"max_hp_loss":0,"event_name":"Accursed Blacksmith","floor":2,"gold_loss":0,"cards_obtained":["Pain"]},{"damage_healed":0,"gold_gain":0,"player_choice":"Take Damage","damage_taken":28,"relics_obtained":["Golden Idol"],"max_hp_gain":0,"max_hp_loss":0,"event_name":"Golden Idol","floor":13,"gold_loss":0},{"damage_healed":0,"gold_gain":0,"player_choice":"Obtained Book","damage_taken":21,"max_hp_gain":0,"max_hp_loss":0,"event_name":"Cursed Tome","floor":20,"gold_loss":0},{"cards_removed":["Strike_R"],"damage_healed":0,"gold_gain":0,"player_choice":"Gave Gold","damage_taken":0,"max_hp_gain":0,"max_hp_loss":0,"event_name":"Beggar","floor":22,"gold_loss":75},{"damage_healed":0,"gold_gain":0,"player_choice":"Gave Idol","damage_taken":0,"relics_obtained":["Bloody Idol"],"max_hp_gain":0,"max_hp_loss":0,"event_name":"Forgotten Altar","floor":27,"relics_lost":["Golden Idol"],"gold_loss":0},{"damage_healed":0,"gold_gain":0,"cards_transformed":["Strike_R"],"player_choice":"Transformed","damage_taken":0,"max_hp_gain":0,"max_hp_loss":0,"event_name":"Transmorgrifier","floor":28,"gold_loss":0,"cards_obtained":["Corruption"]},{"damage_healed":0,"gold_gain":0,"player_choice":"Ignored","damage_taken":0,"max_hp_gain":0,"max_hp_loss":0,"event_name":"Tomb of Lord Red Mask","floor":38,"gold_loss":0},{"damage_healed":0,"gold_gain":0,"player_choice":"Fight","damage_taken":0,"max_hp_gain":0,"max_hp_loss":0,"event_name":"MindBloom","floor":39,"gold_loss":0},{"damage_healed":0,"gold_gain":0,"player_choice":"Max HP","damage_taken":0,"max_hp_gain":0,"max_hp_loss":4,"event_name":"Winding Halls","floor":46,"gold_loss":0},{"damage_healed":0,"gold_gain":0,"player_choice":"Paid Gold","damage_taken":0,"relics_obtained":["Prayer Wheel"],"max_hp_gain":0,"max_hp_loss":0,"event_name":"WeMeetAgain","floor":48,"gold_loss":56}],"is_beta":false,"boss_relics":[{"not_picked":["Sozu","Runic Pyramid"],"picked":"Velvet Choker"},{"not_picked":["Astrolabe","Cursed Key"],"picked":"SlaversCollar"}],"items_purged_floors":[4,37,45],"is_endless":false,"potions_floor_spawned":[3,5,12,14,16,18,24,25,30,31,35,36,40,41],"ascension_level":20}}