{"host":"w8xisjf5mgmfjvmt","time":1612586828,"event":{"mods":["BaseMod","BetterRewards","Challenge The Spire","Conspire","Energized Spire","Filter the Spire","Minty Spire (QoL Compilation)","Quarter Circle Forward PUNCH!","Quick Restart","Relic Filter Mod","Relic Stats","Reliquary","Replay The Spire","Shop Mod","Spicy Shops","StSLib","Thieving Mod","¡¾ÒÅÎï¿¨ÅÆ¡¿REMEMod","óô»ðÖ¸ÄÏ"],"gold_per_floor":[116,116,133,145,27,62,80,107,107,135,145,191,205,223,223,318,318,338,353,628,647,268,293,293,306,376,376,376,376],"floor_reached":28,"language":"ZHS","playtime":1956,"items_purged":["Regret"],"score":376,"play_id":"8c90fcbb-d5e5-4f93-b10f-d21f5ebbb404","local_time":"20210206124708","is_ascension_mode":true,"campfire_choices":[{"floor":15.0,"key":"DIG"},{"data":"Eruption","floor":24.0,"key":"SMITH"},{"data":"Seek","floor":27,"key":"SMITH"}],"circlet_count":0,"master_deck":["Strike_P","Strike_P","Strike_P","Strike_P","Defend_P","Defend_P","Defend_P","Defend_P","Eruption+1","Vigilance","LessonLearned+1","TalkToTheHand+1","SandsOfTime+1","Adaptation","EmptyFist+1","Swivel+1","Evaluate+1","Adrenaline","Protect+1","InnerPeace","Seek+1","MentalFortress+1","Acrobatics","Body Slam","Blasphemy","ReachHeaven","ThirdEye","Establishment","Tantrum","FearNoEvil","Perseverance"],"relics":["REME_ComplimentaryCards","Black Star","Simple Rune","Whetstone","CloakClasp","qcfpunch:School_Backpack","qcfpunch:Lotus_Statue","Meat on the Bone","Lantern","qcfpunch:Wrestler\u0027s_Cloak","Boot","Runic Dome","Prayer Wheel","reliquary:NewFriend","Ancient Tea Set","reliquary:MudwinsCradle"],"acts_visited":["Exordium","TheCity"],"potions_floor_usage":[],"damage_taken":[{"damage":11.0,"enemies":"Jaw Worm","floor":1.0,"turns":7.0},{"damage":0.0,"enemies":"Small Slimes","floor":3.0,"turns":3.0},{"damage":0.0,"enemies":"Cultist","floor":4.0,"turns":4.0},{"damage":10.0,"enemies":"Lagavulin","floor":6.0,"turns":7.0},{"damage":0.0,"enemies":"Gremlin Gang","floor":7.0,"turns":4.0},{"damage":22.0,"enemies":"Gremlin Nob","floor":8.0,"turns":3.0},{"damage":0.0,"enemies":"3 Sentries","floor":10.0,"turns":6.0},{"damage":1.0,"enemies":"Looter","floor":11.0,"turns":3.0},{"damage":6.0,"enemies":"Exordium Thugs","floor":12.0,"turns":5.0},{"damage":0.0,"enemies":"3 Louse","floor":13.0,"turns":4.0},{"damage":0.0,"enemies":"Looter","floor":14.0,"turns":2.0},{"damage":14.0,"enemies":"Slime Boss","floor":16.0,"turns":8.0},{"damage":0.0,"enemies":"Shell Parasite","floor":18.0,"turns":3.0},{"damage":0.0,"enemies":"Spheric Guardian","floor":19.0,"turns":3.0},{"damage":18.0,"enemies":"Snake Plant","floor":21.0,"turns":5.0},{"damage":7.0,"enemies":"Book of Stabbing","floor":23.0,"turns":6.0},{"damage":1,"enemies":"Centurion and Healer","floor":25,"turns":3},{"damage":39,"enemies":"Gremlin Leader","floor":28,"turns":4}],"seed_played":"2098131739625651690","potions_obtained":[{"floor":3.0,"key":"Adrenaline Potion"},{"floor":4.0,"key":"SkillPotion"},{"floor":10.0,"key":"Elixir"},{"floor":11.0,"key":"REME_GoldPotion"},{"floor":13.0,"key":"Weak Potion"},{"floor":14.0,"key":"Cursed Concoction"},{"floor":19.0,"key":"StancePotion"}],"is_trial":false,"path_per_floor":["M","?","M","M","?","E","M","E","T","E","M","M","M","M","R","B",null,"M","M","?","M","$","E","R","M","T","R","E"],"character_chosen":"WATCHER","items_purchased":["Establishment","Prayer Wheel","Tantrum"],"campfire_rested":0,"item_purchase_floors":[22,22,22],"current_hp_per_floor":[54,54,54,54,54,44,44,22,22,34,45,39,39,39,39,37,63,63,63,63,45,45,38,38,37,37,37,0,0],"gold":376,"neow_bonus":"BOSS_RELIC","is_daily":false,"chose_seed":false,"campfire_upgraded":2,"win_rate":0.0,"timestamp":1612586828,"path_taken":["M","?","M","M","?","E","M","E","T","E","?","M","M","M","R","BOSS","M","?","?","M","$","E","R","?","T","R","E"],"items_purchased_type":["Card","Relic","Card"],"build_version":"2020-12-22","purchased_purges":1,"victory":false,"max_hp_per_floor":[72,72,72,72,72,72,72,72,72,72,72,72,72,72,72,72,72,72,72,72,72,72,72,72,72,72,72,72,72],"relic_stats":{"counters":[18,80],"Prayer Wheel":1,"Black Star":4,"CloakClasp":[146],"Whetstone":["Strike_P","Strike_P"],"Boot":[25],"obtain_stats":[{"Lantern":10,"CloakClasp":6,"Whetstone":6,"Boot":15,"Ancient Tea Set":23,"Runic Dome":17,"qcfpunch:School_Backpack":8,"qcfpunch:Lotus_Statue":8,"Simple Rune":5,"Prayer Wheel":22,"reliquary:NewFriend":23,"qcfpunch:Wrestler\u0027s_Cloak":10,"Black Star":0,"PureWater":0,"reliquary:MudwinsCradle":26,"REME_ComplimentaryCards":0,"Meat on the Bone":9},{"Lantern":7,"CloakClasp":4,"Whetstone":4,"Boot":11,"Ancient Tea Set":16,"Runic Dome":12,"qcfpunch:School_Backpack":6,"qcfpunch:Lotus_Statue":6,"Simple Rune":3,"Prayer Wheel":15,"reliquary:NewFriend":16,"qcfpunch:Wrestler\u0027s_Cloak":7,"Black Star":0,"PureWater":0,"reliquary:MudwinsCradle":17,"REME_ComplimentaryCards":0,"Meat on the Bone":6},{"Lantern":34,"CloakClasp":21,"Whetstone":21,"Boot":48,"Ancient Tea Set":73,"Runic Dome":56,"qcfpunch:School_Backpack":28,"qcfpunch:Lotus_Statue":28,"Simple Rune":14,"Prayer Wheel":67,"reliquary:NewFriend":73,"qcfpunch:Wrestler\u0027s_Cloak":34,"Black Star":0,"PureWater":0,"reliquary:MudwinsCradle":76,"REME_ComplimentaryCards":0,"Meat on the Bone":28}],"Meat on the Bone":36},"card_choices":[{"not_picked":["WreathOfFlame","Replay:BluntJabs"],"picked":"TalkToTheHand","floor":1.0},{"not_picked":["Halt","BattleHymn"],"picked":"SandsOfTime","floor":3.0},{"not_picked":["ClearTheMind","Prostrate"],"picked":"Adaptation","floor":4.0},{"not_picked":["DevaForm","Evaluate"],"picked":"EmptyFist","floor":6.0},{"not_picked":["Perseverance","ThirdEye"],"picked":"Swivel","floor":7.0},{"not_picked":["PathToVictory","Worship"],"picked":"Evaluate","floor":8.0},{"not_picked":["ReplayTheSpireMod:Tripwire","PiercingWail"],"picked":"Adrenaline","floor":10.0},{"not_picked":["CutThroughFate","EmptyBody"],"picked":"Protect","floor":10.0},{"not_picked":["EmptyMind","Consecrate"],"picked":"InnerPeace","floor":11.0},{"not_picked":["Prepared","Expertise","Bane"],"picked":"SKIP","floor":11.0},{"not_picked":["Compile Driver","Coolheaded"],"picked":"Seek","floor":12.0},{"not_picked":["Halt","EmptyFist"],"picked":"MentalFortress","floor":12.0},{"not_picked":["Dagger Spray","PiercingWail"],"picked":"Acrobatics","floor":13.0},{"not_picked":["InnerPeace","FlyingSleeves","Replay:AtTheReady"],"picked":"SKIP","floor":13.0},{"not_picked":["Anger+1","Iron Wave"],"picked":"Body Slam","floor":14.0},{"not_picked":["Prostrate","Devotion","SashWhip"],"picked":"SKIP","floor":14.0},{"not_picked":["Replay:AllIn","Ragnarok"],"picked":"Blasphemy","floor":16.0},{"not_picked":["Replay:BluntJabs","FlyingSleeves"],"picked":"ReachHeaven","floor":18.0},{"not_picked":["SashWhip","Replay:ManipulateFuture"],"picked":"ThirdEye","floor":19.0},{"not_picked":["Evaluate+1","Replay:Anticipation","EmptyFist"],"picked":"SKIP","floor":21.0},{"not_picked":["ConjureBlade","PathToVictory","Replay:BluntJabs+1"],"picked":"SKIP","floor":23.0},{"not_picked":["InnerPeace","Halt"],"picked":"FearNoEvil","floor":25},{"not_picked":["BowlingBash+1","SashWhip+1"],"picked":"Perseverance","floor":25}],"player_experience":1281644,"relics_obtained":[{"floor":6.0,"key":"Whetstone"},{"floor":6.0,"key":"CloakClasp"},{"floor":8.0,"key":"qcfpunch:School_Backpack"},{"floor":8.0,"key":"qcfpunch:Lotus_Statue"},{"floor":9.0,"key":"Meat on the Bone"},{"floor":10.0,"key":"Lantern"},{"floor":10.0,"key":"qcfpunch:Wrestler\u0027s_Cloak"},{"floor":15.0,"key":"Boot"},{"floor":23.0,"key":"reliquary:NewFriend"},{"floor":23.0,"key":"Ancient Tea Set"},{"floor":26,"key":"reliquary:MudwinsCradle"}],"event_choices":[{"damage_healed":0.0,"max_hp_gain":0.0,"max_hp_loss":0.0,"gold_gain":0.0,"event_name":"WeMeetAgain","player_choice":"Paid Gold","floor":5.0,"gold_loss":118.0,"damage_taken":0.0,"relics_obtained":["Simple Rune"]},{"damage_healed":0.0,"max_hp_gain":0.0,"max_hp_loss":0.0,"gold_gain":275.0,"event_name":"Golden Shrine","player_choice":"Desecrate","floor":20.0,"gold_loss":0.0,"damage_taken":0.0,"cards_obtained":["Regret"]}],"is_beta":false,"boss_relics":[{"not_picked":["Ring of Chaos","conspire:RoyalGoblet"],"picked":"Runic Dome"}],"items_purged_floors":[22],"is_endless":false,"potions_floor_spawned":[3,4,10,11,13,14,19,21],"killed_by":"Gremlin Leader","ascension_level":6}}