{"host":"z609fbm6pkeriks8","time":1612616311,"event":{"mods":["AchievementEnabler","BaseMod","Colored Map","Colored Powertips","Downfall","Highlight Path","Marisa£®ÏF”Í°°ƒß¿Ì…≥£©","Minty Spire (QoL Compilation)","StSLib","The Cursed","The Servant 0.9.4"],"gold_per_floor":[116,126,140,140,158,185,110,60,112,112,36,66,66,81,81,185,185,205,66,66,85,99,130,130,144,191,191,191,225,100,112,112,213,213,227,238,250,250,267,267,267],"floor_reached":40,"language":"ZHS","playtime":2336,"items_purged":["Strike_R","Strike_R","Defend_R"],"score":509,"play_id":"c46f59ae-cfdc-48ba-a3b3-e65d054be137","local_time":"20210206205831","is_ascension_mode":true,"campfire_choices":[{"data":"Armaments","floor":10,"key":"SMITH"},{"floor":15,"key":"REST"},{"data":"Limit Break","floor":24,"key":"SMITH"},{"data":"Demon Form","floor":27,"key":"SMITH"},{"data":"Inflame","floor":32,"key":"SMITH"}],"circlet_count":0,"master_deck":["Strike_R","Defend_R","Defend_R","Defend_R","Bash","Uppercut","Armaments+1","Flame Barrier","Hemokinesis","Reaper","Shrug It Off","Second Wind","Inflame+1","Demon Form+1","Battle Trance+1","Feel No Pain","Limit Break+1","Metallicize+1","Power Through","Heavy Blade","Spot Weakness","Intimidate+1","Flex","Juggernaut","Pummel+1"],"relics":["Burning Blood","Matryoshka","Strawberry","Pen Nib","TungstenRod","Bronze Scales","Velvet Choker","Tiny Chest","Ornamental Fan","Regal Pillow","Question Card","Coffee Dripper","Toxic Egg 2"],"acts_visited":["Exordium","TheCity","TheBeyond"],"potions_floor_usage":[12,12,18,23,25,31,36,40],"damage_taken":[{"damage":1,"enemies":"Cultist","floor":1,"turns":3},{"damage":11,"enemies":"Small Slimes","floor":2,"turns":4},{"damage":3,"enemies":"2 Louse","floor":3,"turns":3},{"damage":32,"enemies":"Large Slime","floor":5,"turns":10},{"damage":33,"enemies":"3 Sentries","floor":6,"turns":9},{"damage":5,"enemies":"Gremlin Nob","floor":12,"turns":4},{"damage":47,"enemies":"Gremlin Gang","floor":14,"turns":5},{"damage":37,"enemies":"Hexaghost","floor":16,"turns":11},{"damage":10,"enemies":"Chosen","floor":18,"turns":6},{"damage":22,"enemies":"Spheric Guardian","floor":21,"turns":5},{"damage":23,"enemies":"Centurion and Healer","floor":22,"turns":7},{"damage":32,"enemies":"Gremlin Leader","floor":23,"turns":6},{"damage":6,"enemies":"Snecko","floor":25,"turns":4},{"damage":6,"enemies":"Book of Stabbing","floor":29,"turns":7},{"damage":12,"enemies":"Snake Plant","floor":31,"turns":4},{"damage":11,"enemies":"Champ","floor":33,"turns":11},{"damage":15,"enemies":"Orb Walker","floor":35,"turns":5},{"damage":10,"enemies":"3 Darklings","floor":36,"turns":5},{"damage":17,"enemies":"Maw","floor":37,"turns":5},{"damage":16,"enemies":"Jaw Worm Horde","floor":39,"turns":5},{"damage":82,"enemies":"Nemesis","floor":40,"turns":6}],"seed_played":"7877156897107899106","potions_obtained":[{"floor":2,"key":"LiquidBronze"},{"floor":6,"key":"HeartOfIron"},{"floor":16,"key":"EssenceOfSteel"},{"floor":22,"key":"Strength Potion"},{"floor":23,"key":"AttackPotion"},{"floor":29,"key":"champ:CounterPotion"},{"floor":31,"key":"Ancient Potion"},{"floor":35,"key":"Block Potion"},{"floor":37,"key":"Fire Potion"}],"is_trial":false,"path_per_floor":["M","M","M","?","M","E","$","?","T","R","$","E","?","M","R","B",null,"M","$","?","M","M","E","R","M","T","R","?","E","$","M","R","B",null,"M","M","M","T","M","E"],"character_chosen":"IRONCLAD","items_purchased":["Second Wind","Feel No Pain"],"campfire_rested":1,"item_purchase_floors":[11,19],"current_hp_per_floor":[80,75,78,78,60,45,45,45,52,52,52,53,39,10,36,12,87,83,83,83,74,87,84,84,87,87,87,87,87,87,81,81,76,87,87,83,84,84,74,0,0],"gold":267,"neow_bonus":"THREE_CARDS","is_daily":false,"chose_seed":false,"campfire_upgraded":4,"win_rate":0.0,"timestamp":1612616311,"path_taken":["M","M","?","?","M","E","?","?","T","R","$","E","?","M","R","BOSS","M","$","?","?","M","E","R","M","T","R","?","E","?","M","R","BOSS","M","M","?","?","M","E"],"items_purchased_type":["Card","Card"],"build_version":"2020-12-22","purchased_purges":3,"victory":false,"max_hp_per_floor":[80,80,80,80,80,80,80,80,87,87,87,87,87,87,87,87,87,87,87,87,87,87,87,87,87,87,87,87,87,87,87,87,87,87,87,87,87,87,87,87,87],"card_choices":[{"not_picked":["Clash","Havoc"],"picked":"Uppercut","floor":0},{"not_picked":["Heavy Blade","Clash"],"picked":"Armaments","floor":1},{"not_picked":["Shockwave","Flex"],"picked":"Flame Barrier","floor":2},{"not_picked":["Sword Boomerang","Twin Strike"],"picked":"Hemokinesis","floor":3},{"not_picked":["Cleave","Flex","True Grit"],"picked":"SKIP","floor":5},{"not_picked":["Burning Pact","Anger"],"picked":"Shrug It Off","floor":6},{"not_picked":["Pommel Strike","Second Wind"],"picked":"Inflame","floor":12},{"not_picked":["Twin Strike","Sword Boomerang","Rupture"],"picked":"SKIP","floor":14},{"not_picked":["Berserk","Offering"],"picked":"Demon Form","floor":16},{"not_picked":["Twin Strike","Havoc"],"picked":"Battle Trance+1","floor":18},{"not_picked":["Ghostly Armor+1","Warcry","Shrug It Off"],"picked":"SKIP","floor":21},{"not_picked":["Ghostly Armor+1","Warcry","Shrug It Off"],"picked":"SKIP","floor":21},{"not_picked":["Rage","Iron Wave+1"],"picked":"Metallicize+1","floor":22},{"not_picked":["Inflame+1","Armaments"],"picked":"Power Through","floor":23},{"not_picked":["Bludgeon","Rage"],"picked":"Heavy Blade","floor":25},{"not_picked":["Limit Break","Heavy Blade"],"picked":"Intimidate+1","floor":29},{"not_picked":["Metallicize","Havoc","Dual Wield"],"picked":"Flex","floor":31},{"not_picked":["Corruption","Demon Form","Bludgeon"],"picked":"Juggernaut","floor":33},{"not_picked":["Shrug It Off","Cleave","Thunderclap+1","Carnage"],"picked":"SKIP","floor":35},{"not_picked":["Heavy Blade","Shrug It Off+1","Iron Wave+1"],"picked":"Pummel+1","floor":36},{"not_picked":["Sword Boomerang","Second Wind","Combust","Pommel Strike"],"picked":"SKIP","floor":37},{"not_picked":["Pummel","Rampage+1","Second Wind+1","Dark Embrace+1"],"picked":"SKIP","floor":39}],"player_experience":44402,"relics_obtained":[{"floor":6,"key":"Matryoshka"},{"floor":9,"key":"Strawberry"},{"floor":9,"key":"Pen Nib"},{"floor":12,"key":"TungstenRod"},{"floor":23,"key":"Tiny Chest"},{"floor":26,"key":"Ornamental Fan"},{"floor":26,"key":"Regal Pillow"},{"floor":29,"key":"Question Card"},{"floor":38,"key":"Toxic Egg 2"}],"event_choices":[{"damage_healed":0,"gold_gain":0,"player_choice":"1 cards matched","damage_taken":0,"max_hp_gain":0,"max_hp_loss":0,"event_name":"Match and Keep!","floor":4,"gold_loss":0,"cards_obtained":["Reaper"]},{"cards_removed":["Strike_R"],"damage_healed":0,"gold_gain":0,"player_choice":"Card Removal","damage_taken":0,"max_hp_gain":0,"max_hp_loss":0,"event_name":"The Cleric","floor":8,"gold_loss":50},{"damage_healed":0,"gold_gain":0,"player_choice":"Success","damage_taken":18,"relics_obtained":["Bronze Scales"],"max_hp_gain":0,"max_hp_loss":0,"event_name":"Scrap Ooze","floor":13,"gold_loss":0},{"damage_healed":0,"gold_gain":0,"player_choice":"1 cards matched","damage_taken":0,"max_hp_gain":0,"max_hp_loss":0,"event_name":"Match and Keep!","floor":20,"gold_loss":0,"cards_obtained":["Limit Break"]},{"damage_healed":0,"gold_gain":0,"cards_transformed":["Strike_R"],"player_choice":"Transformed","damage_taken":0,"max_hp_gain":0,"max_hp_loss":0,"event_name":"Transmorgrifier","floor":28,"gold_loss":0,"cards_obtained":["Spot Weakness"]}],"is_beta":false,"boss_relics":[{"not_picked":["Calling Bell","Black Star"],"picked":"Velvet Choker"},{"not_picked":["Astrolabe","Sozu"],"picked":"Coffee Dripper"}],"items_purged_floors":[7,19,30],"is_endless":false,"potions_floor_spawned":[2,6,16,22,23,29,31,35,37],"killed_by":"Nemesis","ascension_level":2}}