{"host":"Jinnai","time":1612625481,"event":{"mods":["BaseMod","Bestiary","Block Reminder","Colored Map","Colored Powertips","Curses Come First","Highlight Path","Minty Spire (QoL Compilation)","Permanent Neow","Potion Indicator Mod","Quick Restart","Random Character Button","Relic Stats","StSLib","ojb\u0027s Info Mod"],"gold_per_floor":[13,32,32,51,67,67,81,81,81,101,117,151,151,24,24,117,117,140,140,164,164,188,188,188],"floor_reached":23,"language":"ENG","playtime":1345,"items_purged":["Strike_B"],"score":390,"play_id":"77c1468c-c60b-4b72-9f7b-8b164c69815f","local_time":"20210206103121","is_ascension_mode":true,"campfire_choices":[{"floor":6,"key":"REST"},{"data":"Zap","floor":8,"key":"SMITH"},{"floor":13,"key":"REST"},{"data":"Coolheaded","floor":15,"key":"SMITH"}],"circlet_count":0,"master_deck":["AscendersBane","Strike_B+1","Defend_B","Defend_B","Zap+1","Dualcast","Master of Strategy","Rebound","Conserve Battery","Compile Driver+1","Self Repair","Turbo","Hello World+1","Coolheaded","Coolheaded+1","Sweeping Beam","Hyperbeam","Steam+1","Gash+1","Beam Cell+1","Reinforced Body","Ghostly","Ghostly","Ghostly","Sunder","Cold Snap"],"relics":["Cracked Core","Golden Idol","Frozen Egg 2","Whetstone","Astrolabe"],"acts_visited":["Exordium","TheCity"],"potions_floor_usage":[12,16,23,23],"damage_taken":[{"damage":1,"enemies":"Cultist","floor":1,"turns":3},{"damage":0,"enemies":"2 Louse","floor":2,"turns":2},{"damage":5,"enemies":"Jaw Worm","floor":4,"turns":3},{"damage":11,"enemies":"3 Louse","floor":5,"turns":4},{"damage":7,"enemies":"2 Fungi Beasts","floor":7,"turns":3},{"damage":4,"enemies":"Blue Slaver","floor":10,"turns":4},{"damage":22,"enemies":"Exordium Wildlife","floor":11,"turns":4},{"damage":9,"enemies":"Lagavulin","floor":12,"turns":7},{"damage":36,"enemies":"Slime Boss","floor":16,"turns":10},{"damage":36,"enemies":"2 Thieves","floor":18,"turns":4},{"damage":7,"enemies":"Spheric Guardian","floor":20,"turns":6},{"damage":8,"enemies":"Centurion and Healer","floor":22,"turns":6},{"damage":26,"enemies":"Book of Stabbing","floor":23,"turns":6}],"seed_played":"-3174302977241377019","potions_obtained":[{"floor":5,"key":"Dexterity Potion"},{"floor":7,"key":"Swift Potion"},{"floor":12,"key":"FearPotion"},{"floor":16,"key":"SmokeBomb"},{"floor":18,"key":"ColorlessPotion"}],"is_trial":false,"path_per_floor":["M","M","?","M","M","R","M","R","T","M","M","E","R","$","R","B",null,"M","?","M","?","M","E"],"character_chosen":"DEFECT","items_purchased":["Sweeping Beam"],"campfire_rested":2,"item_purchase_floors":[14],"current_hp_per_floor":[63,63,39,34,23,44,44,44,44,47,25,23,44,44,44,8,55,26,26,26,26,25,0,0],"gold":188,"neow_bonus":"RANDOM_COLORLESS_2","is_daily":false,"chose_seed":false,"campfire_upgraded":2,"win_rate":0.0,"timestamp":1612625481,"path_taken":["M","M","?","M","M","R","M","R","T","M","M","E","R","$","R","BOSS","M","?","M","?","M","E"],"items_purchased_type":["Card"],"build_version":"2020-12-18","purchased_purges":1,"victory":false,"max_hp_per_floor":[71,71,71,71,71,71,71,71,71,71,71,71,71,71,71,71,71,71,35,35,35,35,35,35],"relic_stats":{"counters":[13,62],"Golden Idol":58,"Astrolabe":["Steam","Gash","Beam Cell"],"Whetstone":["Strike_B","Compile Driver"],"obtain_stats":[{"Golden Idol":3,"Astrolabe":17,"Whetstone":12,"Frozen Egg 2":9,"Cracked Core":0},{"Golden Idol":2,"Astrolabe":9,"Whetstone":8,"Frozen Egg 2":5,"Cracked Core":0},{"Golden Idol":5,"Astrolabe":40,"Whetstone":30,"Frozen Egg 2":15,"Cracked Core":0}]},"card_choices":[{"not_picked":["Magnetism","Violence"],"picked":"Master of Strategy","floor":0},{"not_picked":["Hologram","Blizzard"],"picked":"Rebound","floor":1},{"not_picked":["Leap","Chill"],"picked":"Conserve Battery","floor":2},{"not_picked":["BootSequence","Leap"],"picked":"Compile Driver","floor":4},{"not_picked":["Compile Driver","Leap"],"picked":"Self Repair","floor":5},{"not_picked":["Go for the Eyes","Rebound"],"picked":"Turbo","floor":7},{"not_picked":["Redo","Compile Driver"],"picked":"Hello World+1","floor":10},{"not_picked":["Conserve Battery","Go for the Eyes"],"picked":"Coolheaded","floor":11},{"not_picked":["All For One","Undo"],"picked":"Coolheaded","floor":12},{"not_picked":["Reboot","Thunder Strike"],"picked":"Hyperbeam","floor":16},{"not_picked":["Hologram","Self Repair+1"],"picked":"Reinforced Body","floor":18},{"not_picked":["Streamline","Coolheaded"],"picked":"Sunder","floor":20},{"not_picked":["Stack","Streamline"],"picked":"Cold Snap","floor":22}],"player_experience":1655935,"relics_obtained":[{"floor":9,"key":"Frozen Egg 2"},{"floor":12,"key":"Whetstone"}],"event_choices":[{"damage_healed":0,"gold_gain":0,"player_choice":"Take Damage","damage_taken":24,"relics_obtained":["Golden Idol"],"max_hp_gain":0,"max_hp_loss":0,"event_name":"Golden Idol","floor":3,"gold_loss":0},{"damage_healed":0,"gold_gain":0,"player_choice":"Became a Ghost","damage_taken":0,"max_hp_gain":0,"max_hp_loss":36,"event_name":"Ghosts","floor":19,"gold_loss":0,"cards_obtained":["Ghostly","Ghostly","Ghostly"]},{"cards_removed":["Defend_B"],"damage_healed":0,"gold_gain":0,"player_choice":"Elegance","damage_taken":0,"max_hp_gain":0,"max_hp_loss":0,"event_name":"Back to Basics","floor":21,"gold_loss":0}],"is_beta":true,"boss_relics":[{"not_picked":["Calling Bell","Philosopher\u0027s Stone"],"picked":"Astrolabe"}],"items_purged_floors":[14],"is_endless":false,"potions_floor_spawned":[5,7,12,16,18,22],"killed_by":"Book of Stabbing","ascension_level":20}}