{"host":"c95txy58ipbu969e","time":1612587841,"event":{"mods":["Act Like it!","BaseMod","Downfall","Minty Spire (QoL Compilation)","Quick Restart","StSLib"],"gold_per_floor":[99,99,99,99,99,11,34,60,70,83,83,117,140,156,175,278,278,278,297,308,137,222,257,257,257,257,257],"floor_reached":25,"language":"ZHS","playtime":1465,"items_purged":[],"score":272,"play_id":"22ba36c1-14e0-423a-a64a-e25cb30ed6e8","local_time":"20210206130401","is_ascension_mode":true,"campfire_choices":[{"data":"champ:Taunt","floor":1,"key":"SMITH"},{"data":"champ:StrikeOfGenius","floor":18,"key":"SMITH"}],"circlet_count":0,"master_deck":["champ:Strike","champ:Defend","champ:Defend","champ:Defend","champ:Defend","champ:Execute","champ:Taunt+1","champ:Encircle","champ:FanOfKnives","champ:StrikeOfGenius+1","champ:EnchantSword","champ:DeathBlow","champ:StanceDance","champ:SteelEdge","champ:HoldFirm+1","champ:EnchantSword+1","champ:UltimateStance+1","champ:BerserkersShout","champ:Lariat"],"relics":["champ:ChampionCrown","downfall:HeartsMalice","Orichalcum","FossilizedHelix","Akabeko","Astrolabe","PrismaticShard","Smiling Mask","Slimebound:PreparedRelic"],"acts_visited":["Exordium","TheCity"],"potions_floor_usage":[15,16,19,25],"damage_taken":[{"damage":0,"enemies":"Small Slimes","floor":2,"turns":1},{"damage":0,"enemies":"Cultist","floor":3,"turns":1},{"damage":0,"enemies":"Jaw Worm","floor":5,"turns":1},{"damage":10,"enemies":"downfall:FleeingMerchant","floor":6,"turns":4},{"damage":45,"enemies":"Lagavulin","floor":8,"turns":6},{"damage":14,"enemies":"Exordium Wildlife","floor":9,"turns":3},{"damage":9,"enemies":"2 Fungi Beasts","floor":10,"turns":3},{"damage":38,"enemies":"Gremlin Nob","floor":12,"turns":5},{"damage":0,"enemies":"Large Slime","floor":14,"turns":3},{"damage":0,"enemies":"Lots of Slimes","floor":15,"turns":2},{"damage":35,"enemies":"WA_ARCHETYPE_RETAIN","floor":16,"turns":6},{"damage":24,"enemies":"Chosen","floor":19,"turns":5},{"damage":46,"enemies":"Shell Parasite","floor":20,"turns":4},{"damage":20,"enemies":"downfall:FleeingMerchant","floor":21,"turns":4},{"damage":68,"enemies":"Slavers","floor":23,"turns":6},{"damage":23,"enemies":"Book of Stabbing","floor":25,"turns":4}],"seed_played":"-6801776959118602574","potions_obtained":[{"floor":8,"key":"champ:TechniquePotion"},{"floor":9,"key":"FearPotion"},{"floor":10,"key":"Fire Potion"},{"floor":15,"key":"Swift Potion"},{"floor":16,"key":"champ:OpenerPotion"},{"floor":23,"key":"FearPotion"}],"is_trial":false,"path_per_floor":["R","M","M","?","M","$","T","E","M","M","?","E","T","M","M","B",null,"R","M","M","$","?","E","T","E"],"character_chosen":"THE_CHAMP","items_purchased":["champ:EnchantSword","PrismaticShard"],"campfire_rested":0,"item_purchase_floors":[6,21],"current_hp_per_floor":[90,90,90,90,90,90,90,65,61,62,67,49,49,49,49,19,95,95,81,65,65,47,19,19,0,0,0],"gold":257,"neow_bonus":"THREE_ENEMY_KILL","is_daily":false,"chose_seed":false,"campfire_upgraded":2,"win_rate":0.0,"timestamp":1612587841,"path_taken":["R","M","M","?","M","?","T","E","M","?","?","E","?","M","M","BOSS","R","M","M","$","?","E","T","E"],"items_purchased_type":["Card","Relic"],"build_version":"2020-12-22","purchased_purges":0,"victory":false,"max_hp_per_floor":[90,90,90,90,90,90,90,90,90,90,95,95,95,95,95,95,95,95,95,95,95,95,95,95,95,95,95],"card_choices":[{"not_picked":["champ:PreciseThrust","champ:BringItOn"],"picked":"champ:Encircle","floor":2},{"not_picked":["champ:SwordSigil","champ:FlashCut","champ:RapidStrikes"],"picked":"SKIP","floor":3},{"not_picked":["champ:DefensiveShout","champ:HeartStrike"],"picked":"champ:FanOfKnives","floor":5},{"not_picked":["champ:RisingSlash","champ:CalledShot"],"picked":"champ:StrikeOfGenius","floor":6},{"not_picked":["champ:PerfectedStrike","champ:ShieldSlam"],"picked":"champ:DeathBlow","floor":8},{"not_picked":["champ:GutPunch","champ:ArenaPreparation","champ:RecklessLeap"],"picked":"SKIP","floor":9},{"not_picked":["champ:PreciseThrust","champ:ShieldSigil"],"picked":"champ:StanceDance","floor":10},{"not_picked":["champ:DefensiveStyle","champ:RisingSlash","champ:BringItOn"],"picked":"SKIP","floor":12},{"not_picked":["champ:EnGarde","champ:Circumvent","champ:GutPunch"],"picked":"SKIP","floor":14},{"not_picked":["champ:FalseCounter","champ:ShieldSigil","champ:CrownThrow"],"picked":"SKIP","floor":15},{"not_picked":["champ:DancingMaster","champ:EnchantSword"],"picked":"champ:SteelEdge","floor":16},{"not_picked":["champ:ArenaPreparation","champ:ShieldSlam"],"picked":"champ:BerserkersShout","floor":19},{"not_picked":["champ:Circumvent","champ:FanOfKnives"],"picked":"champ:Lariat","floor":20},{"not_picked":["champ:GladiatorStyle+1","champ:ViciousMockery","champ:ArenaPreparation"],"picked":"SKIP","floor":21},{"not_picked":["champ:BladeFlurry","champ:CrownThrow","Guardian:Gem_Crimson"],"picked":"SKIP","floor":23}],"player_experience":551991,"relics_obtained":[{"floor":7,"key":"Orichalcum"},{"floor":8,"key":"FossilizedHelix"},{"floor":12,"key":"Akabeko"},{"floor":23,"key":"Smiling Mask"},{"floor":24,"key":"Slimebound:PreparedRelic"}],"event_choices":[{"damage_healed":0,"gold_gain":0,"player_choice":"Donut","damage_taken":0,"max_hp_gain":5,"max_hp_loss":0,"event_name":"Big Fish","floor":11,"gold_loss":0}],"is_beta":false,"boss_relics":[{"not_picked":["SlaversCollar","Velvet Choker"],"picked":"Astrolabe"}],"items_purged_floors":[],"is_endless":false,"potions_floor_spawned":[8,9,10,14,15,16,23],"killed_by":"Book of Stabbing","ascension_level":4}}