{"host":"qgrlfjrqk9z96gfi","time":1612633182,"event":{"mods":["BaseMod","Block Reminder","Colored Map","Custom Start","DeckTracker","Minty Spire (QoL Compilation)"],"gold_per_floor":[118,118,393,15,34,68,68,10,10,10,25,56,70,85,85,156,156,169,169,169,186,186,186,186,212,212,212,223,241,269,16,16,93,93,104,104,51,51,63,63,93,93,145,145,175,195,211,222,222,222,222],"floor_reached":50,"language":"ENG","playtime":2143,"items_purged":["Regret"],"score":1171,"play_id":"771f049f-9311-4a70-874a-e1840c376545","local_time":"20210206073942","is_ascension_mode":true,"campfire_choices":[{"data":"Noxious Fumes","floor":7,"key":"SMITH"},{"data":"Footwork","floor":15,"key":"SMITH"},{"floor":23,"key":"REST"},{"data":"Adrenaline","floor":27,"key":"SMITH"},{"floor":32,"key":"REST"},{"floor":40,"key":"REST"},{"data":"Accuracy","floor":44,"key":"SMITH"},{"data":"Blade Dance","floor":49,"key":"SMITH"}],"circlet_count":0,"master_deck":["AscendersBane","Strike_G+1","Defend_G","Defend_G+1","Defend_G","Defend_G","Defend_G","Survivor","Neutralize","Dagger Spray","Footwork+1","Noxious Fumes+1","Quick Slash+1","Cloak And Dagger","Adrenaline+1","Footwork","Blade Dance+1","Calculated Gamble","Tools of the Trade","Flechettes+1","Leg Sweep+1","Accuracy+1","Night Terror+1","PiercingWail","Crippling Poison","PiercingWail","Dodge and Roll","Infinite Blades","Phantasmal Killer+1","Terror+1","Adrenaline+1","Malaise+1","Acrobatics+1","Neutralize+1","Deflect+1","Pain","Prepared+1","Backflip+1","Regret","Leg Sweep+1","Acrobatics+1","Backflip+1"],"relics":["Ring of the Snake","NeowsBlessing","TwistedFunnel","Ornamental Fan","White Beast Statue","Regal Pillow","Du-Vu Doll","Astrolabe","Lantern","Toxic Egg 2","Incense Burner","Cursed Key","Whetstone","CaptainsWheel","Vajra"],"acts_visited":["Exordium","TheCity","TheBeyond"],"potions_floor_usage":[12,16,25,29,39,41,50],"damage_taken":[{"damage":0,"enemies":"Small Slimes","floor":1,"turns":1},{"damage":0,"enemies":"Cultist","floor":5,"turns":1},{"damage":0,"enemies":"Gremlin Nob","floor":6,"turns":1},{"damage":0,"enemies":"2 Louse","floor":11,"turns":2},{"damage":7,"enemies":"3 Sentries","floor":12,"turns":6},{"damage":0,"enemies":"Lots of Slimes","floor":13,"turns":1},{"damage":10,"enemies":"Exordium Thugs","floor":14,"turns":5},{"damage":6,"enemies":"Hexaghost","floor":16,"turns":10},{"damage":3,"enemies":"Chosen","floor":18,"turns":6},{"damage":18,"enemies":"2 Thieves","floor":21,"turns":5},{"damage":16,"enemies":"Book of Stabbing","floor":25,"turns":7},{"damage":1,"enemies":"Snecko","floor":28,"turns":8},{"damage":13,"enemies":"Shelled Parasite and Fungi","floor":29,"turns":6},{"damage":8,"enemies":"Gremlin Leader","floor":30,"turns":6},{"damage":31,"enemies":"Collector","floor":33,"turns":7},{"damage":27,"enemies":"Orb Walker","floor":35,"turns":5},{"damage":13,"enemies":"3 Darklings","floor":39,"turns":5},{"damage":31,"enemies":"Giant Head","floor":41,"turns":6},{"damage":21,"enemies":"Nemesis","floor":45,"turns":7},{"damage":2,"enemies":"Maw","floor":46,"turns":6},{"damage":3,"enemies":"Jaw Worm Horde","floor":47,"turns":6},{"damage":0,"enemies":"Writhing Mass","floor":48,"turns":3},{"damage":76,"enemies":"Time Eater","floor":50,"turns":14}],"seed_played":"2389744064387921173","potions_obtained":[{"floor":5,"key":"Weak Potion"},{"floor":11,"key":"SteroidPotion"},{"floor":12,"key":"Dexterity Potion"},{"floor":14,"key":"Regen Potion"},{"floor":16,"key":"Explosive Potion"},{"floor":18,"key":"DistilledChaos"},{"floor":25,"key":"Weak Potion"},{"floor":29,"key":"GhostInAJar"},{"floor":30,"key":"Poison Potion"},{"floor":39,"key":"FairyPotion"},{"floor":41,"key":"EntropicBrew"}],"is_trial":false,"path_per_floor":["M","?","?","$","M","E","R","$","T","?","M","E","M","M","R","B",null,"M","?","$","M","?","R","?","E","T","R","M","M","E","$","R","B",null,"M","?","$","T","M","R","E","?","T","R","E","M","M","M","R","B"],"character_chosen":"THE_SILENT","items_purchased":["TwistedFunnel","Footwork","BlessingOfTheForge","Cloak And Dagger","Terror+1","Adrenaline+1","Deflect+1"],"campfire_rested":3,"item_purchase_floors":[4,4,4,8,31,31,37],"current_hp_per_floor":[59,39,39,39,39,39,39,39,39,34,34,27,27,17,17,26,56,53,53,53,35,35,66,66,50,50,50,49,36,28,28,62,31,57,30,30,30,30,17,51,20,76,76,76,55,53,50,50,50,0,0],"gold":222,"neow_bonus":"THREE_ENEMY_KILL","is_daily":false,"chose_seed":false,"campfire_upgraded":5,"win_rate":0.0,"timestamp":1612633182,"path_taken":["M","?","?","$","?","E","R","$","T","?","M","E","M","M","R","BOSS","M","?","$","?","?","R","?","E","T","R","?","M","E","$","R","BOSS","M","?","$","?","?","R","E","?","T","R","E","?","M","M","R","BOSS"],"items_purchased_type":["Relic","Card","Potion","Card","Card","Card","Card"],"build_version":"2020-12-22","purchased_purges":1,"victory":false,"max_hp_per_floor":[66,66,66,66,66,66,66,66,66,66,66,66,66,66,66,66,66,66,66,66,66,66,66,66,66,66,66,66,66,66,66,66,66,66,66,66,66,66,66,66,66,76,76,76,76,76,76,76,76,76,76],"card_choices":[{"not_picked":["Bane","Flying Knee"],"picked":"Dagger Spray","floor":1},{"not_picked":["Deflect","PiercingWail"],"picked":"Noxious Fumes","floor":5},{"not_picked":["Bane","Sucker Punch"],"picked":"Quick Slash","floor":6},{"not_picked":["Eviscerate","Outmaneuver"],"picked":"Adrenaline","floor":11},{"not_picked":["Infinite Blades","Storm of Steel"],"picked":"Footwork","floor":12},{"not_picked":["Predator","Slice"],"picked":"Blade Dance","floor":13},{"not_picked":["Bane","Caltrops"],"picked":"Calculated Gamble","floor":14},{"not_picked":["Venomology","Bullet Time"],"picked":"Tools of the Trade","floor":16},{"not_picked":["Dodge and Roll","Outmaneuver"],"picked":"Accuracy","floor":18},{"not_picked":["Underhanded Strike","Backstab"],"picked":"PiercingWail","floor":21},{"not_picked":["Dagger Spray","Bouncing Flask"],"picked":"Dodge and Roll","floor":25},{"not_picked":["Caltrops","Sucker Punch","Poisoned Stab"],"picked":"SKIP","floor":28},{"not_picked":["Expertise+1","PiercingWail+1"],"picked":"Infinite Blades","floor":29},{"not_picked":["Riddle With Holes","Prepared+1"],"picked":"Phantasmal Killer+1","floor":30},{"not_picked":["Night Terror+1","Glass Knife"],"picked":"Malaise+1","floor":33},{"not_picked":["Eviscerate","Dagger Spray+1","Poisoned Stab+1"],"picked":"SKIP","floor":35},{"not_picked":["Dagger Throw+1","Flying Knee+1"],"picked":"Prepared+1","floor":39},{"not_picked":["Outmaneuver+1","Dagger Throw+1"],"picked":"Backflip+1","floor":41},{"not_picked":["Outmaneuver+1","Bane"],"picked":"Leg Sweep+1","floor":45},{"not_picked":["Night Terror+1","Dagger Throw+1"],"picked":"Acrobatics+1","floor":46},{"not_picked":["PiercingWail+1","Dagger Spray+1","Bouncing Flask+1"],"picked":"SKIP","floor":47},{"not_picked":["Prepared+1","Poisoned Stab"],"picked":"Backflip+1","floor":48}],"player_experience":1116729,"relics_obtained":[{"floor":6,"key":"Ornamental Fan"},{"floor":9,"key":"White Beast Statue"},{"floor":12,"key":"Du-Vu Doll"},{"floor":25,"key":"Lantern"},{"floor":26,"key":"Toxic Egg 2"},{"floor":30,"key":"Incense Burner"},{"floor":38,"key":"Whetstone"},{"floor":41,"key":"CaptainsWheel"},{"floor":45,"key":"Vajra"}],"event_choices":[{"damage_healed":0,"gold_gain":0,"player_choice":"Entered Light","damage_taken":20,"max_hp_gain":0,"max_hp_loss":0,"event_name":"Shining Light","floor":2,"gold_loss":0,"cards_upgraded":["Strike_G","Defend_G"]},{"damage_healed":0,"gold_gain":275,"player_choice":"Desecrate","damage_taken":0,"max_hp_gain":0,"max_hp_loss":0,"event_name":"Golden Shrine","floor":3,"gold_loss":0,"cards_obtained":["Regret"]},{"damage_healed":0,"gold_gain":0,"player_choice":"Success","damage_taken":5,"relics_obtained":["Regal Pillow"],"max_hp_gain":0,"max_hp_loss":0,"event_name":"Scrap Ooze","floor":10,"gold_loss":0},{"damage_healed":0,"gold_gain":0,"player_choice":"2 cards matched","damage_taken":0,"max_hp_gain":0,"max_hp_loss":0,"event_name":"Match and Keep!","floor":19,"gold_loss":0,"cards_obtained":["Night Terror","Neutralize"]},{"damage_healed":0,"gold_gain":0,"cards_transformed":["Strike_G","Neutralize"],"player_choice":"Became Test Subject","damage_taken":0,"max_hp_gain":0,"max_hp_loss":0,"event_name":"Drug Dealer","floor":22,"gold_loss":0,"cards_obtained":["Crippling Poison","PiercingWail"]},{"damage_healed":0,"gold_gain":0,"player_choice":"Upgraded","damage_taken":0,"max_hp_gain":0,"max_hp_loss":0,"event_name":"Upgrade Shrine","floor":24,"gold_loss":0,"cards_upgraded":["Night Terror"]},{"damage_healed":0,"gold_gain":0,"player_choice":"2 cards matched","damage_taken":0,"max_hp_gain":0,"max_hp_loss":0,"event_name":"Match and Keep!","floor":36,"gold_loss":0,"cards_obtained":["Acrobatics","Neutralize"]},{"cards_removed":["Storm of Steel"],"damage_healed":46,"gold_gain":0,"player_choice":"Offered Rare","damage_taken":0,"max_hp_gain":10,"max_hp_loss":0,"event_name":"Bonfire Elementals","floor":42,"gold_loss":0}],"is_beta":false,"boss_relics":[{"not_picked":["Coffee Dripper","Calling Bell"],"picked":"Astrolabe"},{"not_picked":["Runic Pyramid","Ring of the Serpent"],"picked":"Cursed Key"}],"items_purged_floors":[4],"is_endless":false,"potions_floor_spawned":[5,11,12,13,14,16,18,21,25,28,29,30,33,35,39,41,45,46,47,48],"killed_by":"Time Eater","ascension_level":20}}