{"host":"92wikg47w8puei5b","time":1612635994,"event":{"mods":["BaseMod","Better Match","Better Note","Better Skull","Better Third Choice","Better-Laid Plans","Colored Map","Downfall","Emptier Cage","Highlight Path","Hubris","Minty Spire (QoL Compilation)","StSLib","The Problem Sleuth"],"gold_per_floor":[99,110,126,142,161,161,210,227,237,101,113,113,144,159,169,264,264,264,280,280,331,331,331,331,366,424,424,424,424],"floor_reached":27,"language":"ENG","playtime":4136,"items_purged":["theSleuth:Strike"],"score":239,"play_id":"2b50a78e-3e48-4cc6-817e-36249124b1dc","local_time":"20210206132634","is_ascension_mode":false,"campfire_choices":[{"data":"theSleuth:KeyHandgun","floor":1,"key":"SMITH"},{"data":"theSleuth:TootsieRollFrankenstein","floor":18,"key":"SMITH"}],"circlet_count":0,"master_deck":["theSleuth:KeyHandgun+1","theSleuth:TakeInventory","theSleuth:Diplomacy","theSleuth:Tootshotgun","theSleuth:Leer+1","theSleuth:FlaskOfWhiskey","theSleuth:Fortify","theSleuth:PezUzi","theSleuth:ThinkAhead","theSleuth:HandCannon","theSleuth:Pepperminthryl","theSleuth:Fortune","theSleuth:Pepperminthryl","theSleuth:Ogle","theSleuth:TootsieRollFrankenstein+1","theSleuth:CandyCorn","theSleuth:Joust","theSleuth:HeroBust","theSleuth:Ogle","theSleuth:CandyMech","theSleuth:BiteHardly","theSleuth:CharismaBlast+1","theSleuth:TorsoFlail","theSleuth:CandyMech","theSleuth:TruffleShuffle"],"relics":["theSleuth:Typewriter","hubris:AstralHammer","hubris:SlimyHat","Oddly Smooth Stone","Pandora\u0027s Box","downfall:KnowingSkull","PreservedInsect","Bronze Scales"],"acts_visited":["Exordium","TheCity"],"potions_floor_usage":[5,13,16,25,25,26,27],"damage_taken":[{"damage":2,"enemies":"2 Louse","floor":2,"turns":3},{"damage":0,"enemies":"Cultist","floor":3,"turns":3},{"damage":0,"enemies":"Jaw Worm","floor":4,"turns":4},{"damage":0,"enemies":"Blue Slaver","floor":5,"turns":4},{"damage":0,"enemies":"Exordium Wildlife","floor":8,"turns":4},{"damage":1,"enemies":"Exordium Thugs","floor":9,"turns":5},{"damage":3,"enemies":"downfall:FleeingMerchant","floor":10,"turns":4},{"damage":10,"enemies":"Blue Slaver","floor":11,"turns":4},{"damage":14,"enemies":"Gremlin Nob","floor":13,"turns":4},{"damage":5,"enemies":"Lots of Slimes","floor":14,"turns":5},{"damage":7,"enemies":"Red Slaver","floor":15,"turns":3},{"damage":29,"enemies":"WA_ARCHETYPE_RETAIN","floor":16,"turns":5},{"damage":5,"enemies":"Shell Parasite","floor":19,"turns":6},{"damage":3,"enemies":"3 Byrds","floor":21,"turns":8},{"damage":41,"enemies":"Gremlin Leader","floor":25,"turns":4},{"damage":22,"enemies":"Snake Plant","floor":26,"turns":4},{"damage":3,"enemies":"Sentry and Sphere","floor":27,"turns":2}],"seed_played":"-3424326901177860057","potions_obtained":[{"floor":2,"key":"CultistPotion"},{"floor":4,"key":"Energy Potion"},{"floor":5,"key":"Regen Potion"},{"floor":13,"key":"sneckomod:MuddlingPotion"},{"floor":15,"key":"Fire Potion"},{"floor":16,"key":"Dexterity Potion"},{"floor":21,"key":"Fire Potion"},{"floor":25,"key":"Guardian:BlockOnCardUsePotion"},{"floor":26,"key":"AttackPotion"}],"is_trial":false,"path_per_floor":["R","M","M","M","M","?","T","M","M","$","M","?","E","M","M","B",null,"R","M","?","M","?","?","T","E","M","M"],"character_chosen":"THE_sleuth","items_purchased":["theSleuth:Pepperminthryl"],"campfire_rested":0,"item_purchase_floors":[10],"current_hp_per_floor":[52,50,50,50,50,50,50,50,49,46,36,54,49,44,37,8,73,73,68,68,65,65,65,65,24,2,0,0,0],"gold":424,"neow_bonus":"ONE_RARE_RELIC","is_daily":false,"chose_seed":false,"campfire_upgraded":2,"win_rate":0.0,"timestamp":1612635994,"path_taken":["R","M","M","M","M","?","T","M","M","$","M","?","E","M","M","BOSS","R","M","?","M","?","?","T","E","M","M"],"items_purchased_type":["Card"],"build_version":"2020-12-22","purchased_purges":1,"victory":false,"max_hp_per_floor":[73,73,73,73,73,73,73,73,73,73,73,73,73,73,73,73,73,73,73,73,73,73,70,70,70,70,70,70,70],"card_choices":[{"not_picked":["theSleuth:FlaskOfWhiskey","theSleuth:CandyCorn"],"picked":"theSleuth:Tootshotgun","floor":2},{"not_picked":["theSleuth:BiteHardly","theSleuth:Pepperminthryl"],"picked":"theSleuth:Leer","floor":3},{"not_picked":["theSleuth:Taze","theSleuth:Fortify"],"picked":"theSleuth:FlaskOfWhiskey","floor":4},{"not_picked":["theSleuth:UnDeEscalate","theSleuth:OpportunityCost"],"picked":"theSleuth:Fortify","floor":5},{"not_picked":["theSleuth:Ogle","theSleuth:FlaskOfWhiskey"],"picked":"theSleuth:PezUzi","floor":8},{"not_picked":["theSleuth:CandyMech","theSleuth:BellyOTheWhale"],"picked":"theSleuth:ThinkAhead","floor":9},{"not_picked":["theSleuth:Treaty","theSleuth:GummyWormZombie"],"picked":"theSleuth:HandCannon","floor":10},{"not_picked":["theSleuth:Pepperminthryl","theSleuth:CharismaBlast"],"picked":"theSleuth:Fortune","floor":11},{"not_picked":["theSleuth:VictoryPose","theSleuth:KingpinBust","theSleuth:LeverageHeight"],"picked":"SKIP","floor":13},{"not_picked":["theSleuth:BellyOTheWhale","theSleuth:TorsoFlail"],"picked":"theSleuth:Pepperminthryl","floor":14},{"not_picked":["theSleuth:TorsoFlail","theSleuth:Taze"],"picked":"theSleuth:Ogle","floor":15},{"not_picked":["theSleuth:Diabeatdown","theSleuth:GummyWormZombie"],"picked":"theSleuth:TootsieRollFrankenstein","floor":16},{"not_picked":["theSleuth:Appropriate","theSleuth:Treaty+1"],"picked":"theSleuth:CharismaBlast+1","floor":19},{"not_picked":["theSleuth:WilsonBust","theSleuth:SnoopDoggBust"],"picked":"theSleuth:TorsoFlail","floor":21},{"not_picked":["theSleuth:VictoryPose","theSleuth:SnoopDoggBust"],"picked":"theSleuth:CandyMech","floor":25},{"not_picked":["theSleuth:Parry","theSleuth:PezUzi"],"picked":"theSleuth:TruffleShuffle","floor":26}],"player_experience":560851,"relics_obtained":[{"floor":7,"key":"hubris:SlimyHat"},{"floor":13,"key":"Oddly Smooth Stone"},{"floor":24,"key":"PreservedInsect"},{"floor":25,"key":"Bronze Scales"}],"event_choices":[{"damage_healed":0,"gold_gain":0,"player_choice":"Grow","damage_taken":0,"max_hp_gain":0,"max_hp_loss":0,"event_name":"Living Wall","floor":6,"gold_loss":0,"cards_upgraded":["theSleuth:Leer"]},{"damage_healed":18,"gold_gain":0,"player_choice":"Healed and dodged fight","damage_taken":0,"max_hp_gain":0,"max_hp_loss":0,"event_name":"Mushrooms","floor":12,"gold_loss":0,"cards_obtained":["Parasite"]},{"cards_removed":["Parasite"],"damage_healed":0,"gold_gain":0,"player_choice":"Give","damage_taken":0,"max_hp_gain":0,"max_hp_loss":0,"event_name":"betterNote:BetterNote","floor":22,"gold_loss":0,"cards_obtained":["downfall:Haunted"]}],"is_beta":false,"boss_relics":[{"not_picked":["theSleuth:MegatonKey","Fusion Hammer"],"picked":"Pandora\u0027s Box"}],"items_purged_floors":[10],"is_endless":false,"potions_floor_spawned":[2,4,5,13,15,16,21,25,26],"killed_by":"Sentry and Sphere","ascension_level":0}}