{"host":"z9x5nldzhmx4jdfi","time":1612648192,"event":{"mods":["2.2 Compatiblity","BaseMod","Better Altar","Better Match","Better Note","Better Sensory Stone","Better Skull","Better Third Choice","BetterRewards","Block Reminder","Card Filter","Colored Powertips","Infinite Spire","Minty Spire (QoL Compilation)","Relic Filter","StSLib","Td1madao Mod","The Animator","The Servant 0.9.4","Wandering Minibosses"],"gold_per_floor":[124,84,107,22,22,22,55,55,82,82,48,106,129,129,129,129,129],"floor_reached":16,"language":"ENG","playtime":551,"items_purged":[],"score":147,"play_id":"e1ac1ec0-1185-4305-b59e-b8de1001af5b","local_time":"20210206154952","is_ascension_mode":true,"campfire_choices":[{"data":"infinitespire:NeuralNetwork","floor":6.0,"key":"SMITH"},{"data":"animator:Tyuule","floor":8.0,"key":"SMITH"},{"floor":15.0,"key":"REST"}],"circlet_count":0,"master_deck":["AscendersBane","animator:Strike_Fate","animator:Defend_Fate","animator:Strike","animator:Strike","animator:Strike","animator:Defend","animator:Defend","animator:Defend","animator:Alexander","animator:Rider","animator:DwarfShaman","animator:Lancer","animator:Archer","animator:Tyuule+1","infinitespire:NeuralNetwork+1","animator:SakuraMatou","animator:Berserker+1","animator:RinTohsaka"],"relics":["animator:LivingPicture","animator:TheMissingPiece","Omamori","Tiny Chest"],"acts_visited":["Exordium"],"potions_floor_usage":[],"damage_taken":[{"damage":0.0,"enemies":"2 Louse","floor":1.0,"turns":3.0},{"damage":23.0,"enemies":"Cultist","floor":3.0,"turns":5.0},{"damage":15.0,"enemies":"Lagavulin","floor":7.0,"turns":6.0},{"damage":5.0,"enemies":"Small Slimes","floor":12.0,"turns":3.0},{"damage":1.0,"enemies":"3 Louse","floor":13.0,"turns":4.0},{"damage":33,"enemies":"Slime Boss","floor":16,"turns":3}],"seed_played":"-5845380528717930140","potions_obtained":[{"floor":1.0,"key":"Strength Potion"},{"floor":2.0,"key":"Strength Potion"},{"floor":2.0,"key":"animator:FalseLifePotion"},{"floor":7.0,"key":"AttackPotion"}],"is_trial":false,"path_per_floor":["M","?","M","$","?","R","E","R","T","?","$","M","M","?","R","B"],"character_chosen":"THE_ANIMATOR","items_purchased":["animator:Archer","animator:Tyuule","animator:SakuraMatou"],"campfire_rested":1,"item_purchase_floors":[4,4,11],"current_hp_per_floor":[65,65,42,42,24,24,9,9,9,9,9,5,4,4,25,0,0],"gold":129,"neow_bonus":"TEN_PERCENT_HP_BONUS","is_daily":false,"chose_seed":false,"campfire_upgraded":2,"win_rate":0.0,"timestamp":1612648192,"path_taken":["M","?","M","?","?","R","E","R","T","?","?","M","M","?","R","BOSS"],"items_purchased_type":["Card","Card","Card"],"build_version":"2020-12-22","purchased_purges":0,"victory":false,"max_hp_per_floor":[72,72,72,72,72,72,72,72,72,72,72,73,73,73,73,73,73],"card_choices":[{"not_picked":["animator:Ara","animator:Shigure"],"picked":"animator:DwarfShaman","floor":1.0},{"not_picked":["animator:Arpeggio","animator:Spearman"],"picked":"animator:Lancer","floor":3.0},{"not_picked":["infinitespire:DeathsTouch","infinitespire:Fortify"],"picked":"infinitespire:NeuralNetwork","floor":5.0},{"not_picked":["animator:Gillette","animator:Cocytus","animator:Layla"],"picked":"SKIP","floor":7.0},{"not_picked":["animator:Lancer","animator:Rider"],"picked":"animator:Berserker","floor":12.0},{"not_picked":["animator:Mikaela","animator:Viivi"],"picked":"animator:RinTohsaka","floor":13.0}],"player_experience":1517806,"relics_obtained":[{"floor":7.0,"key":"Omamori"},{"floor":9.0,"key":"Tiny Chest"}],"event_choices":[{"damage_healed":0.0,"max_hp_gain":0.0,"max_hp_loss":0.0,"gold_gain":0.0,"event_name":"The Woman in Blue","player_choice":"Bought 3 Potions","floor":2.0,"gold_loss":0.0,"damage_taken":0.0},{"damage_healed":0.0,"max_hp_gain":0.0,"max_hp_loss":0.0,"gold_gain":0.0,"event_name":"betterThird:BetterSerpent","player_choice":"Ignored","floor":10.0,"gold_loss":0.0,"damage_taken":82.0},{"damage_healed":0.0,"max_hp_gain":0.0,"max_hp_loss":0.0,"gold_gain":0.0,"event_name":"Living Wall","player_choice":"Grow","floor":14.0,"gold_loss":0.0,"damage_taken":0.0,"cards_upgraded":["animator:Berserker"]}],"is_beta":false,"boss_relics":[],"items_purged_floors":[],"is_endless":false,"potions_floor_spawned":[1,3,7],"killed_by":"Slime Boss","ascension_level":10}}