{"host":"2ty4h143nj8vwezc","time":1612641481,"event":{"mods":["BaseMod","Colored Map","Googly Eyes","Highlight Path","Minty Spire (QoL Compilation)","Quick Restart","StSLib"],"gold_per_floor":[119,119,135,155,126,153,153,185,210,225,225,238,238,263,263,341,341,359,359,359,377,377,377],"floor_reached":22,"language":"ENG","playtime":903,"items_purged":[],"score":408,"play_id":"386d3c13-8f0a-4746-bf78-6e935e278950","local_time":"20210206145801","is_ascension_mode":true,"campfire_choices":[{"data":"Catalyst","floor":7.0,"key":"SMITH"},{"floor":11.0,"key":"REST"},{"floor":13.0,"key":"REST"},{"floor":15.0,"key":"REST"}],"circlet_count":0,"master_deck":["AscendersBane","Strike_G","Strike_G","Strike_G","Strike_G+1","Defend_G","Defend_G","Defend_G","Defend_G","Defend_G","Survivor","Neutralize+1","Caltrops","Backstab","Blade Dance","Noxious Fumes","PiercingWail","Catalyst+1","Bane","Deadly Poison","Well Laid Plans","Burst"],"relics":["Cursed Key","Whetstone","Vajra","Bronze Scales","Philosopher\u0027s Stone"],"acts_visited":["Exordium","TheCity"],"potions_floor_usage":[21,21,22],"damage_taken":[{"damage":0.0,"enemies":"2 Louse","floor":1.0,"turns":4.0},{"damage":1.0,"enemies":"Cultist","floor":3.0,"turns":4.0},{"damage":2.0,"enemies":"Jaw Worm","floor":4.0,"turns":3.0},{"damage":5.0,"enemies":"Lagavulin","floor":6.0,"turns":7.0},{"damage":37.0,"enemies":"3 Sentries","floor":8.0,"turns":7.0},{"damage":5.0,"enemies":"Lots of Slimes","floor":10.0,"turns":4.0},{"damage":9.0,"enemies":"Gremlin Gang","floor":12.0,"turns":5.0},{"damage":31.0,"enemies":"Gremlin Nob","floor":14.0,"turns":4.0},{"damage":11,"enemies":"The Guardian","floor":16,"turns":8},{"damage":22,"enemies":"3 Byrds","floor":18,"turns":4},{"damage":20,"enemies":"Shell Parasite","floor":21,"turns":3},{"damage":16,"enemies":"Snecko","floor":22,"turns":3}],"seed_played":"-532356015914059858","potions_obtained":[{"floor":1.0,"key":"EntropicBrew"},{"floor":3.0,"key":"EssenceOfSteel"},{"floor":14.0,"key":"LiquidBronze"},{"floor":18,"key":"AttackPotion"},{"floor":21,"key":"DuplicationPotion"}],"is_trial":false,"path_per_floor":["M","?","M","M","$","E","R","E","T","M","R","M","R","E","R","B",null,"M","?","?","M","M"],"character_chosen":"THE_SILENT","items_purchased":["PiercingWail"],"campfire_rested":3,"item_purchase_floors":[5],"current_hp_per_floor":[59,59,58,56,56,51,51,14,14,9,28,19,38,7,26,15,53,31,31,31,11,0,0],"gold":377,"neow_bonus":"BOSS_RELIC","is_daily":false,"chose_seed":false,"campfire_upgraded":1,"win_rate":0.0,"timestamp":1612641481,"path_taken":["M","?","M","M","$","E","R","E","T","M","R","?","R","E","R","BOSS","M","?","?","M","?"],"items_purchased_type":["Card"],"build_version":"2020-12-22","purchased_purges":0,"victory":false,"max_hp_per_floor":[66,66,66,66,66,66,66,66,66,66,66,66,66,66,66,66,66,66,66,66,66,66,66],"card_choices":[{"not_picked":["Dodge and Roll","Deadly Poison"],"picked":"Caltrops","floor":1.0},{"not_picked":["Backflip","Slice"],"picked":"Blade Dance","floor":3.0},{"not_picked":["Deadly Poison","Slice"],"picked":"Noxious Fumes","floor":4.0},{"not_picked":["Heel Hook","Masterful Stab"],"picked":"Catalyst","floor":6.0},{"not_picked":["Terror","Setup"],"picked":"Bane","floor":8.0},{"not_picked":["Outmaneuver","Quick Slash","Flying Knee"],"picked":"SKIP","floor":10.0},{"not_picked":["Prepared","Deflect"],"picked":"Deadly Poison","floor":12.0},{"not_picked":["Sucker Punch","Doppelganger"],"picked":"Well Laid Plans","floor":14.0},{"not_picked":["Tools of the Trade","Venomology"],"picked":"Burst","floor":16},{"not_picked":["Bane","Eviscerate","Expertise"],"picked":"SKIP","floor":18},{"not_picked":["Prepared","Blade Dance","Underhanded Strike"],"picked":"SKIP","floor":21}],"player_experience":355336,"relics_obtained":[{"floor":6.0,"key":"Whetstone"},{"floor":8.0,"key":"Vajra"},{"floor":14.0,"key":"Bronze Scales"}],"event_choices":[{"damage_healed":0.0,"max_hp_gain":0.0,"max_hp_loss":0.0,"gold_gain":0.0,"cards_transformed":["Strike_G"],"event_name":"Transmorgrifier","player_choice":"Transformed","floor":2.0,"gold_loss":0.0,"damage_taken":0.0,"cards_obtained":["Backstab"]},{"damage_healed":0,"gold_gain":0,"player_choice":"Smashed Altar","damage_taken":0,"max_hp_gain":0,"max_hp_loss":0,"event_name":"Forgotten Altar","floor":19,"gold_loss":0,"cards_obtained":["Decay"]},{"cards_removed":["Decay","Injury"],"damage_healed":0,"gold_gain":0,"player_choice":"Removed Curses","damage_taken":0,"max_hp_gain":0,"max_hp_loss":0,"event_name":"Fountain of Cleansing","floor":20,"gold_loss":0}],"is_beta":false,"boss_relics":[{"not_picked":["Empty Cage","Fusion Hammer"],"picked":"Philosopher\u0027s Stone"}],"items_purged_floors":[],"is_endless":false,"potions_floor_spawned":[1,3,4,14,18,21],"killed_by":"Snecko","ascension_level":20}}