{"host":"qm4rv4rkpk76sbxu","time":1612650780,"event":{"mods":["BaseMod","Bestiary","Block Reminder","DeckTracker","Filter the Spire","Keyboard Shortcuts","Minty Spire (QoL Compilation)","MonsterHotkey","Quick Restart","Random Character Button","Relic Stats","Slay-I","StSLib","Unceasing Turn Reminder","ojb\u0027s Better Paths Mod","ojb\u0027s Info Mod"],"gold_per_floor":[113,113,63,63,78,78,107,118,144,144,178,233,40,70,70,166,166,186,186,186,201,201,233,259,259,259,287,319,332,332,358,358,462,462,473,473,489,535,390,415,415,431,431,484,484,519,103,134,134,134,134,134,38,69,69,69],"floor_reached":55,"language":"ENG","playtime":2719,"items_purged":[],"score":1237,"play_id":"5bae3edc-ee96-4115-8765-755099959613","local_time":"20210206233300","is_ascension_mode":true,"campfire_choices":[{"data":"Cloak And Dagger","floor":6.0,"key":"SMITH"},{"data":"Eviscerate","floor":15.0,"key":"SMITH"},{"data":"Ghostly","floor":25,"key":"SMITH"},{"data":"Ghostly","floor":30,"key":"SMITH"},{"data":"Ghostly","floor":32,"key":"SMITH"},{"data":"Ghostly","floor":41,"key":"SMITH"},{"floor":45,"key":"RECALL"},{"data":"Concentrate","floor":49,"key":"SMITH"},{"data":"Night Terror","floor":52,"key":"SMITH"}],"circlet_count":0,"master_deck":["Defend_G","Defend_G","Defend_G","Survivor+1","Neutralize","Cloak And Dagger+1","Dagger Throw","Endless Agony","Deflect","All Out Attack","Eviscerate+1","Terror","Malaise","Underhanded Strike","Ghostly+1","Ghostly+1","Ghostly+1","Ghostly+1","Ghostly","Bite","Bite","Bite","Bite","Bite","Acrobatics+1","Predator+1","Corpse Explosion","Prepared+1","Prepared+1","Concentrate+1","Backflip+1","Night Terror+1","Slice","Leg Sweep+1","Deflect+1"],"relics":["Ring of the Snake","Bird Faced Urn","Juzu Bracelet","Akabeko","WingedGreaves","Art of War","Omamori","HoveringKite","MutagenicStrength","Gremlin Horn","PreservedInsect","Gambling Chip","Bag of Preparation","Tough Bandages","Red Mask","Coffee Dripper","Toy Ornithopter","OrangePellets","Unceasing Top","Prayer Wheel","Darkstone Periapt","Kunai","Regal Pillow","Nunchaku"],"acts_visited":["Exordium","TheCity","TheBeyond","TheEnding"],"potions_floor_usage":[16,16,24,24,33,55,55,55,55,55,55],"damage_taken":[{"damage":0.0,"enemies":"2 Louse","floor":1.0,"turns":2.0},{"damage":1.0,"enemies":"Jaw Worm","floor":5.0,"turns":3.0},{"damage":19.0,"enemies":"3 Sentries","floor":7.0,"turns":9.0},{"damage":0.0,"enemies":"Small Slimes","floor":8.0,"turns":3.0},{"damage":2.0,"enemies":"Gremlin Nob","floor":11.0,"turns":3.0},{"damage":4.0,"enemies":"Gremlin Nob","floor":12.0,"turns":3.0},{"damage":4.0,"enemies":"Lagavulin","floor":14.0,"turns":6.0},{"damage":16,"enemies":"Hexaghost","floor":16,"turns":9},{"damage":3,"enemies":"3 Byrds","floor":18,"turns":5},{"damage":11,"enemies":"2 Thieves","floor":21,"turns":3},{"damage":11,"enemies":"Slavers","floor":23,"turns":7},{"damage":1,"enemies":"Book of Stabbing","floor":24,"turns":5},{"damage":0,"enemies":"Gremlin Leader","floor":27,"turns":1},{"damage":0,"enemies":"Slavers","floor":28,"turns":2},{"damage":0,"enemies":"Snecko","floor":29,"turns":2},{"damage":0,"enemies":"Masked Bandits","floor":31,"turns":1},{"damage":13,"enemies":"Automaton","floor":33,"turns":6},{"damage":0,"enemies":"3 Shapes","floor":35,"turns":1},{"damage":0,"enemies":"Orb Walker","floor":37,"turns":2},{"damage":0,"enemies":"Nemesis","floor":40,"turns":3},{"damage":0,"enemies":"Sphere and 2 Shapes","floor":42,"turns":2},{"damage":0,"enemies":"2 Orb Walkers","floor":44,"turns":1},{"damage":0,"enemies":"Giant Head","floor":46,"turns":4},{"damage":0,"enemies":"Nemesis","floor":48,"turns":1},{"damage":7,"enemies":"Donu and Deca","floor":50,"turns":6},{"damage":0,"enemies":"Shield and Spear","floor":54,"turns":1},{"damage":39,"enemies":"The Heart","floor":55,"turns":2}],"seed_played":"6880008382497328928","potions_obtained":[{"floor":5.0,"key":"SteroidPotion"},{"floor":7.0,"key":"ColorlessPotion"},{"floor":12.0,"key":"AttackPotion"},{"floor":16,"key":"Swift Potion"},{"floor":21,"key":"Energy Potion"},{"floor":24,"key":"SteroidPotion"},{"floor":28,"key":"Explosive Potion"},{"floor":31,"key":"Poison Potion"},{"floor":35,"key":"ColorlessPotion"},{"floor":37,"key":"GamblersBrew"},{"floor":46,"key":"Energy Potion"}],"is_trial":false,"path_per_floor":["M","?","$","?","M","R","E","M","T","?","E","?","$","E","R","B",null,"M","?","?","M","?","E","E","R","T","E","E","M","R","?","R","B",null,"M","?","M","T","$","E","R","M","T","?","R","E","$","E","R","B",null,"R","$","E","B"],"character_chosen":"THE_SILENT","items_purchased":["Strength Potion","Regen Potion","Eviscerate","Dexterity Potion","OrangePellets","Kunai","Night Terror","Slice","EntropicBrew"],"campfire_rested":0,"item_purchase_floors":[3,13,13,13,39,47,47,47,53],"current_hp_per_floor":[63,50,50,43,42,42,23,23,23,11,9,7,7,5,5,6,63,60,31,31,20,20,21,26,26,26,28,31,31,31,31,31,24,31,31,31,31,31,31,31,31,31,31,31,31,31,31,31,31,30,31,31,31,31,0,0],"gold":69,"neow_bonus":"ONE_RARE_RELIC","is_daily":false,"chose_seed":false,"campfire_upgraded":8,"win_rate":0.0,"timestamp":1612650780,"path_taken":["M","?","?","?","M","R","E","M","T","?","E","?","?","E","R","BOSS","M","?","?","M","?","E","E","R","T","E","E","M","R","?","R","BOSS","M","?","M","?","?","E","R","M","T","?","R","E","$","E","R","BOSS","R","$","E","BOSS"],"items_purchased_type":["Potion","Potion","Card","Potion","Relic","Relic","Card","Card","Potion"],"build_version":"2020-12-22","purchased_purges":0,"victory":false,"max_hp_per_floor":[63,63,63,63,63,63,63,63,63,63,63,63,63,63,63,63,63,63,31,31,31,31,31,31,31,31,31,31,31,31,31,31,31,31,31,31,31,31,31,31,31,31,31,31,31,31,31,31,31,31,31,31,31,31,31,31],"relic_stats":{"Darkstone Periapt":0,"Regal Pillow":0,"Gremlin Horn":[8,8],"counters":[27,93],"HoveringKite":[37],"PreservedInsect":372,"Juzu Bracelet":1,"Bag of Preparation":[29],"OrangePellets":[0],"Tough Bandages":[459],"Nunchaku":[1],"Bird Faced Urn":[0],"Gambling Chip":[98],"Prayer Wheel":0,"Art of War":[1],"Kunai":[8],"obtain_stats":[{"Darkstone Periapt":46,"Regal Pillow":48,"Gremlin Horn":23,"HoveringKite":17,"Juzu Bracelet":7,"Bag of Preparation":27,"Blood Vial":12,"Tough Bandages":28,"Nunchaku":54,"Gambling Chip":26,"Prayer Wheel":44,"WingedGreaves":10,"Red Mask":31,"Kunai":47,"Ring of the Snake":0,"PreservedInsect":24,"Omamori":14,"Akabeko":9,"OrangePellets":39,"Bird Faced Urn":0,"MutagenicStrength":22,"Art of War":11,"Coffee Dripper":34,"Toy Ornithopter":38,"Unceasing Top":40},{"Darkstone Periapt":23,"Regal Pillow":24,"Gremlin Horn":11,"HoveringKite":8,"Juzu Bracelet":3,"Bag of Preparation":13,"Blood Vial":5,"Tough Bandages":14,"Nunchaku":26,"Gambling Chip":12,"Prayer Wheel":22,"WingedGreaves":4,"Red Mask":16,"Kunai":23,"Ring of the Snake":0,"PreservedInsect":12,"Omamori":7,"Akabeko":4,"OrangePellets":19,"Bird Faced Urn":0,"MutagenicStrength":10,"Art of War":5,"Coffee Dripper":17,"Toy Ornithopter":19,"Unceasing Top":20},{"Darkstone Periapt":83,"Regal Pillow":84,"Gremlin Horn":53,"HoveringKite":38,"Juzu Bracelet":14,"Bag of Preparation":59,"Blood Vial":20,"Tough Bandages":61,"Nunchaku":91,"Gambling Chip":58,"Prayer Wheel":79,"WingedGreaves":17,"Red Mask":64,"Kunai":83,"Ring of the Snake":0,"PreservedInsect":58,"Omamori":29,"Akabeko":17,"OrangePellets":73,"Bird Faced Urn":0,"MutagenicStrength":46,"Art of War":20,"Coffee Dripper":70,"Toy Ornithopter":73,"Unceasing Top":76}],"Toy Ornithopter":0,"Unceasing Top":[15],"Ring of the Snake":[54]},"card_choices":[{"not_picked":["Dodge and Roll","Setup"],"picked":"Cloak And Dagger","floor":1.0},{"not_picked":["Infinite Blades","PiercingWail"],"picked":"Dagger Throw","floor":5.0},{"not_picked":["Predator","Setup"],"picked":"Endless Agony","floor":7.0},{"not_picked":["Deflect","Choke","Prepared"],"picked":"SKIP","floor":8.0},{"not_picked":["Dodge and Roll","Caltrops"],"picked":"Deflect","floor":11.0},{"not_picked":["Deflect","Deadly Poison"],"picked":"All Out Attack","floor":12.0},{"not_picked":["Outmaneuver","All Out Attack"],"picked":"Terror","floor":14.0},{"not_picked":["Glass Knife","Grand Finale"],"picked":"Malaise","floor":16},{"not_picked":["Outmaneuver","Distraction+1"],"picked":"Underhanded Strike","floor":18},{"not_picked":["Terror","Bane","Riddle With Holes"],"picked":"SKIP","floor":21},{"not_picked":["Eviscerate","Backflip+1"],"picked":"Acrobatics+1","floor":23},{"not_picked":["Slice","Dagger Throw"],"picked":"Predator+1","floor":24},{"not_picked":["Deflect","Sucker Punch","Concentrate"],"picked":"SKIP","floor":27},{"not_picked":["Slice+1","Acrobatics+1"],"picked":"Corpse Explosion","floor":28},{"not_picked":["Finisher","Backflip"],"picked":"Prepared+1","floor":29},{"not_picked":["Deadly Poison+1","PiercingWail","Bane+1"],"picked":"SKIP","floor":35},{"not_picked":["Predator","Slice+1"],"picked":"Prepared+1","floor":37},{"not_picked":["Slice+1","Predator"],"picked":"Concentrate","floor":40},{"not_picked":["Crippling Poison","Choke","Eviscerate"],"picked":"SKIP","floor":42},{"not_picked":["Reflex","Deflect"],"picked":"Backflip+1","floor":46},{"not_picked":["Escape Plan+1","PiercingWail"],"picked":"Leg Sweep+1","floor":48},{"not_picked":["Venomology","Poisoned Stab"],"picked":"Deflect+1","floor":54}],"player_experience":1517384,"relics_obtained":[{"floor":7.0,"key":"Juzu Bracelet"},{"floor":9.0,"key":"Akabeko"},{"floor":11.0,"key":"Art of War"},{"floor":14.0,"key":"Omamori"},{"floor":23,"key":"Gremlin Horn"},{"floor":24,"key":"PreservedInsect"},{"floor":26,"key":"Gambling Chip"},{"floor":27,"key":"Bag of Preparation"},{"floor":28,"key":"Tough Bandages"},{"floor":31,"key":"Red Mask"},{"floor":38,"key":"Toy Ornithopter"},{"floor":40,"key":"Unceasing Top"},{"floor":44,"key":"Prayer Wheel"},{"floor":46,"key":"Darkstone Periapt"},{"floor":48,"key":"Regal Pillow"},{"floor":54,"key":"Nunchaku"}],"event_choices":[{"damage_healed":0.0,"max_hp_gain":0.0,"max_hp_loss":0.0,"gold_gain":0.0,"event_name":"Shining Light","player_choice":"Entered Light","floor":2.0,"gold_loss":0.0,"damage_taken":13.0,"cards_upgraded":["Survivor","Strike_G"]},{"cards_removed":["Defend_G"],"damage_healed":0.0,"max_hp_gain":0.0,"max_hp_loss":0.0,"gold_gain":0.0,"event_name":"Golden Wing","player_choice":"Card Removal","floor":4.0,"gold_loss":0.0,"damage_taken":7.0},{"damage_healed":0.0,"max_hp_gain":0.0,"max_hp_loss":0.0,"gold_gain":0.0,"event_name":"Scrap Ooze","player_choice":"Success","floor":10.0,"gold_loss":0.0,"damage_taken":12.0,"relics_obtained":["WingedGreaves"]},{"damage_healed":0.0,"max_hp_gain":0.0,"max_hp_loss":0.0,"gold_gain":0.0,"event_name":"Dead Adventurer","player_choice":"Searched \u00272\u0027 times","floor":12.0,"gold_loss":0.0,"damage_taken":0.0,"relics_obtained":["Blood Vial"]},{"damage_healed":0,"gold_gain":0,"player_choice":"Became a Ghost","damage_taken":0,"max_hp_gain":0,"max_hp_loss":32,"event_name":"Ghosts","floor":19,"gold_loss":0,"cards_obtained":["Ghostly","Ghostly","Ghostly","Ghostly","Ghostly"]},{"damage_healed":0,"gold_gain":0,"player_choice":"Became a vampire (Vial)","damage_taken":0,"max_hp_gain":0,"max_hp_loss":0,"event_name":"Vampires","floor":20,"relics_lost":["Blood Vial"],"gold_loss":0,"cards_obtained":["Bite","Bite","Bite","Bite","Bite"]},{"damage_healed":0,"gold_gain":0,"player_choice":"Inject Mutagens","damage_taken":0,"relics_obtained":["MutagenicStrength"],"max_hp_gain":0,"max_hp_loss":0,"event_name":"Drug Dealer","floor":22,"gold_loss":0},{"damage_healed":0,"gold_gain":0,"player_choice":"Fought Bandits","damage_taken":0,"max_hp_gain":0,"max_hp_loss":0,"event_name":"Masked Bandits","floor":31,"gold_loss":0},{"cards_removed":["Defend_G"],"damage_healed":0,"gold_gain":0,"player_choice":"Removed Skill","damage_taken":0,"max_hp_gain":0,"max_hp_loss":0,"event_name":"Falling","floor":36,"gold_loss":0},{"damage_healed":0,"gold_gain":0,"player_choice":"Fight","damage_taken":0,"max_hp_gain":0,"max_hp_loss":0,"event_name":"Mysterious Sphere","floor":44,"gold_loss":0}],"is_beta":false,"boss_relics":[{"not_picked":["Runic Pyramid","SlaversCollar"],"picked":"HoveringKite"},{"not_picked":["SacredBark","Empty Cage"],"picked":"Coffee Dripper"}],"items_purged_floors":[],"is_endless":false,"potions_floor_spawned":[5,7,12,16,21,24,28,31,35,37,46,54],"killed_by":"The Heart","ascension_level":4}}