{"host":"7l2t4psy44vpcd9q","time":1612611776,"event":{"mods":["AchievementEnabler","BaseMod","DeckTracker","Minty Spire (QoL Compilation)","SuperFastMode"],"gold_per_floor":[112,112,131,142,155,182,182,9,9,29,84,84,112,124,124,196,196,206,36,46,46,66,66,81,131,182,196,196,208,223,233,233,233,233],"floor_reached":33,"language":"KOR","playtime":1482,"items_purged":["Defend_R"],"score":526,"play_id":"333762ac-933a-45e7-9c0b-6a5369b08805","local_time":"20210206204256","is_ascension_mode":true,"campfire_choices":[{"data":"Rampage","floor":7.0,"key":"SMITH"},{"floor":12.0,"key":"REST"},{"data":"Clothesline","floor":15.0,"key":"SMITH"},{"data":"Defend_R","floor":23.0,"key":"SMITH"},{"floor":28.0,"key":"REST"},{"data":"Inflame","floor":32.0,"key":"SMITH"}],"circlet_count":0,"master_deck":["AscendersBane","Strike_R","Strike_R","Strike_R","Defend_R","Defend_R","Defend_R+1","Bash+1","Shockwave+1","Clothesline+1","Wild Strike","Rampage+1","Seeing Red+1","Shrug It Off+1","Double Tap+1","Rage+1","Offering+1","Shrug It Off+1","Battle Trance+1","Shrug It Off+1","Disarm+1","True Grit+1","Inflame+1","Impervious+1","Warcry+1"],"relics":["Burning Blood","Toxic Egg 2","Orichalcum","TungstenRod","Turnip","Empty Cage","Regal Pillow"],"acts_visited":["Exordium","TheCity"],"potions_floor_usage":[33,33],"damage_taken":[{"damage":2.0,"enemies":"2 Louse","floor":1.0,"turns":3.0},{"damage":12.0,"enemies":"Jaw Worm","floor":3.0,"turns":5.0},{"damage":1.0,"enemies":"Small Slimes","floor":4.0,"turns":4.0},{"damage":7.0,"enemies":"Gremlin Gang","floor":5.0,"turns":6.0},{"damage":50.0,"enemies":"3 Sentries","floor":6.0,"turns":7.0},{"damage":5.0,"enemies":"2 Fungi Beasts","floor":10.0,"turns":3.0},{"damage":16.0,"enemies":"Gremlin Nob","floor":13.0,"turns":4.0},{"damage":6.0,"enemies":"Red Slaver","floor":14.0,"turns":4.0},{"damage":16.0,"enemies":"Hexaghost","floor":16.0,"turns":9.0},{"damage":8.0,"enemies":"3 Byrds","floor":18.0,"turns":7.0},{"damage":8.0,"enemies":"Shell Parasite","floor":20.0,"turns":6.0},{"damage":15.0,"enemies":"Snake Plant","floor":22.0,"turns":5.0},{"damage":25.0,"enemies":"Cultist and Chosen","floor":24.0,"turns":8.0},{"damage":5.0,"enemies":"Centurion and Healer","floor":27.0,"turns":6.0},{"damage":8.0,"enemies":"Snecko","floor":29.0,"turns":5.0},{"damage":6.0,"enemies":"Snake Plant","floor":30.0,"turns":5.0},{"damage":17.0,"enemies":"3 Cultists","floor":31.0,"turns":7.0},{"damage":68,"enemies":"Collector","floor":33,"turns":11}],"seed_played":"-3318926233688200241","potions_obtained":[{"floor":1.0,"key":"LiquidBronze"},{"floor":3.0,"key":"DuplicationPotion"},{"floor":13.0,"key":"Regen Potion"},{"floor":24.0,"key":"SneckoOil"},{"floor":27.0,"key":"AttackPotion"}],"is_trial":false,"path_per_floor":["M","?","M","M","M","E","R","$","T","M","?","R","E","M","R","B",null,"M","$","M","?","M","R","M","?","T","M","R","M","M","M","R","B"],"character_chosen":"IRONCLAD","items_purchased":["Orichalcum","Battle Trance+1","Shrug It Off+1"],"campfire_rested":2,"item_purchase_floors":[8,19,19],"current_hp_per_floor":[72,72,66,71,70,26,26,26,26,27,27,49,39,39,39,44,67,65,65,63,63,54,54,35,35,35,36,73,71,71,60,60,0,0],"gold":233,"neow_bonus":"UPGRADE_CARD","is_daily":false,"chose_seed":false,"campfire_upgraded":4,"win_rate":0.0,"timestamp":1612611776,"path_taken":["M","?","M","M","M","E","R","$","T","M","?","R","E","M","R","BOSS","M","$","M","?","?","R","M","?","T","M","R","M","M","M","R","BOSS"],"items_purchased_type":["Relic","Card","Card"],"build_version":"2020-12-22","purchased_purges":1,"victory":false,"max_hp_per_floor":[75,75,75,75,75,75,75,75,75,75,75,75,75,75,75,75,75,75,75,75,75,75,75,75,75,75,75,75,75,75,75,75,75,75],"card_choices":[{"not_picked":["Iron Wave","Warcry"],"picked":"Shockwave","floor":1.0},{"not_picked":["Headbutt","Sever Soul"],"picked":"Clothesline","floor":3.0},{"not_picked":["Anger","Clothesline"],"picked":"Wild Strike","floor":4.0},{"not_picked":["Warcry","Impervious"],"picked":"Rampage","floor":5.0},{"not_picked":["Flex+1","Sword Boomerang"],"picked":"Seeing Red+1","floor":6.0},{"not_picked":["Anger","Clothesline"],"picked":"Shrug It Off+1","floor":10.0},{"not_picked":["Dropkick","Sentinel+1"],"picked":"Double Tap+1","floor":13.0},{"not_picked":["Ghostly Armor+1","Dual Wield+1"],"picked":"Rage+1","floor":14.0},{"not_picked":["Limit Break+1","Immolate"],"picked":"Offering+1","floor":16.0},{"not_picked":["Wild Strike","Blood for Blood"],"picked":"Shrug It Off+1","floor":18.0},{"not_picked":["Thunderclap","Armaments+1"],"picked":"Disarm+1","floor":20.0},{"not_picked":["Body Slam","Shrug It Off+1"],"picked":"True Grit+1","floor":22.0},{"not_picked":["Body Slam","Clothesline","Shrug It Off+1"],"picked":"SKIP","floor":24.0},{"not_picked":["Clothesline","Combust","Cleave"],"picked":"SKIP","floor":27.0},{"not_picked":["Intimidate+1","Wild Strike"],"picked":"Inflame","floor":29.0},{"not_picked":["Flex+1","Perfected Strike"],"picked":"Impervious+1","floor":30.0},{"not_picked":["Shrug It Off+1","Carnage"],"picked":"Warcry+1","floor":31.0}],"player_experience":1283914,"relics_obtained":[{"floor":6.0,"key":"Toxic Egg 2"},{"floor":9.0,"key":"TungstenRod"},{"floor":13.0,"key":"Turnip"},{"floor":26.0,"key":"Regal Pillow"}],"event_choices":[{"damage_healed":0.0,"max_hp_gain":0.0,"max_hp_loss":0.0,"gold_gain":0.0,"event_name":"Living Wall","player_choice":"Grow","floor":2.0,"gold_loss":0.0,"damage_taken":0.0,"cards_upgraded":["Shockwave"]},{"damage_healed":0.0,"max_hp_gain":0.0,"max_hp_loss":0.0,"gold_gain":55.0,"event_name":"Golden Wing","player_choice":"Gained Gold","floor":11.0,"gold_loss":0.0,"damage_taken":0.0},{"damage_healed":0.0,"max_hp_gain":0.0,"max_hp_loss":0.0,"gold_gain":0.0,"event_name":"FaceTrader","player_choice":"Leave","floor":21.0,"gold_loss":0.0,"damage_taken":0.0},{"damage_healed":0.0,"max_hp_gain":0.0,"max_hp_loss":0.0,"gold_gain":50.0,"event_name":"Golden Shrine","player_choice":"Pray","floor":25.0,"gold_loss":0.0,"damage_taken":0.0}],"is_beta":false,"boss_relics":[{"not_picked":["Astrolabe","Mark of Pain"],"picked":"Empty Cage"}],"items_purged_floors":[19],"is_endless":false,"potions_floor_spawned":[1,3,5,13,14,24,27,30,31],"killed_by":"Collector","ascension_level":20}}