{"host":"0mk07bycsqo1qk03","time":1612596417,"event":{"mods":["BaseMod","Downfall","Hermit","Hubris","Minty Spire (QoL Compilation)","Reliquary","Replay The Spire","StSLib","The Cursed"],"gold_per_floor":[99,118,130,147,159,193,218,218,252,292,292,317,356,392,412,418,418,418],"floor_reached":16,"language":"ENG","playtime":698,"items_purged":[],"score":143,"play_id":"9a8e4e72-330b-4708-828c-4be451bb2411","local_time":"20210206082657","is_ascension_mode":true,"campfire_choices":[{"data":"Replay:Parry","floor":8,"key":"SMITH"},{"data":"hexamod:EmpoweredFlame","floor":11,"key":"SMITH"}],"circlet_count":0,"master_deck":["hexamod:Strike","hexamod:Strike","hexamod:Strike","hexamod:Strike","hexamod:Defend","hexamod:Defend","hexamod:Defend","hexamod:Defend","hexamod:Sear","hexamod:Float","Replay:Parry+1","hexamod:HeatShield","hexamod:ShieldOfDarkness","hexamod:NightmareStrike","hexamod:SpectersWail","hexamod:SpectersWail","hexamod:ThirdSeal","hexamod:Firestarter","hexamod:EmpoweredFlame+1","hexamod:ApocalypticArmor","hexamod:AdvancingGuard","hexamod:FastForward","hexamod:InspiringFlames","hexamod:GhostLash","hexamod:EmpoweredFlame"],"relics":["hexamod:SpiritBrand","Potion Belt","Replay:Bandana","hexamod:MatchstickCase","Snack Pack","Odd Mushroom"],"acts_visited":["Exordium"],"potions_floor_usage":[6,16,16,16],"damage_taken":[{"damage":0,"enemies":"Small Slimes","floor":2,"turns":3},{"damage":0,"enemies":"2 Louse","floor":3,"turns":2},{"damage":0,"enemies":"Jaw Worm","floor":4,"turns":3},{"damage":3,"enemies":"Blue Slaver","floor":5,"turns":4},{"damage":23,"enemies":"Lagavulin","floor":6,"turns":8},{"damage":6,"enemies":"Gremlin Gang","floor":9,"turns":3},{"damage":10,"enemies":"Replay:BlueRogue","floor":10,"turns":6},{"damage":6,"enemies":"3 Louse","floor":12,"turns":3},{"damage":12,"enemies":"Gremlin Nob","floor":13,"turns":4},{"damage":5,"enemies":"The Mushroom Lair","floor":14,"turns":3},{"damage":4,"enemies":"Blue Slaver","floor":15,"turns":3},{"damage":1,"enemies":"WA_ARCHETYPE_RETAIN","floor":16,"turns":4}],"seed_played":"-2492897702807383226","potions_obtained":[{"floor":1,"key":"SneckoOil"},{"floor":1,"key":"EssenceOfSteel"},{"floor":3,"key":"Guardian:BlockOnCardUsePotion"},{"floor":4,"key":"Guardian:BlockOnCardUsePotion"},{"floor":10,"key":"Doom Potion"},{"floor":13,"key":"Fire Potion"},{"floor":14,"key":"Ancient Potion"}],"is_trial":false,"path_per_floor":["R","M","M","M","M","E","T","R","M","E","R","M","E","?","M","B"],"character_chosen":"THE_SPIRIT","items_purchased":[],"campfire_rested":0,"item_purchase_floors":[],"current_hp_per_floor":[70,70,70,70,67,44,44,44,38,28,28,22,10,5,1,0,0,0],"gold":418,"neow_bonus":"RANDOM_COLORLESS","is_daily":false,"chose_seed":false,"campfire_upgraded":2,"win_rate":0.0,"timestamp":1612596417,"path_taken":["R","M","M","M","M","E","T","R","M","E","R","M","E","?","M","BOSS"],"items_purchased_type":[],"build_version":"2020-12-22","purchased_purges":0,"victory":false,"max_hp_per_floor":[70,70,70,70,70,70,70,70,70,70,70,70,70,70,70,70,70,70],"card_choices":[{"not_picked":["Survey Options","Mind Blast"],"picked":"Replay:Parry","floor":0},{"not_picked":["hexamod:HauntingEcho","hexamod:ExtraCrispy"],"picked":"hexamod:HeatShield","floor":2},{"not_picked":["hexamod:HeatMetal","hexamod:HauntingEcho"],"picked":"hexamod:ShieldOfDarkness","floor":3},{"not_picked":["hexamod:AdvancingGuard","hexamod:HauntingEcho"],"picked":"hexamod:NightmareStrike","floor":4},{"not_picked":["hexamod:HeatMetal","hexamod:PowerFromBeyond"],"picked":"hexamod:SpectersWail","floor":5},{"not_picked":["hexamod:PhantomCloak","hexamod:AdvancingGuard"],"picked":"hexamod:SpectersWail","floor":6},{"not_picked":["hexamod:NightmareStrike","hexamod:GhostOfSpireFuture"],"picked":"hexamod:ThirdSeal","floor":9},{"not_picked":["hexamod:PowerFromBeyond","hexamod:FastForward"],"picked":"hexamod:Firestarter","floor":10},{"not_picked":["hexamod:BacktrackSmack","hexamod:ThermalTransfer"],"picked":"hexamod:EmpoweredFlame","floor":10},{"not_picked":["hexamod:SpectersWail","hexamod:SuperheatedStrike"],"picked":"hexamod:ApocalypticArmor","floor":12},{"not_picked":["hexamod:ThirdSeal","hexamod:SpectralSpark"],"picked":"hexamod:AdvancingGuard","floor":12},{"not_picked":["hexamod:GhostShield","hexamod:DynamicBlow"],"picked":"hexamod:FastForward","floor":13},{"not_picked":["hexamod:AdvancingGuard","hexamod:HeatShield"],"picked":"hexamod:InspiringFlames","floor":13},{"not_picked":["hexamod:SpectersWail","hexamod:InspiringFlames"],"picked":"hexamod:GhostLash","floor":14},{"not_picked":["hexamod:DynamicBlow","hexamod:FlameSwitch"],"picked":"hexamod:EmpoweredFlame","floor":15}],"player_experience":1007423,"relics_obtained":[{"floor":6,"key":"Potion Belt"},{"floor":7,"key":"Replay:Bandana"},{"floor":10,"key":"hexamod:MatchstickCase"},{"floor":13,"key":"Snack Pack"},{"floor":14,"key":"Odd Mushroom"}],"event_choices":[{"damage_healed":0,"gold_gain":0,"player_choice":"Fought Mushrooms","damage_taken":0,"max_hp_gain":0,"max_hp_loss":0,"event_name":"Mushrooms","floor":14,"gold_loss":0}],"is_beta":false,"boss_relics":[],"items_purged_floors":[],"is_endless":false,"potions_floor_spawned":[3,4,10,13,14],"killed_by":"WA_ARCHETYPE_RETAIN","ascension_level":3}}