{"host":"rk1e5mmpnpniq13w","time":1612650514,"event":{"mods":["BaseMod","Colored Powertips","Downfall","Hubris","Minty Spire (QoL Compilation)","Replay The Spire","StSLib","The Bug Knight"],"gold_per_floor":[99,274,39,50,65,83,83,83,83,95,95,108,108,123,141,141,141,141],"floor_reached":16,"language":"ENG","playtime":1004,"items_purged":["Decay"],"score":94,"play_id":"e8d1b7f4-5c78-49f1-8393-6401ff3fff02","local_time":"20210206172834","is_ascension_mode":false,"campfire_choices":[{"floor":1,"key":"DIG"},{"floor":8,"key":"DIG"},{"floor":11,"key":"DIG"}],"circlet_count":0,"master_deck":["Slimebound:Strike_Slimebound","Slimebound:Strike_Slimebound","Slimebound:Strike_Slimebound","Slimebound:Tackle","Slimebound:Defend_Slimebound","Slimebound:Defend_Slimebound","Slimebound:Defend_Slimebound","Slimebound:Defend_Slimebound","Slimebound:Split","Slimebound:CorrosiveSpit","Slimebound:Overexert","Doubt","Slimebound:ComboTackle","Slimebound:Repurpose","Slimebound:Replication","Slimebound:LeechingTouch","Slimebound:GrowthPunch","Slimebound:LivingWall","Slimebound:RejuvenatingLick","Slimebound:ProtectTheBoss"],"relics":["Slimebound:AbsorbEndCombat","Shovel","Omamori","Bird Faced Urn","Juzu Bracelet","downfall:BrokenWingStatue","Slimebound:ScrapOozeRelic"],"acts_visited":["Exordium"],"potions_floor_usage":[16,16,16],"damage_taken":[{"damage":0,"enemies":"downfall:FleeingMerchant","floor":3,"turns":4},{"damage":0,"enemies":"2 Louse","floor":4,"turns":3},{"damage":18,"enemies":"Jaw Worm","floor":5,"turns":4},{"damage":13,"enemies":"Small Slimes","floor":6,"turns":5},{"damage":15,"enemies":"Exordium Wildlife","floor":10,"turns":5},{"damage":0,"enemies":"3 Louse","floor":12,"turns":4},{"damage":15,"enemies":"Blue Slaver","floor":14,"turns":5},{"damage":0,"enemies":"Exordium Wildlife","floor":15,"turns":3},{"damage":38,"enemies":"WA_ARCHETYPE_RETAIN","floor":16,"turns":9}],"seed_played":"-5698705374928651182","potions_obtained":[{"floor":5,"key":"Explosive Potion"},{"floor":6,"key":"Dexterity Potion"},{"floor":14,"key":"Ancient Potion"}],"is_trial":false,"path_per_floor":["R","?","$","M","M","M","T","R","?","M","R","M","?","M","M","B"],"character_chosen":"SLIMEBOUND","items_purchased":["Omamori"],"campfire_rested":0,"item_purchase_floors":[3],"current_hp_per_floor":[65,65,65,65,51,42,42,42,42,29,29,31,31,20,26,0,0,0],"gold":141,"neow_bonus":"THREE_RARE_CARDS","is_daily":false,"chose_seed":false,"campfire_upgraded":0,"win_rate":0.0,"timestamp":1612650514,"path_taken":["R","?","$","M","M","M","T","R","?","M","R","M","?","M","M","BOSS"],"items_purchased_type":["Relic"],"build_version":"2020-12-22","purchased_purges":1,"victory":false,"max_hp_per_floor":[65,65,65,65,65,65,65,65,65,65,65,65,65,65,65,65,65,65],"card_choices":[{"not_picked":["Slimebound:WasteNot","Slimebound:LeechLife"],"picked":"Slimebound:Overexert","floor":0},{"not_picked":["Slimebound:PressTheAttack","Slimebound:LeechEnergy"],"picked":"Slimebound:ComboTackle","floor":3},{"not_picked":["Slimebound:GoopTackle","Slimebound:RollThrough"],"picked":"Slimebound:Repurpose","floor":4},{"not_picked":["Slimebound:TongueLash","Slimebound:Nibble"],"picked":"Slimebound:Replication","floor":5},{"not_picked":["Slimebound:GoopSpray","Slimebound:Schlurp"],"picked":"Slimebound:LeechingTouch","floor":6},{"not_picked":["Slimebound:Equalize","Slimebound:Grow"],"picked":"Slimebound:GrowthPunch","floor":10},{"not_picked":["Slimebound:SlimeSpikes","Slimebound:DisruptingSlam"],"picked":"Slimebound:LivingWall","floor":12},{"not_picked":["Slimebound:ComboTackle","Slimebound:Grow"],"picked":"Slimebound:RejuvenatingLick","floor":14},{"not_picked":["Slimebound:MinionMaster","Slimebound:LivingWall"],"picked":"Slimebound:ProtectTheBoss","floor":15}],"player_experience":483245,"relics_obtained":[{"floor":1,"key":"Shovel"},{"floor":7,"key":"Bird Faced Urn"},{"floor":8,"key":"Juzu Bracelet"},{"floor":11,"key":"Oddly Smooth Stone"}],"event_choices":[],"is_beta":false,"boss_relics":[],"items_purged_floors":[3],"is_endless":false,"potions_floor_spawned":[5,6,14],"killed_by":"WA_ARCHETYPE_RETAIN","ascension_level":0}}