{"host":"sc0o2qwpf9j16a4i","time":1612611529,"event":{"mods":["AchievementEnabler","BaseMod","BetterRewards","Block Reminder","Colored Map","Colored Powertips","Custom Start","Highlight Path","Minty Spire (QoL Compilation)","Relic Stats"],"gold_per_floor":[110,110,110,126,138,166,166,201,201,201,38,38,69,89,89,184,184,202,217,217,230,256,286,386,419,442,456,456,456],"floor_reached":28,"language":"ENG","playtime":1056,"items_purged":[],"score":301,"play_id":"642a3864-d748-4acf-8e83-120210109f14","local_time":"20210206133849","daily_mods":["Specialized","Green Cards","Lethality"],"is_ascension_mode":false,"campfire_choices":[{"data":"Shockwave","floor":10.0,"key":"SMITH"},{"data":"Flechettes","floor":12.0,"key":"SMITH"},{"data":"Limit Break","floor":15.0,"key":"SMITH"}],"circlet_count":0,"master_deck":["Bash+1","Deflect+1","Deflect","Deflect","Deflect","Deflect","Clothesline","Terror","Shockwave+1","Flechettes+1","Master of Strategy","Inflame","Limit Break+1","Malaise","PiercingWail","Flex","Deflect","Shrug It Off","Offering","Inflame","Catalyst","Burst+1","Shrug It Off+1","Dodge and Roll+1","Ghostly Armor+1","Entrench+1","Headbutt+1","Entrench+1"],"relics":["Burning Blood","CultistMask","Vajra","Gambling Chip","Paper Frog","Self Forming Clay","Pandora\u0027s Box","Nilry\u0027s Codex","PreservedInsect","Du-Vu Doll","War Paint","MealTicket"],"acts_visited":["Exordium","TheCity"],"potions_floor_usage":[],"damage_taken":[{"damage":3.0,"enemies":"Cultist","floor":1.0,"turns":4.0},{"damage":0.0,"enemies":"Jaw Worm","floor":4.0,"turns":3.0},{"damage":0.0,"enemies":"Small Slimes","floor":5.0,"turns":3.0},{"damage":15.0,"enemies":"Gremlin Nob","floor":6.0,"turns":4.0},{"damage":13.0,"enemies":"3 Sentries","floor":8.0,"turns":7.0},{"damage":13.0,"enemies":"Lagavulin","floor":13.0,"turns":6.0},{"damage":4.0,"enemies":"Red Slaver","floor":14.0,"turns":4.0},{"damage":27.0,"enemies":"The Guardian","floor":16.0,"turns":9.0},{"damage":6.0,"enemies":"Shell Parasite","floor":18.0,"turns":5.0},{"damage":13.0,"enemies":"3 Byrds","floor":19.0,"turns":7.0},{"damage":25.0,"enemies":"Sentry and Sphere","floor":21.0,"turns":6.0},{"damage":20.0,"enemies":"Slavers","floor":23.0,"turns":4.0},{"damage":4.0,"enemies":"Book of Stabbing","floor":25.0,"turns":5.0},{"damage":13.0,"enemies":"Shelled Parasite and Fungi","floor":27.0,"turns":4.0},{"damage":27,"enemies":"Gremlin Leader","floor":28,"turns":3}],"seed_played":"5138726432676967630","potions_obtained":[{"floor":4.0,"key":"Block Potion"},{"floor":6.0,"key":"Fruit Juice"},{"floor":13.0,"key":"BlessingOfTheForge"},{"floor":16.0,"key":"Dexterity Potion"},{"floor":18.0,"key":"Energy Potion"},{"floor":19.0,"key":"LiquidBronze"}],"is_trial":true,"path_per_floor":["M","?","?","M","M","E","?","E","T","R","$","R","E","M","R","B",null,"M","M","?","M","T","E","?","E","T","M","E"],"character_chosen":"IRONCLAD","items_purchased":["Master of Strategy"],"campfire_rested":0,"item_purchase_floors":[11],"current_hp_per_floor":[80,80,80,80,80,71,71,64,64,64,64,64,57,59,59,38,80,85,78,62,43,43,29,29,31,31,24,0,0],"gold":456,"neow_bonus":"","is_daily":false,"chose_seed":false,"campfire_upgraded":3,"win_rate":0.0,"timestamp":1612611529,"path_taken":["M","?","?","M","?","E","?","E","T","R","$","R","E","?","R","BOSS","M","M","?","M","?","E","?","E","T","M","E"],"items_purchased_type":["Card"],"build_version":"2020-12-22","purchased_purges":0,"victory":false,"max_hp_per_floor":[80,80,80,80,80,80,80,80,80,80,80,80,80,80,80,80,80,85,85,85,85,85,85,85,85,85,85,85,85],"relic_stats":{"counters":[15,74],"Self Forming Clay":[84],"Gambling Chip":[27],"Pandora\u0027s Box":["PiercingWail","Flex","Deflect","Shrug It Off","Offering","Inflame","Catalyst","Burst"],"MealTicket":0,"PreservedInsect":130,"War Paint":["Burst","Deflect"],"obtain_stats":[{"Du-Vu Doll":23,"Self Forming Clay":13,"Nilry\u0027s Codex":20,"Gambling Chip":8,"Vajra":6,"Pandora\u0027s Box":17,"MealTicket":26,"CultistMask":3,"PreservedInsect":22,"War Paint":25,"Burning Blood":0,"Paper Frog":9},{"Du-Vu Doll":12,"Self Forming Clay":6,"Nilry\u0027s Codex":10,"Gambling Chip":5,"Vajra":4,"Pandora\u0027s Box":8,"MealTicket":13,"CultistMask":1,"PreservedInsect":11,"War Paint":13,"Burning Blood":0,"Paper Frog":5},{"Du-Vu Doll":62,"Self Forming Clay":27,"Nilry\u0027s Codex":52,"Gambling Chip":21,"Vajra":14,"Pandora\u0027s Box":40,"MealTicket":67,"CultistMask":4,"PreservedInsect":58,"War Paint":67,"Burning Blood":0,"Paper Frog":21}],"Burning Blood":69},"card_choices":[{"not_picked":["Distraction","Anger"],"picked":"Clothesline","floor":1.0},{"not_picked":["Expertise","Slice"],"picked":"Terror","floor":4.0},{"not_picked":["Distraction","Wild Strike"],"picked":"Shockwave","floor":5.0},{"not_picked":["Pummel","Double Tap"],"picked":"Flechettes","floor":6.0},{"not_picked":["Seeing Red","Slice","Underhanded Strike"],"picked":"SKIP","floor":8.0},{"not_picked":["Clash","Pommel Strike"],"picked":"Inflame","floor":13.0},{"not_picked":["Bane","Clothesline"],"picked":"Limit Break","floor":14.0},{"not_picked":["Venomology","Barricade"],"picked":"Malaise","floor":16.0},{"not_picked":["Sucker Punch","Cloak And Dagger"],"picked":"Shrug It Off+1","floor":18.0},{"not_picked":["Cleave+1","Cloak And Dagger"],"picked":"Dodge and Roll+1","floor":19.0},{"not_picked":["Spot Weakness","Anger+1"],"picked":"Ghostly Armor+1","floor":21.0},{"not_picked":["Deadly Poison","Thunderclap"],"picked":"Entrench+1","floor":23.0},{"not_picked":["Spot Weakness+1","Dual Wield"],"picked":"Headbutt+1","floor":25.0},{"not_picked":["Havoc+1","Sucker Punch"],"picked":"Entrench+1","floor":27.0}],"player_experience":1217406,"relics_obtained":[{"floor":6.0,"key":"Vajra"},{"floor":8.0,"key":"Gambling Chip"},{"floor":9.0,"key":"Paper Frog"},{"floor":13.0,"key":"Self Forming Clay"},{"floor":20.0,"key":"Nilry\u0027s Codex"},{"floor":22.0,"key":"PreservedInsect"},{"floor":23.0,"key":"Du-Vu Doll"},{"floor":25.0,"key":"War Paint"},{"floor":26.0,"key":"MealTicket"}],"event_choices":[{"damage_healed":0.0,"max_hp_gain":0.0,"max_hp_loss":0.0,"gold_gain":0.0,"event_name":"Living Wall","player_choice":"Grow","floor":2.0,"gold_loss":0.0,"damage_taken":0.0,"cards_upgraded":["Bash"]},{"damage_healed":0.0,"max_hp_gain":0.0,"max_hp_loss":0.0,"gold_gain":0.0,"event_name":"FaceTrader","player_choice":"Trade","floor":3.0,"gold_loss":0.0,"damage_taken":0.0,"relics_obtained":["CultistMask"]},{"cards_removed":["Defend_R"],"damage_healed":0.0,"max_hp_gain":0.0,"max_hp_loss":0.0,"gold_gain":0.0,"event_name":"Wheel of Change","player_choice":"Card Removal","floor":7.0,"gold_loss":0.0,"damage_taken":0.0},{"damage_healed":0.0,"max_hp_gain":0.0,"max_hp_loss":0.0,"gold_gain":0.0,"event_name":"Cursed Tome","player_choice":"Obtained Book","floor":20.0,"gold_loss":0.0,"damage_taken":16.0},{"damage_healed":0.0,"max_hp_gain":0.0,"max_hp_loss":0.0,"gold_gain":100.0,"event_name":"Golden Shrine","player_choice":"Pray","floor":24.0,"gold_loss":0.0,"damage_taken":0.0}],"is_beta":false,"boss_relics":[{"not_picked":["Fusion Hammer","Philosopher\u0027s Stone"],"picked":"Pandora\u0027s Box"}],"items_purged_floors":[],"is_endless":false,"potions_floor_spawned":[4,6,13,16,18,19],"killed_by":"Gremlin Leader","ascension_level":0}}