{"host":"88gqw5ki7llrf2bp","time":1612654068,"event":{"mods":["BaseMod","Downfall","Duelist Mod","Friendly Minions","Hubris","Jorbs\u0027s Wanderer Trilogy","Minty Spire (QoL Compilation)","Quick Restart","Railgun Mod","Rare Cards Sparkle","StSLib","The Animator","The Construct","The Cursed","The Gatherer","slay the spire mod where everything is the same but ironclad has a cowboy hat"],"gold_per_floor":[109,109,17,32,32,57,57,57,57,70,70,100,100,139,139,241,241,263,263,297,65,165,200,200,233,233,262,274,274,288,320,320,421,446,465,490,516,535,550,550,612,637,736,756,814,814,814,839,839,844,844,844,714,793,793,793],"floor_reached":55,"language":"ENG","playtime":4907,"items_purged":[],"score":1021,"play_id":"bf2c5094-b12d-45cc-bd8a-d0fdfb29ce9e","local_time":"20210206172748","is_ascension_mode":false,"campfire_choices":[{"data":"animator:Millim+1","floor":7,"key":"SMITH"},{"data":"animator:Millim+2","floor":11,"key":"SMITH"},{"data":"animator:Millim+3","floor":13,"key":"SMITH"},{"data":"animator:Millim+4","floor":15,"key":"SMITH"},{"data":"animator:Millim+5","floor":32,"key":"SMITH"},{"data":"animator:Millim+6","floor":40,"key":"SMITH"},{"floor":47,"key":"RECALL"},{"data":"animator:Millim+7","floor":49,"key":"SMITH"},{"data":"animator:Millim+8","floor":52,"key":"SMITH"}],"circlet_count":0,"master_deck":["animator:Strike_Konosuba","animator:Defend_Konosuba","animator:Kazuma","animator:Aqua","animator:Millim","animator:Strike_Elsword","animator:Strike_OnePunchMan","animator:Defend_FullmetalAlchemist","animator:Defend_Kancolle","animator:Shuna","animator:Alexander","animator:GazelDwargon","animator:KrulTepes","animator:Rimuru","animator:Benimaru","animator:Darkness","animator:Wiz","animator:Shizu","animator:Curse_GriefSeed","animator:Vanir","animator:Pride","animator:ElricAlphonse","animator:Mitsurugi","animator:Gilgamesh","animator:Illya","Decay","animator:ElricAlphonse","animator:Vesta","Pain","Clumsy","Parasite","animator:NarberalGamma","animator:Hans","animator:HigakiRinne","Pain","animator:ShinjiMatou+1","animator:MumenRider+1","animator:YunYun"],"relics":["animator:TheWolleyCore"],"acts_visited":["Exordium","TheCity","TheBeyond","TheEnding","EYB:TheUnnamedReign"],"potions_floor_usage":[16,23,23,25,27,33,41,41,50,50,50,50,55],"damage_taken":[{"damage":0,"enemies":"Jaw Worm","floor":1,"turns":1},{"damage":0,"enemies":"2 Louse","floor":4,"turns":2},{"damage":0,"enemies":"3 Sentries","floor":6,"turns":2},{"damage":2,"enemies":"Small Slimes","floor":10,"turns":3},{"damage":13,"enemies":"Gremlin Nob","floor":14,"turns":4},{"damage":25,"enemies":"Slime Boss","floor":16,"turns":8},{"damage":22,"enemies":"Spheric Guardian","floor":18,"turns":7},{"damage":18,"enemies":"3 Byrds","floor":20,"turns":6},{"damage":0,"enemies":"theDuelist:KaibaA2","floor":23,"turns":2},{"damage":11,"enemies":"Masked Bandits","floor":25,"turns":4},{"damage":39,"enemies":"Gremlin Leader","floor":27,"turns":6},{"damage":0,"enemies":"Snecko","floor":28,"turns":4},{"damage":0,"enemies":"Centurion and Healer","floor":30,"turns":3},{"damage":0,"enemies":"Shelled Parasite and Fungi","floor":31,"turns":3},{"damage":36,"enemies":"Collector","floor":33,"turns":7},{"damage":2,"enemies":"3 Darklings","floor":35,"turns":3},{"damage":0,"enemies":"3 Shapes","floor":38,"turns":4},{"damage":0,"enemies":"Jaw Worm Horde","floor":39,"turns":3},{"damage":0,"enemies":"Nemesis","floor":41,"turns":5},{"damage":0,"enemies":"Transient","floor":44,"turns":5},{"damage":17,"enemies":"Giant Head","floor":45,"turns":7},{"damage":56,"enemies":"Awakened One","floor":50,"turns":8},{"damage":49,"enemies":"animator:UNNAMED_HAT","floor":54,"turns":10},{"damage":64,"enemies":"animator:UNNAMED_CULTIST_1","floor":55,"turns":8}],"seed_played":"395469828845371153","potions_obtained":[{"floor":1,"key":"sneckomod:MuddlingPotion"},{"floor":10,"key":"Fire Potion"},{"floor":14,"key":"SteroidPotion"},{"floor":16,"key":"BlessingOfTheForge"},{"floor":23,"key":"Strength Potion"},{"floor":25,"key":"SkillPotion"},{"floor":27,"key":"CultistPotion"},{"floor":28,"key":"FairyPotion"},{"floor":33,"key":"ColorlessPotion"},{"floor":45,"key":"EntropicBrew"},{"floor":54,"key":"animator:FalseLifePotion"}],"is_trial":false,"path_per_floor":["M","?","?","M","?","E","R","?","T","M","R","?","R","E","R","B",null,"M","?","M","$","?","E","?","?","T","E","M","?","M","M","R","B",null,"M","?","T","M","M","R","E","?","T","M","E","?","R","T","R","B",null,"R","??","M","M"],"character_chosen":"THE_ANIMATOR","items_purchased":["animator:Wiz","animator:Shizu"],"campfire_rested":0,"item_purchase_floors":[21,21],"current_hp_per_floor":[66,66,66,66,66,66,66,59,59,59,59,66,66,55,55,32,73,53,53,41,41,41,47,47,40,40,5,12,12,21,30,30,25,86,84,84,84,89,92,92,95,95,95,98,85,85,85,85,85,37,99,99,98,51,0,0],"gold":793,"neow_bonus":"THREE_ENEMY_KILL","is_daily":false,"chose_seed":false,"campfire_upgraded":8,"win_rate":0.0,"timestamp":1612654068,"path_taken":["M","?","?","M","?","E","R","?","T","M","R","?","R","E","R","BOSS","M","?","?","$","?","E","?","?","T","E","M","?","M","M","R","BOSS","M","?","?","M","M","R","E","?","T","?","E","?","R","?","R","BOSS","R","??","M","M"],"items_purchased_type":["Card","Card"],"build_version":"2020-12-22","purchased_purges":0,"victory":false,"max_hp_per_floor":[66,66,66,66,66,66,66,66,66,66,66,73,73,73,73,73,73,73,73,73,73,73,77,77,77,77,77,80,80,83,86,86,86,86,86,86,86,89,92,92,95,95,95,98,99,99,99,99,99,99,99,99,98,98,98,98],"card_choices":[{"not_picked":["animator:SakuraMatou","animator:Benimaru"],"picked":"animator:Millim","floor":1},{"not_picked":["animator:Illya","animator:Geryuganshoop"],"picked":"animator:Shuna","floor":4},{"not_picked":["animator:Sonic","animator:Mikaela"],"picked":"animator:Alexander","floor":6},{"not_picked":["animator:Millim","animator:Hakurou"],"picked":"animator:GazelDwargon","floor":10},{"not_picked":["animator:Sloth","animator:HiiragiShinya"],"picked":"animator:KrulTepes","floor":14},{"not_picked":["animator:Greed","animator:Guren"],"picked":"animator:Rimuru","floor":16},{"not_picked":["animator:Assassin","animator:Vanir+1"],"picked":"animator:Benimaru+1","floor":18},{"not_picked":["animator:Sebas","animator:Alexander+1"],"picked":"animator:Darkness","floor":20},{"not_picked":["animator:Verdia","animator:Chris"],"picked":"animator:Vanir","floor":23},{"not_picked":["animator:KrulTepes","animator:HiiragiShinya"],"picked":"animator:Pride","floor":27},{"not_picked":["animator:SilverFang","animator:Tatsumaki","animator:Kazuma+1"],"picked":"SKIP","floor":28},{"not_picked":["animator:Verdia","animator:Millim"],"picked":"animator:ElricAlphonse+1","floor":30},{"not_picked":["animator:Verdia","animator:Wiz"],"picked":"animator:Mitsurugi","floor":31},{"not_picked":["animator:Eris","animator:Saber"],"picked":"animator:Gilgamesh","floor":33},{"not_picked":["animator:Benimaru","animator:Yoichi"],"picked":"animator:Illya","floor":35},{"not_picked":["animator:Demiurge","animator:Mitsuba+1"],"picked":"animator:ElricAlphonse+1","floor":38},{"not_picked":["animator:Mitsurugi","animator:Kazuma","animator:Illya"],"picked":"SKIP","floor":39},{"not_picked":["animator:NarberalGamma+1","animator:Geryuganshoop"],"picked":"animator:Vesta","floor":41},{"not_picked":["animator:Mitsuba","animator:Assassin+1"],"picked":"animator:NarberalGamma+1","floor":44},{"not_picked":["animator:Berserker","animator:SilverFang"],"picked":"animator:Hans","floor":45},{"not_picked":["animator:MaesHughes+1","animator:WinryRockbell+1"],"picked":"animator:YunYun","floor":54}],"player_experience":1848669,"relics_obtained":[{"floor":6,"key":"Bag of Preparation"},{"floor":9,"key":"animator:Hoodie"},{"floor":14,"key":"Du-Vu Doll"},{"floor":16,"key":"Blood Vial"},{"floor":23,"key":"Boot"},{"floor":25,"key":"Red Mask"},{"floor":27,"key":"Blood Vial"},{"floor":27,"key":"Orichalcum"},{"floor":33,"key":"Blood Vial"},{"floor":41,"key":"animator:ShionDessert"},{"floor":43,"key":"hubris:SphereOfDissonance"},{"floor":45,"key":"hubris:CrystalStatue"},{"floor":48,"key":"Potion Belt"},{"floor":53,"key":"animator:TheWolleyCore"}],"event_choices":[{"damage_healed":0,"gold_gain":0,"player_choice":"Grow","damage_taken":0,"max_hp_gain":0,"max_hp_loss":0,"event_name":"Living Wall","floor":2,"gold_loss":0,"cards_upgraded":["animator:Millim"]},{"cards_removed":["animator:Defend_MadokaMagica"],"damage_healed":0,"gold_gain":0,"player_choice":"Card Removal","damage_taken":7,"max_hp_gain":0,"max_hp_loss":0,"event_name":"Golden Wing","floor":8,"gold_loss":0},{"damage_healed":0,"gold_gain":30,"player_choice":"Searched \u00273\u0027 times","damage_taken":0,"relics_obtained":["Strawberry"],"max_hp_gain":0,"max_hp_loss":0,"event_name":"Dead Adventurer","floor":12,"gold_loss":0},{"cards_removed":["animator:Strike_AccelWorld"],"damage_healed":0,"gold_gain":0,"player_choice":"Purged","damage_taken":0,"max_hp_gain":0,"max_hp_loss":0,"event_name":"Purifier","floor":19,"gold_loss":0},{"damage_healed":0,"gold_gain":0,"player_choice":"Opened","damage_taken":0,"relics_obtained":["Tiny Chest"],"max_hp_gain":0,"max_hp_loss":0,"event_name":"The Mausoleum","floor":24,"gold_loss":0,"cards_obtained":["Writhe"]},{"damage_healed":0,"gold_gain":0,"player_choice":"Fought Bandits","damage_taken":0,"max_hp_gain":0,"max_hp_loss":0,"event_name":"Masked Bandits","floor":25,"gold_loss":0},{"damage_healed":0,"gold_gain":0,"player_choice":"Simplicity","damage_taken":0,"max_hp_gain":0,"max_hp_loss":0,"event_name":"Back to Basics","floor":29,"gold_loss":0,"cards_upgraded":["animator:Strike_Konosuba","animator:Defend_Konosuba","animator:Strike_Elsword","animator:Strike_OnePunchMan","animator:Defend_FullmetalAlchemist","animator:Defend_Kancolle"]},{"damage_healed":0,"gold_gain":0,"player_choice":"Rummage","damage_taken":0,"relics_obtained":["WarpedTongs"],"max_hp_gain":0,"max_hp_loss":0,"event_name":"Accursed Blacksmith","floor":42,"gold_loss":0,"cards_obtained":["Pain"]},{"damage_healed":0,"gold_gain":0,"player_choice":"Ignored","damage_taken":0,"max_hp_gain":0,"max_hp_loss":0,"event_name":"NoteForYourself","floor":46,"gold_loss":0}],"is_beta":false,"boss_relics":[{"not_picked":["Fusion Hammer","hubris:RunicObelisk"],"picked":"hubris:ScarierMask"},{"not_picked":["animator:CursedBlade","Runic Dome"],"picked":"construct:WeddingRing"}],"items_purged_floors":[],"is_endless":false,"potions_floor_spawned":[1,10,14,16,23,25,27,28,30,33,45],"killed_by":"animator:UNNAMED_CULTIST_1","ascension_level":0}}