{"host":"f5gffvlv6a66yqkd","time":1612622876,"event":{"mods":["2.2 Compatiblity","BaseMod","Colored Map","Custom Start","DeckTracker","Keyboard Shortcuts","Minty Spire (QoL Compilation)","Permanent Neow","Quick Restart","Relic Stats","StSLib","SuperFastMode"],"gold_per_floor":[109,122,142,153,153,153,166,166,212,230,9,23,23,40,40,117,117,127,127,177,193,20,20,36,54,54,54,54],"floor_reached":27,"language":"KOR","playtime":748,"items_purged":[],"score":418,"play_id":"87b0df22-e35d-40ff-8034-6df712d3fa0e","local_time":"20210206234756","is_ascension_mode":true,"campfire_choices":[{"data":"Zap","floor":6,"key":"SMITH"},{"data":"Dualcast","floor":8,"key":"SMITH"},{"data":"Darkness","floor":15,"key":"SMITH"},{"data":"Buffer","floor":23,"key":"SMITH"}],"circlet_count":0,"master_deck":["AscendersBane","Strike_B","Defend_B","Defend_B","Defend_B","Defend_B","Zap+1","Dualcast+1","Steam","Rebound","Undo","Conserve Battery","Turbo","Hologram","Streamline","Buffer+1","Darkness+1","Biased Cognition","Machine Learning+1","Fission+1","Capacitor+1","Gash","Cold Snap","Echo Form"],"relics":["Cracked Core","Centennial Puzzle","Bag of Preparation","White Beast Statue","Astrolabe","Lee\u0027s Waffle","FossilizedHelix"],"acts_visited":["Exordium","TheCity"],"potions_floor_usage":[],"damage_taken":[{"damage":1,"enemies":"Cultist","floor":1,"turns":3},{"damage":0,"enemies":"Small Slimes","floor":2,"turns":4},{"damage":7,"enemies":"Jaw Worm","floor":3,"turns":4},{"damage":0,"enemies":"2 Fungi Beasts","floor":4,"turns":3},{"damage":8,"enemies":"Gremlin Gang","floor":7,"turns":5},{"damage":0,"enemies":"Exordium Wildlife","floor":10,"turns":5},{"damage":3,"enemies":"Lots of Slimes","floor":12,"turns":3},{"damage":9,"enemies":"Exordium Thugs","floor":14,"turns":5},{"damage":6,"enemies":"The Guardian","floor":16,"turns":11},{"damage":11,"enemies":"Shell Parasite","floor":18,"turns":6},{"damage":26,"enemies":"Chosen","floor":21,"turns":6},{"damage":9,"enemies":"Centurion and Healer","floor":24,"turns":6},{"damage":5,"enemies":"Shelled Parasite and Fungi","floor":25,"turns":6},{"damage":45,"enemies":"3 Cultists","floor":27,"turns":5}],"seed_played":"4104895031114131266","potions_obtained":[{"floor":0,"key":"GamblersBrew"},{"floor":0,"key":"Block Potion"},{"floor":0,"key":"LiquidBronze"},{"floor":18,"key":"FairyPotion"}],"is_trial":false,"path_per_floor":["M","M","M","M","?","R","M","R","T","M","$","M","?","M","R","B",null,"M","?","?","M","$","R","M","M","T","M"],"character_chosen":"DEFECT","items_purchased":["Bag of Preparation","Streamline","Lee\u0027s Waffle"],"campfire_rested":0,"item_purchase_floors":[11,11,22],"current_hp_per_floor":[63,63,56,56,61,61,53,53,53,53,53,50,39,30,30,24,63,52,52,45,19,83,83,74,69,69,24,24],"gold":54,"neow_bonus":"THREE_SMALL_POTIONS","is_daily":false,"chose_seed":false,"campfire_upgraded":4,"win_rate":0.0,"timestamp":1612622876,"path_taken":["M","M","M","M","?","R","M","R","T","M","$","M","?","M","R","BOSS","M","?","?","?","$","R","M","M","T","M"],"items_purchased_type":["Relic","Card","Relic"],"build_version":"2020-12-22","purchased_purges":0,"victory":false,"max_hp_per_floor":[71,71,71,71,76,76,76,76,76,76,76,76,76,76,76,76,76,76,76,76,76,83,83,83,83,83,83,83],"relic_stats":{"Centennial Puzzle":[24],"Lee\u0027s Waffle":64,"counters":[14,72],"Astrolabe":["Machine Learning","Fission","Capacitor"],"Bag of Preparation":[16],"obtain_stats":[{"Centennial Puzzle":9,"Lee\u0027s Waffle":22,"Astrolabe":17,"Bag of Preparation":11,"Cracked Core":0,"White Beast Statue":13,"FossilizedHelix":26},{"Centennial Puzzle":5,"Lee\u0027s Waffle":11,"Astrolabe":9,"Bag of Preparation":6,"Cracked Core":0,"White Beast Statue":7,"FossilizedHelix":13},{"Centennial Puzzle":19,"Lee\u0027s Waffle":55,"Astrolabe":43,"Bag of Preparation":24,"Cracked Core":0,"White Beast Statue":27,"FossilizedHelix":67}]},"card_choices":[{"not_picked":["Force Field","Double Energy"],"picked":"Steam","floor":1},{"not_picked":["Blizzard","Stack"],"picked":"Rebound","floor":2},{"not_picked":["Self Repair","Lockon"],"picked":"Undo","floor":3},{"not_picked":["Hologram","Redo"],"picked":"Conserve Battery","floor":4},{"not_picked":["Hyperbeam","Hologram"],"picked":"Turbo","floor":7},{"not_picked":["Conserve Battery","Stack"],"picked":"Hologram","floor":10},{"not_picked":["Scrape","Storm"],"picked":"Buffer","floor":12},{"not_picked":["Recycle","Barrage"],"picked":"Darkness","floor":14},{"not_picked":["Reboot","Seek"],"picked":"Biased Cognition","floor":16},{"not_picked":["Beam Cell","Conserve Battery+1","Stack+1"],"picked":"SKIP","floor":18},{"not_picked":["Barrage","Steam"],"picked":"Gash","floor":21},{"not_picked":["Redo","Aggregate"],"picked":"Cold Snap","floor":24},{"not_picked":["Coolheaded","White Noise"],"picked":"Echo Form","floor":25}],"player_experience":1677655,"relics_obtained":[{"floor":9,"key":"Centennial Puzzle"},{"floor":26,"key":"FossilizedHelix"}],"event_choices":[{"damage_healed":0,"gold_gain":0,"player_choice":"Donut","damage_taken":0,"max_hp_gain":5,"max_hp_loss":0,"event_name":"Big Fish","floor":5,"gold_loss":0},{"damage_healed":0,"gold_gain":0,"player_choice":"Success","damage_taken":11,"relics_obtained":["White Beast Statue"],"max_hp_gain":0,"max_hp_loss":0,"event_name":"Scrap Ooze","floor":13,"gold_loss":0},{"damage_healed":0,"gold_gain":0,"player_choice":"Ignored","damage_taken":0,"max_hp_gain":0,"max_hp_loss":0,"event_name":"Vampires","floor":19,"gold_loss":0},{"damage_healed":0,"gold_gain":50,"player_choice":"Touch","damage_taken":7,"max_hp_gain":0,"max_hp_loss":0,"event_name":"FaceTrader","floor":20,"gold_loss":0}],"is_beta":false,"boss_relics":[{"not_picked":["Calling Bell","Empty Cage"],"picked":"Astrolabe"}],"items_purged_floors":[],"is_endless":false,"potions_floor_spawned":[2,3,12,14,16,18,21,24,25],"killed_by":"3 Cultists","ascension_level":20}}