{"host":"q8mjpf3krl0t4p3x","time":1612598940,"event":{"mods":["BaseMod","Colored Map","Colored Powertips","Googly Eyes","Minty Spire (QoL Compilation)","Quick Restart","StSLib","everything is the same but u backflip on backflip","slay the spire mod where everything is the same but ironclad has a cowboy hat"],"gold_per_floor":[114,189,189,206,222,222,222,240,240,165,185,185,195,225,225],"floor_reached":14,"language":"ENG","playtime":491,"items_purged":["Strike_R"],"score":138,"play_id":"082ddfaa-1dce-4c43-8d4f-9e27ee6c238c","local_time":"20210206000900","is_ascension_mode":true,"campfire_choices":[{"data":"Wild Strike","floor":6,"key":"SMITH"},{"data":"Inflame","floor":12,"key":"SMITH"}],"circlet_count":0,"master_deck":["AscendersBane","Strike_R","Strike_R","Strike_R","Strike_R","Defend_R","Defend_R","Defend_R","Defend_R","Bash","Wild Strike+1","Inflame+1","Shrug It Off"],"relics":["Burning Blood","Boot","Magic Flower","Bottled Flame"],"acts_visited":["Exordium"],"potions_floor_usage":[8,14],"damage_taken":[{"damage":12,"enemies":"2 Louse","floor":1,"turns":4},{"damage":12,"enemies":"Jaw Worm","floor":4,"turns":3},{"damage":0,"enemies":"Small Slimes","floor":5,"turns":3},{"damage":6,"enemies":"3 Louse","floor":8,"turns":3},{"damage":17,"enemies":"Looter","floor":11,"turns":3},{"damage":21,"enemies":"Blue Slaver","floor":13,"turns":3},{"damage":15,"enemies":"Lagavulin","floor":14,"turns":6}],"seed_played":"-1264743212689019956","potions_obtained":[{"floor":5,"key":"Block Potion"},{"floor":8,"key":"ElixirPotion"},{"floor":11,"key":"SpeedPotion"},{"floor":13,"key":"Weak Potion"}],"is_trial":false,"path_per_floor":["M","?","?","M","M","R","?","M","T","$","M","R","M","E"],"character_chosen":"IRONCLAD","items_purchased":[],"campfire_rested":0,"item_purchase_floors":[],"current_hp_per_floor":[66,55,55,49,55,55,55,55,55,55,47,47,35,29,29],"gold":225,"neow_bonus":"RANDOM_COMMON_RELIC","is_daily":false,"chose_seed":false,"campfire_upgraded":2,"win_rate":0.0,"timestamp":1612598940,"path_taken":["M","?","?","M","M","R","?","M","T","$","M","R","M","E"],"items_purchased_type":[],"build_version":"2020-12-22","purchased_purges":1,"victory":false,"max_hp_per_floor":[80,80,80,80,80,80,80,80,80,80,80,80,80,80,80],"card_choices":[{"not_picked":["Rupture","Sword Boomerang"],"picked":"Wild Strike","floor":1},{"not_picked":["Havoc","Entrench","Power Through"],"picked":"SKIP","floor":4},{"not_picked":["Burning Pact","Disarm","Thunderclap"],"picked":"SKIP","floor":5},{"not_picked":["Clothesline","Shockwave"],"picked":"Inflame","floor":8},{"not_picked":["Burning Pact","Dropkick","Sentinel"],"picked":"SKIP","floor":11},{"not_picked":["Inflame","True Grit"],"picked":"Shrug It Off","floor":13}],"player_experience":318569,"relics_obtained":[{"floor":9,"key":"Magic Flower"},{"floor":14,"key":"Bottled Flame"}],"event_choices":[{"damage_healed":0,"gold_gain":75,"player_choice":"Gather Gold","damage_taken":11,"max_hp_gain":0,"max_hp_loss":0,"event_name":"World of Goop","floor":2,"gold_loss":0},{"damage_healed":0,"gold_gain":0,"player_choice":"Ignored","damage_taken":0,"max_hp_gain":0,"max_hp_loss":0,"event_name":"Liars Game","floor":3,"gold_loss":0},{"damage_healed":0,"gold_gain":0,"player_choice":"Ignored","damage_taken":0,"max_hp_gain":0,"max_hp_loss":0,"event_name":"Shining Light","floor":7,"gold_loss":0}],"is_beta":false,"boss_relics":[],"items_purged_floors":[10],"is_endless":false,"potions_floor_spawned":[5,8,11,13],"killed_by":"Lagavulin","ascension_level":10}}