{"host":"f5gffvlv6a66yqkd","time":1612613020,"event":{"mods":["2.2 Compatiblity","BaseMod","Colored Map","Custom Start","DeckTracker","Keyboard Shortcuts","Minty Spire (QoL Compilation)","Permanent Neow","Quick Restart","Relic Stats","StSLib","SuperFastMode"],"gold_per_floor":[119,131,206,206,224,224,258,258,258,258,278,314,339,145,145,244,244,257,257,282,302,35,55,55,79,79,79,79,79,79,4,4,102,102,125,143,143,156,175,218,218,218,291,166,179,202,236,261,261,261,261,261,261,103,143,143],"floor_reached":57,"language":"KOR","playtime":2734,"items_purged":["Strike_P","Defend_P","Defend_P"],"score":2773,"play_id":"5508e2c9-3c68-4196-8a34-639287e49285","local_time":"20210206210340","is_ascension_mode":true,"campfire_choices":[{"data":"EmptyFist","floor":6.0,"key":"SMITH"},{"data":"TalkToTheHand","floor":8.0,"key":"SMITH"},{"data":"Wallop","floor":15.0,"key":"SMITH"},{"data":"Adaptation","floor":24.0,"key":"SMITH"},{"floor":27.0,"key":"REST"},{"data":"WheelKick","floor":30.0,"key":"SMITH"},{"floor":32.0,"key":"RECALL"},{"data":"Scrawl","floor":42.0,"key":"SMITH"},{"floor":49.0,"key":"REST"},{"data":"Vault","floor":53.0,"key":"SMITH"}],"circlet_count":0,"master_deck":["AscendersBane","Eruption+1","Vigilance","Consecrate","EmptyFist+1","TalkToTheHand+1","MentalFortress","Wallop+1","Adaptation+1","WheelKick+1","Vault+1","EmptyBody+1","Judgement+1","SandsOfTime+1","InnerPeace+1","MentalFortress+1","Omniscience+1","Vault","Scrawl+1","Thinking Ahead"],"relics":["PureWater","Golden Idol","TeardropLocket","Ornamental Fan","Mango","Astrolabe","Medical Kit","Sundial","Runic Pyramid","Strawberry","Bronze Scales","Bag of Preparation","Gambling Chip"],"acts_visited":["Exordium","TheCity","TheBeyond","TheEnding"],"potions_floor_usage":[56,56],"damage_taken":[{"damage":7.0,"enemies":"Jaw Worm","floor":1.0,"turns":3.0},{"damage":3.0,"enemies":"2 Louse","floor":2.0,"turns":2.0},{"damage":3.0,"enemies":"Small Slimes","floor":5.0,"turns":2.0},{"damage":15.0,"enemies":"Lagavulin","floor":7.0,"turns":5.0},{"damage":0.0,"enemies":"Exordium Thugs","floor":11.0,"turns":3.0},{"damage":10.0,"enemies":"3 Sentries","floor":12.0,"turns":7.0},{"damage":1.0,"enemies":"Looter","floor":13.0,"turns":3.0},{"damage":14.0,"enemies":"The Guardian","floor":16.0,"turns":7.0},{"damage":0.0,"enemies":"Spheric Guardian","floor":18.0,"turns":3.0},{"damage":0.0,"enemies":"2 Thieves","floor":20.0,"turns":5.0},{"damage":9.0,"enemies":"Shelled Parasite and Fungi","floor":21.0,"turns":5.0},{"damage":19.0,"enemies":"Centurion and Healer","floor":23.0,"turns":5.0},{"damage":0.0,"enemies":"Snake Plant","floor":25.0,"turns":3.0},{"damage":32.0,"enemies":"Automaton","floor":33.0,"turns":8.0},{"damage":0.0,"enemies":"3 Shapes","floor":35.0,"turns":5.0},{"damage":0.0,"enemies":"3 Darklings","floor":36.0,"turns":4.0},{"damage":0.0,"enemies":"Maw","floor":38.0,"turns":7.0},{"damage":4.0,"enemies":"Transient","floor":39.0,"turns":5.0},{"damage":0.0,"enemies":"Giant Head","floor":40.0,"turns":6.0},{"damage":5.0,"enemies":"4 Shapes","floor":45.0,"turns":5.0},{"damage":0.0,"enemies":"Sphere and 2 Shapes","floor":46.0,"turns":4.0},{"damage":32.0,"enemies":"Nemesis","floor":47.0,"turns":5.0},{"damage":0.0,"enemies":"Transient","floor":48.0,"turns":8.0},{"damage":9.0,"enemies":"Time Eater","floor":50.0,"turns":14.0},{"damage":14.0,"enemies":"Donu and Deca","floor":51.0,"turns":7.0},{"damage":0,"enemies":"Shield and Spear","floor":55,"turns":5},{"damage":34,"enemies":"The Heart","floor":56,"turns":8}],"seed_played":"9045956024807325223","potions_obtained":[{"floor":1.0,"key":"Dexterity Potion"},{"floor":2.0,"key":"Energy Potion"},{"floor":7.0,"key":"BottledMiracle"},{"floor":12.0,"key":"LiquidMemories"},{"floor":16.0,"key":"Block Potion"},{"floor":20.0,"key":"SteroidPotion"},{"floor":21.0,"key":"Energy Potion"},{"floor":33.0,"key":"SpeedPotion"},{"floor":45.0,"key":"Block Potion"},{"floor":46.0,"key":"StancePotion"}],"is_trial":false,"path_per_floor":["M","M","?","?","M","R","E","R","T","?","M","E","M","$","R","B",null,"M","?","M","M","$","M","R","M","T","R","?","?","R","?","R","B",null,"M","M","?","M","M","E","?","R","T","$","M","M","E","M","R","B","B",null,"R","$","E","B",null],"character_chosen":"WATCHER","items_purchased":["Adaptation","WheelKick","Medical Kit","Bag of Preparation"],"campfire_rested":2,"item_purchase_floors":[14,14,22,54],"current_hp_per_floor":[54,51,40,40,37,37,22,22,22,22,22,26,25,25,25,11,60,60,60,60,51,51,32,32,32,32,54,69,69,69,69,69,37,66,66,66,66,66,62,69,69,69,69,69,64,64,32,32,56,47,33,71,71,71,71,37],"gold":143,"neow_bonus":"UPGRADE_CARD","is_daily":false,"chose_seed":false,"campfire_upgraded":7,"win_rate":0.0,"timestamp":1612613020,"path_taken":["M","M","?","?","M","R","E","R","T","?","?","E","M","?","R","BOSS","M","?","M","M","$","M","R","M","T","R","?","?","R","?","R","BOSS","M","M","?","M","?","E","?","R","T","$","M","M","E","M","R","BOSS","BOSS","R","$","E","BOSS"],"items_purchased_type":["Card","Card","Relic","Relic"],"build_version":"2020-12-22","purchased_purges":3,"victory":true,"max_hp_per_floor":[68,68,68,62,62,62,62,62,62,62,62,76,76,76,76,76,76,76,76,76,76,76,76,76,76,76,76,76,76,76,76,76,76,76,76,76,76,76,76,83,83,83,83,83,83,83,83,83,83,83,83,83,83,83,83,83],"relic_stats":{"counters":[27,144],"Golden Idol":198,"Ornamental Fan":[384],"Sundial":[166],"Astrolabe":["EmptyBody","Judgement","SandsOfTime"],"Bronze Scales":[138],"Gambling Chip":[3],"Bag of Preparation":[4],"Medical Kit":[12],"obtain_stats":[{"Golden Idol":4,"Astrolabe":17,"Mango":12,"Bag of Preparation":54,"TeardropLocket":7,"Medical Kit":22,"Ornamental Fan":9,"Sundial":26,"Strawberry":40,"Bronze Scales":47,"Gambling Chip":55,"PureWater":0,"Runic Pyramid":34},{"Golden Idol":2,"Astrolabe":8,"Mango":6,"Bag of Preparation":25,"TeardropLocket":4,"Medical Kit":11,"Ornamental Fan":4,"Sundial":13,"Strawberry":19,"Bronze Scales":22,"Gambling Chip":26,"PureWater":0,"Runic Pyramid":14},{"Golden Idol":5,"Astrolabe":32,"Mango":22,"Bag of Preparation":131,"TeardropLocket":12,"Medical Kit":45,"Ornamental Fan":12,"Sundial":53,"Strawberry":88,"Bronze Scales":102,"Gambling Chip":136,"PureWater":0,"Runic Pyramid":61}]},"card_choices":[{"not_picked":["CarveReality","Wireheading"],"picked":"Consecrate","floor":1.0},{"not_picked":["Perseverance","Indignation"],"picked":"EmptyFist","floor":2.0},{"not_picked":["Indignation","ThirdEye","Nirvana"],"picked":"SKIP","floor":5.0},{"not_picked":["ClearTheMind","Halt"],"picked":"TalkToTheHand","floor":7.0},{"not_picked":["SashWhip","FlyingSleeves"],"picked":"MentalFortress","floor":11.0},{"not_picked":["ThirdEye","Consecrate"],"picked":"Wallop","floor":12.0},{"not_picked":["Prostrate","Nirvana","Sanctity"],"picked":"SKIP","floor":13.0},{"not_picked":["Ragnarok","Brilliance"],"picked":"Vault","floor":16.0},{"not_picked":["ThirdEye","ClearTheMind","PathToVictory+1"],"picked":"SKIP","floor":18.0},{"not_picked":["Sanctity","BowlingBash","FollowUp"],"picked":"SKIP","floor":20.0},{"not_picked":["Sanctity","BowlingBash","FollowUp"],"picked":"SKIP","floor":20.0},{"not_picked":["BowlingBash","Halt","Protect"],"picked":"SKIP","floor":21.0},{"not_picked":["Evaluate","CrushJoints"],"picked":"InnerPeace+1","floor":23.0},{"not_picked":["Conclude","Indignation"],"picked":"MentalFortress+1","floor":25.0},{"not_picked":["Ragnarok","DeusExMachina"],"picked":"Omniscience","floor":33.0},{"not_picked":["Evaluate+1","Protect","EmptyBody"],"picked":"SKIP","floor":35.0},{"not_picked":["Halt","ClearTheMind"],"picked":"Vault","floor":36.0},{"not_picked":["WaveOfTheHand+1","PathToVictory","Crescendo+1"],"picked":"SKIP","floor":38.0},{"not_picked":["BowlingBash","Halt","ThirdEye"],"picked":"SKIP","floor":39.0},{"not_picked":["Evaluate+1","DeceiveReality"],"picked":"Scrawl","floor":40.0},{"not_picked":["Trip","Apotheosis"],"picked":"Thinking Ahead","floor":41.0},{"not_picked":["FlurryOfBlows","JustLucky","Crescendo"],"picked":"SKIP","floor":45.0},{"not_picked":["EmptyBody","DevaForm","EmptyMind+1"],"picked":"SKIP","floor":46.0},{"not_picked":["Prostrate","Blasphemy","ClearTheMind+1"],"picked":"SKIP","floor":47.0},{"not_picked":["Wireheading+1","Meditate+1","EmptyBody"],"picked":"SKIP","floor":48.0},{"not_picked":["EmptyBody+1","Protect+1","FollowUp+1"],"picked":"SKIP","floor":55}],"player_experience":1674090,"relics_obtained":[{"floor":7.0,"key":"TeardropLocket"},{"floor":9.0,"key":"Ornamental Fan"},{"floor":12.0,"key":"Mango"},{"floor":26.0,"key":"Sundial"},{"floor":40.0,"key":"Strawberry"},{"floor":47.0,"key":"Bronze Scales"},{"floor":55,"key":"Gambling Chip"}],"event_choices":[{"damage_healed":0.0,"max_hp_gain":0.0,"max_hp_loss":0.0,"gold_gain":75.0,"event_name":"World of Goop","player_choice":"Gather Gold","floor":3.0,"gold_loss":0.0,"damage_taken":11.0},{"damage_healed":0.0,"max_hp_gain":0.0,"max_hp_loss":6.0,"gold_gain":0.0,"event_name":"Golden Idol","player_choice":"Lose Max HP","floor":4.0,"gold_loss":0.0,"damage_taken":0.0,"relics_obtained":["Golden Idol"]},{"cards_removed":["Strike_P"],"damage_healed":0.0,"max_hp_gain":0.0,"max_hp_loss":0.0,"gold_gain":0.0,"event_name":"Bonfire Elementals","player_choice":"Offered Basic","floor":10.0,"gold_loss":0.0,"damage_taken":0.0},{"damage_healed":0.0,"max_hp_gain":0.0,"max_hp_loss":0.0,"gold_gain":0.0,"event_name":"Ghosts","player_choice":"Ignored","floor":19.0,"gold_loss":0.0,"damage_taken":0.0},{"damage_healed":15.0,"max_hp_gain":0.0,"max_hp_loss":0.0,"gold_gain":0.0,"event_name":"The Library","player_choice":"Heal","floor":28.0,"gold_loss":0.0,"damage_taken":0.0},{"cards_removed":["Defend_P"],"damage_healed":0.0,"max_hp_gain":0.0,"max_hp_loss":0.0,"gold_gain":0.0,"event_name":"Beggar","player_choice":"Gave Gold","floor":31.0,"gold_loss":75.0,"damage_taken":0.0},{"damage_healed":0.0,"max_hp_gain":0.0,"max_hp_loss":0.0,"gold_gain":0.0,"event_name":"Upgrade Shrine","player_choice":"Upgraded","floor":37.0,"gold_loss":0.0,"damage_taken":0.0,"cards_upgraded":["Omniscience"]},{"damage_healed":0.0,"max_hp_gain":0.0,"max_hp_loss":0.0,"gold_gain":0.0,"event_name":"SensoryStone","player_choice":"Memory 1","floor":41.0,"gold_loss":0.0,"damage_taken":0.0}],"is_beta":false,"boss_relics":[{"not_picked":["SacredBark","Ectoplasm"],"picked":"Astrolabe"},{"not_picked":["Velvet Choker","Tiny House"],"picked":"Runic Pyramid"}],"items_purged_floors":[14,22,44],"is_endless":false,"potions_floor_spawned":[1,2,7,12,16,20,21,23,33,40,45,46,48],"ascension_level":20}}