{"host":"wttmrzzrx8nzm6lv","time":1612620466,"event":{"mods":["Arknights","BaseMod","Marisa£®ÏF”Í°°ƒß¿Ì…≥£©","Minty Spire (QoL Compilation)","Remilia£®¿Ÿ√◊¿Ú—«£©","StSLib","Youmu£®ªÍ∆«—˝√Œ£©"],"gold_per_floor":[218,143,43,54,54,54,70,70,70,83,98,116,116,131,131,235,235,247,247,172,172,172,186,218,218,300,300,300,300,300],"floor_reached":29,"language":"ZHS","playtime":555,"items_purged":["Defend_R","Strike_R"],"score":233,"play_id":"af39505f-2de7-4cf8-8c64-4a2e2ce733c3","local_time":"20210206220746","is_ascension_mode":false,"campfire_choices":[{"data":"Searing Blow","floor":6.0,"key":"SMITH"},{"data":"Searing Blow+1","floor":8.0,"key":"SMITH"},{"data":"Searing Blow+2","floor":13.0,"key":"SMITH"},{"data":"Searing Blow+3","floor":15.0,"key":"SMITH"},{"data":"Searing Blow+4","floor":25,"key":"SMITH"},{"data":"Searing Blow+5","floor":28,"key":"SMITH"}],"circlet_count":0,"master_deck":["Strike_R","Strike_R","Strike_R","Defend_R","Defend_R","Defend_R","Bash","Searing Blow+6","Clash","Clash","Limit Break","Inflame","Limit Break"],"relics":["Black Blood","InkBottle","Bottled Lightning","Bronze Scales","StrikeDummy"],"acts_visited":["Exordium","TheCity"],"potions_floor_usage":[24,24],"damage_taken":[{"damage":6.0,"enemies":"Cultist","floor":1.0,"turns":3.0},{"damage":6.0,"enemies":"2 Louse","floor":4.0,"turns":3.0},{"damage":10.0,"enemies":"Small Slimes","floor":7.0,"turns":3.0},{"damage":6.0,"enemies":"2 Fungi Beasts","floor":10.0,"turns":4.0},{"damage":10.0,"enemies":"Looter","floor":11.0,"turns":2.0},{"damage":21.0,"enemies":"Large Slime","floor":12.0,"turns":5.0},{"damage":18.0,"enemies":"Exordium Wildlife","floor":14.0,"turns":3.0},{"damage":21.0,"enemies":"Hexaghost","floor":16.0,"turns":6.0},{"damage":20,"enemies":"Shell Parasite","floor":18,"turns":4},{"damage":0,"enemies":"Spheric Guardian","floor":23,"turns":3},{"damage":60,"enemies":"Book of Stabbing","floor":24,"turns":5},{"damage":13,"enemies":"Colosseum Slavers","floor":27,"turns":3},{"damage":35,"enemies":"Gremlin Leader","floor":29,"turns":5}],"seed_played":"-3365040618430420382","potions_obtained":[{"floor":4.0,"key":"Strength Potion"},{"floor":5.0,"key":"Strength Potion"},{"floor":5.0,"key":"Block Potion"},{"floor":18,"key":"FearPotion"},{"floor":23,"key":"Explosive Potion"}],"is_trial":false,"path_per_floor":["M","$","$","M","?","R","M","R","T","M","M","M","R","M","R","B",null,"M","T","?","?","?","M","E","R","T","?","R","E"],"character_chosen":"IRONCLAD","items_purchased":[],"campfire_rested":0,"item_purchase_floors":[],"current_hp_per_floor":[80,80,80,80,80,80,76,76,76,76,72,57,57,45,45,30,80,72,72,72,72,72,80,32,32,32,31,31,0,0],"gold":300,"neow_bonus":"HUNDRED_GOLD","is_daily":false,"chose_seed":false,"campfire_upgraded":6,"win_rate":0.0,"timestamp":1612620466,"path_taken":["M","?","$","M","?","R","M","R","T","?","M","M","R","M","R","BOSS","M","?","?","?","?","M","E","R","T","?","R","E"],"items_purchased_type":[],"build_version":"2020-12-22","purchased_purges":2,"victory":false,"max_hp_per_floor":[80,80,80,80,80,80,80,80,80,80,80,80,80,80,80,80,80,80,80,80,80,80,80,80,80,80,80,80,80,80],"card_choices":[{"not_picked":["Wild Strike","Headbutt"],"picked":"Searing Blow","floor":1.0},{"not_picked":["Armaments","Anger","Sword Boomerang"],"picked":"SKIP","floor":4.0},{"not_picked":["True Grit","Reckless Charge","Headbutt"],"picked":"SKIP","floor":7.0},{"not_picked":["Flame Barrier","Spot Weakness"],"picked":"Clash","floor":10.0},{"not_picked":["Rage","Warcry","Second Wind"],"picked":"SKIP","floor":11.0},{"not_picked":["Wild Strike","Juggernaut"],"picked":"Clash","floor":12.0},{"not_picked":["Armaments","Clothesline","Pommel Strike"],"picked":"SKIP","floor":14.0},{"not_picked":["Berserk","Barricade"],"picked":"Limit Break","floor":16.0},{"not_picked":["Sword Boomerang","Sentinel","Iron Wave"],"picked":"SKIP","floor":18},{"not_picked":["Heavy Blade+1","Shrug It Off+1","Cleave+1"],"picked":"SKIP","floor":23},{"not_picked":["Burning Pact","Clothesline"],"picked":"Limit Break","floor":24}],"player_experience":747685,"relics_obtained":[{"floor":9.0,"key":"InkBottle"},{"floor":19,"key":"Bottled Lightning"},{"floor":24,"key":"Bronze Scales"},{"floor":26,"key":"StrikeDummy"}],"event_choices":[{"damage_healed":0.0,"max_hp_gain":0.0,"max_hp_loss":0.0,"gold_gain":0.0,"event_name":"Lab","player_choice":"Got Potions","floor":5.0,"gold_loss":0.0,"damage_taken":0.0},{"cards_removed":["Strike_R"],"damage_healed":0,"gold_gain":0,"player_choice":"Gave Gold","damage_taken":0,"max_hp_gain":0,"max_hp_loss":0,"event_name":"Beggar","floor":20,"gold_loss":75},{"damage_healed":0,"gold_gain":0,"player_choice":"Read","damage_taken":0,"max_hp_gain":0,"max_hp_loss":0,"event_name":"The Library","floor":21,"gold_loss":0,"cards_obtained":["Inflame"]},{"damage_healed":0,"gold_gain":0,"player_choice":"Ignored","damage_taken":0,"max_hp_gain":0,"max_hp_loss":0,"event_name":"Ghosts","floor":22,"gold_loss":0},{"damage_healed":0,"gold_gain":0,"player_choice":"Fight","damage_taken":0,"max_hp_gain":0,"max_hp_loss":0,"event_name":"Colosseum","floor":27,"gold_loss":0},{"damage_healed":0,"gold_gain":0,"player_choice":"Fled From Nobs","damage_taken":0,"max_hp_gain":0,"max_hp_loss":0,"event_name":"Colosseum","floor":27,"gold_loss":0}],"is_beta":false,"boss_relics":[{"not_picked":["Pandora\u0027s Box","Fusion Hammer"],"picked":"Black Blood"}],"items_purged_floors":[2,3],"is_endless":false,"potions_floor_spawned":[4,10,12,18,23],"killed_by":"Gremlin Leader","ascension_level":0}}