{"host":"i0m6ffz3lpe3z1ky","time":1612626999,"event":{"mods":["Aspiration","BaseMod","Bestiary","BetterRewards","Colored Map","Conspire","Energized Spire","Highlight Path","Hubris","Ironclad Rager","Minty Spire (QoL Compilation)","Quick Restart","Reliquary","Shop Mod","Spicy Shops","StSLib","Thieving Mod"],"gold_per_floor":[115,115,129,129,147,147,174,191,216,216,248,268,268,280,280,354,354,374,90,90,90,105,105,105,105],"floor_reached":24,"language":"KOR","playtime":1292,"items_purged":[],"score":487,"play_id":"3871aa05-e7e9-46ca-ad95-ff8e667c68fa","local_time":"20210207005639","is_ascension_mode":true,"campfire_choices":[{"data":"Body Slam","floor":6,"key":"SMITH"},{"data":"Shrug It Off","floor":10,"key":"SMITH"},{"data":"Shrug It Off","floor":15,"key":"SMITH"},{"floor":23,"key":"RECALL"}],"circlet_count":0,"master_deck":["AscendersBane","conspire:GhostlyStrike","conspire:GhostlyStrike","conspire:GhostlyDefend","conspire:GhostlyDefend","conspire:GhostlyDefend","conspire:GhostlyDefend","Bash","hubris:CleavingFinish+1","hubris:CleavingFinish","Body Slam+1","Shrug It Off+1","Dropkick","Shrug It Off+1","Magnetism+1","Trip+1","conspire:Banana+1","Shrug It Off"],"relics":["Burning Blood","Lee\u0027s Waffle","reliquary:TuningFork","hubris:PeanutButter","Ancient Tea Set","Turnip","Astrolabe","reliquary:NewFriend","aspiration:RitualStick"],"acts_visited":["Exordium","TheCity"],"potions_floor_usage":[7,7,11,16,16,24],"damage_taken":[{"damage":0,"enemies":"Small Slimes","floor":1,"turns":4},{"damage":2,"enemies":"2 Louse","floor":3,"turns":2},{"damage":0,"enemies":"Cultist","floor":5,"turns":4},{"damage":0,"enemies":"Gremlin Nob","floor":7,"turns":3},{"damage":5,"enemies":"Looter","floor":8,"turns":4},{"damage":34,"enemies":"3 Sentries","floor":11,"turns":9},{"damage":0,"enemies":"2 Fungi Beasts","floor":12,"turns":3},{"damage":0,"enemies":"Red Slaver","floor":14,"turns":3},{"damage":10,"enemies":"The Guardian","floor":16,"turns":10},{"damage":8,"enemies":"Shell Parasite","floor":18,"turns":5},{"damage":3,"enemies":"3 Byrds","floor":22,"turns":6},{"damage":83,"enemies":"Slavers","floor":24,"turns":4}],"seed_played":"-5255739724694668857","potions_obtained":[{"floor":3,"key":"Fire Potion"},{"floor":11,"key":"DistilledChaos"},{"floor":12,"key":"ElixirPotion"},{"floor":14,"key":"DuplicationPotion"},{"floor":18,"key":"Strength Potion"}],"is_trial":false,"path_per_floor":["M","?","M","?","M","R","E","M","T","R","E","M","?","M","R","B",null,"M","$","?","?","M","R","E"],"character_chosen":"IRONCLAD","items_purchased":["Lee\u0027s Waffle","reliquary:TuningFork","hubris:PeanutButter","hubris:CleavingFinish","Letter Opener","reliquary:NewFriend"],"campfire_rested":0,"item_purchase_floors":[0,0,0,0,0,19],"current_hp_per_floor":[68,68,72,72,78,78,82,82,82,82,54,60,60,66,66,62,77,77,77,56,73,78,78,0,0],"gold":105,"neow_bonus":"","is_daily":false,"chose_seed":false,"campfire_upgraded":3,"win_rate":0.0,"timestamp":1612626999,"path_taken":["M","?","M","?","M","R","E","M","T","R","E","M","?","?","R","BOSS","M","$","?","?","M","R","E"],"items_purchased_type":["Relic","Relic","Relic","Card","Relic","Relic"],"build_version":"2020-12-22","purchased_purges":0,"victory":false,"max_hp_per_floor":[82,82,82,82,82,82,82,82,82,82,82,82,82,82,82,82,82,84,84,84,84,86,86,88,88],"card_choices":[{"not_picked":["Thunderclap","Iron Wave"],"picked":"hubris:CleavingFinish","floor":1},{"not_picked":["Pummel","Perfected Strike"],"picked":"Body Slam","floor":3},{"not_picked":["Havoc","Heavy Blade"],"picked":"Shrug It Off","floor":5},{"not_picked":["Battle Trance","Flame Barrier"],"picked":"Dropkick","floor":7},{"not_picked":["Disarm","Perfected Strike"],"picked":"Shrug It Off","floor":8},{"not_picked":["Havoc","Heavy Blade","Clothesline"],"picked":"SKIP","floor":11},{"not_picked":["Flex","Cleave","Heavy Blade"],"picked":"SKIP","floor":12},{"not_picked":["Pummel","conspire:ExplosiveBarrier","Burning Pact"],"picked":"SKIP","floor":14},{"not_picked":["Armaments","Cleave"],"picked":"Shrug It Off","floor":18},{"not_picked":["Headbutt+1","Second Wind","Rampage+1"],"picked":"SKIP","floor":22}],"player_experience":500137,"relics_obtained":[{"floor":7,"key":"Ancient Tea Set"},{"floor":11,"key":"Turnip"}],"event_choices":[{"damage_healed":0,"gold_gain":0,"player_choice":"Agree","damage_taken":0,"max_hp_gain":0,"max_hp_loss":0,"event_name":"conspire:LoneGhost","floor":4,"gold_loss":0},{"damage_healed":0,"gold_gain":0,"player_choice":"0 cards matched","damage_taken":0,"max_hp_gain":0,"max_hp_loss":0,"event_name":"Match and Keep!","floor":13,"gold_loss":0,"cards_obtained":[]},{"damage_healed":17,"gold_gain":0,"player_choice":"Heal","damage_taken":0,"max_hp_gain":0,"max_hp_loss":0,"event_name":"The Library","floor":21,"gold_loss":0}],"is_beta":false,"boss_relics":[{"not_picked":["Philosopher\u0027s Stone","aspiration:FutureDiary"],"picked":"Astrolabe"}],"items_purged_floors":[],"is_endless":false,"potions_floor_spawned":[3,5,11,12,14,18],"killed_by":"Slavers","ascension_level":20}}