{"host":"w7pthw6r6331n954","time":1612650405,"event":{"mods":["AchievementEnabler","BaseMod","BetterRewards","Colored Map","Colored Powertips","Custom Start","Duelist Mod","GifTheSpireLib","Hermit","Jorbs\u0027s Wanderer Trilogy","Minty Spire (QoL Compilation)","Replay The Spire","Shop Mod","StSLib","SuperFastMode"],"gold_per_floor":[109,109,130,140,14,14,27,27,102,177,212,66,66,66,66,171,171,155,155,155,155,172,172,185,185,212,4,4,16,16,16,16,113,113,126,126,10,26,9,9,29,42,42,42,42],"floor_reached":44,"language":"ENG","playtime":5611,"items_purged":["Hallucinations"],"score":577,"play_id":"50686c10-917a-42cb-86e3-f50ab664cb7a","local_time":"20210206172645","is_ascension_mode":false,"campfire_choices":[{"floor":6.0,"key":"REST"},{"floor":8.0,"key":"RECALL"},{"floor":13.0,"key":"REST"},{"floor":15.0,"key":"REST"},{"floor":23.0,"key":"REST"},{"data":"White Noise","floor":25.0,"key":"SMITH"},{"floor":30.0,"key":"REST"},{"data":"Meteor Strike","floor":32.0,"key":"SMITH"},{"floor":40,"key":"REST"}],"circlet_count":0,"master_deck":["Strike_B","Defend_B","Defend_B","Zap","Dualcast","Flash of Steel","Streamline","ReplayTheSpireMod:Reroute Power","Beam Cell","White Noise+1","Creative AI","Meteor Strike+1","Sweeping Beam","Go for the Eyes","Melter","Leap","Creative AI+1","Gash","Echo Form+1","Auto Shields+1","Hallucinations","Steam+1","Seek+1","Panic Button","ReplayGash","Fission+1","ReplayTheSpireMod:Private Reserves+1","Genetic Algorithm","Genetic Algorithm","Beam Cell+1","Hello World","Buffer+1","Undo+1","Bandage Up","ReplayTheSpireMod:Private Reserves","Panache+1","Go for the Eyes","Gash+1","Gash+1","Beam Cell+1","ReplaySort+1","Double Energy+1"],"relics":["Cracked Core","MerchantsRug","Dream Catcher","Regal Pillow","Golden Egg","PreservedInsect","ReplayTheSpireMod:TigerMarble","SlaversCollar","Tiny Chest","Ring of Shattering","SacredBark","Membership Card","Boot"],"acts_visited":["Exordium","TheCity","TheBeyond"],"potions_floor_usage":[33,33,33,44,44],"damage_taken":[{"damage":0.0,"enemies":"Small Slimes","floor":1.0,"turns":2.0},{"damage":0.0,"enemies":"2 Louse","floor":4.0,"turns":2.0},{"damage":0.0,"enemies":"Cultist","floor":7.0,"turns":2.0},{"damage":38.0,"enemies":"Gremlin Nob","floor":11.0,"turns":4.0},{"damage":10.0,"enemies":"Fading Forest","floor":16.0,"turns":11.0},{"damage":18.0,"enemies":"2 Thieves","floor":18.0,"turns":4.0},{"damage":0.0,"enemies":"Spheric Guardian","floor":22.0,"turns":1.0},{"damage":7.0,"enemies":"Snecko","floor":24.0,"turns":5.0},{"damage":10.0,"enemies":"Centurion and Healer","floor":29.0,"turns":4.0},{"damage":9,"enemies":"Pondfish","floor":33,"turns":6},{"damage":25,"enemies":"3 Darklings","floor":35,"turns":6},{"damage":24,"enemies":"3 Shapes","floor":38,"turns":5},{"damage":25,"enemies":"Spire Growth","floor":41,"turns":7},{"damage":0,"enemies":"Maw","floor":42,"turns":6},{"damage":36,"enemies":"Writhing Mass","floor":44,"turns":6}],"seed_played":"7393701647816237303","potions_obtained":[{"floor":0.0,"key":"Cursed Concoction"},{"floor":0.0,"key":"SteroidPotion"},{"floor":0.0,"key":"Fire Potion"},{"floor":7.0,"key":"Regen Potion"},{"floor":11.0,"key":"SkillPotion"},{"floor":16.0,"key":"ColorlessPotion"},{"floor":24.0,"key":"BlessingOfTheForge"},{"floor":29.0,"key":"AttackPotion"},{"floor":35,"key":"Toxic Potion"},{"floor":41,"key":"SpeedPotion"},{"floor":42,"key":"Swift Potion"}],"is_trial":false,"path_per_floor":["M","?","?","M","$","R","M","R","T","?","E","$","R","$","R","B",null,"M","?","?","?","M","R","M","R","T","$","?","M","R","$","R","B",null,"M","?","$","M","$","R","M","M","T","M"],"character_chosen":"DEFECT","items_purchased":["MerchantsRug","Dream Catcher","Cauldron","Flash of Steel","Streamline","ReplayTheSpireMod:Reroute Power","Meteor Strike","ReplayTheSpireMod:TigerMarble","Tiny Chest","ReplayTheSpireMod:Private Reserves","Membership Card","Gash"],"campfire_rested":6,"item_purchase_floors":[0,0,0,0,0,0,5,12,27,27,37,39],"current_hp_per_floor":[51,26,26,26,26,63,63,63,63,52,26,26,63,63,75,65,75,57,57,57,57,57,75,68,68,68,68,68,58,75,75,75,66,75,50,40,40,16,16,53,32,32,32,0,0],"gold":42,"neow_bonus":"","is_daily":false,"chose_seed":false,"campfire_upgraded":2,"win_rate":0.0,"timestamp":1612650405,"path_taken":["M","?","?","?","?","R","M","R","T","?","E","$","R","$","R","BOSS","M","?","?","?","?","R","M","R","T","$","?","M","R","$","R","BOSS","M","?","$","M","$","R","M","M","T","M"],"items_purchased_type":["Relic","Relic","Relic","Card","Card","Card","Card","Relic","Relic","Card","Relic","Card"],"build_version":"2020-12-22","purchased_purges":1,"victory":false,"max_hp_per_floor":[75,75,75,75,75,75,75,75,75,75,75,75,75,75,75,75,75,75,75,75,75,75,75,75,75,75,75,75,75,75,75,75,75,75,75,75,75,75,75,75,75,75,75,75,75],"card_choices":[{"not_picked":["Go for the Eyes","Barrage"],"picked":"Beam Cell","floor":1.0},{"not_picked":["Stack","Redo"],"picked":"White Noise","floor":3.0},{"not_picked":["Reprogram","Melter"],"picked":"Creative AI","floor":4.0},{"not_picked":["Capacitor","ReplaySolidLightProjector"],"picked":"Sweeping Beam","floor":6.0},{"not_picked":["Blizzard","Redo"],"picked":"Go for the Eyes","floor":7.0},{"not_picked":["Steam","Ball Lightning"],"picked":"Melter","floor":11.0},{"not_picked":["ReplaySolidLightProjector","Scrape"],"picked":"Leap","floor":13.0},{"not_picked":["Glacier","Barrage"],"picked":"Gash","floor":15.0},{"not_picked":["Fission","All For One"],"picked":"Echo Form","floor":16.0},{"not_picked":["Cold Snap","Storm"],"picked":"Auto Shields+1","floor":18.0},{"not_picked":["ReplayTheSpireMod:Repulse+1","Reprogram"],"picked":"Steam+1","floor":22.0},{"not_picked":["Steam","BasicCrystalCard"],"picked":"Panic Button","floor":23.0},{"not_picked":["Cold Snap+1","Hello World"],"picked":"ReplayGash","floor":24.0},{"not_picked":["Compile Driver","Leap+1"],"picked":"Genetic Algorithm","floor":29.0},{"not_picked":["Streamline","Panic Button+1"],"picked":"Beam Cell+1","floor":30.0},{"not_picked":["Biased Cognition","Hyperbeam"],"picked":"Buffer","floor":33},{"not_picked":["Self Repair+1","Scrape"],"picked":"Undo+1","floor":35},{"not_picked":["ReplayTheSpireMod:Trickstab","Purity"],"picked":"Bandage Up","floor":36},{"not_picked":["Secret Weapon","ReplayUltimateDefense"],"picked":"ReplayTheSpireMod:Private Reserves","floor":36},{"not_picked":["Dramatic Entrance","Specialist"],"picked":"Panache","floor":36},{"not_picked":["ReplayTheSpireMod:Calculation Training","ReplaySolidLightProjector"],"picked":"Go for the Eyes","floor":38},{"not_picked":["ReplaySolidLightProjector","Rip and Tear+1"],"picked":"Beam Cell+1","floor":40},{"not_picked":["Cold Snap","Leap+1"],"picked":"ReplaySort+1","floor":41},{"not_picked":["Hologram+1","ReplayTheSpireMod:Calculation Training+1"],"picked":"Double Energy+1","floor":42}],"player_experience":1199491,"relics_obtained":[{"floor":3.0,"key":"Replay:PocketPolymizer"},{"floor":9.0,"key":"Golden Egg"},{"floor":11.0,"key":"PreservedInsect"},{"floor":28.0,"key":"Ring of Shattering"},{"floor":43,"key":"Boot"}],"event_choices":[{"damage_healed":0.0,"max_hp_gain":0.0,"max_hp_loss":0.0,"gold_gain":0.0,"event_name":"Scrap Ooze","player_choice":"Success","floor":2.0,"gold_loss":0.0,"damage_taken":25.0,"relics_obtained":["Regal Pillow"]},{"damage_healed":0.0,"max_hp_gain":0.0,"max_hp_loss":0.0,"gold_gain":75.0,"event_name":"World of Goop","player_choice":"Gather Gold","floor":10.0,"gold_loss":0.0,"damage_taken":11.0},{"cards_removed":["ReplayTheSpireMod:Splinters"],"damage_healed":0.0,"max_hp_gain":0.0,"max_hp_loss":0.0,"gold_gain":0.0,"event_name":"Back to Basics","player_choice":"Elegance","floor":19.0,"gold_loss":0.0,"damage_taken":0.0},{"damage_healed":0.0,"max_hp_gain":0.0,"max_hp_loss":0.0,"gold_gain":0.0,"event_name":"Beggar","player_choice":"Ignored","floor":20.0,"gold_loss":0.0,"damage_taken":0.0},{"damage_healed":0,"gold_gain":0,"player_choice":"Memory 3","damage_taken":10,"max_hp_gain":0,"max_hp_loss":0,"event_name":"SensoryStone","floor":36,"gold_loss":0}],"is_beta":false,"boss_relics":[{"not_picked":["Pandora\u0027s Box","Honey Jar"],"picked":"SlaversCollar"},{"not_picked":["Snecko Eye","Replay:Bronze Core"],"picked":"SacredBark"}],"items_purged_floors":[37],"is_endless":false,"potions_floor_spawned":[7,11,16,24,29,35,41,42],"killed_by":"Writhing Mass","ascension_level":0}}