{"host":"tj6tjcyqgbd0xj5u","time":1612624201,"event":{"mods":["Aspiration","BaseMod","Better Match","BetterRewards","Challenge The Spire","Conspire","Defuse TimeMaze Blight","Downfall","Energized Spire","Evolution","GifTheSpireLib","Halation","Hubris","Infinite Spire","Minty Spire (QoL Compilation)","Replay The Spire","Reworked Bosses","Spikes Relics","StS++","StSLib","Stuff the Spire"],"gold_per_floor":[115,115,180,180,505,505,538,538,538,548,559,586,648,326,326,423,423,443,453,521,571,634,666,666,766,841,877,877,755,780,795,795,795,795],"floor_reached":33,"language":"ENG","playtime":1195,"items_purged":["Regret","Delirium"],"score":470,"play_id":"c4fb50b7-f24e-4199-a59e-76e5bda6e8fd","local_time":"20210206111001","is_ascension_mode":true,"campfire_choices":[{"data":"StSpp:PoisonousPunch","floor":6,"key":"SMITH"},{"data":"Catalyst","floor":8,"key":"SMITH"},{"floor":15,"key":"REST"},{"data":"StSpp:PoisonousPunch","floor":24,"key":"SMITH"},{"data":"StSpp:PoisonousPunch","floor":28,"key":"SMITH"},{"floor":32,"key":"REST"}],"circlet_count":0,"master_deck":["StSpp:PoisonousPunch+1","StSpp:PoisonousPunch+1","Survivor","Neutralize","Catalyst+1","StSpp:PoisonousPunch+1","Noxious Fumes","ReplayTheSpireMod:Necrosis","Poisoned Stab","Bane","Caltrops","Backstab","Adrenaline","StSpp:PoisonousPunch","Backstab","Calculated Gamble","Endless Agony","Dagger Spray","Deadly Poison+1","Corpse Explosion","Acrobatics","Noxious Fumes","Doubt"],"relics":["Ring of the Snake","EVO:Axolotl","PureWater","SsserpentHead","aspiration:HiddenCompartment","hubris:Reverence","Replay:Ringing Soul","Membership Card","halation:LettersToHer","Pandora\u0027s Box","hubris:Metronome","Ring of Greed","Ring of Misfortune","Golden Idol","Golden Egg","SpikesRelics:ToyHorsey","infinitespire:Bottled Soul","halation:Thesaurus","Chemical X"],"acts_visited":["Exordium","TheCity"],"potions_floor_usage":[10,11,11,13,16,19,23,33],"damage_taken":[{"damage":0,"enemies":"conspire:RoseBush","floor":1,"turns":2},{"damage":0,"enemies":"infinitespire:Voidling","floor":3,"turns":2},{"damage":17,"enemies":"Lagavulin","floor":7,"turns":4},{"damage":4,"enemies":"Jaw Worm","floor":10,"turns":3},{"damage":14,"enemies":"conspire:2 RoseBushes","floor":11,"turns":4},{"damage":11,"enemies":"3 Sentries","floor":12,"turns":6},{"damage":9,"enemies":"Red Slaver","floor":13,"turns":3},{"damage":17,"enemies":"The Guardian","floor":16,"turns":6},{"damage":9,"enemies":"Shell Parasite","floor":18,"turns":2},{"damage":0,"enemies":"2 Thieves","floor":19,"turns":1},{"damage":0,"enemies":"conspire:HollyBat","floor":20,"turns":4},{"damage":0,"enemies":"Snake Plant","floor":22,"turns":2},{"damage":27,"enemies":"Gremlin Leader","floor":23,"turns":3},{"damage":27,"enemies":"Slavers","floor":27,"turns":3},{"damage":0,"enemies":"Snecko","floor":30,"turns":2},{"damage":0,"enemies":"Chosen and Byrds","floor":31,"turns":2},{"damage":81,"enemies":"conspire:MysteriousRune","floor":33,"turns":4}],"seed_played":"-3683050267677610658","potions_obtained":[{"floor":7,"key":"StSpp:ScatteredWeakPotion"},{"floor":11,"key":"SpeedPotion"},{"floor":12,"key":"Slimebound:ThreeZeroPotion"},{"floor":13,"key":"Poison Potion"},{"floor":18,"key":"Fire Potion"},{"floor":22,"key":"FearPotion"},{"floor":30,"key":"Elixir"}],"is_trial":false,"path_per_floor":["M","?","M","?","?","R","E","R","T","M","M","E","M","$","R","B",null,"M","M","M","?","M","E","R","?","T","E","R","$","M","M","R","B"],"character_chosen":"THE_SILENT","items_purchased":["Membership Card","halation:LettersToHer","Caltrops","halation:Thesaurus"],"campfire_rested":2,"item_purchase_floors":[14,14,14,29],"current_hp_per_floor":[70,70,70,70,70,70,53,53,53,49,35,27,21,24,47,30,82,76,79,79,82,85,58,58,61,61,37,37,37,37,37,67,0,0],"gold":795,"neow_bonus":"NOSTALGIA","is_daily":false,"chose_seed":false,"campfire_upgraded":4,"win_rate":0.0,"timestamp":1612624201,"path_taken":["M","?","?","?","?","R","E","R","T","M","M","E","?","$","R","BOSS","M","M","?","?","?","E","R","?","T","E","R","$","M","M","R","BOSS"],"items_purchased_type":["Relic","Relic","Card","Relic"],"build_version":"2020-12-22","purchased_purges":2,"victory":false,"max_hp_per_floor":[70,70,70,70,70,70,70,70,70,70,70,73,76,79,79,79,82,85,88,88,91,94,94,94,97,97,100,100,100,100,100,100,100,100],"card_choices":[{"not_picked":["Deflect","Blade Dance"],"picked":"Catalyst","floor":1},{"not_picked":["Backflip","Deflect"],"picked":"StSpp:PoisonousPunch","floor":3},{"not_picked":["Flying Knee","Slice"],"picked":"Noxious Fumes","floor":7},{"not_picked":["StuffTheSpire:BumpUp","Masterful Stab","StSpp:Dive"],"picked":"SKIP","floor":10},{"not_picked":["Backstab","Flying Knee"],"picked":"ReplayTheSpireMod:Necrosis","floor":11},{"not_picked":["StuffTheSpire:Python","StSpp:CorrosivePoison"],"picked":"Poisoned Stab","floor":12},{"not_picked":["Flying Knee","Dagger Throw"],"picked":"Bane","floor":13},{"not_picked":["Slice","StuffTheSpire:Injection"],"picked":"Deadly Poison+1","floor":18},{"not_picked":["Bane","Poisoned Stab"],"picked":"Corpse Explosion","floor":19},{"not_picked":["Infinite Blades","StuffTheSpire:BumpUp","StuffTheSpire:Injection+1"],"picked":"SKIP","floor":20},{"not_picked":["Prepared","Slice"],"picked":"Noxious Fumes","floor":22},{"not_picked":["conspire:PoisonWeapons","Acrobatics","hubris:TrickCloak+1"],"picked":"SKIP","floor":23},{"not_picked":["Corpse Explosion","hubris:SlightOfHand","ReplayTheSpireMod:Exploit Weakness+1"],"picked":"SKIP","floor":27},{"not_picked":["PiercingWail","Dodge and Roll","StSpp:SpareBlade"],"picked":"SKIP","floor":30},{"not_picked":["Heel Hook+1","StSpp:Dive","Flying Knee"],"picked":"SKIP","floor":31}],"player_experience":121464,"relics_obtained":[{"floor":7,"key":"aspiration:HiddenCompartment"},{"floor":9,"key":"hubris:Reverence"},{"floor":12,"key":"Replay:Ringing Soul"},{"floor":23,"key":"hubris:Metronome"},{"floor":25,"key":"Ring of Greed"},{"floor":25,"key":"Ring of Misfortune"},{"floor":25,"key":"Golden Idol"},{"floor":25,"key":"Golden Egg"},{"floor":26,"key":"halation:LettersToHer"},{"floor":26,"key":"SpikesRelics:ToyHorsey"},{"floor":27,"key":"infinitespire:Bottled Soul"}],"event_choices":[{"damage_healed":0,"gold_gain":0,"player_choice":"Trade","damage_taken":0,"relics_obtained":["SsserpentHead"],"max_hp_gain":0,"max_hp_loss":0,"event_name":"FaceTrader","floor":2,"gold_loss":0},{"cards_removed":["Strike_G"],"damage_healed":0,"gold_gain":0,"player_choice":"Card Removal","damage_taken":0,"max_hp_gain":0,"max_hp_loss":0,"event_name":"The Cleric","floor":4,"gold_loss":50},{"damage_healed":0,"gold_gain":275,"player_choice":"Desecrate","damage_taken":0,"max_hp_gain":0,"max_hp_loss":0,"event_name":"Golden Shrine","floor":5,"gold_loss":0,"cards_obtained":["Regret"]},{"damage_healed":0,"gold_gain":0,"player_choice":"Read","damage_taken":0,"max_hp_gain":0,"max_hp_loss":0,"event_name":"The Library","floor":21,"gold_loss":0,"cards_obtained":["Acrobatics"]}],"is_beta":false,"boss_relics":[{"not_picked":["StSpp:FireArrow","halation:Prosthetics"],"picked":"Pandora\u0027s Box"}],"items_purged_floors":[14,29],"is_endless":false,"potions_floor_spawned":[7,11,12,13,18,22,30],"killed_by":"conspire:MysteriousRune","ascension_level":3}}