{"host":"prxrhpgaxnj4om9r","time":1612588291,"event":{"mods":["AchievementEnabler","BaseMod","DeckTracker","Keyboard Shortcuts","Minty Spire (QoL Compilation)"],"gold_per_floor":[117,127,147,222,278,278,278,290,290,303,318,318,344,357,357,453,453,465,481,481,22,22,22,48,62,62,62,62,62,62],"floor_reached":29,"language":"KOR","playtime":1719,"items_purged":[],"score":309,"play_id":"bd5b34dd-de30-451f-8860-1590555568b5","local_time":"20210206141131","is_ascension_mode":true,"campfire_choices":[{"data":"True Grit","floor":6,"key":"SMITH"},{"floor":12,"key":"REST"},{"floor":15,"key":"REST"},{"floor":23,"key":"REST"}],"circlet_count":0,"master_deck":["Strike_R","Strike_R","Strike_R","Defend_R","Defend_R","Defend_R","Defend_R","Bash","True Grit+1","Entrench","Clothesline","Fire Breathing","Metallicize","Wild Strike","Headbutt","Havoc","Fiend Fire","Rampage+1","Evolve","Armaments","Uppercut","Searing Blow","Reckless Charge+1","Sword Boomerang+1","Ghostly","Ghostly","Ghostly","Ghostly","Ghostly"],"relics":["Burning Blood","Happy Flower","Omamori","Mummified Hand","Runic Cube","Akabeko","TheAbacus","Molten Egg 2","Shovel","Bottled Flame"],"acts_visited":["Exordium","TheCity"],"potions_floor_usage":[8,11,18,20,24,24,25],"damage_taken":[{"damage":0,"enemies":"Small Slimes","floor":1,"turns":3},{"damage":12,"enemies":"Jaw Worm","floor":2,"turns":3},{"damage":0,"enemies":"2 Louse","floor":3,"turns":3},{"damage":14,"enemies":"Exordium Wildlife","floor":8,"turns":4},{"damage":6,"enemies":"Blue Slaver","floor":10,"turns":4},{"damage":36,"enemies":"Lots of Slimes","floor":11,"turns":5},{"damage":30,"enemies":"Gremlin Nob","floor":13,"turns":6},{"damage":15,"enemies":"3 Louse","floor":14,"turns":4},{"damage":43,"enemies":"The Guardian","floor":16,"turns":16},{"damage":30,"enemies":"2 Thieves","floor":18,"turns":4},{"damage":30,"enemies":"3 Byrds","floor":19,"turns":6},{"damage":35,"enemies":"Shelled Parasite and Fungi","floor":20,"turns":5},{"damage":22,"enemies":"Book of Stabbing","floor":24,"turns":5},{"damage":16,"enemies":"Snake Plant","floor":25,"turns":4},{"damage":9,"enemies":"Centurion and Healer","floor":29,"turns":1}],"seed_played":"141393685670430390","potions_obtained":[{"floor":2,"key":"AttackPotion"},{"floor":10,"key":"PowerPotion"},{"floor":14,"key":"LiquidMemories"},{"floor":16,"key":"SmokeBomb"},{"floor":24,"key":"PowerPotion"}],"is_trial":false,"path_per_floor":["M","M","M","?","?","R","?","M","T","M","M","R","E","M","R","B",null,"M","M","M","$","?","R","E","M","T","?","T","M"],"character_chosen":"IRONCLAD","items_purchased":["Akabeko","TheAbacus","Armaments","Block Potion","AttackPotion"],"campfire_rested":3,"item_purchase_floors":[21,21,21,21,21],"current_hp_per_floor":[80,74,80,69,69,69,74,66,66,66,36,61,37,28,53,16,85,61,37,8,8,8,33,17,7,7,7,7,0,0],"gold":62,"neow_bonus":"RANDOM_COMMON_RELIC","is_daily":false,"chose_seed":false,"campfire_upgraded":1,"win_rate":0.0,"timestamp":1612588291,"path_taken":["M","M","M","?","?","R","?","M","T","?","M","R","E","M","R","BOSS","M","M","M","$","?","R","E","M","T","?","?","M"],"items_purchased_type":["Relic","Relic","Card","Potion","Potion"],"build_version":"2020-12-22","purchased_purges":0,"victory":false,"max_hp_per_floor":[80,80,80,80,80,80,85,85,85,85,85,85,85,85,85,85,85,85,85,85,85,85,85,85,85,85,42,42,42,42],"card_choices":[{"not_picked":["Twin Strike","Clothesline"],"picked":"True Grit","floor":1},{"not_picked":["Shrug It Off","Sword Boomerang"],"picked":"Entrench","floor":2},{"not_picked":["Heavy Blade","Inflame"],"picked":"Clothesline","floor":3},{"not_picked":["Cleave","Anger"],"picked":"Fire Breathing","floor":8},{"not_picked":["Offering","Headbutt"],"picked":"Metallicize","floor":10},{"not_picked":["Warcry","Rampage"],"picked":"Wild Strike","floor":11},{"not_picked":["Entrench","Heavy Blade"],"picked":"Headbutt","floor":13},{"not_picked":["Pommel Strike","Heavy Blade"],"picked":"Havoc","floor":14},{"not_picked":["Offering","Corruption"],"picked":"Fiend Fire","floor":16},{"not_picked":["Iron Wave","Shrug It Off"],"picked":"Rampage+1","floor":18},{"not_picked":["Twin Strike","Power Through"],"picked":"Evolve","floor":19},{"not_picked":["Wild Strike+1","Dual Wield+1"],"picked":"Reckless Charge+1","floor":24},{"not_picked":["Warcry","Headbutt+1"],"picked":"Sword Boomerang+1","floor":25}],"player_experience":275225,"relics_obtained":[{"floor":9,"key":"Omamori"},{"floor":13,"key":"Mummified Hand"},{"floor":24,"key":"Molten Egg 2"},{"floor":26,"key":"Shovel"},{"floor":28,"key":"Bottled Flame"}],"event_choices":[{"damage_healed":0,"gold_gain":75,"player_choice":"Gather Gold","damage_taken":11,"max_hp_gain":0,"max_hp_loss":0,"event_name":"World of Goop","floor":4,"gold_loss":0},{"damage_healed":0,"gold_gain":56,"player_choice":"Gained Gold","damage_taken":0,"max_hp_gain":0,"max_hp_loss":0,"event_name":"Golden Wing","floor":5,"gold_loss":0},{"damage_healed":0,"gold_gain":0,"player_choice":"Donut","damage_taken":0,"max_hp_gain":5,"max_hp_loss":0,"event_name":"Big Fish","floor":7,"gold_loss":0},{"damage_healed":0,"gold_gain":0,"cards_transformed":["Strike_R","Strike_R"],"player_choice":"Became Test Subject","damage_taken":0,"max_hp_gain":0,"max_hp_loss":0,"event_name":"Drug Dealer","floor":22,"gold_loss":0,"cards_obtained":["Uppercut","Searing Blow"]},{"damage_healed":0,"gold_gain":0,"player_choice":"Became a Ghost","damage_taken":0,"max_hp_gain":0,"max_hp_loss":43,"event_name":"Ghosts","floor":27,"gold_loss":0,"cards_obtained":["Ghostly","Ghostly","Ghostly","Ghostly","Ghostly"]}],"is_beta":false,"boss_relics":[{"not_picked":["Velvet Choker","Coffee Dripper"],"picked":"Runic Cube"}],"items_purged_floors":[],"is_endless":false,"potions_floor_spawned":[2,10,14,16,20,24],"killed_by":"Centurion and Healer","ascension_level":3}}