{"host":"a5lz0e76zb3fcwkm","time":1612625354,"event":{"mods":["AchievementEnabler","BaseMod","Colored Map","Colored Powertips","Minty Spire (QoL Compilation)","StSLib","SuperFastMode"],"gold_per_floor":[16,32,49,49,63,63,91,108,108,125,7,7,17,47,47,125,125,141,141,141,141,160,180,198,228,228,238,238,251,280,195,195,269,269,284,1283,982,992,311,311,330,362,362,373,373,405,424,457,457,457,457,457,457,72,107,107],"floor_reached":57,"language":"KOR","playtime":3547,"items_purged":["Defend_B","Normality","Normality","Strike_B"],"score":2817,"play_id":"349f9e1a-c755-4246-bdd1-043f8715243e","local_time":"20210207002914","is_ascension_mode":true,"campfire_choices":[{"data":"Loop","floor":6.0,"key":"SMITH"},{"data":"Dualcast","floor":12.0,"key":"SMITH"},{"data":"Zap","floor":15.0,"key":"SMITH"},{"floor":28.0,"key":"RECALL"},{"floor":32.0,"key":"REST"},{"floor":40.0,"key":"REST"},{"floor":49.0,"key":"REST"},{"floor":53.0,"key":"REST"}],"circlet_count":0,"master_deck":["AscendersBane","Strike_B","Defend_B","Defend_B","Zap+1","Dualcast+1","Cold Snap","Loop+1","Leap+1","Genetic Algorithm+1","Redo+1","Self Repair","Reboot+1","Reinforced Body+1","Biased Cognition","Consume+1","Heatsinks","Fission+1","Coolheaded+1","White Noise+1","Loop+1","Compile Driver","Recycle+1","Tempest+1","Buffer+1","Undo+1","Cold Snap","Cold Snap+1","Capacitor","Barrage","Chaos+1","Coolheaded+1","Injury","White Noise+1","Blizzard","Hologram+1","Creative AI","Undo+1","Genetic Algorithm+1","Redo+1"],"relics":["Cracked Core","Toxic Egg 2","Meat on the Bone","Dream Catcher","Cursed Key","Kunai","Ancient Tea Set","Gremlin Horn","Fusion Hammer","Runic Capacitor","White Beast Statue","Medical Kit","Bird Faced Urn","Gambling Chip","Incense Burner","DollysMirror","Unceasing Top"],"acts_visited":["Exordium","TheCity","TheBeyond","TheEnding"],"potions_floor_usage":[56],"damage_taken":[{"damage":7.0,"enemies":"2 Louse","floor":1.0,"turns":3.0},{"damage":0.0,"enemies":"Cultist","floor":2.0,"turns":3.0},{"damage":4.0,"enemies":"Small Slimes","floor":3.0,"turns":4.0},{"damage":9.0,"enemies":"3 Louse","floor":5.0,"turns":4.0},{"damage":19.0,"enemies":"Lagavulin","floor":7.0,"turns":7.0},{"damage":3.0,"enemies":"2 Fungi Beasts","floor":8.0,"turns":3.0},{"damage":9.0,"enemies":"Looter","floor":10.0,"turns":4.0},{"damage":15.0,"enemies":"Lots of Slimes","floor":13.0,"turns":5.0},{"damage":22.0,"enemies":"3 Sentries","floor":14.0,"turns":10.0},{"damage":3.0,"enemies":"The Guardian","floor":16.0,"turns":16.0},{"damage":2.0,"enemies":"2 Thieves","floor":18.0,"turns":4.0},{"damage":4.0,"enemies":"Chosen","floor":22.0,"turns":11.0},{"damage":0.0,"enemies":"Snake Plant","floor":23.0,"turns":3.0},{"damage":11.0,"enemies":"Chosen and Byrds","floor":24.0,"turns":9.0},{"damage":9.0,"enemies":"Slavers","floor":25.0,"turns":3.0},{"damage":13.0,"enemies":"Cultist and Chosen","floor":27.0,"turns":16.0},{"damage":0.0,"enemies":"Centurion and Healer","floor":29.0,"turns":8.0},{"damage":52.0,"enemies":"Gremlin Leader","floor":30.0,"turns":9.0},{"damage":26.0,"enemies":"Automaton","floor":33.0,"turns":14.0},{"damage":11.0,"enemies":"Orb Walker","floor":35.0,"turns":3.0},{"damage":56.0,"enemies":"3 Shapes","floor":38.0,"turns":4.0},{"damage":0.0,"enemies":"Sphere and 2 Shapes","floor":41.0,"turns":8.0},{"damage":66.0,"enemies":"Reptomancer","floor":42.0,"turns":5.0},{"damage":15.0,"enemies":"Transient","floor":44.0,"turns":6.0},{"damage":1.0,"enemies":"Giant Head","floor":46.0,"turns":7.0},{"damage":29.0,"enemies":"4 Shapes","floor":47.0,"turns":4.0},{"damage":37.0,"enemies":"Reptomancer","floor":48.0,"turns":7.0},{"damage":27.0,"enemies":"Awakened One","floor":50.0,"turns":19.0},{"damage":28.0,"enemies":"Donu and Deca","floor":51.0,"turns":9.0},{"damage":0.0,"enemies":"Shield and Spear","floor":55.0,"turns":6.0},{"damage":79,"enemies":"The Heart","floor":56,"turns":12}],"seed_played":"-2436688880381267303","potions_obtained":[{"floor":3.0,"key":"Block Potion"},{"floor":7.0,"key":"GamblersBrew"},{"floor":13.0,"key":"Energy Potion"},{"floor":14.0,"key":"ColorlessPotion"},{"floor":16.0,"key":"Explosive Potion"},{"floor":23.0,"key":"Swift Potion"},{"floor":24.0,"key":"EssenceOfDarkness"},{"floor":25.0,"key":"FairyPotion"},{"floor":41.0,"key":"FocusPotion"},{"floor":42.0,"key":"SkillPotion"},{"floor":44.0,"key":"Dexterity Potion"},{"floor":46.0,"key":"LiquidBronze"},{"floor":48.0,"key":"FocusPotion"},{"floor":55.0,"key":"ColorlessPotion"}],"is_trial":false,"path_per_floor":["M","M","M","?","M","R","E","M","T","M","$","R","M","E","R","B",null,"M","?","?","?","M","M","M","E","T","M","R","M","E","?","R","B",null,"M","?","$","M","$","R","M","E","T","M","?","E","M","E","R","B","B",null,"R","$","E","B",null],"character_chosen":"DEFECT","items_purchased":["Self Repair","Runic Capacitor","Cold Snap","Capacitor","Barrage","White Beast Statue","Medical Kit","Ancient Potion","DollysMirror"],"campfire_rested":4,"item_purchase_floors":[11,37,37,39,39,39,39,54,54],"current_hp_per_floor":[71,71,67,67,58,58,39,36,36,39,39,39,43,40,40,56,78,83,83,83,83,85,85,81,72,72,66,66,73,40,40,65,58,78,74,74,74,37,37,62,69,22,22,40,40,72,55,53,78,75,78,83,85,85,85,57],"gold":107,"neow_bonus":"TWENTY_PERCENT_HP_BONUS","is_daily":false,"chose_seed":false,"campfire_upgraded":3,"win_rate":0.0,"timestamp":1612625354,"path_taken":["M","M","M","?","M","R","E","M","T","?","?","R","M","E","R","BOSS","M","?","?","?","M","M","M","E","T","M","R","M","E","?","R","BOSS","M","?","$","M","$","R","M","E","T","M","?","E","M","E","R","BOSS","BOSS","R","$","E","BOSS"],"items_purchased_type":["Card","Relic","Card","Card","Card","Relic","Relic","Potion","Relic"],"build_version":"2020-12-22","purchased_purges":4,"victory":true,"max_hp_per_floor":[85,85,85,85,85,85,85,85,85,85,85,85,85,85,85,85,85,85,85,85,85,85,85,85,85,85,85,85,85,85,85,85,85,85,85,85,85,85,85,85,85,85,85,85,85,85,85,85,85,85,85,85,85,85,85,85],"card_choices":[{"not_picked":["Rebound","Barrage","Hologram"],"picked":"SKIP","floor":1.0},{"not_picked":["Rebound","Stack","Steam Power"],"picked":"SKIP","floor":2.0},{"not_picked":["Doom and Gloom","Rebound"],"picked":"Cold Snap","floor":3.0},{"not_picked":["Hello World","Streamline"],"picked":"Loop","floor":5.0},{"not_picked":["Hologram+1","Reprogram+1"],"picked":"Leap+1","floor":7.0},{"not_picked":["Recycle+1","Cold Snap"],"picked":"Genetic Algorithm+1","floor":8.0},{"not_picked":["Ball Lightning","Stack+1"],"picked":"Redo+1","floor":10.0},{"not_picked":["Beam Cell","Conserve Battery+1"],"picked":"Reboot+1","floor":13.0},{"not_picked":["Rebound","Sweeping Beam"],"picked":"Reinforced Body+1","floor":14.0},{"not_picked":["Thunder Strike","Machine Learning"],"picked":"Biased Cognition","floor":16.0},{"not_picked":["Leap+1","Streamline"],"picked":"Consume+1","floor":18.0},{"not_picked":["Rebound","Conserve Battery+1","Steam+1"],"picked":"SKIP","floor":22.0},{"not_picked":["Rebound","Conserve Battery+1","Steam+1"],"picked":"SKIP","floor":22.0},{"not_picked":["Darkness+1","Cold Snap"],"picked":"Coolheaded+1","floor":23.0},{"not_picked":["Skim+1","Heatsinks"],"picked":"White Noise+1","floor":24.0},{"not_picked":["Hologram+1","Aggregate+1","Reboot+1"],"picked":"SKIP","floor":25.0},{"not_picked":["Steam Power+1","Tempest+1"],"picked":"Loop+1","floor":27.0},{"not_picked":["Reprogram+1","Leap+1"],"picked":"Compile Driver","floor":29.0},{"not_picked":["Beam Cell","Skim+1"],"picked":"Recycle+1","floor":30.0},{"not_picked":["Hologram+1","Stack+1"],"picked":"Tempest+1","floor":32.0},{"not_picked":["Thunder Strike","Biased Cognition"],"picked":"Buffer","floor":33.0},{"not_picked":["Redo+1","Genetic Algorithm+1"],"picked":"Undo+1","floor":35.0},{"not_picked":["Rip and Tear","FTL"],"picked":"Cold Snap+1","floor":38.0},{"not_picked":["Leap+1","FTL"],"picked":"Chaos+1","floor":40.0},{"not_picked":["Go for the Eyes","FTL"],"picked":"Coolheaded+1","floor":41.0},{"not_picked":["Self Repair+1","Reprogram+1","Capacitor"],"picked":"SKIP","floor":42.0},{"not_picked":["Self Repair+1","Reprogram+1","Capacitor"],"picked":"SKIP","floor":42.0},{"not_picked":["Meteor Strike","Lockon"],"picked":"White Noise+1","floor":44.0},{"not_picked":["Coolheaded+1","Hologram+1"],"picked":"Blizzard","floor":46.0},{"not_picked":["Barrage","Reprogram+1"],"picked":"Hologram+1","floor":47.0},{"not_picked":["Cold Snap","Rip and Tear"],"picked":"Creative AI","floor":48.0},{"not_picked":["Ball Lightning+1","Cold Snap"],"picked":"Undo+1","floor":53.0},{"not_picked":["Genetic Algorithm+1","Blizzard"],"picked":"Redo+1","floor":55.0}],"player_experience":1842457,"relics_obtained":[{"floor":7.0,"key":"Toxic Egg 2"},{"floor":9.0,"key":"Meat on the Bone"},{"floor":14.0,"key":"Dream Catcher"},{"floor":25.0,"key":"Kunai"},{"floor":30.0,"key":"Ancient Tea Set"},{"floor":42.0,"key":"Bird Faced Urn"},{"floor":46.0,"key":"Gambling Chip"},{"floor":48.0,"key":"Incense Burner"},{"floor":55.0,"key":"Unceasing Top"}],"event_choices":[{"cards_removed":["Strike_B"],"damage_healed":0.0,"max_hp_gain":0.0,"max_hp_loss":0.0,"gold_gain":0.0,"event_name":"Bonfire Elementals","player_choice":"Offered Basic","floor":4.0,"gold_loss":0.0,"damage_taken":0.0},{"damage_healed":0.0,"max_hp_gain":0.0,"max_hp_loss":0.0,"gold_gain":0.0,"event_name":"Vampires","player_choice":"Ignored","floor":19.0,"gold_loss":0.0,"damage_taken":0.0},{"damage_healed":0.0,"max_hp_gain":0.0,"max_hp_loss":0.0,"gold_gain":0.0,"cards_transformed":["Strike_B","Defend_B"],"event_name":"Drug Dealer","player_choice":"Became Test Subject","floor":20.0,"gold_loss":0.0,"damage_taken":0.0,"cards_obtained":["Heatsinks","Fission"]},{"damage_healed":0.0,"max_hp_gain":0.0,"max_hp_loss":0.0,"gold_gain":0.0,"event_name":"The Mausoleum","player_choice":"Ignored","floor":21.0,"gold_loss":0.0,"damage_taken":0.0},{"damage_healed":0.0,"max_hp_gain":0.0,"max_hp_loss":0.0,"gold_gain":0.0,"event_name":"Addict","player_choice":"Obtained Relic","floor":31.0,"gold_loss":85.0,"damage_taken":0.0,"relics_obtained":["Gremlin Horn"]},{"damage_healed":0.0,"max_hp_gain":0.0,"max_hp_loss":0.0,"gold_gain":999.0,"event_name":"MindBloom","player_choice":"Gold","floor":36.0,"gold_loss":0.0,"damage_taken":0.0,"cards_obtained":["Normality","Normality"]},{"damage_healed":0.0,"max_hp_gain":0.0,"max_hp_loss":0.0,"gold_gain":0.0,"event_name":"Upgrade Shrine","player_choice":"Upgraded","floor":45.0,"gold_loss":0.0,"damage_taken":0.0,"cards_upgraded":["Buffer"]}],"is_beta":false,"boss_relics":[{"not_picked":["Astrolabe","SlaversCollar"],"picked":"Cursed Key"},{"not_picked":["Nuclear Battery","FrozenCore"],"picked":"Fusion Hammer"}],"items_purged_floors":[11,37,39,54],"is_endless":false,"potions_floor_spawned":[3,7,13,14,16,23,24,25,33,41,42,44,46,47,48,55],"ascension_level":20}}