{"host":"0cm5wy4nhuju7tij","time":1612591295,"event":{"mods":["100% Spire Juice","2.2 Compatiblity","AchievementEnabler","Aspiration","BaseMod","Better Third Choice","BetterRewards","CCEM2","CapriCore","Colored Powertips","Curses Come First","Displayed Cursed Tome","Downfall","Energized Spire","Evolution","Filter the Spire","Highlight Path","Jess\u0027s Bottle","Minty Spire (QoL Compilation)","Permanent Neow","Poor People Problems","Relic Filter Mod","Relic Stats","Shop Mod","Spicy Shops","StSLib","The Cursed","TheSurvivalist","Weighted Paths"],"gold_per_floor":[109,121,139,156,173,208,208,235,262,262,111,111,111,126,126,231,231,248,266,1,21,296,330,349,349,349,359,394,394,407,433,433,529,529,549,568,588,603,603,603],"floor_reached":39,"language":"ENG","playtime":3949,"items_purged":[],"score":852,"play_id":"3c87d7d2-79fe-4241-9494-989701620ab7","local_time":"20210206010135","is_ascension_mode":true,"campfire_choices":[{"data":"TheCursedMod:ParallelWorld","floor":7,"key":"SMITH"},{"data":"TheCursedMod:HellfireBreathing","floor":10,"key":"SMITH"},{"floor":12,"key":"REST"},{"data":"TheCursedMod:HellfireBreathing","floor":15,"key":"SMITH"},{"floor":25,"key":"REST"},{"floor":29,"key":"REST"},{"data":"TheCursedMod:HellsGateOpen","floor":32,"key":"SMITH"}],"circlet_count":0,"master_deck":["TheCursedMod:CleanUpWorkshop","TheCursedMod:CursedAmulet","TheCursedMod:HellfireBreathing+1","TheCursedMod:HellfireBreathing+1","TheCursedMod:SpitefulPlan","TheCursedMod:LuckyCharm","TheCursedMod:CursedSpellbook","TheCursedMod:NeowsMight","TheCursedMod:ParallelWorld+1","TheCursedMod:CircleOfAmplification","TheCursedMod:CursedBlade","TheCursedMod:LuckyCharm","TheCursedMod:CursedArmor","TheCursedMod:SmokeScreen","TheCursedMod:Obscuration","TheCursedMod:WearCloak","TheCursedMod:CursedBoomerang","TheCursedMod:SpitefulPlan","TheCursedMod:RapidMovement","TheCursedMod:Wield","TheCursedMod:SurpriseAttack","TheCursedMod:ParallelWorld","TheCursedMod:HellsGateOpen+1","TheCursedMod:SpitefulPlan","TheCursedMod:StingEye+1","Regret","TheCursedMod:BloodBarrier+1","TheCursedMod:CursedMace","TheCursedMod:LuckyCharm+1","TheCursedMod:AntiAging","TheCursedMod:SpitefulPlan+1","TheCursedMod:ShockAndAwe","TheCursedMod:Torture+1","PiercingWail+1","TheCursedMod:SpitefulPray+1","Caltrops+1"],"relics":["TheCursedMod:BlackMagicAdvanced","EVO:Axolotl","Lantern","Calipers","aspiration:Lifesprig","aspiration:SecretTechniqueScroll","Bronze Scales","Boot","Gremlin Horn","TheCursedMod:DemonicMark","aspiration:SilentSkillbook"],"acts_visited":["Exordium","TheCity","TheBeyond"],"potions_floor_usage":[39,39,39,39],"damage_taken":[{"damage":0,"enemies":"2 Louse","floor":1,"turns":2},{"damage":2,"enemies":"Cultist","floor":2,"turns":2},{"damage":1,"enemies":"Jaw Worm","floor":3,"turns":3},{"damage":0,"enemies":"Exordium Wildlife","floor":4,"turns":3},{"damage":3,"enemies":"Large Slime","floor":5,"turns":3},{"damage":0,"enemies":"Lagavulin","floor":6,"turns":6},{"damage":10,"enemies":"Gremlin Nob","floor":8,"turns":4},{"damage":5,"enemies":"2 Fungi Beasts","floor":14,"turns":3},{"damage":7,"enemies":"Slime Boss","floor":16,"turns":6},{"damage":7,"enemies":"2 Thieves","floor":18,"turns":5},{"damage":1,"enemies":"Chosen","floor":19,"turns":6},{"damage":0,"enemies":"Snecko","floor":21,"turns":7},{"damage":28,"enemies":"Slavers","floor":23,"turns":3},{"damage":18,"enemies":"Shelled Parasite and Fungi","floor":24,"turns":4},{"damage":10,"enemies":"Sentry and Sphere","floor":27,"turns":4},{"damage":14,"enemies":"Book of Stabbing","floor":28,"turns":6},{"damage":0,"enemies":"Centurion and Healer","floor":30,"turns":4},{"damage":0,"enemies":"Gremlin Leader","floor":31,"turns":5},{"damage":30,"enemies":"Collector","floor":33,"turns":10},{"damage":27,"enemies":"3 Shapes","floor":35,"turns":5},{"damage":0,"enemies":"Orb Walker","floor":36,"turns":3},{"damage":24,"enemies":"Sphere and 2 Shapes","floor":37,"turns":5},{"damage":0,"enemies":"Spire Growth","floor":38,"turns":4},{"damage":27,"enemies":"4 Shapes","floor":39,"turns":3}],"seed_played":"6030986214744278947","potions_obtained":[{"floor":1,"key":"EntropicBrew"},{"floor":4,"key":"Explosive Potion"},{"floor":6,"key":"ColorlessPotion"},{"floor":21,"key":"Dexterity Potion"},{"floor":33,"key":"Energy Potion"}],"is_trial":false,"path_per_floor":["M","M","M","M","M","E","R","E","T","R","$","R","?","M","R","B",null,"M","M","$","M","?","E","M","R","T","M","E","R","M","E","R","B",null,"M","M","M","M","M"],"character_chosen":"THE_CURSED","items_purchased":["TheCursedMod:SpitefulPlan","TheCursedMod:RapidMovement","TheCursedMod:Wield","Bronze Scales","TheCursedMod:SpitefulPlan"],"campfire_rested":3,"item_purchase_floors":[11,11,11,20,20],"current_hp_per_floor":[75,73,72,72,69,69,69,59,59,59,59,82,82,77,77,70,79,72,71,71,71,71,43,25,49,49,39,25,49,51,53,53,25,72,45,45,21,23,0,0],"gold":603,"neow_bonus":"TEN_PERCENT_HP_BONUS","is_daily":false,"chose_seed":false,"campfire_upgraded":4,"win_rate":0.0,"timestamp":1612591295,"path_taken":["M","M","M","M","M","E","R","E","T","R","$","R","?","M","R","BOSS","M","M","$","M","?","E","M","R","T","?","E","R","M","E","R","BOSS","M","M","M","?","M"],"items_purchased_type":["Card","Card","Card","Relic","Card"],"build_version":"2020-12-22","purchased_purges":0,"victory":false,"max_hp_per_floor":[82,82,82,82,82,82,82,82,82,82,82,82,82,82,82,82,82,82,82,82,82,82,82,82,82,82,82,82,82,84,86,86,88,88,88,88,88,90,90,90],"relic_stats":{"Gremlin Horn":[5,13],"counters":[24,97],"Bronze Scales":[179],"Boot":[46],"obtain_stats":[{"Lantern":6,"aspiration:Lifesprig":9,"Calipers":8,"TheCursedMod:BlackMagicAdvanced":0,"Gremlin Horn":26,"Bronze Scales":20,"aspiration:SilentSkillbook":34,"EVO:Axolotl":0,"aspiration:SecretTechniqueScroll":17,"Boot":23,"TheCursedMod:DemonicMark":31},{"Lantern":6,"aspiration:Lifesprig":7,"Calipers":7,"TheCursedMod:BlackMagicAdvanced":0,"Gremlin Horn":14,"Bronze Scales":11,"aspiration:SilentSkillbook":19,"EVO:Axolotl":0,"aspiration:SecretTechniqueScroll":9,"Boot":13,"TheCursedMod:DemonicMark":18},{"Lantern":15,"aspiration:Lifesprig":19,"Calipers":19,"TheCursedMod:BlackMagicAdvanced":0,"Gremlin Horn":50,"Bronze Scales":38,"aspiration:SilentSkillbook":79,"EVO:Axolotl":0,"aspiration:SecretTechniqueScroll":27,"Boot":47,"TheCursedMod:DemonicMark":69}]},"card_choices":[{"not_picked":["TheCursedMod:Stigma","TheCursedMod:FuryStrike"],"picked":"TheCursedMod:CursedBlade","floor":1},{"not_picked":["TheCursedMod:Stretching","TheCursedMod:Evocation"],"picked":"TheCursedMod:LuckyCharm","floor":2},{"not_picked":["TheCursedMod:Evocation","TheCursedMod:CursedBlade"],"picked":"TheCursedMod:CursedArmor","floor":3},{"not_picked":["TheCursedMod:BlessingInDisguise","TheCursedMod:DoubleShield"],"picked":"TheCursedMod:SmokeScreen","floor":4},{"not_picked":["TheCursedMod:CircleOfFlame","TheCursedMod:EmpowerCircles"],"picked":"TheCursedMod:Obscuration","floor":5},{"not_picked":["TheCursedMod:CursedAmulet","TheCursedMod:CircleOfCorruption"],"picked":"TheCursedMod:WearCloak","floor":6},{"not_picked":["TheCursedMod:StunningStrike","TheCursedMod:CursedStaff"],"picked":"TheCursedMod:CursedBoomerang","floor":8},{"not_picked":["TheCursedMod:CircleOfFlame","TheCursedMod:Torture"],"picked":"TheCursedMod:SurpriseAttack","floor":14},{"not_picked":["TheCursedMod:CircleOfAbyss","TheCursedMod:DarkBarrier"],"picked":"TheCursedMod:ParallelWorld","floor":16},{"not_picked":["TheCursedMod:Stigma+1","TheCursedMod:ReleasedKnowledge","TheCursedMod:Torture"],"picked":"SKIP","floor":18},{"not_picked":["TheCursedMod:CursedMace","TheCursedMod:Neurasthenia"],"picked":"TheCursedMod:HellsGateOpen","floor":19},{"not_picked":["TheCursedMod:CircleOfWindfury","TheCursedMod:EmpowerCircles"],"picked":"TheCursedMod:StingEye+1","floor":21},{"not_picked":["TheCursedMod:CursedStaff","TheCursedMod:AshesToAshes"],"picked":"TheCursedMod:BloodBarrier+1","floor":23},{"not_picked":["TheCursedMod:RavingStaff","TheCursedMod:WearCloak"],"picked":"TheCursedMod:CursedMace","floor":24},{"not_picked":["TheCursedMod:Stretching+1","TheCursedMod:Stigma"],"picked":"TheCursedMod:LuckyCharm+1","floor":27},{"not_picked":["TheCursedMod:CircleOfFocus+1","TheCursedMod:CircleOfAbyss"],"picked":"TheCursedMod:AntiAging","floor":28},{"not_picked":["TheCursedMod:CursedBoomerang","TheCursedMod:RapidMovement+1","TheCursedMod:CursedShiv"],"picked":"SKIP","floor":30},{"not_picked":["TheCursedMod:SpitefulStrike","TheCursedMod:Evocation"],"picked":"TheCursedMod:SpitefulPlan+1","floor":31},{"not_picked":["TheCursedMod:AntiAging","TheCursedMod:DarkBarrier"],"picked":"TheCursedMod:ShockAndAwe","floor":33},{"not_picked":["TheCursedMod:AbyssShockwave+1","Calculated Gamble+1","TheCursedMod:Evocation"],"picked":"TheCursedMod:Torture+1","floor":35},{"not_picked":["Escape Plan","Prepared","Backflip+1"],"picked":"PiercingWail+1","floor":36},{"not_picked":["TheCursedMod:Obscuration+1","TheCursedMod:FleshFromBone","TheCursedMod:Wield"],"picked":"TheCursedMod:SpitefulPray+1","floor":37},{"not_picked":["TheCursedMod:TacticalStrike+1","TheCursedMod:CursedShiv+1","Deflect+1"],"picked":"Caltrops+1","floor":38}],"player_experience":264695,"relics_obtained":[{"floor":6,"key":"Lantern"},{"floor":8,"key":"Calipers"},{"floor":9,"key":"aspiration:Lifesprig"},{"floor":23,"key":"Boot"},{"floor":26,"key":"Gremlin Horn"},{"floor":31,"key":"TheCursedMod:DemonicMark"}],"event_choices":[{"damage_healed":0,"gold_gain":0,"player_choice":"Ignored","damage_taken":0,"max_hp_gain":0,"max_hp_loss":0,"event_name":"Golden Wing","floor":13,"gold_loss":0},{"damage_healed":0,"gold_gain":275,"player_choice":"Desecrate","damage_taken":0,"max_hp_gain":0,"max_hp_loss":0,"event_name":"Golden Shrine","floor":22,"gold_loss":0,"cards_obtained":["Regret"]}],"is_beta":false,"boss_relics":[{"not_picked":["energizedSpire:NeverEndingSparkler","Snecko Eye"],"picked":"aspiration:SecretTechniqueScroll"},{"not_picked":["CCEMRelics:ReaperScythe","energizedSpire:OgreHead"],"picked":"aspiration:SilentSkillbook"}],"items_purged_floors":[],"is_endless":false,"potions_floor_spawned":[1,4,6,14,18,21,23,30,31,33,35],"killed_by":"4 Shapes","ascension_level":7}}