{"host":"hry4lcefviisd2vw","time":1612606025,"event":{"mods":["BaseMod","Downfall","Highlight Path","Hubris","Minty Spire (QoL Compilation)","Permanent Neow","Replay The Spire","Shop Mod","StSLib"],"gold_per_floor":[99,114,126,401,413,107,134,148,163,188,205,205,205,224,240,338,338,338,338,350,365,376,290,290,300,300,300,300,300,318,318,318,318,332,437,437,437,437,165,165,178,210,237,257,257,271,302,302,313,313,313,326,337,337,337,337],"floor_reached":54,"language":"ENG","playtime":7471,"items_purged":["Regret","champ:BerserkersShout"],"score":603,"play_id":"98b22716-1d83-4dcf-931a-7ac0f9104f1a","local_time":"20210206020705","is_ascension_mode":false,"campfire_choices":[{"data":"champ:Taunt","floor":1.0,"key":"SMITH"},{"data":"expansioncontent:QuickStudy","floor":13.0,"key":"SMITH"},{"data":"champ:BerserkersShout","floor":18.0,"key":"PURGE"},{"data":"champ:Improvising","floor":26.0,"key":"SMITH"},{"data":"champ:ArenaPreparation","floor":29.0,"key":"SMITH"},{"data":"champ:PreemptiveStrike","floor":31.0,"key":"SMITH"},{"data":"champ:PreemptiveStrike","floor":37,"key":"SMITH"},{"data":"champ:ArenaPreparation","floor":45,"key":"SMITH"}],"circlet_count":0,"master_deck":["champ:Execute","champ:Taunt+1","champ:VampiricStrike","champ:StanceDance","expansioncontent:QuickStudy+1","champ:StanceDance","champ:ArenaPreparation+1","champ:BringItOn","champ:ArenaPreparation+1","champ:SkillfulDodge","champ:Improvising+1","champ:FalseCounter","champ:SetATrap","champ:PreemptiveStrike+1","champ:FocusedDefense","champ:Backstep","champ:FlashCut","champ:PreemptiveStrike+1","champ:IronFortress","champ:Circumvent","champ:ShieldThrow","hubris:DuctTapeCard","champ:FlashCut","champ:ArenaPreparation","champ:StanceDance"],"relics":["champ:ChampionCrown","Bag of Marbles","hubris:DisguiseKit","Pandora\u0027s Box","hubris:Reverence","Bronze Scales","hubris:RunicObelisk","hubris:DuctTape","hubris:BottledRain","champ:FightingForDummies","Durian","Orrery"],"acts_visited":["Exordium","TheCity","TheBeyond"],"potions_floor_usage":[35,35,42,49],"damage_taken":[{"damage":6.0,"enemies":"Jaw Worm","floor":2.0,"turns":4.0},{"damage":11.0,"enemies":"Cultist","floor":3.0,"turns":4.0},{"damage":10.0,"enemies":"2 Louse","floor":5.0,"turns":2.0},{"damage":27.0,"enemies":"downfall:FleeingMerchant","floor":6.0,"turns":4.0},{"damage":0.0,"enemies":"Exordium Wildlife","floor":8.0,"turns":3.0},{"damage":10.0,"enemies":"2 Fungi Beasts","floor":9.0,"turns":3.0},{"damage":20.0,"enemies":"Gremlin Nob","floor":10.0,"turns":3.0},{"damage":10.0,"enemies":"Exordium Wildlife","floor":11.0,"turns":3.0},{"damage":10.0,"enemies":"2 Fungi Beasts","floor":14.0,"turns":3.0},{"damage":36.0,"enemies":"Gremlin Gang","floor":15.0,"turns":5.0},{"damage":37.0,"enemies":"IC_STATUS_ARCHETYPE","floor":16.0,"turns":8.0},{"damage":0.0,"enemies":"Chosen","floor":20.0,"turns":4.0},{"damage":14.0,"enemies":"Spheric Guardian","floor":21.0,"turns":3.0},{"damage":52.0,"enemies":"Shelled Parasite and Fungi","floor":22.0,"turns":4.0},{"damage":5.0,"enemies":"downfall:FleeingMerchant","floor":23.0,"turns":4.0},{"damage":10.0,"enemies":"3 Cultists","floor":25.0,"turns":4.0},{"damage":49.0,"enemies":"Chosen and Byrds","floor":30.0,"turns":5.0},{"damage":18,"enemies":"Snecko","floor":34,"turns":4},{"damage":55,"enemies":"SI_MIRROR_ARCHETYPE","floor":35,"turns":8},{"damage":10,"enemies":"downfall:FleeingMerchant","floor":39,"turns":4},{"damage":19,"enemies":"Orb Walker","floor":41,"turns":3},{"damage":2,"enemies":"Reptomancer","floor":42,"turns":6},{"damage":25,"enemies":"3 Shapes","floor":44,"turns":4},{"damage":53,"enemies":"Transient","floor":46,"turns":5},{"damage":56,"enemies":"Nemesis","floor":47,"turns":5},{"damage":27,"enemies":"Jaw Worm Horde","floor":49,"turns":5},{"damage":0,"enemies":"downfall:FleeingMerchant","floor":52,"turns":1},{"damage":5,"enemies":"Spire Growth","floor":53,"turns":3},{"damage":50,"enemies":"WA_ARCHETYPE_DIVINITY","floor":54,"turns":3}],"seed_played":"-8687736739980412033","potions_obtained":[{"floor":3.0,"key":"Cursed Concoction"},{"floor":8.0,"key":"Dexterity Potion"},{"floor":10.0,"key":"Fruit Juice"},{"floor":16.0,"key":"champ:UltimateStancePotion"},{"floor":20.0,"key":"Dexterity Potion"},{"floor":25.0,"key":"DuplicationPotion"},{"floor":42,"key":"SpeedPotion"},{"floor":46,"key":"Cursed Concoction"},{"floor":47,"key":"Block Potion"},{"floor":53,"key":"Fire Potion"}],"is_trial":false,"path_per_floor":["R","M","M","?","M","$","T","M","M","E","M","?","R","M","M","B",null,"R","?","M","M","M","$","T","M","R","PTL","PTL","R","M","R","T","?","M","B",null,"R","?","$","?","M","E","T","M","R","M","E","?","M","PTL","PTL","$","M","B"],"character_chosen":"THE_CHAMP","items_purchased":["expansioncontent:QuickStudy","champ:StanceDance","champ:IronFortress","hubris:DuctTape","LiquidMemories","Orrery"],"campfire_rested":0,"item_purchase_floors":[6,6,23,39,52,52],"current_hp_per_floor":[90,89,88,88,88,81,81,81,81,66,71,76,76,76,50,48,100,100,100,100,96,74,74,74,74,74,74,74,74,60,60,60,60,47,17,100,100,100,100,100,91,89,89,74,74,51,25,20,30,30,30,30,40,0,0,0],"gold":337,"neow_bonus":"TRANSFORM_CARD","is_daily":false,"chose_seed":false,"campfire_upgraded":7,"win_rate":0.0,"timestamp":1612606025,"path_taken":["R","M","M","?","M","$","T","?","M","E","M","?","R","M","M","BOSS","R","?","M","M","M","$","T","M","R","PTL","PTL","R","M","R","?","?","M","BOSS","R","?","$","?","M","E","T","M","R","M","E","?","M","PTL","PTL","$","M","BOSS"],"items_purchased_type":["Card","Card","Card","Relic","Potion","Relic"],"build_version":"2020-12-22","purchased_purges":2,"victory":false,"max_hp_per_floor":[90,90,90,90,90,90,90,90,90,90,95,100,100,100,100,100,100,100,100,100,100,100,100,100,100,100,100,100,100,100,100,100,100,100,100,100,100,100,100,100,100,100,100,100,100,100,105,105,105,105,105,105,105,105,105,105],"card_choices":[{"not_picked":["champ:EndlessRage","champ:FocusedDefense","champ:EnGarde"],"picked":"SKIP","floor":2.0},{"not_picked":["champ:Duel","champ:PerfectedStrike"],"picked":"champ:StanceDance","floor":3.0},{"not_picked":["champ:FanOfKnives","champ:CrownThrow","champ:TornadoPunch"],"picked":"SKIP","floor":5.0},{"not_picked":["champ:StanceDance","champ:CrownThrow","champ:RisingSlash"],"picked":"SKIP","floor":6.0},{"not_picked":["champ:Shatter","champ:AdrenalArmor"],"picked":"champ:Endure","floor":8.0},{"not_picked":["champ:AdrenalArmor","champ:DeathBlow"],"picked":"champ:ArenaPreparation","floor":9.0},{"not_picked":["champ:FlashCut","champ:BladeFlurry","champ:CrookedStrike"],"picked":"SKIP","floor":10.0},{"not_picked":["champ:EnGarde","champ:Endure","Cleave"],"picked":"champ:BringItOn","floor":11.0},{"not_picked":["champ:FancyFootwork","champ:BladeFlurry","Sword Boomerang"],"picked":"champ:ArenaPreparation","floor":14.0},{"not_picked":["champ:FlashCut","champ:CrownThrow","Headbutt"],"picked":"champ:SkillfulDodge","floor":15.0},{"not_picked":["champ:DancingMaster","champ:MurderStrike","Hemogenesis"],"picked":"champ:Improvising","floor":16.0},{"not_picked":["champ:FalseCounter+1","champ:DefensiveShout","Pommel Strike"],"picked":"champ:FlashCut","floor":20.0},{"not_picked":["champ:FanOfKnives","champ:TornadoPunch","champ:CrownThrow","Power Through"],"picked":"SKIP","floor":21.0},{"not_picked":["champ:FocusedBerserking+1","champ:Backstep","Uppercut"],"picked":"champ:FlashCut+1","floor":22.0},{"not_picked":["champ:PreciseThrust","champ:Lariat+1","Second Wind"],"picked":"champ:PreemptiveStrike","floor":23.0},{"not_picked":["champ:Backstep","champ:PreemptiveStrike+1","champ:CrownThrow+1","ReplayTheSpireMod:Strike From Hell"],"picked":"SKIP","floor":25.0},{"not_picked":["champ:GutPunch+1","champ:FancyFootwork","Rage"],"picked":"champ:FlashCut+1","floor":30.0},{"not_picked":["champ:FocusedDefense","champ:SkillfulDodge","champ:FlashCut","Reaper"],"picked":"SKIP","floor":34},{"not_picked":["champ:DancingMaster","champ:LastStand","Reaper"],"picked":"champ:ShieldThrow","floor":35},{"not_picked":["champ:GutPunch","champ:BerserkersShout+1","champ:SetATrap+1","Rampage"],"picked":"SKIP","floor":39},{"not_picked":["champ:DeathBlow+1","champ:Parry","champ:Backstep","Headbutt"],"picked":"SKIP","floor":41},{"not_picked":["champ:FalseCounter+1","champ:IgnorePain","champ:LastStand","Exhume"],"picked":"SKIP","floor":42},{"not_picked":["champ:Shatter+1","champ:BringItOn","champ:Backstep","Clash"],"picked":"SKIP","floor":44},{"not_picked":["champ:Shatter+1","champ:LastStand","champ:AdrenalArmor","hubris:SharpeningStone"],"picked":"SKIP","floor":46},{"not_picked":["champ:CrownThrow+1","champ:Lariat+1","champ:PreemptiveStrike+1","Disarm"],"picked":"SKIP","floor":47},{"not_picked":["champ:CrownThrow","champ:Duel+1","champ:FlashCut","Heavy Blade"],"picked":"SKIP","floor":49},{"not_picked":["champ:BringItOn","champ:GladiatorStyle+1","champ:Encircle","ReplayTheSpireMod:Strike From Hell"],"picked":"SKIP","floor":52},{"not_picked":["champ:SetATrap","champ:AdrenalArmor","Eclipse"],"picked":"champ:ArenaPreparation","floor":52},{"not_picked":["champ:Shatter","champ:PreciseThrust+1","Cleave"],"picked":"champ:StanceDance","floor":52},{"not_picked":["champ:BladeFlurry","champ:PerfectedStrike","champ:CrownThrow+1","Second Wind"],"picked":"SKIP","floor":53}],"player_experience":473272,"relics_obtained":[{"floor":7.0,"key":"Bag of Marbles"},{"floor":10.0,"key":"hubris:DisguiseKit"},{"floor":24.0,"key":"hubris:Reverence"},{"floor":32.0,"key":"Bronze Scales"},{"floor":42,"key":"hubris:BottledRain"},{"floor":43,"key":"champ:FightingForDummies"},{"floor":47,"key":"Durian"}],"event_choices":[{"damage_healed":0.0,"max_hp_gain":5.0,"max_hp_loss":0.0,"gold_gain":0.0,"event_name":"Big Fish","player_choice":"Donut","floor":12.0,"gold_loss":0.0,"damage_taken":0.0},{"damage_healed":0,"gold_gain":0,"player_choice":"Read","damage_taken":0,"max_hp_gain":0,"max_hp_loss":0,"event_name":"The Library","floor":33,"gold_loss":0,"cards_obtained":["champ:Circumvent"]},{"cards_removed":["champ:Endure"],"damage_healed":0,"gold_gain":0,"player_choice":"Removed Skill","damage_taken":0,"max_hp_gain":0,"max_hp_loss":0,"event_name":"Falling","floor":38,"gold_loss":0}],"is_beta":false,"boss_relics":[{"not_picked":["Runic Dome","Cursed Key"],"picked":"Pandora\u0027s Box"},{"not_picked":["champ:ChampionCrownUpgraded","SlaversCollar"],"picked":"hubris:RunicObelisk"}],"items_purged_floors":[6,52],"is_endless":false,"potions_floor_spawned":[3,8,10,16,20,25,42,46,47,53],"killed_by":"WA_ARCHETYPE_DIVINITY","ascension_level":0}}