{"host":"x000krxjblg8jdg4","time":1612580175,"event":{"mods":["BaseMod","Downfall","Hermit","Minty Spire (QoL Compilation)","StSLib","The Cursed","The Runesmith","The Servant 0.9.4"],"gold_per_floor":[115,115,130,140,140,140,156,217,265,265,276,81,101,132,132,227,227,239,249,266,266,266,297,297,308,308,339,357,357,383,37,37,137,137,156,166,180,197,197,197,230,262,328,340,363,390,96,96,96,96],"floor_reached":51,"language":"ENG","playtime":2580,"items_purged":[],"score":903,"play_id":"59b54f61-c2cf-4c96-bc5f-b50a70c94aec","local_time":"20210206005615","is_ascension_mode":true,"campfire_choices":[{"data":"Cloak And Dagger","floor":6,"key":"SMITH"},{"floor":10,"key":"REST"},{"data":"After Image","floor":15,"key":"SMITH"},{"data":"Infinite Blades","floor":24,"key":"SMITH"},{"floor":29,"key":"REST"},{"floor":32,"key":"REST"},{"data":"Accuracy","floor":40,"key":"SMITH"},{"data":"Cloak And Dagger","floor":44,"key":"SMITH"},{"floor":49,"key":"REST"}],"circlet_count":0,"master_deck":["Strike_G","Strike_G","Strike_G","Strike_G","Defend_G","Defend_G","Defend_G","Defend_G","Defend_G","Survivor","Neutralize","Blade Dance","Cloak And Dagger+1","After Image+1","Cloak And Dagger+1","Blur","Blade Dance","Infinite Blades+1","Backstab","Flying Knee","Blade Dance","Accuracy+1","Venomology","Cloak And Dagger+1","Dagger Throw+1","Slice","Cloak And Dagger","Backstab+1","Footwork","Sucker Punch","Noxious Fumes+1","Heel Hook","Flying Knee","Skewer","Phantasmal Killer","Sucker Punch+1","Slice+1","Masterful Stab+1","Acrobatics+1","Cloak And Dagger+1","Heel Hook+1","Blade Dance","Blade Dance+1","Cloak And Dagger+1","Storm of Steel","Quick Slash","Envenom"],"relics":["Ring of the Snake","Bronze Scales","Anchor","Strawberry","Question Card","Black Star","Meat on the Bone","The Specimen","Toy Ornithopter","Pen Nib","Sundial","Gremlin Horn","InkBottle","Bottled Tornado","WristBlade","MawBank","StoneCalendar","Lantern","Dream Catcher"],"acts_visited":["Exordium","TheCity","TheBeyond"],"potions_floor_usage":[19,23,23,25,25,27,30,33,33,33,37,41,50,50,50,50],"damage_taken":[{"damage":0,"enemies":"2 Louse","floor":1,"turns":3},{"damage":0,"enemies":"Cultist","floor":3,"turns":4},{"damage":0,"enemies":"Small Slimes","floor":4,"turns":2},{"damage":0,"enemies":"Looter","floor":7,"turns":3},{"damage":15,"enemies":"3 Sentries","floor":8,"turns":8},{"damage":2,"enemies":"Exordium Wildlife","floor":11,"turns":5},{"damage":0,"enemies":"Red Slaver","floor":13,"turns":2},{"damage":13,"enemies":"Lagavulin","floor":14,"turns":7},{"damage":0,"enemies":"Hexaghost","floor":16,"turns":8},{"damage":0,"enemies":"Spheric Guardian","floor":18,"turns":3},{"damage":6,"enemies":"Shell Parasite","floor":19,"turns":4},{"damage":0,"enemies":"Chosen and Byrds","floor":20,"turns":4},{"damage":19,"enemies":"Gremlin Leader","floor":23,"turns":6},{"damage":0,"enemies":"Snake Plant","floor":25,"turns":3},{"damage":4,"enemies":"Slavers","floor":27,"turns":5},{"damage":12,"enemies":"Shelled Parasite and Fungi","floor":28,"turns":5},{"damage":10,"enemies":"Gremlin Leader","floor":30,"turns":6},{"damage":31,"enemies":"Champ","floor":33,"turns":9},{"damage":2,"enemies":"3 Darklings","floor":35,"turns":4},{"damage":1,"enemies":"Orb Walker","floor":36,"turns":2},{"damage":0,"enemies":"Sphere and 2 Shapes","floor":37,"turns":3},{"damage":4,"enemies":"3 Darklings","floor":38,"turns":3},{"damage":4,"enemies":"Nemesis","floor":41,"turns":3},{"damage":0,"enemies":"Transient","floor":42,"turns":5},{"damage":0,"enemies":"Sphere and 2 Shapes","floor":45,"turns":2},{"damage":12,"enemies":"Maw","floor":46,"turns":4},{"damage":47,"enemies":"Awakened One","floor":50,"turns":8}],"seed_played":"8699388219443638734","potions_obtained":[{"floor":1,"key":"FearPotion"},{"floor":7,"key":"Explosive Potion"},{"floor":13,"key":"Block Potion"},{"floor":23,"key":"SteroidPotion"},{"floor":28,"key":"GamblersBrew"},{"floor":30,"key":"Energy Potion"},{"floor":33,"key":"AttackPotion"},{"floor":36,"key":"Block Potion"},{"floor":38,"key":"LiquidBronze"},{"floor":41,"key":"SpeedPotion"}],"is_trial":false,"path_per_floor":["M","?","M","M","?","R","M","?","T","R","M","$","M","E","R","B",null,"M","M","M","?","?","E","R","M","T","E","M","R","E","$","R","B",null,"M","M","M","M","?","R","E","M","T","R","M","M","$","?","R","B",null],"character_chosen":"THE_SILENT","items_purchased":["Infinite Blades","Backstab","Flying Knee","Bottled Tornado","Flying Knee","Skewer","Storm of Steel","Dream Catcher","Quick Slash"],"campfire_rested":4,"item_purchase_floors":[12,12,12,31,31,31,47,47,47],"current_hp_per_floor":[70,63,63,63,63,63,63,48,55,77,75,75,75,62,62,62,77,77,71,71,71,71,52,52,52,52,53,41,64,59,59,77,46,77,75,74,77,73,73,73,74,74,74,74,74,62,62,62,77,49],"gold":96,"neow_bonus":"RANDOM_COMMON_RELIC","is_daily":false,"chose_seed":false,"campfire_upgraded":5,"win_rate":0.0,"timestamp":1612580175,"path_taken":["M","?","M","?","?","R","M","?","T","R","M","$","M","E","R","BOSS","M","M","M","?","?","E","R","M","T","E","M","R","E","$","R","BOSS","M","M","M","M","?","R","E","M","T","R","?","?","$","?","R","BOSS"],"items_purchased_type":["Card","Card","Card","Relic","Card","Card","Card","Relic","Card"],"build_version":"2020-12-22","purchased_purges":0,"victory":true,"max_hp_per_floor":[70,70,70,70,70,70,70,70,77,77,77,77,77,77,77,77,77,77,77,77,77,77,77,77,77,77,77,77,77,77,77,77,77,77,77,77,77,77,77,77,77,77,77,77,77,77,77,77,77,77],"card_choices":[{"not_picked":["Acrobatics","Sucker Punch"],"picked":"Blade Dance","floor":1},{"not_picked":["Flying Knee","PiercingWail"],"picked":"Cloak And Dagger","floor":3},{"not_picked":["Outmaneuver","Slice"],"picked":"After Image","floor":4},{"not_picked":["Choke","Quick Slash"],"picked":"Cloak And Dagger","floor":7},{"not_picked":["Predator","Footwork"],"picked":"Blur","floor":8},{"not_picked":["PiercingWail","Heel Hook"],"picked":"Blade Dance","floor":11},{"not_picked":["Poisoned Stab","Bane"],"picked":"Blade Dance","floor":13},{"not_picked":["Slice","Eviscerate"],"picked":"Accuracy","floor":14},{"not_picked":["Wraith Form v2","Doppelganger","Tools of the Trade"],"picked":"Venomology","floor":16},{"not_picked":["Underhanded Strike+1","Caltrops+1","Bouncing Flask+1"],"picked":"Cloak And Dagger+1","floor":18},{"not_picked":["Deadly Poison","Riddle With Holes","Storm of Steel"],"picked":"Dagger Throw+1","floor":19},{"not_picked":["Escape Plan","Choke","Predator"],"picked":"Slice","floor":20},{"not_picked":["Prepared","Flying Knee","Dagger Spray+1"],"picked":"Backstab+1","floor":23},{"not_picked":["Dodge and Roll","Prepared+1","Dash"],"picked":"Footwork","floor":25},{"not_picked":["Bane","Glass Knife","Catalyst+1"],"picked":"Sucker Punch","floor":27},{"not_picked":["Catalyst","Tactician+1","Backflip"],"picked":"Noxious Fumes+1","floor":28},{"not_picked":["Skewer","Deflect","Burst"],"picked":"Heel Hook","floor":30},{"not_picked":["Burst","Doppelganger","Adrenaline"],"picked":"Phantasmal Killer","floor":33},{"not_picked":["PiercingWail","Dagger Throw","Deadly Poison"],"picked":"Sucker Punch+1","floor":35},{"not_picked":["Noxious Fumes","Flying Knee","Leg Sweep+1"],"picked":"Slice+1","floor":36},{"not_picked":["Underhanded Strike","Dagger Spray+1","Slice+1"],"picked":"Masterful Stab+1","floor":37},{"not_picked":["Dodge and Roll","Catalyst+1","Underhanded Strike"],"picked":"Acrobatics+1","floor":38},{"not_picked":["Dodge and Roll","Dagger Spray","PiercingWail+1"],"picked":"Heel Hook+1","floor":41},{"not_picked":["Terror+1","Endless Agony+1","Bane+1"],"picked":"Blade Dance","floor":42},{"not_picked":["Dagger Spray+1","Dagger Throw","Leg Sweep+1"],"picked":"Blade Dance+1","floor":45},{"not_picked":["Backflip+1","Caltrops","Predator+1"],"picked":"Cloak And Dagger+1","floor":46},{"not_picked":["Choke+1","Finisher+1","Sucker Punch"],"picked":"Envenom","floor":49}],"player_experience":57150,"relics_obtained":[{"floor":8,"key":"Anchor"},{"floor":9,"key":"Strawberry"},{"floor":14,"key":"Question Card"},{"floor":23,"key":"Meat on the Bone"},{"floor":23,"key":"The Specimen"},{"floor":26,"key":"Toy Ornithopter"},{"floor":27,"key":"Pen Nib"},{"floor":27,"key":"Sundial"},{"floor":30,"key":"Gremlin Horn"},{"floor":30,"key":"InkBottle"},{"floor":41,"key":"MawBank"},{"floor":41,"key":"StoneCalendar"},{"floor":43,"key":"Lantern"}],"event_choices":[{"damage_healed":0,"gold_gain":0,"player_choice":"Damaged","damage_taken":7,"max_hp_gain":0,"max_hp_loss":0,"event_name":"Wheel of Change","floor":2,"gold_loss":0},{"damage_healed":0,"gold_gain":0,"player_choice":"Leave","damage_taken":0,"max_hp_gain":0,"max_hp_loss":0,"event_name":"The Cleric","floor":5,"gold_loss":0},{"damage_healed":0,"gold_gain":0,"player_choice":"Searched \u00272\u0027 times","damage_taken":0,"max_hp_gain":0,"max_hp_loss":0,"event_name":"Dead Adventurer","floor":8,"gold_loss":0},{"damage_healed":0,"gold_gain":0,"player_choice":"Read","damage_taken":0,"max_hp_gain":0,"max_hp_loss":0,"event_name":"The Library","floor":21,"gold_loss":0,"cards_obtained":["Cloak And Dagger"]},{"damage_healed":0,"gold_gain":0,"player_choice":"Ignored","damage_taken":0,"max_hp_gain":0,"max_hp_loss":0,"event_name":"Beggar","floor":22,"gold_loss":0},{"damage_healed":0,"gold_gain":0,"player_choice":"Copied","damage_taken":0,"max_hp_gain":0,"max_hp_loss":0,"event_name":"Duplicator","floor":39,"gold_loss":0,"cards_obtained":["Cloak And Dagger"]},{"cards_removed":["Strike_G"],"damage_healed":0,"gold_gain":0,"player_choice":"Removed Attack","damage_taken":0,"max_hp_gain":0,"max_hp_loss":0,"event_name":"Falling","floor":48,"gold_loss":0}],"is_beta":false,"boss_relics":[{"not_picked":["Astrolabe","Calling Bell"],"picked":"Black Star"},{"not_picked":["Ring of the Serpent","HoveringKite"],"picked":"WristBlade"}],"items_purged_floors":[],"is_endless":false,"potions_floor_spawned":[1,7,13,19,20,23,28,30,33,36,38,41],"ascension_level":1}}