{"host":"fa35vd3kig5td25x","time":1612573159,"event":{"mods":["BaseMod","Colored Powertips","Minty Spire (QoL Compilation)","Relic Stats","Slay the Relics Exporter"],"gold_per_floor":[110,185,195,207,14,14,48,70,70,100,100,120,135,167,167,243,243,261,50,66,82,97,97,122,122,149,149,169,169,169,194,194,271,271,291,303,37,50,67,97,97,112,112,92,111,124,151,170,170,170,170,170,170,8,41,41],"floor_reached":57,"language":"ENG","playtime":7110,"items_purged":["Strike_G","Strike_G"],"score":2827,"play_id":"57f4f285-67a7-4d89-9f81-6be810e6692e","local_time":"20210206015919","is_ascension_mode":true,"campfire_choices":[{"data":"Glass Knife","floor":6,"key":"SMITH"},{"floor":11,"key":"REST"},{"data":"Crippling Poison","floor":15,"key":"SMITH"},{"floor":23,"key":"REST"},{"data":"Wraith Form v2","floor":25,"key":"SMITH"},{"floor":29,"key":"REST"},{"data":"Footwork","floor":32,"key":"SMITH"},{"data":"Skewer","floor":41,"key":"SMITH"},{"floor":49,"key":"RECALL"},{"data":"Deadly Poison","floor":53,"key":"SMITH"}],"circlet_count":0,"master_deck":["AscendersBane","Strike_G","Defend_G","Defend_G","Defend_G","Defend_G","Defend_G","Survivor","Neutralize","Glass Knife+1","Skewer+1","Deadly Poison+1","Crippling Poison+1","Quick Slash","Backflip+1","Blur+1","Deflect+1","Leg Sweep+1","Deadly Poison+1","Dodge and Roll+1","Wraith Form v2+1","Cloak And Dagger+1","Escape Plan+1","Blade Dance+1","Footwork+1","Dodge and Roll+1","Well Laid Plans+1","Tools of the Trade+1","Wraith Form v2+1","Prepared+1","Caltrops+1","Noxious Fumes+1","Escape Plan+1","Caltrops+1","Leg Sweep+1","Prepared+1","Bouncing Flask+1","Reflex+1"],"relics":["Ring of the Snake","Toxic Egg 2","Odd Mushroom","Gremlin Horn","Toy Ornithopter","Gambling Chip","SlaversCollar","Chemical X","Frozen Egg 2","Art of War","Pantograph","Coffee Dripper","Blue Candle","Omamori","Snake Skull","Boot"],"acts_visited":["Exordium","TheCity","TheBeyond","TheEnding"],"potions_floor_usage":[7,8,24,33,40],"damage_taken":[{"damage":0,"enemies":"2 Louse","floor":1,"turns":3},{"damage":4,"enemies":"Small Slimes","floor":3,"turns":3},{"damage":0,"enemies":"Cultist","floor":4,"turns":3},{"damage":12,"enemies":"Lagavulin","floor":7,"turns":6},{"damage":7,"enemies":"The Mushroom Lair","floor":8,"turns":4},{"damage":15,"enemies":"Gremlin Nob","floor":10,"turns":4},{"damage":0,"enemies":"Gremlin Gang","floor":12,"turns":5},{"damage":0,"enemies":"Large Slime","floor":13,"turns":7},{"damage":0,"enemies":"Lagavulin","floor":14,"turns":6},{"damage":27,"enemies":"Hexaghost","floor":16,"turns":13},{"damage":9,"enemies":"Chosen","floor":18,"turns":5},{"damage":9,"enemies":"3 Byrds","floor":20,"turns":4},{"damage":8,"enemies":"Centurion and Healer","floor":21,"turns":8},{"damage":0,"enemies":"Snake Plant","floor":22,"turns":6},{"damage":6,"enemies":"Slavers","floor":24,"turns":6},{"damage":14,"enemies":"Chosen and Byrds","floor":28,"turns":5},{"damage":34,"enemies":"Gremlin Leader","floor":31,"turns":8},{"damage":0,"enemies":"Collector","floor":33,"turns":11},{"damage":3,"enemies":"Orb Walker","floor":35,"turns":5},{"damage":0,"enemies":"3 Shapes","floor":36,"turns":4},{"damage":18,"enemies":"Spire Growth","floor":38,"turns":7},{"damage":0,"enemies":"Maw","floor":39,"turns":8},{"damage":1,"enemies":"Nemesis","floor":40,"turns":7},{"damage":0,"enemies":"Transient","floor":42,"turns":6},{"damage":0,"enemies":"Sphere and 2 Shapes","floor":45,"turns":6},{"damage":0,"enemies":"3 Darklings","floor":46,"turns":5},{"damage":5,"enemies":"Giant Head","floor":47,"turns":9},{"damage":9,"enemies":"Writhing Mass","floor":48,"turns":6},{"damage":14,"enemies":"Donu and Deca","floor":50,"turns":13},{"damage":62,"enemies":"Awakened One","floor":51,"turns":23},{"damage":2,"enemies":"Shield and Spear","floor":55,"turns":7},{"damage":51,"enemies":"The Heart","floor":56,"turns":9}],"seed_played":"665699305423918933","potions_obtained":[{"floor":1,"key":"EssenceOfSteel"},{"floor":4,"key":"CultistPotion"},{"floor":7,"key":"Block Potion"},{"floor":12,"key":"PowerPotion"},{"floor":14,"key":"DuplicationPotion"},{"floor":24,"key":"Dexterity Potion"},{"floor":35,"key":"Poison Potion"},{"floor":40,"key":"Swift Potion"},{"floor":46,"key":"GhostInAJar"}],"is_trial":false,"path_per_floor":["M","?","M","M","$","R","E","?","T","E","R","M","M","E","R","B",null,"M","$","M","M","M","R","E","R","T","?","M","R","?","E","R","B",null,"M","M","$","M","M","E","R","M","T","?","M","M","E","M","R","B","B",null,"R","$","E","B",null],"character_chosen":"THE_SILENT","items_purchased":["Crippling Poison","Quick Slash","Chemical X","Escape Plan+1","Noxious Fumes+1","Escape Plan+1","Snake Skull"],"campfire_rested":3,"item_purchase_floors":[5,5,19,19,37,37,54],"current_hp_per_floor":[59,48,44,44,44,44,32,25,25,10,29,29,29,29,29,2,50,41,41,32,24,24,43,42,42,42,42,28,47,47,13,13,43,60,57,57,57,39,39,43,43,43,43,43,43,43,38,29,29,40,3,50,50,50,48,15],"gold":41,"neow_bonus":"TRANSFORM_CARD","is_daily":false,"chose_seed":false,"campfire_upgraded":6,"win_rate":0.0,"timestamp":1612573159,"path_taken":["M","?","M","M","$","R","E","?","T","E","R","M","M","E","R","BOSS","M","$","M","M","M","R","E","R","T","?","M","R","?","E","R","BOSS","M","M","$","M","M","E","R","M","T","?","M","M","E","?","R","BOSS","BOSS","R","$","E","BOSS"],"items_purchased_type":["Card","Card","Relic","Card","Card","Card","Relic"],"build_version":"2020-12-22","purchased_purges":2,"victory":true,"max_hp_per_floor":[66,66,66,66,66,66,66,66,66,66,66,66,66,66,66,66,66,66,66,66,66,66,66,66,66,66,66,66,66,66,66,66,66,66,66,66,66,66,66,66,66,66,66,66,66,66,66,66,66,66,66,66,66,66,66,66],"relic_stats":{"Gremlin Horn":[30,30],"counters":[32,222],"Gambling Chip":[71],"Pantograph":93,"Blue Candle":[0],"Snake Skull":[32],"Art of War":[60],"Chemical X":[26],"Boot":[6],"obtain_stats":[{"Gremlin Horn":9,"Blue Candle":40,"Snake Skull":54,"Omamori":47,"Odd Mushroom":8,"Frozen Egg 2":24,"Boot":55,"SlaversCollar":17,"Gambling Chip":14,"Pantograph":31,"Art of War":26,"Coffee Dripper":34,"Chemical X":19,"Toxic Egg 2":7,"Toy Ornithopter":10,"Ring of the Snake":0},{"Gremlin Horn":5,"Blue Candle":23,"Snake Skull":30,"Omamori":27,"Odd Mushroom":5,"Frozen Egg 2":15,"Boot":31,"SlaversCollar":10,"Gambling Chip":9,"Pantograph":17,"Art of War":15,"Coffee Dripper":18,"Chemical X":11,"Toxic Egg 2":4,"Toy Ornithopter":6,"Ring of the Snake":0},{"Gremlin Horn":19,"Blue Candle":138,"Snake Skull":206,"Omamori":164,"Odd Mushroom":19,"Frozen Egg 2":83,"Boot":213,"SlaversCollar":54,"Gambling Chip":41,"Pantograph":96,"Art of War":83,"Coffee Dripper":107,"Chemical X":59,"Toxic Egg 2":15,"Toy Ornithopter":23,"Ring of the Snake":0}],"Toy Ornithopter":15,"Ring of the Snake":[64]},"card_choices":[{"not_picked":["All Out Attack","Slice"],"picked":"Skewer","floor":1},{"not_picked":["Underhanded Strike","Accuracy","Outmaneuver"],"picked":"SKIP","floor":3},{"not_picked":["Catalyst","Blur"],"picked":"Deadly Poison","floor":4},{"not_picked":["Noxious Fumes","Quick Slash"],"picked":"Backflip+1","floor":7},{"not_picked":["Poisoned Stab","Heel Hook"],"picked":"Blur+1","floor":8},{"not_picked":["Calculated Gamble+1","Footwork"],"picked":"Deflect+1","floor":10},{"not_picked":["Expertise+1","Noxious Fumes"],"picked":"Leg Sweep+1","floor":12},{"not_picked":["Expertise+1","Endless Agony"],"picked":"Deadly Poison+1","floor":13},{"not_picked":["Flechettes","Die Die Die"],"picked":"Dodge and Roll+1","floor":14},{"not_picked":["Grand Finale","Envenom"],"picked":"Wraith Form v2","floor":16},{"not_picked":["Quick Slash","Riddle With Holes"],"picked":"Cloak And Dagger+1","floor":18},{"not_picked":["Dagger Spray","Underhanded Strike"],"picked":"Blade Dance+1","floor":20},{"not_picked":["Blade Dance+1","PiercingWail+1"],"picked":"Footwork","floor":21},{"not_picked":["Underhanded Strike","Outmaneuver+1","A Thousand Cuts"],"picked":"SKIP","floor":22},{"not_picked":["Cloak And Dagger+1","Masterful Stab"],"picked":"Dodge and Roll+1","floor":24},{"not_picked":["Dodge and Roll+1","Blade Dance+1","Well Laid Plans+1"],"picked":"SKIP","floor":28},{"not_picked":["Dodge and Roll+1","Quick Slash","Backstab"],"picked":"SKIP","floor":31},{"not_picked":["Glass Knife","Venomology+1"],"picked":"Wraith Form v2+1","floor":33},{"not_picked":["Leg Sweep+1","Eviscerate+1"],"picked":"Prepared+1","floor":35},{"not_picked":["Bane","Reflex+1"],"picked":"Caltrops+1","floor":36},{"not_picked":["Heel Hook","Slice"],"picked":"Caltrops+1","floor":38},{"not_picked":["Poisoned Stab+1","Outmaneuver+1"],"picked":"Leg Sweep+1","floor":39},{"not_picked":["Flechettes","Eviscerate"],"picked":"Prepared+1","floor":40},{"not_picked":["Concentrate+1","Reflex+1"],"picked":"Bouncing Flask+1","floor":42},{"not_picked":["Flying Knee+1","Dagger Spray+1","Underhanded Strike"],"picked":"SKIP","floor":45},{"not_picked":["Prepared+1","Blade Dance+1","Deflect+1"],"picked":"SKIP","floor":46},{"not_picked":["Concentrate+1","Riddle With Holes+1","Underhanded Strike+1"],"picked":"SKIP","floor":47},{"not_picked":["Tactician+1","Quick Slash"],"picked":"Reflex+1","floor":48},{"not_picked":["Slice+1","Storm of Steel+1","Dash"],"picked":"SKIP","floor":55}],"player_experience":3086641,"relics_obtained":[{"floor":7,"key":"Toxic Egg 2"},{"floor":8,"key":"Odd Mushroom"},{"floor":9,"key":"Gremlin Horn"},{"floor":10,"key":"Toy Ornithopter"},{"floor":14,"key":"Gambling Chip"},{"floor":24,"key":"Frozen Egg 2"},{"floor":26,"key":"Art of War"},{"floor":31,"key":"Pantograph"},{"floor":40,"key":"Blue Candle"},{"floor":47,"key":"Omamori"},{"floor":55,"key":"Boot"}],"event_choices":[{"damage_healed":0,"gold_gain":75,"player_choice":"Gather Gold","damage_taken":11,"max_hp_gain":0,"max_hp_loss":0,"event_name":"World of Goop","floor":2,"gold_loss":0},{"damage_healed":0,"gold_gain":0,"player_choice":"Fought Mushrooms","damage_taken":0,"max_hp_gain":0,"max_hp_loss":0,"event_name":"Mushrooms","floor":8,"gold_loss":0},{"damage_healed":0,"gold_gain":0,"player_choice":"Read","damage_taken":0,"max_hp_gain":0,"max_hp_loss":0,"event_name":"The Library","floor":27,"gold_loss":0,"cards_obtained":["Well Laid Plans"]},{"damage_healed":0,"gold_gain":0,"cards_transformed":["Strike_G"],"player_choice":"Transformed","damage_taken":0,"max_hp_gain":0,"max_hp_loss":0,"event_name":"Transmorgrifier","floor":30,"gold_loss":0,"cards_obtained":["Tools of the Trade"]},{"damage_healed":0,"gold_gain":0,"player_choice":"Bought 1 Potion","damage_taken":0,"max_hp_gain":0,"max_hp_loss":0,"event_name":"The Woman in Blue","floor":44,"gold_loss":0}],"is_beta":false,"boss_relics":[{"not_picked":["Ectoplasm","WristBlade"],"picked":"SlaversCollar"},{"not_picked":["HoveringKite","Astrolabe"],"picked":"Coffee Dripper"}],"items_purged_floors":[5,37],"is_endless":false,"potions_floor_spawned":[1,4,7,12,14,21,22,24,28,35,38,39,40,46,48,55],"ascension_level":20}}