{"host":"6fz13565vq1u34xu","time":1612652759,"event":{"mods":["Act Like it!","Aspiration","BaseMod","Better Altar","Better Match","Better Note","Better Sensory Stone","Better Vampires","BetterRewards","Challenge The Spire","Colored Map","Colored Powertips","Conspire","DeckTracker","Energized Spire","Hubris","Infinite Spire","Marked Mod","Minty Spire (QoL Compilation)","Quick Restart","Rare Cards Sparkle","Relic Stats","Replay The Spire","StSLib","SuperFastMode"],"gold_per_floor":[118,118,131,131,55,205,205,235,235,235,316,344,344,356,356,58,58,135,135,147,247,247,257,272,306,306,306,306],"floor_reached":27,"language":"ENG","playtime":1087,"items_purged":["Doubt"],"score":522,"play_id":"cc82d4dc-3c9c-45a2-981a-966f92a0dd48","local_time":"20210206180559","is_ascension_mode":true,"campfire_choices":[{"data":"Bash","floor":7,"key":"SMITH"},{"data":"conspire:ExplosiveBarrier","floor":13,"key":"SMITH"},{"floor":17,"key":"REST"},{"data":"ReplayTheSpireMod:Brewmster","floor":26,"key":"SMITH"}],"circlet_count":0,"master_deck":["AscendersBane","conspire:GhostlyStrike","conspire:GhostlyStrike","conspire:GhostlyStrike","conspire:GhostlyStrike","conspire:GhostlyDefend","conspire:GhostlyDefend","conspire:GhostlyDefend","conspire:GhostlyDefend","Bash+1","Pummel","Metallicize","Hemokinesis","Replay:Many Hands","conspire:ExplosiveBarrier+1","ReplayTheSpireMod:Brewmster+1","Spot Weakness","infinitespire:Punishment","Spot Weakness","Entrench","conspire:ExplosiveBarrier"],"relics":["Burning Blood","NeowsBlessing","hubris:TenFootPole","ReplayTheSpireMod:Shallot","hubris:DeckOfHolding","Replay:Bottled Flurry","conspire:SpecialSausage","Chemical X","Replay:Wanted Poster","Bloody Idol","Blood Vial","Blue Candle"],"acts_visited":["Exordium","TheCity"],"potions_floor_usage":[12,18,18,18,18,18,18,20,20,24,24,24,24,25,25,25,25,27],"damage_taken":[{"damage":0,"enemies":"Small Slimes","floor":1,"turns":1},{"damage":0,"enemies":"Cultist","floor":3,"turns":1},{"damage":0,"enemies":"Gremlin Nob","floor":8,"turns":1},{"damage":41,"enemies":"3 Sentries","floor":12,"turns":12},{"damage":5,"enemies":"2 Louse","floor":14,"turns":3},{"damage":23,"enemies":"The Guardian","floor":18,"turns":12},{"damage":28,"enemies":"Shell Parasite","floor":20,"turns":8},{"damage":17,"enemies":"conspire:FuzzyDice","floor":23,"turns":6},{"damage":17,"enemies":"Cultist and Chosen","floor":24,"turns":6},{"damage":53,"enemies":"Nightmare","floor":25,"turns":7},{"damage":35,"enemies":"conspire:Head Lice","floor":27,"turns":5}],"seed_played":"-524782387291754576","potions_obtained":[{"floor":3,"key":"Fire Potion"},{"floor":18,"key":"Weak Potion"}],"is_trial":false,"path_per_floor":["M","?","M","?","$","?","R","E","PTL","PTL","T","E","R","M","?","$","R","B",null,"M","AVR","?","M","M","NM","R","E"],"character_chosen":"IRONCLAD","items_purchased":["Hemokinesis","ReplayTheSpireMod:Brewmster","Spot Weakness"],"campfire_rested":1,"item_purchase_floors":[5,16,16],"current_hp_per_floor":[74,74,75,49,49,49,49,55,55,55,55,20,20,21,21,21,43,56,70,48,48,6,30,41,33,33,0,0],"gold":306,"neow_bonus":"THREE_ENEMY_KILL","is_daily":false,"chose_seed":false,"campfire_upgraded":3,"win_rate":0.0,"timestamp":1612652759,"path_taken":["M","?","?","?","$","?","R","E","PTL","PTL","T","E","R","M","?","$","R","BOSS","M","AVR","?","M","M","NM","R","E"],"items_purchased_type":["Card","Card","Card"],"build_version":"2020-12-22","purchased_purges":1,"victory":false,"max_hp_per_floor":[75,75,75,75,75,75,75,75,75,75,75,75,75,75,75,75,75,75,75,75,75,75,75,75,75,75,75,75],"relic_stats":{"Blood Vial":8,"counters":[11,62],"Bloody Idol":15,"Blue Candle":[0],"Chemical X":[0],"obtain_stats":[{"Replay:Wanted Poster":21,"Blood Vial":22,"NeowsBlessing":0,"ReplayTheSpireMod:Shallot":8,"Bloody Idol":22,"Blue Candle":25,"hubris:DeckOfHolding":11,"conspire:SpecialSausage":19,"hubris:TenFootPole":4,"Replay:Bottled Flurry":12,"Chemical X":21,"Burning Blood":0},{"Replay:Wanted Poster":7,"Blood Vial":7,"NeowsBlessing":0,"ReplayTheSpireMod:Shallot":3,"Bloody Idol":7,"Blue Candle":10,"hubris:DeckOfHolding":3,"conspire:SpecialSausage":6,"hubris:TenFootPole":2,"Replay:Bottled Flurry":4,"Chemical X":7,"Burning Blood":0},{"Replay:Wanted Poster":38,"Blood Vial":38,"NeowsBlessing":0,"ReplayTheSpireMod:Shallot":3,"Bloody Idol":38,"Blue Candle":57,"hubris:DeckOfHolding":3,"conspire:SpecialSausage":30,"hubris:TenFootPole":2,"Replay:Bottled Flurry":15,"Chemical X":38,"Burning Blood":0}],"Burning Blood":55},"card_choices":[{"not_picked":["Infernal Blade","Cleave"],"picked":"Pummel","floor":1},{"not_picked":["Anger","ReplayTheSpireMod:Limb From Limb","ReplayTheSpireMod:Strike From Hell"],"picked":"SKIP","floor":3},{"not_picked":["Pommel Strike","Warcry"],"picked":"Replay:Many Hands","floor":8},{"not_picked":["Combust","Perfected Strike"],"picked":"conspire:ExplosiveBarrier","floor":12},{"not_picked":["Anger","Replay:Undeath\u0027s Touch","Havoc"],"picked":"SKIP","floor":14},{"not_picked":["Body Slam","Perfected Strike","Second Wind"],"picked":"SKIP","floor":20},{"not_picked":["Havoc","Rage"],"picked":"Spot Weakness","floor":23},{"not_picked":["Body Slam","Rage"],"picked":"Entrench","floor":24},{"not_picked":["Immolate","Heavy Blade"],"picked":"conspire:ExplosiveBarrier","floor":25}],"player_experience":980643,"relics_obtained":[{"floor":8,"key":"ReplayTheSpireMod:Shallot"},{"floor":11,"key":"hubris:DeckOfHolding"},{"floor":12,"key":"Replay:Bottled Flurry"},{"floor":25,"key":"Blue Candle"}],"event_choices":[{"damage_healed":0,"gold_gain":0,"cards_transformed":["Strike_R"],"player_choice":"Transformed","damage_taken":0,"max_hp_gain":0,"max_hp_loss":0,"event_name":"Transmorgrifier","floor":2,"gold_loss":0,"cards_obtained":["Metallicize"]},{"damage_healed":0,"gold_gain":0,"player_choice":"Success","damage_taken":26,"relics_obtained":["hubris:TenFootPole"],"max_hp_gain":0,"max_hp_loss":0,"event_name":"Scrap Ooze","floor":4,"gold_loss":0},{"damage_healed":0,"gold_gain":150,"player_choice":"AGREE","damage_taken":0,"max_hp_gain":0,"max_hp_loss":0,"event_name":"Liars Game","floor":6,"gold_loss":0,"cards_obtained":["Doubt"]},{"damage_healed":0,"gold_gain":0,"player_choice":"Agree","damage_taken":0,"max_hp_gain":0,"max_hp_loss":0,"event_name":"conspire:LoneGhost","floor":15,"gold_loss":0},{"damage_healed":0,"gold_gain":0,"player_choice":" Idol Vial Potion ","damage_taken":86,"relics_obtained":["Bloody Idol","Blood Vial"],"max_hp_gain":48,"max_hp_loss":6,"event_name":"betterAltar:BetterAltar","floor":22,"potions_obtained":["betterAltar:AltarPotion"],"relics_lost":[],"gold_loss":0}],"is_beta":false,"boss_relics":[{"not_picked":["Snecko Eye","Empty Cage"],"picked":"conspire:SpecialSausage"}],"items_purged_floors":[16],"is_endless":false,"potions_floor_spawned":[3,18,24],"killed_by":"conspire:Head Lice","ascension_level":16}}