{"host":"6fz13565vq1u34xu","time":1612651662,"event":{"mods":["Act Like it!","Aspiration","BaseMod","Better Altar","Better Match","Better Note","Better Sensory Stone","Better Vampires","BetterRewards","Challenge The Spire","Colored Map","Colored Powertips","Conspire","DeckTracker","Energized Spire","Hubris","Infinite Spire","Marked Mod","Minty Spire (QoL Compilation)","Quick Restart","Rare Cards Sparkle","Relic Stats","Replay The Spire","StSLib","SuperFastMode"],"gold_per_floor":[113,113,113,263,281,281,281,309,309,321,11,22,22,38,38,38,38],"floor_reached":16,"language":"ENG","playtime":331,"items_purged":["Doubt"],"score":225,"play_id":"af952fb4-67ad-43ea-9642-3529060c50e2","local_time":"20210206174742","is_ascension_mode":true,"campfire_choices":[{"data":"Rampage","floor":6,"key":"SMITH"},{"data":"conspire:Purge","floor":13,"key":"SMITH"},{"data":"Bash","floor":15,"key":"SMITH"}],"circlet_count":0,"master_deck":["AscendersBane","Strike_R","Strike_R","Strike_R","Strike_R","Defend_R","Defend_R","Bash+1","Hemokinesis","Rampage+1","ReplayTheSpireMod:Stacked","Shrug It Off","conspire:Purge+1","Limit Break","Sword Boomerang"],"relics":["Burning Blood","NeowsBlessing","Replay:Towering Pillar of Hats","The Courier","conspire:DeflatedDodgeball"],"acts_visited":["Exordium"],"potions_floor_usage":[16],"damage_taken":[{"damage":0,"enemies":"Cultist","floor":1,"turns":1},{"damage":0,"enemies":"Jaw Worm","floor":5,"turns":1},{"damage":0,"enemies":"Gremlin Nob","floor":8,"turns":1},{"damage":2,"enemies":"Small Slimes","floor":10,"turns":4},{"damage":21,"enemies":"Looter","floor":12,"turns":3},{"damage":29,"enemies":"Exordium Thugs","floor":14,"turns":5},{"damage":41,"enemies":"Hexaghost","floor":16,"turns":9}],"seed_played":"-1695964180873722906","potions_obtained":[{"floor":1,"key":"Swift Potion"},{"floor":14,"key":"FearPotion"}],"is_trial":false,"path_per_floor":["M","T","?","?","M","R","T","E","T","M","$","M","R","M","R_BF","B"],"character_chosen":"IRONCLAD","items_purchased":["conspire:Purge","Limit Break"],"campfire_rested":0,"item_purchase_floors":[11,11],"current_hp_per_floor":[74,74,74,74,75,75,75,75,75,75,75,60,60,37,37,0,0],"gold":38,"neow_bonus":"THREE_ENEMY_KILL","is_daily":false,"chose_seed":false,"campfire_upgraded":3,"win_rate":0.0,"timestamp":1612651662,"path_taken":["M","?","?","?","M","R","?","E","T","M","$","M","R","M","R_BF","BOSS"],"items_purchased_type":["Card","Card"],"build_version":"2020-12-22","purchased_purges":1,"victory":false,"max_hp_per_floor":[75,75,75,75,75,75,75,75,75,75,75,75,75,75,75,75,75],"relic_stats":{"counters":[7,24],"obtain_stats":[{"NeowsBlessing":0,"Replay:Towering Pillar of Hats":7,"The Courier":8,"conspire:DeflatedDodgeball":9,"Burning Blood":0},{"NeowsBlessing":0,"Replay:Towering Pillar of Hats":2,"The Courier":3,"conspire:DeflatedDodgeball":3,"Burning Blood":0},{"NeowsBlessing":0,"Replay:Towering Pillar of Hats":2,"The Courier":3,"conspire:DeflatedDodgeball":3,"Burning Blood":0}],"Burning Blood":21},"card_choices":[{"not_picked":["Heavy Blade","Blood for Blood"],"picked":"Hemokinesis","floor":1},{"not_picked":["Feel No Pain","Dark Embrace"],"picked":"ReplayTheSpireMod:Stacked","floor":5},{"not_picked":["Iron Wave","Heavy Blade"],"picked":"Shrug It Off","floor":8},{"not_picked":["Run Through","Intimidate","Pommel Strike"],"picked":"SKIP","floor":10},{"not_picked":["Cleave","Perfected Strike","Run Through"],"picked":"SKIP","floor":12},{"not_picked":["Havoc","Armaments"],"picked":"Sword Boomerang","floor":14}],"player_experience":980643,"relics_obtained":[{"floor":7,"key":"Replay:Towering Pillar of Hats"},{"floor":8,"key":"The Courier"},{"floor":9,"key":"conspire:DeflatedDodgeball"}],"event_choices":[{"damage_healed":0,"gold_gain":150,"player_choice":"AGREE","damage_taken":0,"max_hp_gain":0,"max_hp_loss":0,"event_name":"Liars Game","floor":4,"gold_loss":0,"cards_obtained":["Doubt"]}],"is_beta":false,"boss_relics":[],"items_purged_floors":[11],"is_endless":false,"potions_floor_spawned":[1,14],"killed_by":"Hexaghost","ascension_level":16}}