{"host":"2wp95sdfrgw3k439","time":1612578306,"event":{"mods":["BaseMod","Better Altar","Better Skull","Better Third Choice","Curses Come First","Minty Spire (QoL Compilation)","Permanent Neow","StSLib"],"gold_per_floor":[119,119,137,155,170,197,197,213,287,299,299,299,318,346,346,448,448,467,20,20,220,240,240,266,282,282,282,282,314,314,239,239,341,341,358,9,21,71,71,71],"floor_reached":39,"language":"ENG","playtime":1617,"items_purged":["Strike_G","Defend_G"],"score":658,"play_id":"bee4aff0-b563-463e-9de5-fa28b2a84758","local_time":"20210205192506","is_ascension_mode":true,"campfire_choices":[{"floor":7,"key":"REST"},{"floor":11,"key":"REST"},{"data":"After Image","floor":15,"key":"SMITH"},{"floor":23,"key":"REST"},{"floor":27,"key":"REST"},{"floor":30,"key":"REST"},{"data":"Strike_G","floor":32,"key":"PURGE"}],"circlet_count":0,"master_deck":["Strike_G","Strike_G+1","Defend_G","Defend_G","Defend_G","Defend_G","Survivor","Neutralize","Poisoned Stab","Neutralize","Flying Knee","Glass Knife","Dash","Dagger Throw+1","After Image+1","Predator","Cloak And Dagger","Phantasmal Killer","Backflip","Masterful Stab+1","Noxious Fumes","Sadistic Nature","RitualDagger","Noxious Fumes","Sucker Punch+1","Blur+1","Flying Knee+1","Backstab","After Image","Caltrops","Skewer+1","Well Laid Plans+1","Caltrops+1"],"relics":["Philosopher\u0027s Stone","Prayer Wheel","Sundial","Peace Pipe","Whetstone","Fusion Hammer","Bronze Scales","Blood Vial","Potion Belt","Anchor","Sozu","Shuriken","Shovel"],"acts_visited":["Exordium","TheCity","TheBeyond"],"potions_floor_usage":[13,14,14,14,24,29],"damage_taken":[{"damage":0,"enemies":"Jaw Worm","floor":1,"turns":5},{"damage":0,"enemies":"Cultist","floor":3,"turns":3},{"damage":4,"enemies":"2 Louse","floor":4,"turns":3},{"damage":10,"enemies":"Red Slaver","floor":5,"turns":4},{"damage":25,"enemies":"3 Sentries","floor":6,"turns":9},{"damage":0,"enemies":"2 Fungi Beasts","floor":8,"turns":3},{"damage":3,"enemies":"Exordium Wildlife","floor":10,"turns":2},{"damage":0,"enemies":"Blue Slaver","floor":13,"turns":1},{"damage":0,"enemies":"Lagavulin","floor":14,"turns":3},{"damage":29,"enemies":"The Guardian","floor":16,"turns":13},{"damage":10,"enemies":"Shell Parasite","floor":18,"turns":4},{"damage":2,"enemies":"Spheric Guardian","floor":22,"turns":4},{"damage":17,"enemies":"Slavers","floor":24,"turns":4},{"damage":10,"enemies":"Snecko","floor":25,"turns":4},{"damage":24,"enemies":"Gremlin Leader","floor":29,"turns":6},{"damage":39,"enemies":"Champ","floor":33,"turns":11},{"damage":6,"enemies":"3 Darklings","floor":35,"turns":8},{"damage":12,"enemies":"3 Shapes","floor":37,"turns":4},{"damage":0,"enemies":"Mind Bloom Boss Battle","floor":38,"turns":6},{"damage":48,"enemies":"Transient","floor":39,"turns":5}],"seed_played":"-2623556865907018354","potions_obtained":[{"floor":5,"key":"FearPotion"},{"floor":8,"key":"ColorlessPotion"},{"floor":10,"key":"DuplicationPotion"},{"floor":13,"key":"Swift Potion"},{"floor":18,"key":"AttackPotion"},{"floor":24,"key":"LiquidBronze"},{"floor":29,"key":"Energy Potion"}],"is_trial":false,"path_per_floor":["M","?","M","M","M","E","R","M","T","M","R","?","M","E","R","B",null,"M","$","?","?","M","R","E","M","T","R","?","E","R","?","R","B",null,"M","$","M","?","M"],"character_chosen":"THE_SILENT","items_purchased":["Bronze Scales","Noxious Fumes","Sadistic Nature","Shuriken"],"campfire_rested":5,"item_purchase_floors":[19,19,19,36],"current_hp_per_floor":[63,63,63,59,49,24,45,45,45,42,63,63,63,63,63,34,61,51,51,45,45,43,64,47,39,39,60,60,38,59,59,59,22,58,54,54,44,46,0,0],"gold":71,"neow_bonus":"BOSS_RELIC","is_daily":false,"chose_seed":false,"campfire_upgraded":1,"win_rate":0.0,"timestamp":1612578306,"path_taken":["M","?","?","M","M","E","R","M","T","M","R","?","M","E","R","BOSS","M","$","?","?","?","R","E","M","T","R","?","E","R","?","R","BOSS","M","$","M","?","M"],"items_purchased_type":["Relic","Card","Card","Relic"],"build_version":"2020-12-22","purchased_purges":2,"victory":false,"max_hp_per_floor":[70,70,70,70,70,70,70,70,70,70,70,70,70,70,70,70,70,70,70,70,70,70,70,70,70,70,70,70,70,70,70,70,70,70,70,70,70,70,70,70],"card_choices":[{"not_picked":["Outmaneuver","Bane"],"picked":"Poisoned Stab","floor":1},{"not_picked":["Calculated Gamble","Backflip"],"picked":"Flying Knee","floor":3},{"not_picked":["Slice","Dodge and Roll","Deflect"],"picked":"SKIP","floor":4},{"not_picked":["Acrobatics","PiercingWail"],"picked":"Glass Knife","floor":5},{"not_picked":["Endless Agony","Deflect"],"picked":"Dash","floor":6},{"not_picked":["Outmaneuver","Prepared"],"picked":"Dagger Throw","floor":8},{"not_picked":["Cloak And Dagger","Expertise","PiercingWail"],"picked":"SKIP","floor":8},{"not_picked":["Prepared","Accuracy"],"picked":"After Image","floor":10},{"not_picked":["Underhanded Strike","PiercingWail","Acrobatics"],"picked":"SKIP","floor":10},{"not_picked":["All Out Attack","Endless Agony"],"picked":"Predator","floor":13},{"not_picked":["Deflect","Reflex"],"picked":"Cloak And Dagger","floor":13},{"not_picked":["Underhanded Strike","Deflect","Dagger Throw"],"picked":"SKIP","floor":14},{"not_picked":["Envenom","Doppelganger"],"picked":"Phantasmal Killer","floor":16},{"not_picked":["Masterful Stab","Deflect"],"picked":"Backflip","floor":18},{"not_picked":["Flying Knee","Flechettes+1"],"picked":"Masterful Stab+1","floor":18},{"not_picked":["Acrobatics","Eviscerate"],"picked":"Noxious Fumes","floor":22},{"not_picked":["Acrobatics","Glass Knife"],"picked":"Sucker Punch+1","floor":22},{"not_picked":["Cloak And Dagger","Tactician+1"],"picked":"Blur+1","floor":24},{"not_picked":["Noxious Fumes","Distraction+1"],"picked":"Flying Knee+1","floor":25},{"not_picked":["Calculated Gamble","Bane","Noxious Fumes"],"picked":"SKIP","floor":25},{"not_picked":["Sucker Punch+1","Tactician+1","Underhanded Strike+1"],"picked":"SKIP","floor":29},{"not_picked":["Grand Finale","Storm of Steel"],"picked":"After Image","floor":33},{"not_picked":["Escape Plan","Blur+1"],"picked":"Caltrops","floor":35},{"not_picked":["Deflect+1","Acrobatics","Cloak And Dagger"],"picked":"SKIP","floor":35},{"not_picked":["Backstab","Poisoned Stab"],"picked":"Skewer+1","floor":37},{"not_picked":["Tactician+1","Bouncing Flask+1"],"picked":"Well Laid Plans+1","floor":37},{"not_picked":["Quick Slash","Eviscerate+1"],"picked":"Caltrops+1","floor":38}],"player_experience":555746,"relics_obtained":[{"floor":6,"key":"Prayer Wheel"},{"floor":9,"key":"Sundial"},{"floor":12,"key":"Peace Pipe"},{"floor":14,"key":"Whetstone"},{"floor":24,"key":"Blood Vial"},{"floor":26,"key":"Potion Belt"},{"floor":29,"key":"Anchor"},{"floor":38,"key":"Shovel"}],"event_choices":[{"damage_healed":0,"gold_gain":0,"player_choice":"1 cards matched","damage_taken":0,"max_hp_gain":0,"max_hp_loss":0,"event_name":"Match and Keep!","floor":2,"gold_loss":0,"cards_obtained":["Neutralize"]},{"damage_healed":0,"gold_gain":0,"player_choice":"Relic","damage_taken":0,"max_hp_gain":0,"max_hp_loss":0,"event_name":"Wheel of Change","floor":12,"gold_loss":0},{"damage_healed":0,"gold_gain":0,"player_choice":"Dagger","damage_taken":6,"max_hp_gain":0,"max_hp_loss":0,"event_name":"betterThird:BetterNest","floor":20,"gold_loss":0,"cards_obtained":["RitualDagger"]},{"damage_healed":0,"gold_gain":200,"player_choice":"Gold","damage_taken":0,"max_hp_gain":0,"max_hp_loss":0,"event_name":"Wheel of Change","floor":21,"gold_loss":0},{"damage_healed":0,"gold_gain":0,"player_choice":"Read","damage_taken":0,"max_hp_gain":0,"max_hp_loss":0,"event_name":"The Library","floor":28,"gold_loss":0,"cards_obtained":["Backstab"]},{"cards_removed":["Strike_G"],"damage_healed":0,"gold_gain":0,"player_choice":"Gave Gold","damage_taken":0,"max_hp_gain":0,"max_hp_loss":0,"event_name":"Beggar","floor":31,"gold_loss":75},{"damage_healed":0,"gold_gain":0,"player_choice":"Fight","damage_taken":0,"max_hp_gain":0,"max_hp_loss":0,"event_name":"MindBloom","floor":38,"gold_loss":0}],"is_beta":false,"boss_relics":[{"not_picked":["Tiny House","Empty Cage"],"picked":"Fusion Hammer"},{"not_picked":["Velvet Choker","WristBlade"],"picked":"Sozu"}],"items_purged_floors":[19,36],"is_endless":false,"potions_floor_spawned":[5,8,10,13,18,24,29,35],"killed_by":"Transient","ascension_level":9}}