{"host":"d85gwtocd8go8gx0","time":1612586007,"event":{"mods":["AchievementEnabler","BaseMod","Better Altar","Better Skull","Better Third Choice","Block Reminder","Colored Powertips","Curses Come First","Dark Map","Filter the Spire","Highlight Path","Minty Spire (QoL Compilation)","Permanent Neow","Quick Restart","Shop Mod","StSLib","SuperFastMode","UnlockEverythingMod"],"gold_per_floor":[114,114,189,114,264,264,289,305,305,330,340,340,355,39,39,112,112,132,151,151,171,191,191,106,106,106,106,117,152,181,181,181,255,255,272,88,138,26,41,69,69,98,123,48,48,60,75,297,297,297,297,297],"floor_reached":51,"language":"ENG","playtime":2309,"items_purged":["Regret","Decay"],"score":1662,"play_id":"46d90801-1dfd-4e25-8a4c-04f51e90a4e6","local_time":"20210205203327","is_ascension_mode":true,"campfire_choices":[{"data":"Eruption","floor":6.0,"key":"SMITH"},{"data":"Scrawl","floor":12.0,"key":"SMITH"},{"data":"CrushJoints","floor":15.0,"key":"SMITH"},{"data":"DevaForm","floor":23.0,"key":"SMITH"},{"data":"DevaForm","floor":25.0,"key":"SMITH"},{"floor":27.0,"key":"REST"},{"data":"Worship","floor":32.0,"key":"SMITH"},{"data":"Worship","floor":41.0,"key":"SMITH"},{"data":"Fasting2","floor":45.0,"key":"SMITH"},{"data":"Vigilance","floor":49.0,"key":"SMITH"}],"circlet_count":0,"master_deck":["AscendersBane","Strike_P","Strike_P","Strike_P","Defend_P","Defend_P","Defend_P","Defend_P","Eruption+1","Vigilance+1","Wallop","BowlingBash","Scrawl+1","InnerPeace","CrushJoints+1","Conclude","Swivel","Scrawl+1","DevaForm+1","Evaluate+1","Conclude","FollowUp","DevaForm+1","CarveReality","Halt","Worship+1","Ragnarok","Evaluate+1","Prostrate","Worship+1","FollowUp","Protect","Injury","Fasting2+1","CutThroughFate+1"],"relics":["PureWater","Pocketwatch","Pantograph","Meat on the Bone","MerchantsRug","Cursed Key","Nunchaku","Ginger","Red Mask","Busted Crown","PreservedInsect","Vajra","Oddly Smooth Stone","Blood Vial","Pen Nib"],"acts_visited":["Exordium","TheCity","TheBeyond"],"potions_floor_usage":[],"damage_taken":[{"damage":2.0,"enemies":"Small Slimes","floor":1.0,"turns":3.0},{"damage":12.0,"enemies":"3 Sentries","floor":7.0,"turns":7.0},{"damage":1.0,"enemies":"2 Louse","floor":8.0,"turns":2.0},{"damage":0.0,"enemies":"Gremlin Nob","floor":10.0,"turns":3.0},{"damage":3.0,"enemies":"Jaw Worm","floor":11.0,"turns":2.0},{"damage":2.0,"enemies":"2 Fungi Beasts","floor":13.0,"turns":2.0},{"damage":0.0,"enemies":"Slime Boss","floor":16.0,"turns":4.0},{"damage":7.0,"enemies":"3 Byrds","floor":18.0,"turns":4.0},{"damage":0.0,"enemies":"Chosen","floor":19.0,"turns":3.0},{"damage":4.0,"enemies":"Centurion and Healer","floor":21.0,"turns":3.0},{"damage":32.0,"enemies":"Shelled Parasite and Fungi","floor":22.0,"turns":4.0},{"damage":11.0,"enemies":"Snake Plant","floor":28.0,"turns":4.0},{"damage":6.0,"enemies":"Book of Stabbing","floor":29.0,"turns":3.0},{"damage":71.0,"enemies":"Masked Bandits","floor":30.0,"turns":4.0},{"damage":17.0,"enemies":"Collector","floor":33.0,"turns":5.0},{"damage":3.0,"enemies":"Orb Walker","floor":35.0,"turns":3.0},{"damage":4.0,"enemies":"3 Darklings","floor":39.0,"turns":3.0},{"damage":4.0,"enemies":"Nemesis","floor":40.0,"turns":3.0},{"damage":0.0,"enemies":"Giant Head","floor":42.0,"turns":4.0},{"damage":7.0,"enemies":"Jaw Worm Horde","floor":46.0,"turns":5.0},{"damage":1.0,"enemies":"4 Shapes","floor":47.0,"turns":4.0},{"damage":65.0,"enemies":"Time Eater","floor":50.0,"turns":7.0},{"damage":56,"enemies":"Donu and Deca","floor":51,"turns":5}],"seed_played":"-5570278730015234552","potions_obtained":[{"floor":7.0,"key":"SteroidPotion"},{"floor":10.0,"key":"BlessingOfTheForge"},{"floor":16.0,"key":"FairyPotion"},{"floor":18.0,"key":"Block Potion"},{"floor":22.0,"key":"FearPotion"},{"floor":30.0,"key":"Energy Potion"},{"floor":35.0,"key":"Fire Potion"},{"floor":39.0,"key":"AttackPotion"},{"floor":47.0,"key":"Block Potion"}],"is_trial":false,"path_per_floor":["M","?","?","$","?","R","E","M","T","E","M","R","M","$","R","B",null,"M","M","?","M","M","R","?","R","T","R","M","E","?","?","R","B",null,"M","$","T","$","M","E","R","E","T","$","R","M","M","?","R","B","B"],"character_chosen":"WATCHER","items_purchased":["MerchantsRug","DollysMirror","PreservedInsect","Prostrate","Worship","Fasting2"],"campfire_rested":1,"item_purchase_floors":[14,14,36,36,38,44],"current_hp_per_floor":[59,59,48,48,48,48,36,35,35,35,44,44,42,42,42,67,68,61,61,61,57,37,37,37,37,37,57,46,40,32,32,32,40,61,58,58,58,58,54,50,50,50,50,50,50,45,46,46,46,15,0,0],"gold":297,"neow_bonus":"THREE_CARDS","is_daily":false,"chose_seed":false,"campfire_upgraded":9,"win_rate":0.0,"timestamp":1612586007,"path_taken":["M","?","?","$","?","R","E","M","T","E","M","R","M","$","R","BOSS","M","M","?","M","M","R","?","R","T","R","M","E","?","?","R","BOSS","M","$","?","$","M","E","R","E","T","?","R","?","M","?","R","BOSS","BOSS"],"items_purchased_type":["Relic","Relic","Relic","Card","Card","Card"],"build_version":"2020-12-22","purchased_purges":2,"victory":false,"max_hp_per_floor":[68,68,68,68,68,68,68,68,68,68,68,68,68,68,68,68,68,68,68,68,68,68,68,68,68,68,68,68,68,68,68,68,68,68,68,68,68,68,68,68,68,68,68,68,68,68,68,68,68,68,68,68],"card_choices":[{"not_picked":["Crescendo","Meditate"],"picked":"Wallop","floor":0.0},{"not_picked":["FlyingSleeves","EmptyFist"],"picked":"BowlingBash","floor":1.0},{"not_picked":["CutThroughFate","Worship"],"picked":"Scrawl","floor":7.0},{"not_picked":["Vengeance","Sanctity"],"picked":"InnerPeace","floor":8.0},{"not_picked":["JustLucky","ReachHeaven"],"picked":"CrushJoints","floor":10.0},{"not_picked":["WaveOfTheHand","BowlingBash"],"picked":"Conclude","floor":11.0},{"not_picked":["CutThroughFate","ReachHeaven"],"picked":"Swivel","floor":13.0},{"not_picked":["Wish","Brilliance"],"picked":"DevaForm","floor":16.0},{"not_picked":["Halt","FlyingSleeves"],"picked":"Evaluate+1","floor":18.0},{"not_picked":["ForeignInfluence","Evaluate"],"picked":"Conclude","floor":19.0},{"not_picked":["InnerPeace+1","JustLucky"],"picked":"FollowUp","floor":21.0},{"not_picked":["Conclude","JustLucky"],"picked":"DevaForm","floor":22.0},{"not_picked":["EmptyFist","FlyingSleeves"],"picked":"CarveReality","floor":28.0},{"not_picked":["SignatureMove","FlyingSleeves"],"picked":"Halt","floor":29.0},{"not_picked":["ThirdEye","Evaluate"],"picked":"Worship","floor":30.0},{"not_picked":["Scrawl","Judgement"],"picked":"Ragnarok","floor":33.0},{"not_picked":[],"picked":"Evaluate+1","floor":35.0},{"not_picked":[],"picked":"FollowUp","floor":39.0},{"not_picked":[],"picked":"Protect","floor":40.0},{"not_picked":["SignatureMove"],"picked":"SKIP","floor":42.0},{"not_picked":["Weave"],"picked":"SKIP","floor":46.0},{"not_picked":[],"picked":"CutThroughFate+1","floor":47.0}],"player_experience":43276,"relics_obtained":[{"floor":7.0,"key":"Pocketwatch"},{"floor":9.0,"key":"Pantograph"},{"floor":10.0,"key":"Meat on the Bone"},{"floor":26.0,"key":"Ginger"},{"floor":29.0,"key":"WingedGreaves"},{"floor":30.0,"key":"Red Mask"},{"floor":37.0,"key":"Vajra"},{"floor":40.0,"key":"Oddly Smooth Stone"},{"floor":42.0,"key":"Blood Vial"},{"floor":43.0,"key":"Pen Nib"}],"event_choices":[{"damage_healed":0.0,"max_hp_gain":0.0,"max_hp_loss":0.0,"gold_gain":0.0,"event_name":"Big Fish","player_choice":"Box","floor":2.0,"gold_loss":0.0,"damage_taken":0.0,"relics_obtained":["Omamori"],"cards_obtained":["Regret"]},{"damage_healed":0.0,"max_hp_gain":0.0,"max_hp_loss":0.0,"gold_gain":75.0,"event_name":"betterThird:BetterGoop","player_choice":"Gold","floor":3.0,"gold_loss":0.0,"damage_taken":11.0},{"damage_healed":0.0,"max_hp_gain":0.0,"max_hp_loss":0.0,"gold_gain":150.0,"event_name":"betterThird:BetterSerpent","player_choice":"AGREE","floor":5.0,"gold_loss":0.0,"damage_taken":114.0},{"damage_healed":0.0,"max_hp_gain":0.0,"max_hp_loss":0.0,"gold_gain":0.0,"event_name":"Ghosts","player_choice":"Ignored","floor":20.0,"gold_loss":0.0,"damage_taken":0.0},{"damage_healed":0.0,"max_hp_gain":0.0,"max_hp_loss":0.0,"gold_gain":0.0,"event_name":"Addict","player_choice":"Obtained Relic","floor":24.0,"gold_loss":85.0,"damage_taken":0.0,"relics_obtained":["Nunchaku"]},{"damage_healed":0.0,"max_hp_gain":0.0,"max_hp_loss":0.0,"gold_gain":0.0,"event_name":"Masked Bandits","player_choice":"Fought Bandits","floor":30.0,"gold_loss":0.0,"damage_taken":0.0},{"cards_removed":["Strike_P"],"damage_healed":0.0,"max_hp_gain":0.0,"max_hp_loss":0.0,"gold_gain":0.0,"event_name":"Bonfire Elementals","player_choice":"Offered Basic","floor":31.0,"gold_loss":0.0,"damage_taken":0.0},{"damage_healed":0.0,"max_hp_gain":0.0,"max_hp_loss":0.0,"gold_gain":222.0,"event_name":"Tomb of Lord Red Mask","player_choice":"Wore Mask","floor":48.0,"gold_loss":0.0,"damage_taken":0.0}],"is_beta":false,"boss_relics":[{"not_picked":["Sozu","Tiny House"],"picked":"Cursed Key"},{"not_picked":["Philosopher\u0027s Stone","SlaversCollar"],"picked":"Busted Crown"}],"items_purged_floors":[4,38],"is_endless":false,"potions_floor_spawned":[7,10,16,18,21,22,30,33,35,39,47],"killed_by":"Donu and Deca","ascension_level":20}}