{"host":"f76wcztdlwlduum6","time":1612581199,"event":{"mods":["BaseMod","BetterRewards","Colored Powertips","Minty Spire (QoL Compilation)","Quick Restart","Rare Cards Sparkle","Relic Stats","StSLib","SuperFastMode","everything is the same but u backflip on backflip"],"gold_per_floor":[133,283,115,190,228,255,255,235,235,235,245,279,279,297,297,400,400,413,423,89,89,124,124,137,153,153,153,215,215,215],"floor_reached":29,"language":"ENG","playtime":1070,"items_purged":["Strike_P","Defend_P","Strike_P","Defend_P","Strike_P","Doubt","Defend_P"],"score":838,"play_id":"06b7f548-308e-4397-b4b2-cf3a61591a39","local_time":"20210205211319","is_ascension_mode":true,"campfire_choices":[{"data":"HandOfGreed","floor":7,"key":"SMITH"},{"data":"Adaptation","floor":10,"key":"SMITH"},{"data":"TalkToTheHand","floor":13,"key":"SMITH"},{"data":"Eruption","floor":15,"key":"SMITH"},{"data":"Adaptation","floor":23,"key":"SMITH"}],"circlet_count":0,"master_deck":["AscendersBane","Strike_P","Eruption+1","Vigilance+1","ClearTheMind+1","Indignation+1","Finesse+1","Adaptation+1","Crescendo+1","Tantrum+1","Tantrum+1","HandOfGreed+1","FearNoEvil","TalkToTheHand+1","FearNoEvil","Crescendo+1","Alpha+1","Evaluate+1","Adaptation+1","Blasphemy+1","Parasite","Tantrum"],"relics":["PureWater","Toxic Egg 2","ClockworkSouvenir","TheAbacus","Strawberry","FossilizedHelix","TungstenRod","War Paint","The Courier","Ice Cream","Matryoshka","Cursed Key","Dream Catcher","Happy Flower","Gremlin Horn","CeramicFish"],"acts_visited":["Exordium","TheCity"],"potions_floor_usage":[6,6,6,14,14,16,24,29],"damage_taken":[{"damage":0,"enemies":"Jaw Worm","floor":1,"turns":2},{"damage":0,"enemies":"2 Louse","floor":5,"turns":2},{"damage":5,"enemies":"3 Sentries","floor":6,"turns":5},{"damage":0,"enemies":"Cultist","floor":11,"turns":3},{"damage":0,"enemies":"Lagavulin","floor":12,"turns":3},{"damage":7,"enemies":"3 Louse","floor":14,"turns":3},{"damage":0,"enemies":"The Guardian","floor":16,"turns":4},{"damage":0,"enemies":"Shell Parasite","floor":18,"turns":3},{"damage":0,"enemies":"Chosen","floor":19,"turns":3},{"damage":0,"enemies":"Snake Plant","floor":22,"turns":4},{"damage":0,"enemies":"Chosen and Byrds","floor":24,"turns":2},{"damage":0,"enemies":"Snecko","floor":25,"turns":3},{"damage":0,"enemies":"Gremlin Leader","floor":28,"turns":3},{"damage":100025,"enemies":"Sentry and Sphere","floor":29,"turns":4}],"seed_played":"3153217116580450832","potions_obtained":[{"floor":5,"key":"EntropicBrew"},{"floor":6,"key":"ColorlessPotion"},{"floor":8,"key":"Regen Potion"},{"floor":14,"key":"Regen Potion"},{"floor":19,"key":"Swift Potion"},{"floor":22,"key":"FearPotion"},{"floor":25,"key":"EssenceOfSteel"}],"is_trial":false,"path_per_floor":["M","?","$","?","M","E","R","?","T","R","M","E","R","M","R","B",null,"M","M","$","?","M","R","M","M","T","?","E","M"],"character_chosen":"WATCHER","items_purchased":["Toxic Egg 2","ClockworkSouvenir","ClearTheMind+1","Indignation+1","TheAbacus","Strawberry","Finesse+1","FossilizedHelix","Adaptation","Crescendo+1","TungstenRod","War Paint","Evaluate+1","Dream Catcher"],"campfire_rested":0,"item_purchase_floors":[0,0,0,0,0,0,0,0,0,0,0,3,20,20],"current_hp_per_floor":[68,68,68,58,58,53,53,53,53,53,53,53,53,55,55,64,72,72,72,72,52,52,52,52,52,52,52,52,0,0],"gold":215,"neow_bonus":"","is_daily":false,"chose_seed":false,"campfire_upgraded":5,"win_rate":0.0,"timestamp":1612581199,"path_taken":["M","?","$","?","M","E","R","?","T","R","?","E","R","M","R","BOSS","M","M","$","?","M","R","M","M","T","?","E","M"],"items_purchased_type":["Relic","Relic","Card","Card","Relic","Relic","Card","Relic","Card","Card","Relic","Relic","Card","Relic"],"build_version":"2020-12-22","purchased_purges":7,"victory":false,"max_hp_per_floor":[75,75,75,75,75,75,75,75,75,75,75,75,75,75,75,75,75,75,75,75,80,80,80,80,80,80,80,80,80,80],"relic_stats":{"Dream Catcher":0,"TheAbacus":[36],"Happy Flower":[32],"Gremlin Horn":[11,11],"counters":[346,1336],"CeramicFish":9,"War Paint":["Defend_P","Vigilance"],"Cursed Key":1,"obtain_stats":[{"Whetstone":9,"Ginger":53,"Bottled Tornado":45,"Sling":37,"Boot":27,"Old Coin":43,"Blood Vial":40,"Sundial":43,"MealTicket":14,"Fusion Hammer":17,"HandDrill":39,"Necronomicon":13,"Kunai":9,"Pear":0,"Blue Candle":48,"Pen Nib":0,"Guardian:PocketSentry":0,"Akabeko":37,"SlaversCollar":17,"Bird Faced Urn":0,"MutagenicStrength":45,"CultistMask":29,"StrikeDummy":7,"Unceasing Top":48,"Lantern":38,"Regal Pillow":40,"Singing Bowl":31,"Torii":0,"StoneCalendar":53,"Bag of Preparation":0,"Ancient Tea Set":30,"Cursed Key":34,"Shovel":42,"Matryoshka":40,"Chemical X":53,"InkBottle":27,"Potion Belt":44,"Lee\u0027s Waffle":19,"Golden Idol":5,"Damaru":0,"Circlet":0,"Thread and Needle":54,"The Courier":31,"PreservedInsect":40,"Omamori":0,"Frozen Egg 2":0,"bronze:BronzeIdol":28,"Busted Crown":17,"Ornamental Fan":45,"Orrery":31,"Turnip":54,"Art of War":38,"Bottled Lightning":8,"hexamod:BolsterEngine":40,"Toy Ornithopter":11,"Ice Cream":0,"Mark of the Bloom":36,"Calipers":0,"Gremlin Horn":0,"CeramicFish":11,"Vajra":23,"Sozu":34,"Lizard Tail":53,"Centennial Puzzle":23,"HornCleat":53,"DollysMirror":0,"Strawberry":3,"Prayer Wheel":22,"Philosopher\u0027s Stone":34,"VioletLotus":1,"Toxic Egg 2":3,"Girya":43,"Happy Flower":0,"Dead Branch":41,"Oddly Smooth Stone":0,"Letter Opener":26,"War Paint":37,"sneckomod:SneckoTalon":34,"Question Card":0,"Du-Vu Doll":8,"OrangePellets":0,"Bottled Flame":54,"Shuriken":0,"Bronze Scales":0,"Molten Egg 2":14,"Slimebound:PreparedRelic":37,"Nloth\u0027s Gift":22,"Meat on the Bone":2,"Pocketwatch":47,"Darkstone Periapt":0,"Enchiridion":30,"Mango":19,"Yang":26,"CloakClasp":1,"Juzu Bracelet":6,"Incense Burner":45,"TeardropLocket":0,"PrismaticShard":25,"ClockworkSouvenir":0,"Nunchaku":9,"Dream Catcher":28,"TheAbacus":0,"Slimebound:StickyStick":2,"Mummified Hand":23,"Pantograph":53,"Tiny Chest":12,"Red Mask":36,"Orichalcum":21,"Odd Mushroom":13,"Medical Kit":38,"Mercury Hourglass":21,"Calling Bell":34,"Peace Pipe":7,"Strange Spoon":53,"Anchor":0,"CaptainsWheel":0,"HolyWater":34,"Coffee Dripper":34,"Bag of Marbles":0,"Membership Card":0,"PureWater":0,"FossilizedHelix":27,"TungstenRod":0},{"Whetstone":33,"Ginger":51,"Bottled Tornado":142,"Sling":21,"Boot":41,"Old Coin":199,"Blood Vial":77,"Sundial":326,"MealTicket":36,"Fusion Hammer":182,"HandDrill":295,"Necronomicon":311,"Kunai":58,"Pear":29,"Blue Candle":50,"Pen Nib":29,"Guardian:PocketSentry":29,"Akabeko":21,"SlaversCollar":9,"Bird Faced Urn":53,"MutagenicStrength":111,"CultistMask":292,"StrikeDummy":178,"Unceasing Top":232,"Lantern":21,"Regal Pillow":109,"Singing Bowl":72,"Torii":280,"StoneCalendar":27,"Bag of Preparation":29,"Ancient Tea Set":43,"Cursed Key":192,"Shovel":168,"Matryoshka":229,"Chemical X":27,"InkBottle":251,"Potion Belt":24,"Lee\u0027s Waffle":10,"Golden Idol":119,"Damaru":29,"Circlet":174,"Thread and Needle":302,"The Courier":18,"PreservedInsect":296,"Omamori":29,"Frozen Egg 2":29,"bronze:BronzeIdol":16,"Busted Crown":258,"Ornamental Fan":49,"Orrery":72,"Turnip":52,"Art of War":46,"Bottled Lightning":5,"hexamod:BolsterEngine":23,"Toy Ornithopter":6,"Ice Cream":29,"Mark of the Bloom":295,"Calipers":205,"Gremlin Horn":145,"CeramicFish":35,"Vajra":14,"Sozu":104,"Lizard Tail":114,"Centennial Puzzle":249,"HornCleat":27,"DollysMirror":29,"Strawberry":30,"Prayer Wheel":67,"Philosopher\u0027s Stone":73,"VioletLotus":1,"Toxic Egg 2":1,"Girya":23,"Happy Flower":29,"Dead Branch":78,"Oddly Smooth Stone":85,"Letter Opener":15,"War Paint":21,"sneckomod:SneckoTalon":45,"Question Card":85,"Du-Vu Doll":5,"OrangePellets":53,"Bottled Flame":28,"Shuriken":85,"Bronze Scales":29,"Molten Egg 2":244,"Slimebound:PreparedRelic":21,"Nloth\u0027s Gift":67,"Meat on the Bone":1,"Pocketwatch":26,"Darkstone Periapt":174,"Enchiridion":133,"Mango":10,"Yang":131,"CloakClasp":1,"Juzu Bracelet":4,"Incense Burner":142,"TeardropLocket":0,"PrismaticShard":40,"ClockworkSouvenir":53,"Nunchaku":121,"Dream Catcher":132,"TheAbacus":29,"Slimebound:StickyStick":1,"Mummified Hand":14,"Pantograph":27,"Tiny Chest":212,"Red Mask":74,"Orichalcum":39,"Odd Mushroom":93,"Medical Kit":46,"Mercury Hourglass":39,"Calling Bell":224,"Peace Pipe":271,"Strange Spoon":114,"Anchor":29,"CaptainsWheel":280,"HolyWater":164,"Coffee Dripper":19,"Bag of Marbles":29,"Membership Card":29,"PureWater":0,"FossilizedHelix":71,"TungstenRod":235},{"Whetstone":157,"Ginger":214,"Bottled Tornado":534,"Sling":100,"Boot":180,"Old Coin":708,"Blood Vial":306,"Sundial":1268,"MealTicket":166,"Fusion Hammer":664,"HandDrill":1129,"Necronomicon":1203,"Kunai":239,"Pear":149,"Blue Candle":209,"Pen Nib":149,"Guardian:PocketSentry":149,"Akabeko":100,"SlaversCollar":44,"Bird Faced Urn":225,"MutagenicStrength":431,"CultistMask":1114,"StrikeDummy":648,"Unceasing Top":824,"Lantern":100,"Regal Pillow":423,"Singing Bowl":283,"Torii":1059,"StoneCalendar":136,"Bag of Preparation":149,"Ancient Tea Set":185,"Cursed Key":686,"Shovel":607,"Matryoshka":811,"Chemical X":136,"InkBottle":921,"Potion Belt":120,"Lee\u0027s Waffle":48,"Golden Idol":464,"Damaru":149,"Circlet":631,"Thread and Needle":1160,"The Courier":85,"PreservedInsect":1135,"Omamori":149,"Frozen Egg 2":149,"bronze:BronzeIdol":77,"Busted Crown":953,"Ornamental Fan":206,"Orrery":283,"Turnip":219,"Art of War":196,"Bottled Lightning":27,"hexamod:BolsterEngine":113,"Toy Ornithopter":31,"Ice Cream":149,"Mark of the Bloom":1129,"Calipers":722,"Gremlin Horn":545,"CeramicFish":163,"Vajra":72,"Sozu":406,"Lizard Tail":444,"Centennial Puzzle":911,"HornCleat":136,"DollysMirror":149,"Strawberry":150,"Prayer Wheel":264,"Philosopher\u0027s Stone":291,"VioletLotus":3,"Toxic Egg 2":8,"Girya":113,"Happy Flower":149,"Dead Branch":309,"Oddly Smooth Stone":343,"Letter Opener":74,"War Paint":100,"sneckomod:SneckoTalon":193,"Question Card":343,"Du-Vu Doll":27,"OrangePellets":225,"Bottled Flame":141,"Shuriken":343,"Bronze Scales":149,"Molten Egg 2":883,"Slimebound:PreparedRelic":100,"Nloth\u0027s Gift":264,"Meat on the Bone":8,"Pocketwatch":129,"Darkstone Periapt":631,"Enchiridion":512,"Mango":48,"Yang":507,"CloakClasp":3,"Juzu Bracelet":23,"Incense Burner":534,"TeardropLocket":0,"PrismaticShard":177,"ClockworkSouvenir":225,"Nunchaku":475,"Dream Catcher":510,"TheAbacus":149,"Slimebound:StickyStick":8,"Mummified Hand":70,"Pantograph":136,"Tiny Chest":743,"Red Mask":294,"Orichalcum":175,"Odd Mushroom":367,"Medical Kit":196,"Mercury Hourglass":175,"Calling Bell":791,"Peace Pipe":1010,"Strange Spoon":444,"Anchor":149,"CaptainsWheel":1059,"HolyWater":593,"Coffee Dripper":92,"Bag of Marbles":149,"Membership Card":149,"PureWater":0,"FossilizedHelix":279,"TungstenRod":841}],"TungstenRod":68},"card_choices":[{"not_picked":["SandsOfTime","ClearTheMind+1"],"picked":"FearNoEvil","floor":1},{"not_picked":["WindmillStrike","EmptyMind+1"],"picked":"TalkToTheHand","floor":5},{"not_picked":["Consecrate","CrushJoints"],"picked":"FearNoEvil","floor":6},{"not_picked":["SashWhip","CutThroughFate","SandsOfTime"],"picked":"SKIP","floor":11},{"not_picked":["Swivel+1","FearNoEvil","Consecrate"],"picked":"SKIP","floor":12},{"not_picked":["Prostrate+1","JustLucky"],"picked":"Crescendo+1","floor":14},{"not_picked":["Devotion","Brilliance"],"picked":"Alpha+1","floor":16},{"not_picked":["CutThroughFate","SashWhip","ThirdEye+1"],"picked":"SKIP","floor":18},{"not_picked":["CutThroughFate","Halt+1","EmptyFist"],"picked":"SKIP","floor":19},{"not_picked":["EmptyFist","FlyingSleeves"],"picked":"Adaptation","floor":22},{"not_picked":["Swivel+1","FollowUp","SignatureMove+1"],"picked":"SKIP","floor":24},{"not_picked":["DeceiveReality+1","EmptyBody+1","Sanctity+1"],"picked":"SKIP","floor":25},{"not_picked":["Meditate+1","SashWhip+1"],"picked":"Tantrum","floor":28}],"player_experience":275323,"relics_obtained":[{"floor":6,"key":"The Courier"},{"floor":9,"key":"Ice Cream"},{"floor":12,"key":"Matryoshka"},{"floor":26,"key":"Happy Flower"},{"floor":26,"key":"Gremlin Horn"},{"floor":28,"key":"CeramicFish"}],"event_choices":[{"damage_healed":0,"gold_gain":150,"player_choice":"AGREE","damage_taken":0,"max_hp_gain":0,"max_hp_loss":0,"event_name":"Liars Game","floor":2,"gold_loss":0,"cards_obtained":["Doubt"]},{"damage_healed":0,"gold_gain":75,"player_choice":"Gather Gold","damage_taken":11,"max_hp_gain":0,"max_hp_loss":0,"event_name":"World of Goop","floor":4,"gold_loss":0},{"damage_healed":0,"gold_gain":0,"player_choice":"Bought 1 Potion","damage_taken":0,"max_hp_gain":0,"max_hp_loss":0,"event_name":"The Woman in Blue","floor":8,"gold_loss":0},{"damage_healed":0,"gold_gain":0,"player_choice":"Shed Blood","damage_taken":26,"max_hp_gain":5,"max_hp_loss":0,"event_name":"Forgotten Altar","floor":21,"gold_loss":0},{"damage_healed":0,"gold_gain":0,"cards_transformed":["Defend_P","Clumsy"],"player_choice":"Became Test Subject","damage_taken":0,"max_hp_gain":0,"max_hp_loss":0,"event_name":"Drug Dealer","floor":27,"gold_loss":0,"cards_obtained":["Blasphemy","Parasite"]}],"is_beta":false,"boss_relics":[{"not_picked":["Ectoplasm","Busted Crown"],"picked":"Cursed Key"}],"items_purged_floors":[0,0,0,0,0,3,20],"is_endless":false,"potions_floor_spawned":[5,6,11,14,19,22,25],"killed_by":"Sentry and Sphere","ascension_level":17}}