{"host":"8xp52u5o8fcssvzz","time":1612653661,"event":{"mods":["2.2 Compatiblity","AchievementEnabler","Act Like it!","Aspiration","BaseMod","Better Altar","Better Match","Better Note","Better Sensory Stone","Better Skull","Better Third Choice","BetterRewards","Colored Map","Conspire","Downfall","Gensokyo","GifTheSpireLib","Googly Eyes","Halation","Hallownest","Highlight Path","Hubris","Infinite Spire","Jorbs\u0027s Wanderer Trilogy","Koishi","Lobotomy","LobotomyExtend","Marisa????????","Menagerie","Mimic Mod","Minty Spire (QoL Compilation)","Reimu??????","Remilia??????","Replay The Spire","Shade Mod","Spicy Shops","StSLib","Stuff the Spire","The Administrix","The Blackbeard","The Bladedancer","The Construct","The Cursed","The Gatherer","The Necromancer","The Runesmith","The Servant 0.9.4","The Valiant","TheFirefly","TheSwordswoman","Unceasing Turn Reminder","everything is the same but u backflip on backflip"],"gold_per_floor":[111,211,229,47,57,57,92,92,132,132,132,163,86,106,106,202,202,221,221,181,199,42,42,42],"floor_reached":23,"language":"ENG","playtime":1590,"items_purged":[],"score":236,"play_id":"d280514b-9356-45fd-86ce-40a289091a7f","local_time":"20210206152101","is_ascension_mode":true,"campfire_choices":[{"data":"ReplayTheSpireMod:Limb From Limb","floor":6,"key":"SMITH"},{"floor":10,"key":"REST"},{"floor":15,"key":"REST"}],"circlet_count":0,"master_deck":["Strike_R","Strike_R","Strike_R","Strike_R","Strike_R","Defend_R","Defend_R","Defend_R","Defend_R","Bash+1","Perfected Strike+1","Fire Breathing","ReplayTheSpireMod:Limb From Limb+1","Thunderclap","Clothesline","Pot Of Greed","Pot Of Greed","Whirlwind","Rampage","Iron Wave","Hemogenesis","Seeing Red+1","True Grit"],"relics":["Burning Blood","LetterFromLob","HandDrill","MealTicket","Boot","Grinning Jar","Counterbalance","infinitespire:Satchel","Painkiller Herb","conspire:SlowCooker","Orichalcum"],"acts_visited":["Exordium","TheCity"],"potions_floor_usage":[16,16,16],"damage_taken":[{"damage":5,"enemies":"Small Slimes","floor":1,"turns":3},{"damage":0,"enemies":"Cultist","floor":3,"turns":2},{"damage":2,"enemies":"Jaw Worm","floor":5,"turns":3},{"damage":35,"enemies":"Lagavulin","floor":7,"turns":6},{"damage":18,"enemies":"Exordium Thugs","floor":9,"turns":6},{"damage":40,"enemies":"3 Sentries","floor":12,"turns":7},{"damage":7,"enemies":"Exordium Thugs","floor":14,"turns":3},{"damage":38,"enemies":"Fading Forest","floor":16,"turns":11},{"damage":76,"enemies":"conspire:FuzzyDice","floor":18,"turns":6},{"damage":7,"enemies":"Chosen","floor":21,"turns":4},{"damage":33,"enemies":"Snake Plant","floor":23,"turns":3}],"seed_played":"5990481002643302318","potions_obtained":[{"floor":3,"key":"Elixir"},{"floor":12,"key":"SteroidPotion"},{"floor":14,"key":"PowerPotion"},{"floor":21,"key":"Slimebound:ThreeZeroPotion"}],"is_trial":false,"path_per_floor":["M","?","M","$","M","R","E","?","MIM","R","M","E","?","M","R","B",null,"?","AVR","?","?","T","?"],"character_chosen":"IRONCLAD","items_purchased":["HandDrill","ReplayTheSpireMod:Limb From Limb","Orichalcum"],"campfire_rested":2,"item_purchase_floors":[4,4,22],"current_hp_per_floor":[80,80,80,80,80,80,51,51,39,63,63,29,29,28,52,28,80,10,10,10,14,29,0,0],"gold":42,"neow_bonus":"UPGRADE_CARD","is_daily":false,"chose_seed":false,"campfire_upgraded":1,"win_rate":0.0,"timestamp":1612653661,"path_taken":["M","?","M","$","?","R","E","?","MIM","R","M","E","?","M","R","BOSS","?","AVR","?","?","T","?"],"items_purchased_type":["Relic","Card","Relic"],"build_version":"2020-12-22","purchased_purges":0,"victory":false,"max_hp_per_floor":[80,80,80,80,80,80,80,80,80,80,80,80,80,80,80,80,80,80,80,80,80,80,80,80],"card_choices":[{"not_picked":["Clash","StuffTheSpire:Incineration"],"picked":"Perfected Strike","floor":1},{"not_picked":["Sword Boomerang","ReplayTheSpireMod:Strike From Hell"],"picked":"Fire Breathing","floor":3},{"not_picked":["Life Link","Twin Strike"],"picked":"Thunderclap","floor":5},{"not_picked":["Sever Soul","ReplayTheSpireMod:Limb From Limb"],"picked":"Clothesline","floor":7},{"not_picked":["ReplayTheSpireMod:Muscle Training","StuffTheSpire:Slingshot"],"picked":"Whirlwind","floor":9},{"not_picked":["Exhume","Anger"],"picked":"Rampage","floor":12},{"not_picked":["Sentinel","Clash"],"picked":"Iron Wave","floor":14},{"not_picked":["Corruption","Barricade"],"picked":"Hemogenesis","floor":16},{"not_picked":["Body Slam","Iron Wave"],"picked":"Seeing Red+1","floor":18},{"not_picked":["Headbutt","Run Through"],"picked":"True Grit","floor":21}],"player_experience":479038,"relics_obtained":[{"floor":1,"key":"LetterFromLob"},{"floor":7,"key":"MealTicket"},{"floor":8,"key":"Boot"},{"floor":9,"key":"Grinning Jar"},{"floor":12,"key":"Counterbalance"}],"event_choices":[{"damage_healed":0,"gold_gain":100,"player_choice":"Pray","damage_taken":0,"max_hp_gain":0,"max_hp_loss":0,"event_name":"Golden Shrine","floor":2,"gold_loss":0},{"damage_healed":0,"gold_gain":0,"player_choice":"Relic","damage_taken":0,"max_hp_gain":0,"max_hp_loss":0,"event_name":"Wheel of Change","floor":8,"gold_loss":0},{"damage_healed":0,"gold_gain":0,"player_choice":"Paid Gold","damage_taken":0,"relics_obtained":["infinitespire:Satchel"],"max_hp_gain":0,"max_hp_loss":0,"event_name":"WeMeetAgain","floor":13,"gold_loss":77},{"damage_healed":0,"gold_gain":0,"player_choice":"Upgrade","damage_taken":0,"max_hp_gain":0,"max_hp_loss":0,"event_name":"Designer","floor":20,"gold_loss":40,"cards_upgraded":["Perfected Strike"]}],"is_beta":false,"boss_relics":[{"not_picked":["Ectoplasm","construct:WeddingRing"],"picked":"Painkiller Herb"}],"items_purged_floors":[],"is_endless":false,"potions_floor_spawned":[3,12,14,21],"killed_by":"Snake Plant","ascension_level":4}}