{"host":"6drv1qzpbnls60z2","time":1612593020,"event":{"mods":["ATMod(°¢èªMod)","Act Like it!","Arknights","BaseMod","Hallownest","Jedi Mod","Minty Spire (QoL Compilation)","Reliquary","Replay The Spire","Shop Mod","Spicy Shops","StSLib","Uncapped","¡¾ÒÅÎï¿¨ÅÆ¡¿REMEMod","²ÐÁôÖ®Îï","óô»ðÖ¸ÄÏ"],"gold_per_floor":[110,129,140,19,19,46,46,65,144,101,114,114,131,131,131,205,205,215,226,242,155,155,155,165,184,211,211,211],"floor_reached":27,"language":"ZHS","playtime":1633,"items_purged":[],"score":634,"play_id":"703fab3e-4cf7-479f-8095-a40c18ba201e","local_time":"20210206143020","daily_mods":["SealedDeck","DeadlyEvents"],"is_ascension_mode":true,"campfire_choices":[{"data":"ats:Composite Medical Shells","floor":7,"key":"SMITH"},{"data":"ats:Phantom","floor":12,"key":"SMITH"},{"data":"ats:Literary Storm","floor":15,"key":"SMITH"},{"data":"ats:Part Time Job","floor":23,"key":"SMITH"}],"circlet_count":0,"master_deck":["AscendersBane","AT_MachinaRedman","Barricade","ats:Blood Oath","ats:Shell Defense","ats:Shell Defense","ats:Spore Proliferation","ats:Poison Spread","ats:Explosion Area Strengthen","ats:Closed Bolt Burst Fire","ats:Neurotoxin","ats:Apocalypse","ats:Composite Medical Shells+1","ats:Steam Pump","ats:Closed Bolt Burst Fire","ats:Phantom+1","ats:Healing Drone","ats:Directed Diagnosis","ats:Encircling Forest","ats:Part Time Job+1","ats:Sashimi Platter","ats:Literary Storm+1","ats:Roar Of Ursus","ats:Absolute Focus","ats:Hook Shot+1","ats:Steam Pump+1","ats:Counter Healing Mode","ats:Healing Strengthening"],"relics":["Unceasing Top","AT_ATBox","REME_ComplimentaryCards","ats:Originium","Ice Cream","AT_RedNoBalance","MerchantsRug","Oddly Smooth Stone"],"acts_visited":["Exordium","TheCity"],"potions_floor_usage":[6,16,19,25],"damage_taken":[{"damage":4,"enemies":"Small Slimes","floor":1,"turns":3},{"damage":12,"enemies":"Jaw Worm","floor":2,"turns":2},{"damage":0,"enemies":"2 Louse","floor":3,"turns":1},{"damage":22,"enemies":"3 Sentries","floor":6,"turns":6},{"damage":18,"enemies":"Exordium Wildlife","floor":8,"turns":4},{"damage":9,"enemies":"3 Louse","floor":11,"turns":3},{"damage":18,"enemies":"Large Slime","floor":13,"turns":3},{"damage":70,"enemies":"The Guardian","floor":16,"turns":10},{"damage":4,"enemies":"3 Byrds","floor":18,"turns":3},{"damage":0,"enemies":"2 Thieves","floor":19,"turns":2},{"damage":19,"enemies":"Centurion and Healer","floor":20,"turns":6},{"damage":38,"enemies":"Snake Plant","floor":24,"turns":3},{"damage":63,"enemies":"Chosen and Byrds","floor":25,"turns":7},{"damage":86,"enemies":"Slavers","floor":27,"turns":4}],"seed_played":"8078487204110227413","potions_obtained":[{"floor":3,"key":"AttackPotion"},{"floor":6,"key":"jedi:hoardpotion"},{"floor":11,"key":"Ancient Potion"},{"floor":18,"key":"Block Potion"},{"floor":24,"key":"ColorlessPotion"}],"is_trial":true,"path_per_floor":["M","M","M","$","?","E","R","M","T","$","M","R","M","$","R","B",null,"M","M","M","$","?","R","M","M","T","E"],"character_chosen":"DOCTOR_CLASS","items_purchased":["ats:Phantom","ats:Healing Drone","ats:Part Time Job","MerchantsRug","ats:Counter Healing Mode"],"campfire_rested":0,"item_purchase_floors":[4,4,10,21,21],"current_hp_per_floor":[70,58,61,61,61,67,67,57,57,57,44,44,43,43,43,40,64,47,60,72,72,72,72,51,51,51,0,0],"gold":211,"neow_bonus":"","is_daily":false,"chose_seed":false,"campfire_upgraded":4,"win_rate":0.0,"timestamp":1612593020,"path_taken":["M","M","M","$","?","E","R","M","T","$","M","R","?","$","R","BOSS","M","M","M","$","?","R","M","M","T","E"],"items_purchased_type":["Card","Card","Card","Relic","Card"],"build_version":"2020-12-22","purchased_purges":0,"victory":false,"max_hp_per_floor":[72,72,72,72,72,72,72,72,72,72,72,72,72,72,72,72,72,72,72,72,72,72,72,72,72,72,72,72],"card_choices":[{"not_picked":["ats:Cat Scratch","ats:Guard Mode"],"picked":"ats:Steam Pump","floor":1},{"not_picked":["ats:Neurotoxin","ats:Leaping Hammer"],"picked":"ats:Part Time Job","floor":2},{"not_picked":["ats:Guard Mode","ats:Ignite"],"picked":"ats:Closed Bolt Burst Fire","floor":3},{"not_picked":["ats:Charging Defense","ats:Powerful Strike"],"picked":"ats:Directed Diagnosis","floor":6},{"not_picked":["ats:Curse Doll","ats:Hammer On"],"picked":"ats:Encircling Forest","floor":8},{"not_picked":["ats:Revitalization","ats:Guard Mode"],"picked":"ats:Sashimi Platter","floor":11},{"not_picked":["ats:Assault Order","ats:Guard Mode"],"picked":"ats:Literary Storm","floor":13},{"not_picked":["ats:Dogmatic Field","ats:Volcano"],"picked":"ats:Roar Of Ursus","floor":16},{"not_picked":["ats:Cat Scratch","ats:Soul Absorption+1"],"picked":"ats:Absolute Focus","floor":18},{"not_picked":["ats:Flexible Camouflage","ats:Part Time Job"],"picked":"ats:Hook Shot+1","floor":19},{"not_picked":["ats:Guard Mode","ats:Cat Scratch"],"picked":"ats:Steam Pump+1","floor":20},{"not_picked":["ats:Curse Doll","ats:Very Hot Blade"],"picked":"ats:Healing Strengthening","floor":24},{"not_picked":["ats:Serious Mode","ats:Ignite","ats:Neurotoxin"],"picked":"SKIP","floor":25}],"player_experience":183519,"relics_obtained":[{"floor":6,"key":"ats:Originium"},{"floor":6,"key":"Ice Cream"},{"floor":9,"key":"AT_SilverBalance"},{"floor":26,"key":"Oddly Smooth Stone"}],"event_choices":[{"damage_healed":0,"gold_gain":0,"player_choice":"Ignored","damage_taken":0,"max_hp_gain":0,"max_hp_loss":0,"event_name":"Golden Wing","floor":5,"gold_loss":0},{"cards_removed":["ats:Part Time Job"],"damage_healed":0,"gold_gain":0,"player_choice":"Elegance","damage_taken":0,"max_hp_gain":0,"max_hp_loss":0,"event_name":"Back to Basics","floor":22,"gold_loss":0}],"is_beta":false,"boss_relics":[{"not_picked":["Calling Bell","Ectoplasm"],"picked":"jedi:battlestandard"}],"items_purged_floors":[],"is_endless":true,"potions_floor_spawned":[3,6,11,18,24],"killed_by":"Slavers","ascension_level":20}}