{"host":"Qube","time":1612639286,"event":{"mods":["AchievementEnabler","BaseMod","Colored Map","Colored Powertips","Highlight Path","Minty Spire (QoL Compilation)","Permanent Neow","Quick Restart","Random Character Button","StSLib"],"gold_per_floor":[114,114,128,148,148,148,183,258,558,568,568,584,584,584,584,656,656,656,571,18,45,45,75,75,75,75],"floor_reached":25,"language":"ENG","playtime":845,"items_purged":["Strike_B"],"score":434,"play_id":"87111f3e-7371-4cdd-9379-33e0792d5d4c","local_time":"20210206112126","is_ascension_mode":true,"campfire_choices":[{"data":"Zap","floor":6.0,"key":"SMITH"},{"floor":13.0,"key":"REST"},{"floor":15.0,"key":"REST"},{"floor":24,"key":"REST"}],"circlet_count":0,"master_deck":["AscendersBane","Strike_B","Strike_B+1","Defend_B","Defend_B+1","Defend_B","Defend_B","Zap+1","Dualcast","Gash","Doom and Gloom","Defragment","Gash","Leap","Conserve Battery","All For One","Secret Weapon","Purity","FTL","Go for the Eyes","Leap","Ball Lightning"],"relics":["Cracked Core","Tiny Chest","Ginger","Old Coin","Darkstone Periapt","Runic Pyramid","Art of War","Anchor","Smiling Mask"],"acts_visited":["Exordium","TheCity"],"potions_floor_usage":[],"damage_taken":[{"damage":4.0,"enemies":"Jaw Worm","floor":1.0,"turns":5.0},{"damage":1.0,"enemies":"2 Louse","floor":3.0,"turns":3.0},{"damage":1.0,"enemies":"Small Slimes","floor":4.0,"turns":3.0},{"damage":16.0,"enemies":"3 Sentries","floor":7.0,"turns":5.0},{"damage":9.0,"enemies":"Red Slaver","floor":10.0,"turns":2.0},{"damage":11.0,"enemies":"Looter","floor":12.0,"turns":2.0},{"damage":29.0,"enemies":"Hexaghost","floor":16.0,"turns":8.0},{"damage":0.0,"enemies":"3 Byrds","floor":18.0,"turns":1.0},{"damage":38,"enemies":"Gremlin Leader","floor":23,"turns":7},{"damage":47,"enemies":"Book of Stabbing","floor":25,"turns":5}],"seed_played":"6250013554534742023","potions_obtained":[{"floor":3.0,"key":"EssenceOfSteel"},{"floor":4.0,"key":"Swift Potion"},{"floor":12.0,"key":"SmokeBomb"}],"is_trial":false,"path_per_floor":["M","?","M","M","?","R","E","?","T","M","T","M","R","?","R","B",null,"M","?","$","T","$","E","R","E"],"character_chosen":"DEFECT","items_purchased":["Secret Weapon","Purity","FTL","Go for the Eyes","Leap"],"campfire_rested":3,"item_purchase_floors":[20,20,20,20,20],"current_hp_per_floor":[60,65,64,63,56,56,40,29,29,20,20,9,31,8,30,1,57,57,57,57,57,57,19,41,0,0],"gold":75,"neow_bonus":"RANDOM_COMMON_RELIC","is_daily":false,"chose_seed":false,"campfire_upgraded":1,"win_rate":0.0,"timestamp":1612639286,"path_taken":["M","?","M","M","?","R","E","?","T","M","?","?","R","?","R","BOSS","M","?","$","?","?","E","R","E"],"items_purchased_type":["Card","Card","Card","Card","Card"],"build_version":"2020-12-18","purchased_purges":1,"victory":false,"max_hp_per_floor":[71,76,76,76,76,76,76,76,76,76,76,76,76,76,76,76,76,76,76,76,76,76,76,76,76,76],"card_choices":[{"not_picked":["Go for the Eyes","Compile Driver"],"picked":"Gash","floor":1.0},{"not_picked":["Beam Cell","Go for the Eyes"],"picked":"Doom and Gloom","floor":3.0},{"not_picked":["Lockon","Double Energy"],"picked":"Defragment","floor":4.0},{"not_picked":["Streamline","Steam Power"],"picked":"Gash","floor":7.0},{"not_picked":["Thunder Strike","Hologram"],"picked":"Leap","floor":10.0},{"not_picked":["Turbo","Beam Cell"],"picked":"Conserve Battery","floor":12.0},{"not_picked":["Seek","Biased Cognition"],"picked":"All For One","floor":16.0},{"not_picked":["Lockon+1","Compile Driver"],"picked":"Ball Lightning","floor":23}],"player_experience":1077303,"relics_obtained":[{"floor":7.0,"key":"Ginger"},{"floor":9.0,"key":"Old Coin"},{"floor":11.0,"key":"Darkstone Periapt"},{"floor":21.0,"key":"Anchor"},{"floor":23,"key":"Smiling Mask"}],"event_choices":[{"damage_healed":0.0,"max_hp_gain":5.0,"max_hp_loss":0.0,"gold_gain":0.0,"event_name":"Big Fish","player_choice":"Donut","floor":2.0,"gold_loss":0.0,"damage_taken":0.0},{"cards_removed":["Strike_B"],"damage_healed":0.0,"max_hp_gain":0.0,"max_hp_loss":0.0,"gold_gain":0.0,"event_name":"Golden Wing","player_choice":"Card Removal","floor":5.0,"gold_loss":0.0,"damage_taken":7.0},{"damage_healed":0.0,"max_hp_gain":0.0,"max_hp_loss":0.0,"gold_gain":75.0,"event_name":"World of Goop","player_choice":"Gather Gold","floor":8.0,"gold_loss":0.0,"damage_taken":11.0},{"damage_healed":0.0,"max_hp_gain":0.0,"max_hp_loss":0.0,"gold_gain":0.0,"event_name":"Shining Light","player_choice":"Entered Light","floor":14.0,"gold_loss":0.0,"damage_taken":23.0,"cards_upgraded":["Defend_B","Strike_B"]},{"damage_healed":0.0,"max_hp_gain":0.0,"max_hp_loss":0.0,"gold_gain":0.0,"event_name":"Addict","player_choice":"Obtained Relic","floor":19.0,"gold_loss":85.0,"damage_taken":0.0,"relics_obtained":["Art of War"]}],"is_beta":true,"boss_relics":[{"not_picked":["Sozu","Runic Dome"],"picked":"Runic Pyramid"}],"items_purged_floors":[20],"is_endless":false,"potions_floor_spawned":[3,4,12,18],"killed_by":"Book of Stabbing","ascension_level":20}}