{"host":"8is2j71l4wmybkoi","time":1612598395,"event":{"mods":["AchievementEnabler","BaseMod","Colored Map","Minty Spire (QoL Compilation)","Rare Cards Sparkle","StSLib","SuperFastMode"],"gold_per_floor":[211,2,42,42,72,72,101,101,101,126,6,6,81,81,81,180,180,215,234,40,81,143,153,153,153,224,224,224,259,296,99,99,198,198,216,236,19,55,55,55,82,82,82,117,155,210,85,85,85,85,85,85,85,117,117,117],"floor_reached":55,"language":"KOR","playtime":2227,"items_purged":["Strike_R","Defend_R","Defend_R"],"score":1387,"play_id":"76c39cce-219a-417d-8fe8-285d94b65ff2","local_time":"20210206165955","is_ascension_mode":true,"campfire_choices":[{"data":"HandOfGreed","floor":6.0,"key":"SMITH"},{"data":"Havoc","floor":8.0,"key":"SMITH"},{"data":"Bash","floor":12.0,"key":"SMITH"},{"data":"Fire Breathing","floor":15.0,"key":"SMITH"},{"floor":24.0,"key":"REST"},{"data":"Dark Embrace","floor":25.0,"key":"SMITH"},{"data":"Evolve","floor":28.0,"key":"SMITH"},{"floor":32.0,"key":"REST"},{"data":"Burning Pact","floor":40.0,"key":"SMITH"},{"data":"Second Wind","floor":42.0,"key":"SMITH"},{"floor":49.0,"key":"RECALL"},{"data":"Panacea","floor":52.0,"key":"SMITH"}],"circlet_count":0,"master_deck":["AscendersBane","Bash+1","Thunderclap","Dropkick","HandOfGreed+1","Havoc+1","Shrug It Off","Dropkick","Fire Breathing+1","Impervious","Evolve+1","Burning Pact+1","Dark Embrace+1","Reckless Charge","Metallicize","Power Through","Second Wind+1","Shrug It Off","Fiend Fire","Barricade+1","Body Slam+1","Shrug It Off","Finesse","Panacea+1"],"relics":["Burning Blood","WingedGreaves","Mercury Hourglass","Letter Opener","Empty Cage","Bottled Tornado","White Beast Statue","Philosopher\u0027s Stone","Bag of Marbles","Paper Frog","Bronze Scales","Centennial Puzzle"],"acts_visited":["Exordium","TheCity","TheBeyond","TheEnding"],"potions_floor_usage":[54,54,55],"damage_taken":[{"damage":9.0,"enemies":"Small Slimes","floor":1.0,"turns":5.0},{"damage":4.0,"enemies":"2 Louse","floor":3.0,"turns":3.0},{"damage":9.0,"enemies":"Jaw Worm","floor":5.0,"turns":4.0},{"damage":32.0,"enemies":"Gremlin Nob","floor":7.0,"turns":4.0},{"damage":40.0,"enemies":"Lagavulin","floor":10.0,"turns":6.0},{"damage":12.0,"enemies":"Hexaghost","floor":16.0,"turns":8.0},{"damage":19.0,"enemies":"Spheric Guardian","floor":18.0,"turns":4.0},{"damage":4.0,"enemies":"Chosen","floor":19.0,"turns":4.0},{"damage":12.0,"enemies":"Snake Plant","floor":21.0,"turns":4.0},{"damage":20.0,"enemies":"Shelled Parasite and Fungi","floor":22.0,"turns":5.0},{"damage":18.0,"enemies":"Cultist and Chosen","floor":23.0,"turns":5.0},{"damage":31.0,"enemies":"Slavers","floor":29.0,"turns":3.0},{"damage":9.0,"enemies":"Snake Plant","floor":30.0,"turns":4.0},{"damage":8.0,"enemies":"Champ","floor":33.0,"turns":5.0},{"damage":8.0,"enemies":"3 Darklings","floor":35.0,"turns":5.0},{"damage":11.0,"enemies":"3 Shapes","floor":36.0,"turns":3.0},{"damage":19.0,"enemies":"3 Darklings","floor":38.0,"turns":7.0},{"damage":6.0,"enemies":"Giant Head","floor":41.0,"turns":5.0},{"damage":0.0,"enemies":"Maw","floor":44.0,"turns":6.0},{"damage":0.0,"enemies":"4 Shapes","floor":45.0,"turns":6.0},{"damage":0.0,"enemies":"Reptomancer","floor":46.0,"turns":3.0},{"damage":29.0,"enemies":"Time Eater","floor":50.0,"turns":6.0},{"damage":43,"enemies":"Shield and Spear","floor":54,"turns":4},{"damage":46,"enemies":"The Heart","floor":55,"turns":2}],"seed_played":"-5310016938417177235","potions_obtained":[{"floor":5.0,"key":"BloodPotion"},{"floor":10.0,"key":"Weak Potion"},{"floor":16.0,"key":"Swift Potion"},{"floor":18.0,"key":"ElixirPotion"},{"floor":21.0,"key":"DistilledChaos"},{"floor":29.0,"key":"LiquidMemories"},{"floor":30.0,"key":"AttackPotion"},{"floor":33.0,"key":"Dexterity Potion"},{"floor":35.0,"key":"FearPotion"},{"floor":36.0,"key":"Swift Potion"},{"floor":41.0,"key":"BloodPotion"},{"floor":44.0,"key":"DuplicationPotion"},{"floor":46.0,"key":"EntropicBrew"}],"is_trial":false,"path_per_floor":["M","$","M","?","M","R","E","R","T","E","$","R","?","?","R","B",null,"M","M","$","M","M","M","R","R","T","?","R","E","M","$","R","B",null,"M","M","$","M","?","R","E","R","T","M","M","E","$","?","R","B",null,"R","$","E","B"],"character_chosen":"IRONCLAD","items_purchased":["Dropkick","HandOfGreed","Fire Breathing","BloodPotion","Evolve","Energy Potion","Shrug It Off","FearPotion","Barricade","Bag of Marbles"],"campfire_rested":2,"item_purchase_floors":[2,2,11,11,20,20,31,31,37,37],"current_hp_per_floor":[65,65,67,60,57,57,31,31,31,12,12,12,1,1,1,10,59,46,48,48,42,28,16,38,38,38,38,38,13,10,10,32,30,64,62,57,57,44,44,44,44,44,44,65,71,75,75,65,65,42,67,67,67,30,0,0],"gold":117,"neow_bonus":"HUNDRED_GOLD","is_daily":false,"chose_seed":false,"campfire_upgraded":9,"win_rate":0.0,"timestamp":1612598395,"path_taken":["M","$","M","?","M","R","E","R","T","E","$","R","?","?","R","BOSS","M","M","$","M","?","M","R","R","T","?","R","E","M","$","R","BOSS","M","M","$","M","?","R","E","R","T","?","M","E","$","?","R","BOSS","R","$","E","BOSS"],"items_purchased_type":["Card","Card","Card","Potion","Card","Potion","Card","Potion","Card","Relic"],"build_version":"2020-12-22","purchased_purges":3,"victory":false,"max_hp_per_floor":[75,75,75,75,75,75,75,75,75,75,75,75,75,75,75,75,75,75,75,75,75,75,75,75,75,75,75,75,75,75,75,75,75,75,75,75,75,75,75,75,75,75,75,75,75,75,75,75,75,75,75,75,75,75,75,75],"card_choices":[{"not_picked":["Havoc","Heavy Blade"],"picked":"Thunderclap","floor":1.0},{"not_picked":["Cleave","Entrench"],"picked":"Havoc","floor":3.0},{"not_picked":["Rupture","Sever Soul","Searing Blow"],"picked":"SKIP","floor":5.0},{"not_picked":["Pommel Strike","Heavy Blade"],"picked":"Shrug It Off","floor":7.0},{"not_picked":["Havoc","Flex"],"picked":"Dropkick","floor":10.0},{"not_picked":["Demon Form","Juggernaut"],"picked":"Impervious","floor":16.0},{"not_picked":["Infernal Blade","Thunderclap","Armaments"],"picked":"SKIP","floor":18.0},{"not_picked":["Sword Boomerang","Dropkick","Clothesline"],"picked":"SKIP","floor":19.0},{"not_picked":["Perfected Strike+1","Iron Wave","Warcry"],"picked":"SKIP","floor":21.0},{"not_picked":["Uppercut","Shockwave"],"picked":"Burning Pact","floor":22.0},{"not_picked":["Body Slam","Headbutt"],"picked":"Dark Embrace","floor":23.0},{"not_picked":["Dual Wield","Infernal Blade"],"picked":"Power Through","floor":29.0},{"not_picked":["Searing Blow","Dual Wield"],"picked":"Second Wind","floor":30.0},{"not_picked":["Reaper","Berserk"],"picked":"Fiend Fire","floor":33.0},{"not_picked":["Havoc+1","Iron Wave+1","Heavy Blade"],"picked":"SKIP","floor":35.0},{"not_picked":["Sword Boomerang","Thunderclap","Perfected Strike"],"picked":"SKIP","floor":36.0},{"not_picked":["Burning Pact","Pommel Strike"],"picked":"Body Slam+1","floor":38.0},{"not_picked":["Dark Embrace","Searing Blow","Twin Strike+1"],"picked":"SKIP","floor":41.0},{"not_picked":["Intimidate","Twin Strike","Anger"],"picked":"SKIP","floor":44.0},{"not_picked":["Pommel Strike","Demon Form"],"picked":"Shrug It Off","floor":45.0},{"not_picked":["Rupture","Infernal Blade+1","Headbutt+1"],"picked":"SKIP","floor":46.0},{"not_picked":["Chrysalis","Forethought"],"picked":"Finesse","floor":48.0},{"not_picked":["Dramatic Entrance","Violence"],"picked":"Panacea","floor":48.0},{"not_picked":["Infernal Blade+1","Clash+1","Rampage"],"picked":"SKIP","floor":54}],"player_experience":1009379,"relics_obtained":[{"floor":7.0,"key":"WingedGreaves"},{"floor":9.0,"key":"Mercury Hourglass"},{"floor":10.0,"key":"Letter Opener"},{"floor":26.0,"key":"Bottled Tornado"},{"floor":29.0,"key":"White Beast Statue"},{"floor":41.0,"key":"Paper Frog"},{"floor":46.0,"key":"Bronze Scales"},{"floor":54,"key":"Centennial Puzzle"}],"event_choices":[{"cards_removed":["Strike_R"],"damage_healed":0.0,"max_hp_gain":0.0,"max_hp_loss":0.0,"gold_gain":0.0,"event_name":"Golden Wing","player_choice":"Card Removal","floor":4.0,"gold_loss":0.0,"damage_taken":7.0},{"damage_healed":0.0,"max_hp_gain":0.0,"max_hp_loss":0.0,"gold_gain":75.0,"event_name":"World of Goop","player_choice":"Gather Gold","floor":13.0,"gold_loss":0.0,"damage_taken":11.0},{"cards_removed":["Strike_R"],"damage_healed":0.0,"max_hp_gain":0.0,"max_hp_loss":0.0,"gold_gain":0.0,"event_name":"Wheel of Change","player_choice":"Card Removal","floor":14.0,"gold_loss":0.0,"damage_taken":0.0},{"damage_healed":0.0,"max_hp_gain":0.0,"max_hp_loss":0.0,"gold_gain":0.0,"cards_transformed":["Defend_R","Defend_R"],"event_name":"Drug Dealer","player_choice":"Became Test Subject","floor":27.0,"gold_loss":0.0,"damage_taken":0.0,"cards_obtained":["Reckless Charge","Metallicize"]},{"damage_healed":0.0,"max_hp_gain":0.0,"max_hp_loss":0.0,"gold_gain":0.0,"event_name":"Accursed Blacksmith","player_choice":"Forge","floor":39.0,"gold_loss":0.0,"damage_taken":0.0,"cards_upgraded":["Barricade"]},{"damage_healed":0.0,"max_hp_gain":0.0,"max_hp_loss":0.0,"gold_gain":0.0,"event_name":"SensoryStone","player_choice":"Memory 3","floor":48.0,"gold_loss":0.0,"damage_taken":10.0}],"is_beta":false,"boss_relics":[{"not_picked":["Black Star","Cursed Key"],"picked":"Empty Cage"},{"not_picked":["Astrolabe","Runic Cube"],"picked":"Philosopher\u0027s Stone"}],"items_purged_floors":[20,31,47],"is_endless":false,"potions_floor_spawned":[5,10,16,18,21,29,30,33,35,36,38,41,44,45,46,54],"killed_by":"The Heart","ascension_level":15}}