{"host":"v4uyxn0vi5l8udd0","time":1612649933,"event":{"mods":["AchievementEnabler","BaseMod","Downfall","Minty Spire (QoL Compilation)","StSLib","The Cursed","The Servant 0.9.4"],"gold_per_floor":[99,112,130,149,149,149,149,162,62,75,101,120,20,20,30,126,126,126,141,141,161,175,75,149,149,159,185,95,3,38,38,58,58,58,58],"floor_reached":33,"language":"ENG","playtime":1628,"items_purged":["hexamod:Strike"],"score":289,"play_id":"ee0aabee-ee75-44e5-962b-c27885bf5122","local_time":"20210206231853","is_ascension_mode":false,"campfire_choices":[{"data":"hexamod:Float","floor":1,"key":"SMITH"},{"data":"hexamod:ThermalTransfer","floor":6,"key":"SMITH"},{"data":"hexamod:ThermalTransfer","floor":9,"key":"SMITH"},{"data":"hexamod:Sear","floor":13,"key":"SMITH"},{"floor":18,"key":"RECALL"},{"data":"hexamod:HexaLevel","floor":23,"key":"SMITH"}],"circlet_count":0,"master_deck":["hexamod:Strike+1","hexamod:Strike+1","hexamod:Strike","hexamod:Defend","hexamod:Defend","hexamod:Defend","hexamod:Defend","hexamod:Sear+1","hexamod:Float+1","hexamod:Firestarter","hexamod:ThermalTransfer+1","hexamod:ThermalTransfer+1","hexamod:AdvancingGuard","hexamod:ChargedBarrage","hexamod:SoulSteal","hexamod:HexaLevel+1","hexamod:DynamicBlow+1","hexamod:RainOfEmbers+1","hexamod:FlamesFromBeyond+1","hexamod:PhantomCloak","hexamod:ExtraCrispy","hexamod:Rewind","hexamod:HeatMetal+1"],"relics":["hexamod:UnbrokenSoul","downfall:BrokenWingStatue","downfall:HeartBlessingBlue","MealTicket","downfall:HeartBlessingGreen","downfall:RedIOU","downfall:HeartBlessingRed","Molten Egg 2","Juzu Bracelet","Whetstone"],"acts_visited":["Exordium","TheCity"],"potions_floor_usage":[16,26,27,27,33],"damage_taken":[{"damage":0,"enemies":"2 Louse","floor":2,"turns":3},{"damage":1,"enemies":"Jaw Worm","floor":3,"turns":3},{"damage":0,"enemies":"Small Slimes","floor":4,"turns":3},{"damage":0,"enemies":"Blue Slaver","floor":8,"turns":3},{"damage":1,"enemies":"Exordium Wildlife","floor":10,"turns":4},{"damage":5,"enemies":"Lagavulin","floor":11,"turns":6},{"damage":7,"enemies":"Large Slime","floor":12,"turns":5},{"damage":1,"enemies":"Exordium Thugs","floor":15,"turns":5},{"damage":7,"enemies":"WA_ARCHETYPE_RETAIN","floor":16,"turns":6},{"damage":4,"enemies":"Shell Parasite","floor":19,"turns":6},{"damage":10,"enemies":"Spheric Guardian","floor":21,"turns":4},{"damage":5,"enemies":"Snake Plant","floor":22,"turns":3},{"damage":33,"enemies":"Sentry and Sphere","floor":26,"turns":6},{"damage":24,"enemies":"Book of Stabbing","floor":27,"turns":4},{"damage":0,"enemies":"downfall:FleeingMerchant","floor":28,"turns":4},{"damage":0,"enemies":"downfall:FleeingMerchant","floor":29,"turns":4},{"damage":36,"enemies":"Slavers","floor":30,"turns":4},{"damage":29,"enemies":"Shelled Parasite and Fungi","floor":32,"turns":4},{"damage":13,"enemies":"IC_MUSHROOM_ARCHETYPE","floor":33,"turns":3}],"seed_played":"8504269902995077300","potions_obtained":[{"floor":4,"key":"AttackPotion"},{"floor":8,"key":"champ:CounterPotion"},{"floor":11,"key":"FairyPotion"},{"floor":16,"key":"Swift Potion"},{"floor":26,"key":"Regen Potion"},{"floor":30,"key":"champ:CounterPotion"}],"is_trial":false,"path_per_floor":["R","M","M","M","?","R","T","M","R","M","E","M","R","?","M","B",null,"R","M","?","M","M","R","T","?","M","E","$","$","E","?","M","B"],"character_chosen":"THE_SPIRIT","items_purchased":["hexamod:ExtraCrispy"],"campfire_rested":0,"item_purchase_floors":[29],"current_hp_per_floor":[70,70,69,69,69,69,69,69,79,78,73,66,66,80,79,72,80,80,76,76,66,61,61,61,61,28,16,31,46,10,10,13,0,0,0],"gold":58,"neow_bonus":"RANDOM_COMMON_RELIC","is_daily":false,"chose_seed":false,"campfire_upgraded":5,"win_rate":0.0,"timestamp":1612649933,"path_taken":["R","M","M","M","?","R","T","M","R","M","E","M","R","?","M","BOSS","R","M","?","M","M","R","T","?","M","E","?","$","E","?","M","BOSS"],"items_purchased_type":["Card"],"build_version":"2020-12-22","purchased_purges":1,"victory":false,"max_hp_per_floor":[70,70,70,70,70,70,70,70,80,80,80,80,80,80,80,80,80,80,80,80,80,80,80,80,80,80,80,80,80,80,80,80,80,80,80],"card_choices":[{"not_picked":["hexamod:HeatMetal","hexamod:NightmareGuise"],"picked":"hexamod:Firestarter","floor":2},{"not_picked":["hexamod:BurningTouch","hexamod:GhostShield"],"picked":"hexamod:ThermalTransfer","floor":3},{"not_picked":["hexamod:EtherealExpedition","hexamod:InspiringFlames"],"picked":"hexamod:ThermalTransfer","floor":4},{"not_picked":["hexamod:NightmareGuise","hexamod:HeatMetal","hexamod:RetreatToShadows"],"picked":"SKIP","floor":8},{"not_picked":["hexamod:Firestarter","hexamod:StepThrough"],"picked":"hexamod:AdvancingGuard","floor":10},{"not_picked":["hexamod:NightmareStrike","hexamod:SoulSteal"],"picked":"hexamod:ChargedBarrage","floor":11},{"not_picked":["hexamod:Hexaguard","hexamod:AdvancingGuard","hexamod:SwordOfDarkness"],"picked":"SKIP","floor":12},{"not_picked":["hexamod:AdvancingGuard","hexamod:HeatCrush"],"picked":"hexamod:SoulSteal","floor":15},{"not_picked":["hexamod:ForkedFlame","hexamod:GhostflameInferno"],"picked":"hexamod:HexaLevel","floor":16},{"not_picked":["hexamod:AdvancingGuard","hexamod:HauntingEcho+1","hexamod:SpectersWail"],"picked":"SKIP","floor":19},{"not_picked":["hexamod:EtherealExpedition","hexamod:GhostLash"],"picked":"hexamod:DynamicBlow+1","floor":21},{"not_picked":["hexamod:SpectralAdrenaline+1","hexamod:SwordOfDarkness","hexamod:RetreatToShadows+1"],"picked":"SKIP","floor":22},{"not_picked":["hexamod:FirstSeal","hexamod:NightmareStrike+1"],"picked":"hexamod:RainOfEmbers+1","floor":26},{"not_picked":["hexamod:GhostOfSpirePast+1","hexamod:SecondSeal","hexamod:SoulSteal"],"picked":"SKIP","floor":27},{"not_picked":["hexamod:ThermalTransfer+1","hexamod:PowerFromBeyond+1"],"picked":"hexamod:FlamesFromBeyond+1","floor":28},{"not_picked":["hexamod:GhostOfSpirePresent","hexamod:SpectersWail+1"],"picked":"hexamod:PhantomCloak","floor":29},{"not_picked":["hexamod:AdvancingGuard","hexamod:Firestarter+1"],"picked":"hexamod:Rewind","floor":30},{"not_picked":["hexamod:NecessarySacrifice","hexamod:NightmareStrike+1"],"picked":"hexamod:HeatMetal+1","floor":32}],"player_experience":688859,"relics_obtained":[{"floor":11,"key":"MealTicket"},{"floor":24,"key":"Molten Egg 2"},{"floor":27,"key":"Juzu Bracelet"},{"floor":30,"key":"Whetstone"}],"event_choices":[{"damage_healed":26,"gold_gain":0,"player_choice":"Banana","damage_taken":0,"max_hp_gain":0,"max_hp_loss":0,"event_name":"Big Fish","floor":14,"gold_loss":0}],"is_beta":false,"boss_relics":[{"not_picked":["Coffee Dripper","Calling Bell"],"picked":"hexamod:UnbrokenSoul"}],"items_purged_floors":[28],"is_endless":false,"potions_floor_spawned":[4,8,11,15,16,21,26,30],"killed_by":"IC_MUSHROOM_ARCHETYPE","ascension_level":0}}