{"host":"gin1e6e6f2y0ngxx","time":1612647466,"event":{"mods":["AchievementEnabler","Act Like it!","BaseMod","Downfall","Hallownest","Infinite Spire","Minty Spire (QoL Compilation)","StSLib","The Bug Knight","The Cursed","The Hierophant"],"gold_per_floor":[99,115,130,145,157,170,194,194,223,239,304,317,330,340,350,448,448,448,458,470,470,490,519,519,519,619,637,637,651,651,663,677,677,677,677],"floor_reached":33,"language":"ENG","playtime":3333,"items_purged":[],"score":304,"play_id":"9eb7d196-3255-4a53-b80c-09c07a269c74","local_time":"20210206113746","is_ascension_mode":false,"campfire_choices":[{"data":"bronze:Replicate","floor":1,"key":"SMITH"},{"data":"bronze:Repair","floor":8,"key":"SMITH"},{"floor":18,"key":"REST"},{"floor":28,"key":"REST"},{"floor":30,"key":"REST"}],"circlet_count":0,"master_deck":["bronze:Strike","bronze:Strike","bronze:Strike","bronze:Strike","bronze:Defend","bronze:Defend","bronze:Defend","bronze:Defend","bronze:Replicate+1","bronze:Goto","bronze:DelayedSlice","bronze:Frontload","bronze:Repair+1","bronze:WhirlingStrike","bronze:ItsAFeature","bronze:ThunderWave","bronze:CloningBeam","bronze:ChosenStrike","bronze:WildBeam","bronze:CutThrough","bronze:DelayedSlice","bronze:Overload","bronze:Mutator","bronze:DelayedGuard","bronze:BugBarrage+1","bronze:Repulsor","infinitespire:SevenWalls","bronze:BugBarrage","bronze:WhirlingStrike+1","bronze:Turbo","bronze:HardenedForm","bronze:Turbo","bronze:FineTuning","bronze:Allocate","bronze:Optimize","bronze:FineTuning"],"relics":["bronze:BronzeCore","Bronze Scales","Dream Catcher","infinitespire:Satchel","Runic Pyramid","Busted Crown","Medical Kit","Molten Egg 2","HollowMod:LifeEnderRelic","Calipers","Shuriken"],"acts_visited":["Exordium","TheCity"],"potions_floor_usage":[9,15,16,16,23,26,27,33],"damage_taken":[{"damage":2,"enemies":"2 Louse","floor":2,"turns":3},{"damage":1,"enemies":"Jaw Worm","floor":3,"turns":2},{"damage":0,"enemies":"Cultist","floor":4,"turns":3},{"damage":2,"enemies":"3 Louse","floor":5,"turns":4},{"damage":4,"enemies":"Exordium Thugs","floor":6,"turns":5},{"damage":21,"enemies":"Lagavulin","floor":9,"turns":10},{"damage":0,"enemies":"Blue Slaver","floor":10,"turns":4},{"damage":39,"enemies":"Lagavulin Event","floor":11,"turns":7},{"damage":2,"enemies":"Exordium Wildlife","floor":12,"turns":4},{"damage":0,"enemies":"2 Fungi Beasts","floor":13,"turns":2},{"damage":6,"enemies":"Exordium Thugs","floor":14,"turns":3},{"damage":1,"enemies":"Large Slime","floor":15,"turns":3},{"damage":43,"enemies":"WA_ARCHETYPE_RETAIN","floor":16,"turns":6},{"damage":10,"enemies":"Shell Parasite","floor":19,"turns":5},{"damage":24,"enemies":"Snake Plant","floor":20,"turns":3},{"damage":36,"enemies":"Shelled Parasite and Fungi","floor":22,"turns":3},{"damage":21,"enemies":"Gremlin Leader","floor":23,"turns":5},{"damage":6,"enemies":"SI_SHIV_ARCHETYPE","floor":26,"turns":5},{"damage":12,"enemies":"Centurion and Healer","floor":27,"turns":3},{"damage":18,"enemies":"Snake Plant","floor":29,"turns":3},{"damage":6,"enemies":"Cultist and Chosen","floor":31,"turns":4},{"damage":0,"enemies":"3 Cultists","floor":32,"turns":2},{"damage":49,"enemies":"DF_ARCHETYPE_CLAW","floor":33,"turns":5}],"seed_played":"-6485366865880942382","potions_obtained":[{"floor":5,"key":"AttackPotion"},{"floor":6,"key":"DuplicationPotion"},{"floor":11,"key":"Explosive Potion"},{"floor":13,"key":"Swift Potion"},{"floor":14,"key":"bronze:FreeFunctionsPotion"},{"floor":20,"key":"Energy Potion"},{"floor":23,"key":"SneckoOil"},{"floor":25,"key":"CultistPotion"},{"floor":31,"key":"EssenceOfSteel"}],"is_trial":false,"path_per_floor":["R","M","M","M","M","M","T","R","E","M","?","M","M","M","M","B",null,"R","M","M","AVR","M","E","T","?","?","M","R","M","R","M","M","B"],"character_chosen":"THE_AUTOMATON","items_purchased":[],"campfire_rested":3,"item_purchase_floors":[],"current_hp_per_floor":[77,75,74,74,75,74,74,74,56,66,37,45,45,49,48,15,77,77,67,53,53,17,6,6,6,10,8,31,13,36,30,30,0,0,0],"gold":677,"neow_bonus":"TEN_PERCENT_HP_BONUS","is_daily":false,"chose_seed":false,"campfire_upgraded":2,"win_rate":0.0,"timestamp":1612647466,"path_taken":["R","M","M","M","M","M","T","R","E","M","?","M","M","M","M","BOSS","R","M","M","AVR","M","E","T","?","?","M","R","M","R","M","M","BOSS"],"items_purchased_type":[],"build_version":"2020-12-22","purchased_purges":0,"victory":false,"max_hp_per_floor":[77,77,77,77,77,77,77,77,77,77,77,77,77,77,77,77,77,77,77,77,77,77,77,77,77,77,77,77,77,77,77,77,77,77,77],"card_choices":[{"not_picked":["bronze:DelayedGuard","bronze:BronzeArmor"],"picked":"bronze:DelayedSlice","floor":2},{"not_picked":["bronze:Iterate","bronze:Invalidate"],"picked":"bronze:Frontload","floor":3},{"not_picked":["bronze:OilSpill","bronze:Shell"],"picked":"bronze:Repair","floor":4},{"not_picked":["bronze:Overheat","bronze:AlphaBuild"],"picked":"bronze:WhirlingStrike","floor":5},{"not_picked":["bronze:WhirlingStrike","bronze:DelayedGuard"],"picked":"bronze:ItsAFeature","floor":6},{"not_picked":["bronze:FollowUp","bronze:DelayedSlice"],"picked":"bronze:ThunderWave","floor":9},{"not_picked":["bronze:Fortify","bronze:BugBarrage"],"picked":"bronze:CloningBeam","floor":10},{"not_picked":["bronze:Branch","bronze:Turbo"],"picked":"bronze:ChosenStrike","floor":11},{"not_picked":["bronze:NullPointer","bronze:Frontload"],"picked":"bronze:WildBeam","floor":12},{"not_picked":["bronze:GetLatest","bronze:DigitalCarnage"],"picked":"bronze:CutThrough","floor":13},{"not_picked":["bronze:Repulsor","bronze:Allocate"],"picked":"bronze:DelayedSlice","floor":14},{"not_picked":["bronze:Deprecate","bronze:Repair"],"picked":"bronze:Overload","floor":15},{"not_picked":["bronze:HyperBeam","bronze:FindAndReplace"],"picked":"bronze:Mutator","floor":16},{"not_picked":["bronze:BuggyMess+1","bronze:ItsAFeature"],"picked":"bronze:DelayedGuard","floor":18},{"not_picked":["bronze:Safeguard","bronze:DelayedSlice"],"picked":"bronze:BugBarrage+1","floor":19},{"not_picked":["bronze:ItsAFeature","bronze:BuggyMess"],"picked":"bronze:Repulsor","floor":20},{"not_picked":[],"picked":"bronze:BugBarrage","floor":22},{"not_picked":[],"picked":"bronze:WhirlingStrike+1","floor":23},{"not_picked":[],"picked":"bronze:Turbo","floor":26},{"not_picked":[],"picked":"bronze:HardenedForm","floor":27},{"not_picked":[],"picked":"bronze:Turbo","floor":28},{"not_picked":[],"picked":"bronze:FineTuning","floor":29},{"not_picked":[],"picked":"bronze:Allocate","floor":30},{"not_picked":[],"picked":"bronze:Optimize","floor":31},{"not_picked":[],"picked":"bronze:FineTuning","floor":32}],"player_experience":153853,"relics_obtained":[{"floor":7,"key":"Bronze Scales"},{"floor":9,"key":"Dream Catcher"},{"floor":11,"key":"infinitespire:Satchel"},{"floor":23,"key":"Molten Egg 2"},{"floor":24,"key":"HollowMod:LifeEnderRelic"},{"floor":26,"key":"Calipers"},{"floor":26,"key":"Shuriken"}],"event_choices":[],"is_beta":false,"boss_relics":[{"not_picked":["infinitespire:Cupcake","Snecko Eye"],"picked":"Runic Pyramid"}],"items_purged_floors":[],"is_endless":false,"potions_floor_spawned":[5,6,11,13,14,20,23,31],"killed_by":"DF_ARCHETYPE_CLAW","ascension_level":0}}