{"host":"vyiqbz5w606ur92t","time":1612627653,"event":{"mods":["BaseMod","Downfall","Minty Spire (QoL Compilation)","StSLib"],"gold_per_floor":[99,161,197,197,236,236,261,16,78,105,165,228,336,29,72,199,199,199,262,90,90,90,125,125,144,171,171,225,269,319,379,418,514,514,414,456,468,522,572,591,591,391,404,404,437,455,455,484,504,504,504,530,9,9,9,9],"floor_reached":57,"language":"ENG","playtime":7043,"items_purged":["champ:Strike"],"score":1705,"play_id":"1b1777c9-6c03-4b62-94c9-294edea7004b","local_time":"20210206160733","is_ascension_mode":true,"campfire_choices":[{"data":"HandOfGreed","floor":1,"key":"SMITH"},{"data":"champ:Taunt","floor":6,"key":"SMITH"},{"data":"champ:UltimateStance","floor":18,"key":"SMITH"},{"floor":35,"key":"RECALL"},{"data":"champ:StrikeOfGenius","floor":42,"key":"SMITH"},{"data":"champ:StrikeOfGenius","floor":47,"key":"SMITH"},{"data":"champ:BerserkerStyle","floor":54,"key":"SMITH"}],"circlet_count":0,"master_deck":["champ:Strike","champ:Defend","champ:Defend","champ:Defend","champ:Defend","champ:Execute","champ:Taunt+1","HandOfGreed+1","champ:AdrenalArmor","champ:StrikeOfGenius+1","champ:DeathBlow","champ:FanOfKnives+1","champ:Backstep","champ:Lariat","champ:BerserkerStyle+1","champ:ArenaPreparation","champ:UltimateStance+1","champ:StanceDance+1","champ:FanOfKnives+1","RitualDagger+1","champ:HoldFirm","champ:BladeFlurry+1","champ:StrikeOfGenius+1","champ:SwordSigil","champ:FaceSlap+1","champ:RageSigil+1","Regret","champ:Encircle+1","champ:FancyFootwork+1","champ:ShieldSigil+1"],"relics":["champ:ChampionCrown","Art of War","Frozen Eye","Singing Bowl","Blood Vial","Anchor","Nunchaku","Cursed Key","Vajra","champ:DefensiveTrainingManual","Bottled Tornado","HornCleat","Potion Belt","Thread and Needle","Whetstone","Akabeko","Coffee Dripper","downfall:HeartBlessingGreen","Turnip","TungstenRod","downfall:HeartBlessingRed","downfall:HeartBlessingBlue","Shuriken","Dream Catcher","Oddly Smooth Stone","Gambling Chip","bronze:DonusWashers"],"acts_visited":["Exordium","TheCity","TheBeyond","TheEnding"],"potions_floor_usage":[16,16,26,28,28,33,45,56,56,56],"damage_taken":[{"damage":2,"enemies":"2 Louse","floor":2,"turns":3},{"damage":0,"enemies":"Cultist","floor":3,"turns":3},{"damage":12,"enemies":"Jaw Worm","floor":5,"turns":4},{"damage":30,"enemies":"downfall:FleeingMerchant","floor":8,"turns":4},{"damage":42,"enemies":"2 Fungi Beasts","floor":9,"turns":9},{"damage":54,"enemies":"Lagavulin","floor":10,"turns":6},{"damage":42,"enemies":"Large Slime","floor":11,"turns":6},{"damage":39,"enemies":"Lots of Slimes","floor":12,"turns":4},{"damage":40,"enemies":"3 Sentries","floor":13,"turns":7},{"damage":20,"enemies":"downfall:FleeingMerchant","floor":14,"turns":4},{"damage":20,"enemies":"Red Slaver","floor":15,"turns":2},{"damage":35,"enemies":"WA_ARCHETYPE_RETAIN","floor":16,"turns":4},{"damage":106,"enemies":"3 Byrds","floor":19,"turns":7},{"damage":59,"enemies":"downfall:FleeingMerchant","floor":20,"turns":4},{"damage":114,"enemies":"Slavers","floor":23,"turns":7},{"damage":59,"enemies":"Chosen","floor":25,"turns":3},{"damage":77,"enemies":"Gremlin Leader","floor":26,"turns":5},{"damage":41,"enemies":"Slavers","floor":28,"turns":4},{"damage":51,"enemies":"Centurion and Healer","floor":29,"turns":5},{"damage":56,"enemies":"Gremlin Leader","floor":31,"turns":5},{"damage":35,"enemies":"3 Cultists","floor":32,"turns":4},{"damage":85,"enemies":"DF_ARCHETYPE_CLAW","floor":33,"turns":5},{"damage":30,"enemies":"Orb Walker","floor":36,"turns":2},{"damage":30,"enemies":"3 Darklings","floor":37,"turns":4},{"damage":73,"enemies":"2 Orb Walkers","floor":38,"turns":5},{"damage":90,"enemies":"2 Orb Walkers","floor":39,"turns":5},{"damage":54,"enemies":"Sphere and 2 Shapes","floor":40,"turns":3},{"damage":41,"enemies":"Writhing Mass","floor":43,"turns":4},{"damage":131,"enemies":"Nemesis","floor":45,"turns":5},{"damage":40,"enemies":"Spire Growth","floor":46,"turns":3},{"damage":70,"enemies":"Giant Head","floor":48,"turns":4},{"damage":8,"enemies":"3 Darklings","floor":49,"turns":3},{"damage":90,"enemies":"SI_POISON_ARCHETYPE","floor":50,"turns":8},{"damage":182,"enemies":"downfall:CharBossMerchant","floor":52,"turns":7},{"damage":108,"enemies":"downfall:NeowBoss","floor":55,"turns":7},{"damage":194,"enemies":"downfall:NeowBossFinal","floor":56,"turns":9}],"seed_played":"-2471896699361303646","potions_obtained":[{"floor":3,"key":"AttackPotion"},{"floor":5,"key":"Energy Potion"},{"floor":10,"key":"SpeedPotion"},{"floor":12,"key":"Regen Potion"},{"floor":16,"key":"LiquidBronze"},{"floor":23,"key":"Regen Potion"},{"floor":28,"key":"Explosive Potion"},{"floor":32,"key":"BlessingOfTheForge"},{"floor":33,"key":"SpeedPotion"},{"floor":39,"key":"AttackPotion"},{"floor":43,"key":"Regen Potion"},{"floor":46,"key":"FairyPotion"}],"is_trial":false,"path_per_floor":["R","M","M","?","M","R","T","$","M","E","M","M","E","$","M","B",null,"R","M","$","?","?","E","T","M","E","?","E","M","T","E","M","B",null,"R","M","M","?","?","M","T","R","M","?","E","M","R","E","M","B",null,"E","$","R","B","B",null],"character_chosen":"THE_CHAMP","items_purchased":["Frozen Eye","Anchor","Nunchaku","Vajra","Gambling Chip","bronze:DonusWashers","Ancient Potion"],"campfire_rested":0,"item_purchase_floors":[8,14,14,20,53,53,53],"current_hp_per_floor":[81,79,79,79,77,77,77,77,65,56,51,44,29,31,33,47,85,85,83,85,85,79,35,35,39,28,28,33,35,35,39,43,44,95,95,95,95,88,92,99,99,109,111,111,111,111,111,113,115,114,115,54,54,54,69,37],"gold":9,"neow_bonus":"RANDOM_COLORLESS_2","is_daily":false,"chose_seed":false,"campfire_upgraded":6,"win_rate":0.0,"timestamp":1612627653,"path_taken":["R","M","M","?","?","R","T","$","M","E","M","M","E","$","M","BOSS","R","M","$","?","?","E","T","M","E","?","E","M","?","E","M","BOSS","R","M","M","?","?","M","T","R","M","?","E","M","R","E","M","BOSS","E","$","R","BOSS","BOSS"],"items_purchased_type":["Relic","Relic","Relic","Relic","Relic","Relic","Potion"],"build_version":"2020-12-22","purchased_purges":1,"victory":true,"max_hp_per_floor":[81,81,81,81,81,81,81,81,81,81,83,85,85,85,85,85,85,85,85,85,85,85,87,87,89,91,91,91,91,91,93,95,95,95,95,95,95,95,97,99,99,109,111,111,111,111,111,113,115,115,115,115,115,115,115,115],"card_choices":[{"not_picked":["Mayhem","Metamorphosis"],"picked":"HandOfGreed","floor":0},{"not_picked":["champ:Backstep","champ:EnGarde"],"picked":"champ:AdrenalArmor","floor":2},{"not_picked":["champ:Haymaker","champ:ShieldSigil"],"picked":"champ:StrikeOfGenius","floor":3},{"not_picked":["champ:Shatter","champ:FocusedDefense"],"picked":"champ:DeathBlow","floor":5},{"not_picked":["champ:PreciseThrust","champ:CrownThrow","champ:EndlessRage"],"picked":"SKIP","floor":8},{"not_picked":["champ:PreemptiveStrike","champ:PreciseThrust"],"picked":"champ:FanOfKnives","floor":9},{"not_picked":["champ:GladiatorStyle","champ:Parry"],"picked":"champ:Backstep","floor":10},{"not_picked":["champ:TornadoPunch","champ:Circumvent","champ:BringItOn"],"picked":"Singing Bowl","floor":11},{"not_picked":["champ:EnragedBash","champ:TornadoPunch","champ:SetATrap"],"picked":"Singing Bowl","floor":12},{"not_picked":["champ:DefensiveShout","champ:ShieldSlam"],"picked":"champ:Lariat","floor":13},{"not_picked":["champ:SkillfulDodge","champ:DefensiveShout"],"picked":"champ:BerserkerStyle","floor":14},{"not_picked":["champ:CrownThrow","champ:StrikeOfGenius"],"picked":"champ:ArenaPreparation","floor":15},{"not_picked":["champ:EnchantSword","champ:SteelEdge"],"picked":"champ:UltimateStance","floor":16},{"not_picked":["champ:PreciseThrust","champ:CrownThrow"],"picked":"champ:StanceDance+1","floor":19},{"not_picked":["champ:BringItOn","champ:FlashCut+1"],"picked":"champ:FanOfKnives+1","floor":20},{"not_picked":["champ:HeavySlash","champ:SkillfulDodge","champ:TornadoPunch"],"picked":"Singing Bowl","floor":23},{"not_picked":["champ:Backstep","champ:Endure+1","champ:TornadoPunch"],"picked":"Singing Bowl","floor":25},{"not_picked":["champ:EnragedBash+1","champ:Shatter","champ:EnGarde"],"picked":"Singing Bowl","floor":26},{"not_picked":["champ:FocusedDefense+1","champ:StanceDance"],"picked":"champ:HoldFirm","floor":28},{"not_picked":["champ:Lariat","champ:EnGarde"],"picked":"champ:BladeFlurry+1","floor":29},{"not_picked":["champ:FlashCut","champ:PreciseThrust+1","champ:GutPunch+1"],"picked":"Singing Bowl","floor":31},{"not_picked":["champ:PreciseThrust","champ:Shatter+1","champ:Circumvent"],"picked":"Singing Bowl","floor":32},{"not_picked":["champ:Devastate","champ:VampiricStrike"],"picked":"champ:StrikeOfGenius","floor":33},{"not_picked":["champ:GladiatorStyle+1","champ:Parry"],"picked":"champ:SwordSigil","floor":36},{"not_picked":["champ:BringItOn","champ:TornadoPunch+1"],"picked":"champ:FaceSlap+1","floor":37},{"not_picked":["champ:CrownThrow","champ:BerserkersShout"],"picked":"champ:RageSigil+1","floor":38},{"not_picked":["champ:RecklessLeap","champ:TornadoPunch","champ:DefensiveShout+1"],"picked":"Singing Bowl","floor":39},{"not_picked":["champ:Shatter","champ:BringItOn","champ:GutPunch+1"],"picked":"Singing Bowl","floor":40},{"not_picked":["champ:CrownThrow+1","champ:Backstep+1","champ:EnragedBash+1"],"picked":"Singing Bowl","floor":43},{"not_picked":["champ:FocusedDefense","champ:Shatter"],"picked":"champ:Encircle+1","floor":45},{"not_picked":["champ:CrownThrow","champ:RapidStrikes"],"picked":"champ:FancyFootwork+1","floor":46},{"not_picked":["champ:StanceDance","champ:BringItOn+1","champ:EnchantShield"],"picked":"Singing Bowl","floor":48},{"not_picked":["champ:RisingSlash+1","champ:CrookedStrike","champ:Shatter+1"],"picked":"Singing Bowl","floor":49},{"not_picked":["champ:EnchantShield","champ:FalseCounter+1"],"picked":"champ:ShieldSigil+1","floor":52}],"player_experience":1547412,"relics_obtained":[{"floor":7,"key":"Art of War"},{"floor":10,"key":"Singing Bowl"},{"floor":13,"key":"Blood Vial"},{"floor":23,"key":"Bottled Tornado"},{"floor":24,"key":"HornCleat"},{"floor":26,"key":"Potion Belt"},{"floor":28,"key":"Thread and Needle"},{"floor":30,"key":"Whetstone"},{"floor":31,"key":"Akabeko"},{"floor":38,"key":"Turnip"},{"floor":39,"key":"TungstenRod"},{"floor":45,"key":"Shuriken"},{"floor":48,"key":"Dream Catcher"},{"floor":52,"key":"Oddly Smooth Stone"}],"event_choices":[{"cards_removed":["champ:Strike"],"damage_healed":0,"gold_gain":0,"player_choice":"Offered Basic","damage_taken":0,"max_hp_gain":0,"max_hp_loss":0,"event_name":"Bonfire Elementals","floor":4,"gold_loss":0},{"damage_healed":0,"gold_gain":0,"player_choice":"Fight","damage_taken":0,"max_hp_gain":0,"max_hp_loss":0,"event_name":"Mysterious Sphere","floor":38,"gold_loss":0}],"is_beta":false,"boss_relics":[{"not_picked":["champ:PowerArmor","SlaversCollar"],"picked":"Cursed Key"},{"not_picked":["Black Star","Calling Bell"],"picked":"Coffee Dripper"}],"items_purged_floors":[8],"is_endless":false,"potions_floor_spawned":[3,5,10,12,16,23,28,32,33,39,43,46],"ascension_level":4}}