{"host":"pi8b3ffzwvxqztac","time":1612576418,"event":{"mods":["BaseMod","Colored Map","Custom Start","Downfall","Minty Spire (QoL Compilation)","StSLib"],"gold_per_floor":[117,133,133,133,151,183,183,513,513,528,177,177,177,205,205,309,309,328,328,343,258,258,258,268,268,349,361,388,166,185,37,37,134,134,152,152,7,18,18,18,36,36,36,36,54,64,64,83,83,83],"floor_reached":51,"language":"ENG","playtime":2265,"items_purged":["Defend_R"],"score":825,"play_id":"8c2d400d-0198-4c0a-ac95-135464ff978b","local_time":"20210206145338","is_ascension_mode":true,"campfire_choices":[{"data":"Armaments","floor":7.0,"key":"SMITH"},{"data":"Bash","floor":12.0,"key":"SMITH"},{"floor":15.0,"key":"REST"},{"data":"Berserk","floor":23.0,"key":"SMITH"},{"data":"Intimidate","floor":25.0,"key":"SMITH"},{"data":"Disarm","floor":32.0,"key":"SMITH"},{"data":"Double Tap","floor":40.0,"key":"SMITH"},{"data":"Perfected Strike","floor":42.0,"key":"SMITH"},{"data":"Perfected Strike","floor":49.0,"key":"SMITH"}],"circlet_count":0,"master_deck":["Strike_R+1","Strike_R","Strike_R","Defend_R+1","Defend_R","Defend_R","Bash+1","Perfected Strike+1","Perfected Strike+1","Armaments+1","Flame Barrier+1","Perfected Strike","Shrug It Off","Thunderclap+1","Shrug It Off","Twin Strike","Intimidate+1","Perfected Strike+1","Clothesline","Spot Weakness","Disarm+1","Double Tap+1","Shrug It Off","Finesse","Perfected Strike+1"],"relics":["Burning Blood","Boot","Old Coin","InkBottle","Guardian:BottledAnomaly","Bronze Scales","Odd Mushroom","SlaversCollar","Oddly Smooth Stone","Letter Opener","Whetstone","Vajra","Coffee Dripper","War Paint","Guardian:GemstoneGun","HornCleat"],"acts_visited":["Exordium","TheCity","TheBeyond"],"potions_floor_usage":[50,50,50],"damage_taken":[{"damage":2.0,"enemies":"2 Louse","floor":1.0,"turns":3.0},{"damage":10.0,"enemies":"Small Slimes","floor":2.0,"turns":3.0},{"damage":12.0,"enemies":"Jaw Worm","floor":5.0,"turns":3.0},{"damage":24.0,"enemies":"3 Sentries","floor":6.0,"turns":8.0},{"damage":8.0,"enemies":"Gremlin Nob","floor":8.0,"turns":3.0},{"damage":1.0,"enemies":"Blue Slaver","floor":10.0,"turns":6.0},{"damage":25.0,"enemies":"The Mushroom Lair","floor":14.0,"turns":4.0},{"damage":29.0,"enemies":"Hexaghost","floor":16.0,"turns":8.0},{"damage":12.0,"enemies":"2 Thieves","floor":18.0,"turns":3.0},{"damage":9.0,"enemies":"Chosen","floor":20.0,"turns":3.0},{"damage":28.0,"enemies":"Sentry and Sphere","floor":24.0,"turns":5.0},{"damage":0.0,"enemies":"Centurion and Healer","floor":27.0,"turns":4.0},{"damage":27.0,"enemies":"Book of Stabbing","floor":28.0,"turns":4.0},{"damage":2.0,"enemies":"Snake Plant","floor":30.0,"turns":3.0},{"damage":42.0,"enemies":"Champ","floor":33.0,"turns":7.0},{"damage":3.0,"enemies":"3 Darklings","floor":35.0,"turns":4.0},{"damage":9.0,"enemies":"Orb Walker","floor":38.0,"turns":3.0},{"damage":21.0,"enemies":"Transient","floor":41.0,"turns":5.0},{"damage":10.0,"enemies":"Sphere and 2 Shapes","floor":45.0,"turns":4.0},{"damage":0.0,"enemies":"Spire Growth","floor":46.0,"turns":4.0},{"damage":8.0,"enemies":"4 Shapes","floor":48.0,"turns":7.0},{"damage":52,"enemies":"Awakened One","floor":50,"turns":9}],"seed_played":"-707398810143384885","potions_obtained":[{"floor":1.0,"key":"BlessingOfTheForge"},{"floor":2.0,"key":"FearPotion"},{"floor":6.0,"key":"hexamod:SoulburnPotion"},{"floor":14.0,"key":"Explosive Potion"},{"floor":20.0,"key":"champ:CounterPotion"},{"floor":24.0,"key":"BlessingOfTheForge"},{"floor":28.0,"key":"BloodPotion"},{"floor":33.0,"key":"DistilledChaos"},{"floor":35.0,"key":"Ancient Potion"},{"floor":41.0,"key":"Guardian:BlockOnCardUsePotion"},{"floor":46.0,"key":"Weak Potion"}],"is_trial":false,"path_per_floor":["M","M","?","?","M","E","R","E","T","M","$","R","?","?","R","B",null,"M","?","M","?","?","R","M","R","T","M","E","$","M","$","R","B",null,"M","?","$","M","?","R","M","R","T","?","M","M","T","M","R","B",null],"character_chosen":"IRONCLAD","items_purchased":["Guardian:BottledAnomaly","Shrug It Off","Bronze Scales","Vajra","Spot Weakness","Disarm","War Paint"],"campfire_rested":1,"item_purchase_floors":[11,11,11,29,31,31,37],"current_hp_per_floor":[80,76,69,69,63,45,45,43,43,48,48,48,53,34,59,36,85,79,79,76,76,76,76,54,54,54,60,39,39,60,60,60,24,85,85,85,85,82,82,82,67,67,67,67,63,69,69,67,67,21],"gold":83,"neow_bonus":"REMOVE_CARD","is_daily":false,"chose_seed":false,"campfire_upgraded":8,"win_rate":0.0,"timestamp":1612576418,"path_taken":["M","M","?","?","M","E","R","E","T","M","$","R","?","?","R","BOSS","M","?","M","?","?","R","M","R","T","M","E","?","M","$","R","BOSS","M","?","$","M","?","R","M","R","T","?","M","M","?","M","R","BOSS"],"items_purchased_type":["Relic","Card","Relic","Relic","Card","Card","Relic"],"build_version":"2020-12-22","purchased_purges":1,"victory":true,"max_hp_per_floor":[80,80,80,80,80,80,80,80,80,80,80,80,85,85,85,85,85,85,85,85,85,85,85,85,85,85,85,85,85,85,85,85,85,85,85,85,85,85,85,85,85,85,85,85,85,85,85,85,85,85],"card_choices":[{"not_picked":["Entrench","Battle Trance"],"picked":"Perfected Strike","floor":1.0},{"not_picked":["Dropkick","Armaments"],"picked":"Perfected Strike","floor":2.0},{"not_picked":["Uppercut","Heavy Blade"],"picked":"Armaments","floor":5.0},{"not_picked":["Bloodletting","Disarm"],"picked":"Flame Barrier","floor":6.0},{"not_picked":["Entrench","Dropkick"],"picked":"Perfected Strike","floor":8.0},{"not_picked":["Ghostly Armor","Armaments","Sword Boomerang"],"picked":"SKIP","floor":10.0},{"not_picked":["Anger","True Grit"],"picked":"Thunderclap","floor":14.0},{"not_picked":["Barricade","Juggernaut"],"picked":"Berserk","floor":16.0},{"not_picked":["Sword Boomerang","Havoc"],"picked":"Shrug It Off","floor":18.0},{"not_picked":["Clothesline","Ghostly Armor+1"],"picked":"Intimidate","floor":20.0},{"not_picked":["Berserk","Burning Pact+1"],"picked":"Perfected Strike+1","floor":24.0},{"not_picked":["Cleave+1","Body Slam"],"picked":"Clothesline","floor":27.0},{"not_picked":["Body Slam+1","Power Through+1","Flex"],"picked":"SKIP","floor":28.0},{"not_picked":["Blood for Blood","Wild Strike","Bloodletting"],"picked":"SKIP","floor":30.0},{"not_picked":["Barricade","Fiend Fire"],"picked":"Double Tap","floor":33.0},{"not_picked":["Ghostly Armor","Warcry"],"picked":"Shrug It Off","floor":35.0},{"not_picked":["Chrysalis","Forethought"],"picked":"Finesse","floor":36.0},{"not_picked":["Searing Blow+1","Headbutt","Intimidate"],"picked":"SKIP","floor":38.0},{"not_picked":["Cleave","Armaments","Wild Strike"],"picked":"SKIP","floor":41.0},{"not_picked":["Battle Trance","True Grit","Warcry+1"],"picked":"SKIP","floor":45.0},{"not_picked":["Blood for Blood+1","Wild Strike+1"],"picked":"Perfected Strike","floor":46.0},{"not_picked":["Clothesline+1","Feel No Pain","Iron Wave+1"],"picked":"SKIP","floor":48.0}],"player_experience":706522,"relics_obtained":[{"floor":6.0,"key":"Boot"},{"floor":8.0,"key":"Old Coin"},{"floor":9.0,"key":"InkBottle"},{"floor":14.0,"key":"Odd Mushroom"},{"floor":26.0,"key":"Letter Opener"},{"floor":28.0,"key":"Whetstone"},{"floor":43.0,"key":"Guardian:GemstoneGun"},{"floor":47.0,"key":"HornCleat"}],"event_choices":[{"cards_removed":["Strike_R"],"damage_healed":0.0,"max_hp_gain":0.0,"max_hp_loss":0.0,"gold_gain":0.0,"event_name":"Golden Wing","player_choice":"Card Removal","floor":3.0,"gold_loss":0.0,"damage_taken":7.0},{"damage_healed":0.0,"max_hp_gain":0.0,"max_hp_loss":0.0,"gold_gain":0.0,"event_name":"Living Wall","player_choice":"Grow","floor":4.0,"gold_loss":0.0,"damage_taken":0.0,"cards_upgraded":["Perfected Strike"]},{"damage_healed":0.0,"max_hp_gain":5.0,"max_hp_loss":0.0,"gold_gain":0.0,"event_name":"Big Fish","player_choice":"Donut","floor":13.0,"gold_loss":0.0,"damage_taken":0.0},{"damage_healed":0.0,"max_hp_gain":0.0,"max_hp_loss":0.0,"gold_gain":0.0,"event_name":"Mushrooms","player_choice":"Fought Mushrooms","floor":14.0,"gold_loss":0.0,"damage_taken":0.0},{"damage_healed":0.0,"max_hp_gain":0.0,"max_hp_loss":0.0,"gold_gain":0.0,"event_name":"The Library","player_choice":"Read","floor":19.0,"gold_loss":0.0,"damage_taken":0.0,"cards_obtained":["Twin Strike"]},{"damage_healed":0.0,"max_hp_gain":0.0,"max_hp_loss":0.0,"gold_gain":0.0,"event_name":"Addict","player_choice":"Obtained Relic","floor":21.0,"gold_loss":85.0,"damage_taken":0.0,"relics_obtained":["Oddly Smooth Stone"]},{"damage_healed":0.0,"max_hp_gain":0.0,"max_hp_loss":0.0,"gold_gain":0.0,"event_name":"Vampires","player_choice":"Ignored","floor":22.0,"gold_loss":0.0,"damage_taken":0.0},{"damage_healed":0.0,"max_hp_gain":0.0,"max_hp_loss":0.0,"gold_gain":0.0,"event_name":"SensoryStone","player_choice":"Memory 1","floor":36.0,"gold_loss":0.0,"damage_taken":0.0},{"damage_healed":0.0,"max_hp_gain":0.0,"max_hp_loss":0.0,"gold_gain":0.0,"event_name":"Mysterious Sphere","player_choice":"Ignored","floor":39.0,"gold_loss":0.0,"damage_taken":0.0},{"cards_removed":["Berserk"],"damage_healed":0.0,"max_hp_gain":0.0,"max_hp_loss":0.0,"gold_gain":0.0,"event_name":"Falling","player_choice":"Removed Power","floor":44.0,"gold_loss":0.0,"damage_taken":0.0}],"is_beta":false,"boss_relics":[{"not_picked":["Calling Bell","SacredBark"],"picked":"SlaversCollar"},{"not_picked":["bronze:MakeshiftBattery","Empty Cage"],"picked":"Coffee Dripper"}],"items_purged_floors":[29],"is_endless":false,"potions_floor_spawned":[1,2,6,14,20,24,28,33,35,41,46],"ascension_level":4}}