{"host":"2qpilcmj89x3pncz","time":1612618186,"event":{"mods":["100% Spire Juice","2.2 Compatiblity","Act Like it!","Aspiration","BaseMod","Beaked The Cultist","BetterRewards","CapriCore","Colored Map","Colored Powertips","Conjunction","Conspire","Dota2Spire","Evolution","Faster Ascension Climbing","GifTheSpireLib","Grow up Mod","Halation","Hallownest","Hubris","Infinite Spire","Jedi Mod","Marisa????????","Mimic Mod","Minty Spire (QoL Compilation)","Poem Panic","Quarter Circle Forward PUNCH!","Quick Restart","Reimu??????","Replay The Spire","Shop Mod","Small Relic Pack","Spicy Shops","Spikes Relics","StSLib","Strawberry Spire","Stuff the Spire","SuperFastMode","Synergy Search","The Animator","The Immortal","The Servant 0.9.4","Wandering Minibosses"],"gold_per_floor":[110,110,127,127,50,79,79,39,74,74,74,104,104,138,138,214,214,225,145,165,165,293,323,323,355,381,409,441,467,467,467,692,736,736,810,810,823,14,29,46,1,36,336,336,491,491,502,517,517,529,529,529,529,529,529,529,529,554,554],"floor_reached":60,"language":"ENG","playtime":3201,"items_purged":[],"score":3246,"play_id":"b00c7ed2-f238-43c5-8ff0-2ea0d9c7ff71","local_time":"20210206132946","is_ascension_mode":true,"campfire_choices":[{"floor":7,"key":"RECALL"},{"data":"KamiRite:ReiMu","floor":10,"key":"SMITH"},{"data":"YinYangSange:ReiMu","floor":15,"key":"SMITH"},{"data":"Gathering:ReiMu","floor":24,"key":"SMITH"},{"data":"InherentArray:ReiMu","floor":34,"key":"SMITH"},{"data":"Hallownest:skillCityofTearsMap","floor":44,"key":"SMITH"},{"floor":46,"key":"DIG"},{"data":"InherentArray:ReiMu","floor":49,"key":"SMITH"},{"floor":51,"key":"DIG"},{"data":"DependentForm:ReiMu","floor":55,"key":"SMITH"}],"circlet_count":0,"master_deck":["AscendersBane","NB:ReiMu","Stagnation:ReiMu","AirStrike:ReiMu","InherentArray:ReiMu+1","FantasyMoon:ReiMu","LovePray:ReiMu","DependentForm:ReiMu+1","LearningPray:ReiMu","FantasyMoon:ReiMu","SafetyPray:ReiMu","YinYangSange:ReiMu+1","OctopathBindingBorder2:ReiMu","Gathering:ReiMu+1","Amulet:ReiMu","NineCharacters:ReiMu","KamiRite:ReiMu+1","DoubleButterfly:ReiMu","AlertArray:ReiMu","CleanRite:ReiMu","MikOfLucky:ReiMu","Hallownest:skillCityofTearsMap+1","CareerPray:ReiMu","MikOfLucky:ReiMu+1","FantasyMoon:ReiMu+1","SubAcupoint:ReiMu","LearningPray:ReiMu","Authority:ReiMu","Dreaming:ReiMu","Conquer:ReiMu","Pride","YinYangSange:ReiMu","YinYangSange:ReiMu","UpKicking:ReiMu","LovePray:ReiMu+1","OctopathBindingBorder2:ReiMu","AlertArray:ReiMu+1","KamiRite:ReiMu+1","SubAcupoint:ReiMu","PhosphorusFlame:ReiMu","ShadowOfCrow2:ReiMu","NineCharacters:ReiMu","Jack Of All Trades","AirStrike:ReiMu","UniversalSpiritual:ReiMu","InherentArray:ReiMu+1","YinYangSange:ReiMu","NineCharacters:ReiMu"],"relics":["FlyPower:ReiMu","EVO:Axolotl","PoemPanic:PoemPanicRelic","Hallownest:DreamNailRelic","Blood Vial","Dota2Spire:OctarineCore","hubris:Towel","qcfpunch:Red_Headband","Dota2Spire:EchoSabre","hubris:TenFootPole","Bronze Scales","Dota2Spire:Vanguard","strawberrySpire:ElefentMask","ReplayTheSpireMod:TigerMarble","DonationBox:ReiMu","Dota2Spire:LinkenSphere","jedi:heavyjacket","RoseTintedShades","Smiling Mask","hubris:NiceRug","Shovel","strawberrySpire:MawJerky","DollysMirror","StuffTheSpire:OldFever","Membership Card","Lantern","Dota2Spire:ShivaGuard","wanderingMiniBosses:LockLocket","WizardHat","jedi:kaleidoscope","jedi:bottledfury","Mercury Hourglass"],"acts_visited":["Hallownest:Greenpath","Hallownest:CityofTears","Hallownest:KingdomsEdge","TheEnding"],"potions_floor_usage":[16,20,25,28,29,32,32],"damage_taken":[{"damage":1,"enemies":"Hallownest:monsterHuskWarrior","floor":1,"turns":7},{"damage":4,"enemies":"Hallownest:monsterHuskGuard","floor":3,"turns":5},{"damage":16,"enemies":"Hallownest:eliteCrystalGuardian","floor":6,"turns":6},{"damage":6,"enemies":"2_ Uuma","floor":9,"turns":11},{"damage":0,"enemies":"Hallownest:eliteVengeflyKing","floor":12,"turns":7},{"damage":6,"enemies":"Hallownest:eliteCrystalGuardian","floor":14,"turns":5},{"damage":1,"enemies":"Hallownest:BossBrokenVessel","floor":16,"turns":9},{"damage":16,"enemies":"Hallownest:Guard_and_Sentry","floor":18,"turns":5},{"damage":24,"enemies":"Hallownest:Flukemon_and_Top","floor":20,"turns":7},{"damage":53,"enemies":"Hallownest:3_Mistakes","floor":22,"turns":7},{"damage":59,"enemies":"Hallownest:eliteWatcherKnight","floor":23,"turns":12},{"damage":0,"enemies":"Hallownest:Nosk","floor":25,"turns":7},{"damage":0,"enemies":"Hallownest:eliteSoulWarrior","floor":27,"turns":8},{"damage":16,"enemies":"Hallownest:2_Flukemon","floor":28,"turns":6},{"damage":0,"enemies":"Hallownest:Nosk","floor":29,"turns":7},{"damage":5,"enemies":"Hallownest:2_Husk_Sentries","floor":32,"turns":5},{"damage":9,"enemies":"Hallownest:Glutton_and_Coward","floor":33,"turns":7},{"damage":38,"enemies":"Hallownest:BossMantisLord","floor":35,"turns":7},{"damage":25,"enemies":"Hallownest:Shield_Heavy","floor":37,"turns":5},{"damage":8,"enemies":"Hallownest:2_Littles","floor":39,"turns":3},{"damage":0,"enemies":"Hallownest:2_Wing_and_1_Kings","floor":40,"turns":5},{"damage":31,"enemies":"Hallownest:eliteHiveKnight","floor":42,"turns":7},{"damage":0,"enemies":"hubris:Merchant","floor":43,"turns":6},{"damage":0,"enemies":"Hallownest:monsterPrimalAspid","floor":45,"turns":6},{"damage":0,"enemies":"Hallownest:monsterPrimalAspid","floor":47,"turns":4},{"damage":0,"enemies":"Hallownest:2_Great","floor":48,"turns":1},{"damage":0,"enemies":"Hallownest:Slobbering_and_Violent","floor":50,"turns":1},{"damage":0,"enemies":"Hallownest:Radiance","floor":52,"turns":1},{"damage":0,"enemies":"Hallownest:BossGreyPrinceZote","floor":53,"turns":1},{"damage":0,"enemies":"Shield and Spear","floor":58,"turns":1},{"damage":64,"enemies":"The Heart","floor":59,"turns":7}],"seed_played":"7516062119067342918","potions_obtained":[{"floor":1,"key":"SkillPotion"},{"floor":6,"key":"Weak Potion"},{"floor":16,"key":"FearPotion"},{"floor":23,"key":"Dota2Spire:Clarity"},{"floor":27,"key":"ZuzhouPotion:ReiMu"},{"floor":28,"key":"PowerPotion"},{"floor":29,"key":"BlessingOfTheForge"},{"floor":39,"key":"Venom Potion"},{"floor":43,"key":"BottledKami:ReiMu"},{"floor":50,"key":"HakureiPotion:ReiMu"}],"is_trial":false,"path_per_floor":["M","?","M","?","$","E","R","$","MIM","R","$","E","?","E","R","B",null,"M","?","M","?","M","E","R","E","T","E","M","E","PTL","PTL","M","M","R","B",null,"M","$","M","M","?","E","$","R","MIM","R","M","M","R","M","R","B","B",null,"R","??","$","E","B",null],"character_chosen":"REIMU","items_purchased":["Gathering:ReiMu","NineCharacters:ReiMu","Dota2Spire:LinkenSphere","jedi:heavyjacket","RoseTintedShades","YinYangSange:ReiMu","UpKicking:ReiMu"],"campfire_rested":0,"item_purchase_floors":[5,8,38,38,38,38,38],"current_hp_per_floor":[73,87,93,103,113,107,117,127,133,143,153,165,175,181,191,202,233,229,239,227,217,176,274,284,296,306,318,314,326,336,346,353,356,366,340,410,397,407,411,423,440,421,433,443,459,469,482,494,504,516,526,538,550,601,611,621,631,647,605],"gold":554,"neow_bonus":"","is_daily":false,"chose_seed":false,"campfire_upgraded":7,"win_rate":0.0,"timestamp":1612618186,"path_taken":["M","?","?","?","$","E","R","$","MIM","R","$","E","?","E","R","BOSS","M","?","M","?","?","E","R","E","T","E","M","E","PTL","PTL","?","M","R","BOSS","M","$","?","M","?","E","?","R","MIM","R","M","M","R","?","R","BOSS","BOSS","R","??","$","E","BOSS"],"items_purchased_type":["Card","Card","Relic","Relic","Relic","Card","Card"],"build_version":"2020-12-22","purchased_purges":0,"victory":true,"max_hp_per_floor":[80,90,100,110,120,130,140,150,160,170,180,190,200,210,220,230,240,250,260,270,280,290,300,310,320,330,340,350,360,370,380,390,400,410,420,430,440,450,460,470,480,490,500,510,524,534,545,555,565,575,585,595,605,615,625,635,645,659,679],"card_choices":[{"not_picked":["WonderfulDomain:ReiMu","AirStrike:ReiMu"],"picked":"YinYangSange:ReiMu","floor":1},{"not_picked":["BarrageOfMoneybags:ReiMu","Enchanting:ReiMu"],"picked":"OctopathBindingBorder2:ReiMu","floor":3},{"not_picked":["PassingAway:ReiMu","Gathering:ReiMu"],"picked":"Amulet:ReiMu","floor":6},{"not_picked":["SubAcupoint:ReiMu","AirManeuver:ReiMu"],"picked":"KamiRite:ReiMu","floor":9},{"not_picked":["WonderfulDomain:ReiMu","CareerPray:ReiMu"],"picked":"DoubleButterfly:ReiMu","floor":12},{"not_picked":["Intuition:ReiMu","PhosphorusFlame:ReiMu"],"picked":"AlertArray:ReiMu","floor":14},{"not_picked":["OctopathSalyBorderN:ReiMu","HakureiPhantom:ReiMu"],"picked":"CleanRite:ReiMu","floor":16},{"not_picked":["TightArray:ReiMu+1","Intuition:ReiMu"],"picked":"MikOfLucky:ReiMu","floor":18},{"not_picked":["SubcavityInstant:ReiMu","LovePray:ReiMu"],"picked":"CareerPray:ReiMu","floor":20},{"not_picked":["SafetyPray:ReiMu","WonderfulDomain:ReiMu","Crusade:ReiMu"],"picked":"SKIP","floor":22},{"not_picked":["CareerPray:ReiMu","SpringWay:ReiMu"],"picked":"MikOfLucky:ReiMu+1","floor":23},{"not_picked":["FantasyBorder:ReiMu","Free:ReiMu"],"picked":"FantasyMoon:ReiMu+1","floor":25},{"not_picked":["DoubleButterfly:ReiMu","AlertArray:ReiMu"],"picked":"SubAcupoint:ReiMu","floor":27},{"not_picked":["OrbThrow:ReiMu","AlertArray:ReiMu"],"picked":"LearningPray:ReiMu","floor":28},{"not_picked":["PhosphorusFlame:ReiMu","Amulet:ReiMu"],"picked":"Authority:ReiMu","floor":29},{"not_picked":["SubcavityInstant:ReiMu","OrbThrow:ReiMu","CareerPray:ReiMu+1"],"picked":"SKIP","floor":32},{"not_picked":["CareerPray:ReiMu","SafetyPray:ReiMu+1","KamiSacrifice:ReiMu"],"picked":"SKIP","floor":33},{"not_picked":["BlastKick2:ReiMu","SubcavityFantasy:ReiMu"],"picked":"Dreaming:ReiMu","floor":35},{"not_picked":["PassingAway:ReiMu","WonderfulDomain:ReiMu+1"],"picked":"Conquer:ReiMu","floor":37},{"not_picked":["MikOfLucky:ReiMu+1","EmergencyTakeOff:ReiMu"],"picked":"LovePray:ReiMu+1","floor":39},{"not_picked":["Intuition:ReiMu+1","SubcavityInstant:ReiMu"],"picked":"OctopathBindingBorder2:ReiMu","floor":40},{"not_picked":["SubcavityInstant:ReiMu","Free:ReiMu"],"picked":"AlertArray:ReiMu+1","floor":42},{"not_picked":[],"picked":"SubAcupoint:ReiMu","floor":43},{"not_picked":[],"picked":"PhosphorusFlame:ReiMu","floor":43},{"not_picked":[],"picked":"ShadowOfCrow2:ReiMu","floor":43},{"not_picked":[],"picked":"NineCharacters:ReiMu","floor":43},{"not_picked":[],"picked":"Jack Of All Trades","floor":43},{"not_picked":["OrbThrow:ReiMu+1"],"picked":"SKIP","floor":43},{"not_picked":["Midas Touch"],"picked":"SKIP","floor":43},{"not_picked":["SafetyPray:ReiMu","ForcedLanding:ReiMu"],"picked":"AirStrike:ReiMu","floor":45},{"not_picked":["SealNeedle:ReiMu","KamiSacrifice:ReiMu+1"],"picked":"UniversalSpiritual:ReiMu","floor":47},{"not_picked":["OrbThrow:ReiMu","AirStrike:ReiMu"],"picked":"InherentArray:ReiMu","floor":48},{"not_picked":["KamiSacrifice:ReiMu","SubAcupoint:ReiMu"],"picked":"YinYangSange:ReiMu","floor":50},{"not_picked":["Shading:ReiMu","WonderfulDomain:ReiMu"],"picked":"NineCharacters:ReiMu","floor":58}],"player_experience":411918,"relics_obtained":[{"floor":6,"key":"Blood Vial"},{"floor":12,"key":"Dota2Spire:OctarineCore"},{"floor":14,"key":"qcfpunch:Red_Headband"},{"floor":23,"key":"hubris:TenFootPole"},{"floor":25,"key":"Bronze Scales"},{"floor":26,"key":"Dota2Spire:Vanguard"},{"floor":27,"key":"strawberrySpire:ElefentMask"},{"floor":29,"key":"ReplayTheSpireMod:TigerMarble"},{"floor":42,"key":"Smiling Mask"},{"floor":43,"key":"Shovel"},{"floor":43,"key":"strawberrySpire:MawJerky"},{"floor":43,"key":"DollysMirror"},{"floor":43,"key":"StuffTheSpire:OldFever"},{"floor":43,"key":"Membership Card"},{"floor":43,"key":"Lantern"},{"floor":45,"key":"Dota2Spire:ShivaGuard"},{"floor":45,"key":"wanderingMiniBosses:LockLocket"},{"floor":45,"key":"WizardHat"},{"floor":46,"key":"jedi:kaleidoscope"},{"floor":51,"key":"jedi:bottledfury"},{"floor":58,"key":"Mercury Hourglass"}],"event_choices":[],"is_beta":false,"boss_relics":[{"not_picked":["hubris:GrandSneckoEye","hubris:Stopwatch","Ectoplasm"]},{"not_picked":["hubris:HollowSoul","aspiration:SecretTechniqueScroll"],"picked":"DonationBox:ReiMu"}],"items_purged_floors":[],"is_endless":false,"potions_floor_spawned":[1,6,16,23,27,28,29,33,39,50],"ascension_level":20}}