{"host":"50per11302020","time":1612598225,"event":{"mods":["AchievementEnabler","BaseMod","Colored Map","Minty Spire (QoL Compilation)","Relic Stats","StSLib"],"gold_per_floor":[119,134,84,103,103,133,83,99,99,99,99,99,426,446,446,549,549,563,513,523,555,42,68,68,68,68,86,101,111,121,121,121],"floor_reached":31,"language":"ENG","playtime":1906,"items_purged":["Strike_B","Strike_B","Strike_B","Dualcast"],"score":305,"play_id":"371ad4d3-acf3-44ea-972d-b497cf354fda","local_time":"20210205235705","is_ascension_mode":true,"campfire_choices":[{"floor":10.0,"key":"REST"},{"data":"Defend_B","floor":12.0,"key":"SMITH"},{"data":"Strike_B","floor":15.0,"key":"SMITH"},{"floor":25,"key":"REST"}],"circlet_count":0,"master_deck":["Strike_B+1","Defend_B+1","Zap","CurseOfTheBell","Rainbow","Rainbow","Undo+1"],"relics":["Calling Bell","Smiling Mask","HornCleat","Pocketwatch","Boot","Singing Bowl","Old Coin","Empty Cage","Red Mask","Lizard Tail","Bag of Marbles","Mercury Hourglass"],"acts_visited":["Exordium","TheCity"],"potions_floor_usage":[18,21,21,23],"damage_taken":[{"damage":0.0,"enemies":"Cultist","floor":1.0,"turns":3.0},{"damage":0.0,"enemies":"Small Slimes","floor":2.0,"turns":3.0},{"damage":1.0,"enemies":"Jaw Worm","floor":4.0,"turns":3.0},{"damage":25.0,"enemies":"Lagavulin","floor":6.0,"turns":8.0},{"damage":14.0,"enemies":"Exordium Thugs","floor":8.0,"turns":5.0},{"damage":25.0,"enemies":"Gremlin Nob","floor":13.0,"turns":5.0},{"damage":10.0,"enemies":"3 Louse","floor":14.0,"turns":2.0},{"damage":9.0,"enemies":"The Guardian","floor":16.0,"turns":16.0},{"damage":10,"enemies":"3 Byrds","floor":18,"turns":5},{"damage":18,"enemies":"Spheric Guardian","floor":20,"turns":5},{"damage":27,"enemies":"Masked Bandits","floor":21,"turns":5},{"damage":64,"enemies":"Slavers","floor":23,"turns":8},{"damage":19,"enemies":"3 Cultists","floor":27,"turns":5},{"damage":13,"enemies":"Centurion and Healer","floor":28,"turns":11},{"damage":2,"enemies":"Snecko","floor":29,"turns":7},{"damage":1,"enemies":"Snake Plant","floor":30,"turns":5},{"damage":10,"enemies":"Shelled Parasite and Fungi","floor":31,"turns":1}],"seed_played":"6290795379388011135","potions_obtained":[{"floor":1.0,"key":"Swift Potion"},{"floor":4.0,"key":"Regen Potion"},{"floor":8.0,"key":"Fire Potion"},{"floor":13.0,"key":"Block Potion"},{"floor":18,"key":"Explosive Potion"},{"floor":21,"key":"FearPotion"}],"is_trial":false,"path_per_floor":["M","M","$","M","?","E","$","M","T","R","?","R","E","M","R","B",null,"M","$","M","?","$","E","?","R","T","M","M","M","M","M"],"character_chosen":"DEFECT","items_purchased":["Rainbow","Lizard Tail"],"campfire_rested":2,"item_purchase_floors":[22,22],"current_hp_per_floor":[75,75,75,74,74,49,49,35,35,57,57,57,48,40,40,33,81,73,73,57,32,32,13,13,39,39,22,9,9,10,0,0],"gold":121,"neow_bonus":"BOSS_RELIC","is_daily":false,"chose_seed":false,"campfire_upgraded":2,"win_rate":0.0,"timestamp":1612598225,"path_taken":["M","?","$","M","?","E","$","?","T","R","?","R","E","M","R","BOSS","M","$","M","?","$","E","?","R","T","?","M","M","M","M"],"items_purchased_type":["Card","Relic"],"build_version":"2020-12-18","purchased_purges":4,"victory":false,"max_hp_per_floor":[75,75,75,75,75,75,75,75,75,75,75,75,77,79,79,81,81,83,83,85,87,87,89,89,89,89,91,91,93,95,95,95],"relic_stats":{"Lizard Tail":43,"Singing Bowl":20,"counters":[17,97],"Smiling Mask":250,"Boot":[9],"obtain_stats":[{"Singing Bowl":9,"Smiling Mask":0,"Boot":6,"Empty Cage":17,"Old Coin":13,"Mercury Hourglass":26,"Calling Bell":0,"Lizard Tail":22,"HornCleat":0,"Red Mask":21,"Bag of Marbles":23,"Cracked Core":0,"Pocketwatch":0},{"Singing Bowl":5,"Smiling Mask":0,"Boot":4,"Empty Cage":8,"Old Coin":6,"Mercury Hourglass":12,"Calling Bell":0,"Lizard Tail":11,"HornCleat":0,"Red Mask":11,"Bag of Marbles":12,"Cracked Core":0,"Pocketwatch":0},{"Singing Bowl":22,"Smiling Mask":0,"Boot":17,"Empty Cage":45,"Old Coin":27,"Mercury Hourglass":68,"Calling Bell":0,"Lizard Tail":60,"HornCleat":0,"Red Mask":60,"Bag of Marbles":68,"Cracked Core":0,"Pocketwatch":0}],"Pocketwatch":[136],"Mercury Hourglass":[123]},"card_choices":[{"not_picked":["Leap","Steam Power","Streamline"],"picked":"SKIP","floor":1.0},{"not_picked":["Recycle","Force Field","Ball Lightning"],"picked":"SKIP","floor":2.0},{"not_picked":["Cold Snap","Melter","Leap"],"picked":"SKIP","floor":4.0},{"not_picked":["Defragment","Lockon","Thunder Strike"],"picked":"SKIP","floor":6.0},{"not_picked":["Consume","Melter","Recycle"],"picked":"SKIP","floor":8.0},{"not_picked":["Tempest","Rip and Tear","Compile Driver"],"picked":"Singing Bowl","floor":13.0},{"not_picked":["Conserve Battery","Redo","Turbo"],"picked":"Singing Bowl","floor":14.0},{"not_picked":["Electrodynamics","Multi-Cast","Seek"],"picked":"Singing Bowl","floor":16.0},{"not_picked":["Redo+1","Hologram","Undo+1"],"picked":"Singing Bowl","floor":18},{"not_picked":["Defragment","Chaos+1","Ball Lightning"],"picked":"Singing Bowl","floor":20},{"not_picked":["Reinforced Body","Steam","Barrage"],"picked":"Singing Bowl","floor":21},{"not_picked":["Go for the Eyes","Barrage","Scrape+1"],"picked":"Singing Bowl","floor":23},{"not_picked":["Sweeping Beam","Beam Cell","Gash"],"picked":"Singing Bowl","floor":27},{"not_picked":["Compile Driver+1","Go for the Eyes+1"],"picked":"Undo+1","floor":28},{"not_picked":["Compile Driver","Stack","Barrage"],"picked":"Singing Bowl","floor":29},{"not_picked":["Compile Driver","Hologram","Reprogram"],"picked":"Singing Bowl","floor":30}],"player_experience":429839,"relics_obtained":[{"floor":0.0,"key":"Smiling Mask"},{"floor":0.0,"key":"HornCleat"},{"floor":0.0,"key":"Pocketwatch"},{"floor":6.0,"key":"Boot"},{"floor":9.0,"key":"Singing Bowl"},{"floor":13.0,"key":"Old Coin"},{"floor":21,"key":"Red Mask"},{"floor":23,"key":"Bag of Marbles"},{"floor":26,"key":"Mercury Hourglass"}],"event_choices":[{"cards_removed":["Strike_B"],"damage_healed":0.0,"max_hp_gain":0.0,"max_hp_loss":0.0,"gold_gain":0.0,"event_name":"NoteForYourself","player_choice":"Took Card","floor":5.0,"gold_loss":0.0,"damage_taken":0.0,"cards_obtained":["Strike_B"]},{"cards_removed":["Defend_B"],"damage_healed":0.0,"max_hp_gain":0.0,"max_hp_loss":0.0,"gold_gain":0.0,"event_name":"Bonfire Elementals","player_choice":"Offered Basic","floor":11.0,"gold_loss":0.0,"damage_taken":0.0},{"damage_healed":0,"gold_gain":0,"player_choice":"Fought Bandits","damage_taken":0,"max_hp_gain":0,"max_hp_loss":0,"event_name":"Masked Bandits","floor":21,"gold_loss":0},{"damage_healed":0,"gold_gain":0,"player_choice":"Copied","damage_taken":0,"max_hp_gain":0,"max_hp_loss":0,"event_name":"Duplicator","floor":24,"gold_loss":0,"cards_obtained":["Rainbow"]}],"is_beta":true,"boss_relics":[{"not_picked":["Black Star","Tiny House"],"picked":"Empty Cage"}],"items_purged_floors":[3,7,19,22],"is_endless":false,"potions_floor_spawned":[1,4,8,13,18,21],"killed_by":"Shelled Parasite and Fungi","ascension_level":1}}