{"host":"xz7n3qy1zq36rzpg","time":1612569941,"event":{"mods":["BaseMod","Colored Map","Colored Powertips","Highlight Path","Minty Spire (QoL Compilation)","Quick Restart","Shop Mod"],"gold_per_floor":[117,117,42,42,55,98,123,76,149,185,185,36,36,36,36,161,161,180,203,203,221,171,204,204,218,218,218,218,218,218,251,251,251,251],"floor_reached":33,"language":"ENG","playtime":1705,"items_purged":["Regret","Strike_G"],"score":325,"play_id":"d56ac0b2-7615-4059-8122-d3f26a18428d","local_time":"20210206010541","is_ascension_mode":true,"campfire_choices":[{"floor":13,"key":"REST"},{"floor":15,"key":"REST"},{"floor":24,"key":"REST"},{"data":"Blade Dance","floor":28,"key":"SMITH"},{"floor":32,"key":"REST"}],"circlet_count":0,"master_deck":["Strike_G+1","Strike_G+1","Strike_G+1","Defend_G+1","Defend_G+1","Defend_G+1","Defend_G+1","Survivor","Neutralize","Corpse Explosion","Crippling Poison","Dagger Throw","Blade Dance+1","Footwork","Envenom","Accuracy","Leg Sweep","Dodge and Roll","Unload","Burst","Accuracy+1","Bane"],"relics":["Ring of the Snake","Oddly Smooth Stone","Golden Idol","Whetstone","Mummified Hand","Regal Pillow","SlaversCollar","Orichalcum","Bottled Lightning","Red Mask"],"acts_visited":["Exordium","TheCity"],"potions_floor_usage":[18,23,27,33],"damage_taken":[{"damage":2.0,"enemies":"Cultist","floor":1.0,"turns":5.0},{"damage":0.0,"enemies":"Jaw Worm","floor":5.0,"turns":4.0},{"damage":24,"enemies":"Gremlin Nob","floor":6,"turns":5},{"damage":0,"enemies":"Small Slimes","floor":7,"turns":3},{"damage":38,"enemies":"Lagavulin","floor":10,"turns":9},{"damage":42,"enemies":"Slime Boss","floor":16,"turns":14},{"damage":28,"enemies":"Spheric Guardian","floor":18,"turns":7},{"damage":6,"enemies":"Chosen","floor":19,"turns":6},{"damage":6,"enemies":"3 Cultists","floor":21,"turns":3},{"damage":6,"enemies":"Slavers","floor":23,"turns":4},{"damage":13,"enemies":"Chosen and Byrds","floor":25,"turns":9},{"damage":0,"enemies":"Centurion and Healer","floor":27,"turns":1},{"damage":21,"enemies":"Colosseum Slavers","floor":29,"turns":3},{"damage":18,"enemies":"Masked Bandits","floor":31,"turns":4},{"damage":54,"enemies":"Collector","floor":33,"turns":7}],"seed_played":"1882359258431793167","potions_obtained":[{"floor":1.0,"key":"LiquidBronze"},{"floor":16,"key":"SmokeBomb"},{"floor":21,"key":"Energy Potion"},{"floor":25,"key":"Dexterity Potion"}],"is_trial":false,"path_per_floor":["M","?","$","?","M","E","M","?","T","E","?","$","R","?","R","B",null,"M","M","?","M","?","E","R","M","T","M","R","?","?","?","R","B"],"character_chosen":"THE_SILENT","items_purchased":["Energy Potion"],"campfire_rested":4,"item_purchase_floors":[12],"current_hp_per_floor":[68,68,68,65,65,41,41,41,41,3,3,3,37,37,65,23,65,37,31,31,25,25,19,53,40,40,40,40,19,19,1,35,0,0],"gold":251,"neow_bonus":"ONE_RANDOM_RARE_CARD","is_daily":false,"chose_seed":false,"campfire_upgraded":1,"win_rate":0.0,"timestamp":1612569941,"path_taken":["M","?","$","?","M","E","M","?","T","E","?","?","R","?","R","BOSS","M","M","?","M","?","E","R","M","T","?","R","?","?","?","R","BOSS"],"items_purchased_type":["Potion"],"build_version":"2020-12-22","purchased_purges":2,"victory":false,"max_hp_per_floor":[70,70,70,65,65,65,65,65,65,65,65,65,65,65,65,65,65,65,65,65,65,65,65,65,65,65,65,65,65,65,65,65,65,65],"card_choices":[{"not_picked":["Poisoned Stab","Dodge and Roll"],"picked":"Crippling Poison","floor":1.0},{"not_picked":["Flying Knee","PiercingWail"],"picked":"Dagger Throw","floor":5.0},{"not_picked":["Heel Hook","Bullet Time"],"picked":"Blade Dance","floor":6},{"not_picked":["Tactician","Slice","Outmaneuver"],"picked":"SKIP","floor":7},{"not_picked":["Bane","Dagger Throw"],"picked":"Footwork","floor":10},{"not_picked":["Night Terror","Adrenaline"],"picked":"Envenom","floor":16},{"not_picked":["Slice","Acrobatics+1"],"picked":"Accuracy","floor":18},{"not_picked":["PiercingWail","Quick Slash"],"picked":"Leg Sweep","floor":19},{"not_picked":["Dagger Throw","Masterful Stab"],"picked":"Burst","floor":21},{"not_picked":["Footwork","Outmaneuver"],"picked":"Accuracy+1","floor":23},{"not_picked":["Underhanded Strike","Reflex+1","Backflip"],"picked":"SKIP","floor":25},{"not_picked":["Acrobatics","Outmaneuver"],"picked":"Bane","floor":31}],"player_experience":446919,"relics_obtained":[{"floor":6,"key":"Whetstone"},{"floor":9,"key":"Mummified Hand"},{"floor":10,"key":"Regal Pillow"},{"floor":23,"key":"Orichalcum"},{"floor":26,"key":"Bottled Lightning"},{"floor":31,"key":"Red Mask"}],"event_choices":[{"damage_healed":0.0,"max_hp_gain":0.0,"max_hp_loss":0.0,"gold_gain":0.0,"event_name":"Big Fish","player_choice":"Box","floor":2.0,"gold_loss":0.0,"damage_taken":0.0,"relics_obtained":["Oddly Smooth Stone"],"cards_obtained":["Regret"]},{"damage_healed":0.0,"max_hp_gain":0.0,"max_hp_loss":5.0,"gold_gain":0.0,"event_name":"Golden Idol","player_choice":"Lose Max HP","floor":4.0,"gold_loss":0.0,"damage_taken":0.0,"relics_obtained":["Golden Idol"]},{"damage_healed":0,"gold_gain":0,"player_choice":"Left Gold","damage_taken":0,"max_hp_gain":0,"max_hp_loss":0,"event_name":"World of Goop","floor":8,"gold_loss":47},{"damage_healed":0,"gold_gain":0,"player_choice":"Ignored","damage_taken":0,"max_hp_gain":0,"max_hp_loss":0,"event_name":"Liars Game","floor":11,"gold_loss":0},{"damage_healed":0,"gold_gain":0,"player_choice":"Ignored","damage_taken":0,"max_hp_gain":0,"max_hp_loss":0,"event_name":"Golden Wing","floor":14,"gold_loss":0},{"damage_healed":0,"gold_gain":0,"cards_transformed":["Strike_G","Defend_G"],"player_choice":"Became Test Subject","damage_taken":0,"max_hp_gain":0,"max_hp_loss":0,"event_name":"Drug Dealer","floor":20,"gold_loss":0,"cards_obtained":["Dodge and Roll","Unload"]},{"damage_healed":0,"gold_gain":0,"player_choice":"Bet on Murderer","damage_taken":0,"max_hp_gain":0,"max_hp_loss":0,"event_name":"The Joust","floor":22,"gold_loss":50},{"damage_healed":0,"gold_gain":0,"player_choice":"Fight","damage_taken":0,"max_hp_gain":0,"max_hp_loss":0,"event_name":"Colosseum","floor":29,"gold_loss":0},{"damage_healed":0,"gold_gain":0,"player_choice":"Fled From Nobs","damage_taken":0,"max_hp_gain":0,"max_hp_loss":0,"event_name":"Colosseum","floor":29,"gold_loss":0},{"damage_healed":0,"gold_gain":0,"player_choice":"Simplicity","damage_taken":0,"max_hp_gain":0,"max_hp_loss":0,"event_name":"Back to Basics","floor":30,"gold_loss":0,"cards_upgraded":["Strike_G","Defend_G","Defend_G","Defend_G","Defend_G"]},{"damage_healed":0,"gold_gain":0,"player_choice":"Fought Bandits","damage_taken":0,"max_hp_gain":0,"max_hp_loss":0,"event_name":"Masked Bandits","floor":31,"gold_loss":0}],"is_beta":false,"boss_relics":[{"not_picked":["Pandora\u0027s Box","Runic Dome"],"picked":"SlaversCollar"}],"items_purged_floors":[3,12],"is_endless":false,"potions_floor_spawned":[1,16,21,25,29],"killed_by":"Collector","ascension_level":4}}