{"host":"y4sghvfd0ewtcchd","time":1612617385,"event":{"mods":["A Penny For Your Troubles","Aspiration","BaseMod","Better Altar","Better Debug","Better Note","Better Third Choice","BetterRewards","Block Reminder","Colored Map","Colored Powertips","Highlight Path","Hubris","Infinite Spire","Minty Spire (QoL Compilation)","Relic Sorter","Relic Stats","Replay The Spire","Shop Mod","Spicy Shops","StSLib","The Jungle","The Saiyan","Wide Potions"],"gold_per_floor":[95,113,153,189,225,225,257,296,296,296,296,446,446,246,246,317,317,352,369,369,34,44,70,70,87,87,132,148,198,198,226,226,302,302,313,332,342,362,362,390,390,224,248,293,333,333,351,407,407,425,468,468,468,721,798,808],"floor_reached":57,"language":"ENG","playtime":4305,"items_purged":["Saiyan:SAIYA_Defend","Doubt","Saiyan:PowerStance+1","Saiyan:PowerStance+1"],"score":4267,"play_id":"ba2c26f7-ab7e-4079-9e1f-b13f71e5a53d","local_time":"20210206161625","is_ascension_mode":true,"campfire_choices":[{"floor":6.0,"key":"REST"},{"data":"hubris:DuctTapeCard","floor":11.0,"key":"SMITH"},{"data":"Saiyan:PlotArmor","floor":13.0,"key":"SMITH"},{"data":"Saiyan:PlotArmor","floor":15.0,"key":"SMITH"},{"data":"Saiyan:PlotArmor","floor":24,"key":"SMITH"},{"floor":30,"key":"RECALL"},{"floor":32,"key":"DIG"},{"floor":41,"key":"DIG"},{"floor":46,"key":"DIG"},{"floor":49,"key":"DIG"},{"floor":53,"key":"DIG"}],"circlet_count":0,"master_deck":["AscendersBane","Saiyan:SAIYA_Strike","Saiyan:SAIYA_Strike","Saiyan:SAIYA_Defend","Saiyan:SAIYA_Defend","Saiyan:EnergyBlast","Saiyan:KaioKen","Saiyan:RuthlessBlow","Saiyan:Furor","ReplayTheSpireMod:Faulty Equipment","HandOfGreed","Replay:BasicMightCard","Saiyan:Planning","Saiyan:SuperSaiyanForm+1","Saiyan:CCCapsule","Saiyan:Flurry","Saiyan:PlotArmor+1","Saiyan:PlotArmor+1","Saiyan:Flurry","Saiyan:CCCapsule+1","Saiyan:SuperSaiyanForm","Saiyan:PlotArmor+1","hubris:Rewind+1","Saiyan:Makankosappo","Saiyan:PowerUp+1","Saiyan:HyperTimeChamber","hubris:DuctTapeCard","Saiyan:UltraInstinct+1","Saiyan:PowerUp+1","Saiyan:Furor","Saiyan:MonkeyTail+1","Saiyan:Taunt+1","Saiyan:Makankosappo","Saiyan:WarmUp+1","ReplayTheSpireMod:Private Reserves+1","Saiyan:FinalFlash+1"],"relics":["SaiyanSoul","SaiyanHeart","Membership Card","hubris:SphereOfDissonance","infinitespire:WardingShard","ReplayTheSpireMod:CursedCoin","Bag of Preparation","hubris:DuctTape","Replay:Rubber Ducky","aspiration:FrozenJewel","Toxic Egg 2","hubris:Backtick","Mummified Hand","Toolbox","ClockworkSouvenir","Astrolabe","aspiration:Stabinomicon","Calipers","infinitespire:Satchel","Sling","Shuriken","Pantograph","Onion Ring","Shovel","hubris:TenFootPole","aspiration:RunicSpoon","Pen Nib","aspiration:ChemicalBlood","HornCleat","Replay:Bandana","PreservedInsect","Blood Vial","Ancient Tea Set","Lantern","Orichalcum","hubris:MysteriousPyramids","hubris:NiceRug","Chameleon Ring","Sundial","Replay:Lucky Slots","Kunai","Bronze Scales","Toolbox","Pondfish Scales"],"acts_visited":["Exordium","TheCity","TheBeyond","TheEnding"],"potions_floor_usage":[],"damage_taken":[{"damage":0.0,"enemies":"infinitespire:Voidling","floor":1.0,"turns":2.0},{"damage":0.0,"enemies":"Jaw Worm","floor":2.0,"turns":2.0},{"damage":0.0,"enemies":"Cultist","floor":3.0,"turns":2.0},{"damage":0.0,"enemies":"Looter","floor":4.0,"turns":2.0},{"damage":2.0,"enemies":"Exordium Wildlife","floor":5.0,"turns":3.0},{"damage":0.0,"enemies":"Blue Slaver","floor":7.0,"turns":4.0},{"damage":0.0,"enemies":"Lots of Slimes","floor":8.0,"turns":6.0},{"damage":0.0,"enemies":"Fading Forest","floor":16.0,"turns":13.0},{"damage":0,"enemies":"2 Thieves","floor":18,"turns":4},{"damage":0,"enemies":"Shell Parasite","floor":19,"turns":3},{"damage":0,"enemies":"Cultist and Chosen","floor":22,"turns":5},{"damage":0,"enemies":"Gremlin Leader","floor":23,"turns":6},{"damage":0,"enemies":"Snake Plant","floor":25,"turns":3},{"damage":0,"enemies":"Slavers","floor":27,"turns":5},{"damage":0,"enemies":"Chosen and Byrds","floor":28,"turns":4},{"damage":0,"enemies":"Gremlin Leader","floor":31,"turns":3},{"damage":0,"enemies":"Champ","floor":33,"turns":5},{"damage":0,"enemies":"3 Darklings","floor":35,"turns":6},{"damage":0,"enemies":"3 Shapes","floor":36,"turns":3},{"damage":0,"enemies":"Sphere and 2 Shapes","floor":37,"turns":8},{"damage":0,"enemies":"Maw","floor":38,"turns":4},{"damage":0,"enemies":"R_Hoarder","floor":40,"turns":10},{"damage":0,"enemies":"Nemesis","floor":44,"turns":3},{"damage":0,"enemies":"Transient","floor":45,"turns":6},{"damage":0,"enemies":"Spire Growth","floor":47,"turns":3},{"damage":0,"enemies":"R_Hoarder","floor":48,"turns":2},{"damage":0,"enemies":"infinitespire:MassOfShapes","floor":50,"turns":4},{"damage":0,"enemies":"hubris:GrandSnecko","floor":51,"turns":3},{"damage":0,"enemies":"hubris:Merchant","floor":54,"turns":2},{"damage":0,"enemies":"Shield and Spear","floor":55,"turns":5},{"damage":0,"enemies":"The Heart","floor":56,"turns":7}],"seed_played":"7498028454609227612","potions_obtained":[{"floor":2.0,"key":"LiquidBronze"},{"floor":7.0,"key":"Regen Potion"},{"floor":23,"key":"Block Potion"},{"floor":45,"key":"Flashbang"}],"is_trial":false,"path_per_floor":["M","M","M","M","M","R","M","M","T","AVR","R","?","R","$","R","B",null,"M","M","?","$","M","E","R","M","T","E","M","?","R","E","R","B",null,"M","M","M","M","?","E","R","$","T","E","M","R","M","E","R","B","B",null,"R","$","E","B",null],"character_chosen":"SAIYAJIN","items_purchased":["Membership Card","Saiyan:Furor","Saiyan:PlotArmor","hubris:SphereOfDissonance","infinitespire:WardingShard","ReplayTheSpireMod:CursedCoin","Bag of Preparation","hubris:DuctTape","HandOfGreed","Replay:BasicMightCard","Saiyan:Planning","Saiyan:SuperSaiyanForm+1","Replay:Rubber Ducky","aspiration:FrozenJewel","Saiyan:CCCapsule","Toxic Egg 2","Saiyan:Flurry","Saiyan:PlotArmor","Saiyan:Makankosappo","Saiyan:PowerUp+1","ClockworkSouvenir","Calipers","infinitespire:Satchel","Sling","Saiyan:Taunt+1","Replay:Bandana"],"campfire_rested":1,"item_purchase_floors":[0,0,0,0,0,0,0,0,0,0,0,0,0,0,0,0,0,0,14,14,14,21,21,21,42,42],"current_hp_per_floor":[14,14,15,15,14,31,32,32,32,32,32,32,32,32,32,56,58,58,59,38,38,40,42,42,43,43,43,44,44,44,44,44,68,68,68,68,68,70,70,70,70,70,70,70,70,70,71,71,71,71,71,71,71,71,72,75],"gold":808,"neow_bonus":"","is_daily":false,"chose_seed":false,"campfire_upgraded":4,"win_rate":0.0,"timestamp":1612617385,"path_taken":["M","M","?","M","M","R","M","M","T","AVR","R","?","R","?","R","BOSS","M","M","?","$","M","E","R","M","T","E","M","?","R","E","R","BOSS","M","M","M","M","?","E","R","$","T","E","M","R","?","E","R","BOSS","BOSS","R","$","E","BOSS"],"items_purchased_type":["Relic","Card","Card","Relic","Relic","Relic","Relic","Relic","Card","Card","Card","Card","Relic","Relic","Card","Relic","Card","Card","Card","Card","Relic","Relic","Relic","Relic","Card","Relic"],"build_version":"2020-12-22","purchased_purges":4,"victory":true,"max_hp_per_floor":[55,55,56,56,57,57,58,58,58,58,58,58,58,58,58,59,59,59,60,60,60,62,64,64,65,65,65,66,66,66,66,66,68,68,68,68,68,70,70,70,70,70,70,70,70,70,71,71,71,71,71,71,71,71,72,75],"relic_stats":{"counters":[57,299],"Astrolabe":["Saiyan:UltraInstinct","Saiyan:PowerStance","Saiyan:PowerStance"],"aspiration:RunicSpoon":[154],"Pen Nib":[11],"PreservedInsect":215,"Bag of Preparation":[88],"Orichalcum":[0],"Blood Vial":36,"Shovel":5,"Mummified Hand":[389],"Shuriken":[15],"Sundial":[0],"Pantograph":22,"Bronze Scales":[111],"Kunai":[3],"obtain_stats":[{"Calipers":21,"Nilry\u0027s Codex":20,"Vajra":52,"downfall:HeartBlessingGreen":35,"aspiration:Stabinomicon":20,"Ginger":21,"hubris:MysteriousPyramids":53,"Sling":44,"Blood Vial":15,"HornCleat":41,"Sundial":54,"Strawberry":47,"Honey Jar":34,"Kunai":52,"Replay:Wax Seal":43,"Toxic Egg 2":0,"Happy Flower":11,"hubris:DuctTape":0,"ReplayTheSpireMod:CursedCoin":0,"Astrolabe":17,"Oddly Smooth Stone":32,"hubris:SphereOfDissonance":0,"Pen Nib":46,"SaiyanHeart":0,"War Paint":29,"aspiration:FrozenJewel":0,"Replay:Baseball":3,"Shuriken":23,"MutagenicStrength":30,"Bronze Scales":54,"Simple Rune":4,"Onion Ring":27,"hubris:TenFootPole":23,"Grinning Jar":36,"ReplayFunnel":14,"Lantern":2,"Regal Pillow":28,"aspiration:TomeofQuesting":24,"Juzu Bracelet":9,"hubris:SlimyHat":28,"Bag of Preparation":30,"Ancient Tea Set":46,"Replay:Rubber Ducky":0,"ClockworkSouvenir":14,"Nunchaku":43,"Replay:Bandana":42,"hubris:Backtick":10,"Shovel":31,"Chameleon Ring":54,"downfall:HeartBlessingBlue":18,"Mummified Hand":10,"Pantograph":26,"Toolbox":10,"Replay:Lucky Slots":54,"aspiration:ChemicalBlood":40,"Replay:Fungal Core":21,"downfall:HeartBlessingRed":35,"aspiration:RunicSpoon":34,"PreservedInsect":43,"Frozen Egg 2":41,"Orichalcum":49,"Pondfish Scales":55,"infinitespire:WardingShard":0,"infinitespire:Satchel":49,"SaiyanSoul":0,"ChewingGum":17,"Bag of Marbles":39,"Membership Card":0,"ReplayTheSpireMod:Lightbulb":23,"Toy Ornithopter":37,"hubris:NiceRug":54},{"Calipers":36,"Nilry\u0027s Codex":9,"Vajra":25,"downfall:HeartBlessingGreen":15,"aspiration:Stabinomicon":36,"Ginger":9,"hubris:MysteriousPyramids":54,"Sling":21,"Blood Vial":7,"HornCleat":48,"Sundial":55,"Strawberry":22,"Honey Jar":15,"Kunai":25,"Replay:Wax Seal":20,"Toxic Egg 2":26,"Happy Flower":5,"hubris:DuctTape":26,"ReplayTheSpireMod:CursedCoin":26,"Astrolabe":34,"Oddly Smooth Stone":14,"hubris:SphereOfDissonance":26,"Pen Nib":21,"SaiyanHeart":0,"War Paint":12,"aspiration:FrozenJewel":26,"Replay:Baseball":1,"Shuriken":38,"MutagenicStrength":13,"Bronze Scales":55,"Simple Rune":2,"Onion Ring":40,"hubris:TenFootPole":10,"Grinning Jar":16,"ReplayFunnel":6,"Lantern":1,"Regal Pillow":11,"aspiration:TomeofQuesting":10,"Juzu Bracelet":4,"hubris:SlimyHat":11,"Bag of Preparation":13,"Ancient Tea Set":50,"Replay:Rubber Ducky":26,"ClockworkSouvenir":33,"Nunchaku":20,"Replay:Bandana":48,"hubris:Backtick":33,"Shovel":42,"Chameleon Ring":55,"downfall:HeartBlessingBlue":8,"Mummified Hand":33,"Pantograph":39,"Toolbox":33,"Replay:Lucky Slots":55,"aspiration:ChemicalBlood":48,"Replay:Fungal Core":9,"downfall:HeartBlessingRed":15,"aspiration:RunicSpoon":43,"PreservedInsect":48,"Frozen Egg 2":19,"Orichalcum":52,"Pondfish Scales":56,"infinitespire:WardingShard":26,"infinitespire:Satchel":23,"SaiyanSoul":0,"ChewingGum":8,"Bag of Marbles":19,"Membership Card":26,"ReplayTheSpireMod:Lightbulb":10,"Toy Ornithopter":17,"hubris:NiceRug":55},{"Calipers":202,"Nilry\u0027s Codex":44,"Vajra":150,"downfall:HeartBlessingGreen":92,"aspiration:Stabinomicon":202,"Ginger":44,"hubris:MysteriousPyramids":285,"Sling":122,"Blood Vial":37,"HornCleat":264,"Sundial":287,"Strawberry":128,"Honey Jar":92,"Kunai":150,"Replay:Wax Seal":121,"Toxic Egg 2":161,"Happy Flower":27,"hubris:DuctTape":161,"ReplayTheSpireMod:CursedCoin":161,"Astrolabe":195,"Oddly Smooth Stone":86,"hubris:SphereOfDissonance":161,"Pen Nib":122,"SaiyanHeart":0,"War Paint":71,"aspiration:FrozenJewel":161,"Replay:Baseball":8,"Shuriken":213,"MutagenicStrength":77,"Bronze Scales":287,"Simple Rune":15,"Onion Ring":221,"hubris:TenFootPole":55,"Grinning Jar":97,"ReplayFunnel":32,"Lantern":8,"Regal Pillow":61,"aspiration:TomeofQuesting":55,"Juzu Bracelet":22,"hubris:SlimyHat":61,"Bag of Preparation":77,"Ancient Tea Set":273,"Replay:Rubber Ducky":161,"ClockworkSouvenir":182,"Nunchaku":121,"Replay:Bandana":264,"hubris:Backtick":182,"Shovel":228,"Chameleon Ring":287,"downfall:HeartBlessingBlue":41,"Mummified Hand":182,"Pantograph":216,"Toolbox":182,"Replay:Lucky Slots":287,"aspiration:ChemicalBlood":264,"Replay:Fungal Core":44,"downfall:HeartBlessingRed":92,"aspiration:RunicSpoon":233,"PreservedInsect":264,"Frozen Egg 2":113,"Orichalcum":278,"Pondfish Scales":292,"infinitespire:WardingShard":161,"infinitespire:Satchel":135,"SaiyanSoul":0,"ChewingGum":41,"Bag of Marbles":113,"Membership Card":161,"ReplayTheSpireMod:Lightbulb":55,"Toy Ornithopter":102,"hubris:NiceRug":287}]},"card_choices":[{"not_picked":["Saiyan:MeteorDash","Saiyan:KiExplosion+1"],"picked":"Saiyan:Flurry","floor":1.0},{"not_picked":["Saiyan:SpiritSword","Saiyan:Quickening+1","Saiyan:MeteorDash"],"picked":"SKIP","floor":2.0},{"not_picked":["Saiyan:KiExplosion+1","Saiyan:FingerParry+1","Saiyan:Planning+1"],"picked":"SKIP","floor":3.0},{"not_picked":["Saiyan:Planning+1","Saiyan:KiExplosion+1"],"picked":"Saiyan:CCCapsule+1","floor":4.0},{"not_picked":["Saiyan:Teleport+1","Saiyan:TransfigurationBeam"],"picked":"Saiyan:SuperSaiyanForm","floor":5.0},{"not_picked":["Saiyan:DoubleMasenko","Saiyan:SuperSaiyanForm"],"picked":"Saiyan:PlotArmor","floor":7.0},{"not_picked":["Saiyan:DoubleMasenko","Saiyan:KiExplosion+1","Saiyan:KameHameHa"],"picked":"SKIP","floor":8.0},{"not_picked":["Saiyan:GenkiDama","Saiyan:Rekindle+1"],"picked":"Saiyan:HyperTimeChamber","floor":16.0},{"not_picked":["Saiyan:Twize+1","Saiyan:Quickening+1","Saiyan:KiExplosion+1"],"picked":"SKIP","floor":18},{"not_picked":["Saiyan:PowerStance","Saiyan:ConcussiveBlow"],"picked":"Saiyan:PowerUp+1","floor":19},{"not_picked":["Saiyan:ExpandingShockwave","Saiyan:Pacing+1","Saiyan:Planning+1"],"picked":"SKIP","floor":22},{"not_picked":["Saiyan:MindBoom+1","Saiyan:SaiyanHubris+1","Saiyan:DragonFist"],"picked":"SKIP","floor":23},{"not_picked":["Saiyan:MindBoom+1","Saiyan:SaiyanHubris+1","Saiyan:DragonFist"],"picked":"SKIP","floor":23},{"not_picked":["Saiyan:BackAttack","Saiyan:BigBangAttack","Saiyan:KiExplosion+1"],"picked":"SKIP","floor":25},{"not_picked":["Saiyan:PressOn+1","Saiyan:PowerUp+1"],"picked":"Saiyan:Furor","floor":27},{"not_picked":["Saiyan:Fly+1","Saiyan:UltraInstinct+1","Saiyan:MeteorDash"],"picked":"SKIP","floor":28},{"not_picked":["Saiyan:Medicine+1","Saiyan:ConcussiveBlow","Saiyan:ExpandingShockwave"],"picked":"SKIP","floor":31},{"not_picked":["Saiyan:Momentum","Saiyan:Rekindle+1"],"picked":"Saiyan:MonkeyTail","floor":33},{"not_picked":["Saiyan:Honing+1","Saiyan:FingerParry+1","Saiyan:Flurry"],"picked":"SKIP","floor":35},{"not_picked":["Saiyan:Afterimage+1","Saiyan:BigBangAttack+1","Saiyan:FingerParry+1"],"picked":"SKIP","floor":36},{"not_picked":["Saiyan:BackAttack+1","Saiyan:Kienzan","Saiyan:Flurry+1"],"picked":"SKIP","floor":37},{"not_picked":["Saiyan:Furor","Saiyan:Quickening+1","Saiyan:ExpandingShockwave+1"],"picked":"SKIP","floor":38},{"not_picked":["Saiyan:Rekindle+1","Saiyan:Overexert+1","Saiyan:SaiyanHubris+1"],"picked":"SKIP","floor":40},{"not_picked":["Saiyan:Flurry+1","Saiyan:ExpandingShockwave+1","Saiyan:MeteorDash"],"picked":"SKIP","floor":44},{"not_picked":["Saiyan:MeteorDash","Saiyan:KiExplosion+1","Saiyan:UltraInstinct+1"],"picked":"SKIP","floor":45},{"not_picked":["Saiyan:Medicine+1","Saiyan:Flurry"],"picked":"Saiyan:Makankosappo","floor":47},{"not_picked":["Saiyan:MeteorDash+1","Saiyan:Furor"],"picked":"Saiyan:WarmUp+1","floor":48},{"not_picked":[],"picked":"ReplayTheSpireMod:Private Reserves+1","floor":54},{"not_picked":["Saiyan:DragonFist"],"picked":"SKIP","floor":54},{"not_picked":["Saiyan:DoubleMasenko"],"picked":"SKIP","floor":54},{"not_picked":["Saiyan:FingerParry+1"],"picked":"SKIP","floor":54},{"not_picked":["Saiyan:PowerUp+1"],"picked":"SKIP","floor":54},{"not_picked":["Saiyan:TurtleShell"],"picked":"SKIP","floor":54},{"not_picked":["Chrysalis+1"],"picked":"SKIP","floor":54},{"not_picked":["Saiyan:Afterimage+1","Saiyan:DoubleMasenko","Saiyan:FinalFlash+1"],"picked":"SKIP","floor":55},{"not_picked":["Saiyan:Afterimage+1","Saiyan:DoubleMasenko"],"picked":"Saiyan:FinalFlash+1","floor":55}],"player_experience":809769,"relics_obtained":[{"floor":20,"key":"aspiration:Stabinomicon"},{"floor":23,"key":"Shuriken"},{"floor":26,"key":"Pantograph"},{"floor":27,"key":"Onion Ring"},{"floor":31,"key":"Shovel"},{"floor":32,"key":"hubris:TenFootPole"},{"floor":40,"key":"Pen Nib"},{"floor":40,"key":"aspiration:ChemicalBlood"},{"floor":41,"key":"HornCleat"},{"floor":43,"key":"PreservedInsect"},{"floor":44,"key":"Blood Vial"},{"floor":46,"key":"Ancient Tea Set"},{"floor":48,"key":"Lantern"},{"floor":49,"key":"Orichalcum"},{"floor":53,"key":"hubris:MysteriousPyramids"},{"floor":54,"key":"Chameleon Ring"},{"floor":54,"key":"Sundial"},{"floor":54,"key":"Replay:Lucky Slots"},{"floor":54,"key":"Kunai"},{"floor":54,"key":"Bronze Scales"},{"floor":54,"key":"Toolbox"},{"floor":55,"key":"Pondfish Scales"}],"event_choices":[{"damage_healed":0.0,"max_hp_gain":0.0,"max_hp_loss":0.0,"gold_gain":150.0,"event_name":"betterThird:BetterSerpent","player_choice":"AGREE","floor":12.0,"gold_loss":0.0,"damage_taken":296.0},{"damage_healed":0,"gold_gain":0,"player_choice":"Obtained Book","damage_taken":21,"max_hp_gain":0,"max_hp_loss":0,"event_name":"Cursed Tome","floor":20,"gold_loss":0},{"damage_healed":0,"gold_gain":50,"player_choice":"Steal","damage_taken":0,"max_hp_gain":0,"max_hp_loss":0,"event_name":"betterThird:BetterNest","floor":29,"gold_loss":0},{"damage_healed":0,"gold_gain":0,"player_choice":"Forge","damage_taken":0,"max_hp_gain":0,"max_hp_loss":0,"event_name":"Accursed Blacksmith","floor":39,"gold_loss":0,"cards_upgraded":["Saiyan:MonkeyTail"]}],"is_beta":false,"boss_relics":[{"not_picked":["Runic Pyramid","Runic Dome"],"picked":"Astrolabe"},{"not_picked":["Velvet Choker","Fusion Hammer"],"picked":"aspiration:RunicSpoon"}],"items_purged_floors":[10,14,42,54],"is_endless":false,"potions_floor_spawned":[2,4,7,8,23,27,31,36,38,40,45],"ascension_level":20}}