{"host":"3a1ypf1irl30q4k8","time":1612618068,"event":{"mods":["AchievementEnabler","BaseMod","Bestiary","Minty Spire (QoL Compilation)","Relic Stats","ojb\u0027s Better Paths Mod","ojb\u0027s Info Mod"],"gold_per_floor":[116,136,211,227,240,240,251,251,251,265,265,285,285,298,298,395,395,410,425,425,3,22,22,54,32,32,46,46,76,92,0,0,99,99,110,129,55,55,68,96,114,114,114,114,134,163,175,202,214,226,226],"floor_reached":50,"language":"ENG","playtime":2344,"items_purged":[],"score":698,"play_id":"32cf580b-7f28-4016-8614-318f46bbae3b","local_time":"20210206132748","is_ascension_mode":true,"campfire_choices":[{"data":"Cleave","floor":6,"key":"SMITH"},{"data":"Bash","floor":8,"key":"SMITH"},{"data":"Cleave","floor":11,"key":"SMITH"},{"data":"Iron Wave","floor":13,"key":"SMITH"},{"data":"Pommel Strike","floor":15,"key":"SMITH"},{"data":"Uppercut","floor":23,"key":"SMITH"},{"data":"Body Slam","floor":28,"key":"SMITH"},{"floor":32,"key":"REST"},{"floor":42,"key":"REST"},{"floor":44,"key":"REST"},{"floor":49,"key":"RECALL"}],"circlet_count":0,"master_deck":["Strike_R","Strike_R","Defend_R","Defend_R","Defend_R","Defend_R","Bash+1","Cleave+1","Cleave+1","Pommel Strike+1","Iron Wave+1","Warcry","Feed","Reckless Charge+1","Wild Strike+1","Double Tap+1","Uppercut+1","Defend_R","Shrug It Off","Double Tap+1","True Grit","Body Slam+1","Entrench","Shrug It Off","Headbutt","Sever Soul","Rage","Doubt"],"relics":["Busted Crown","Happy Flower","Astrolabe","Shuriken","DollysMirror","Art of War","Sundial","Pantograph","Sozu","Blue Candle","MawBank"],"acts_visited":["Exordium","TheCity","TheBeyond"],"potions_floor_usage":[7,16,18,22,22,29,30,33],"damage_taken":[{"damage":2,"enemies":"2 Louse","floor":1,"turns":2},{"damage":8,"enemies":"Small Slimes","floor":2,"turns":4},{"damage":1,"enemies":"Cultist","floor":4,"turns":3},{"damage":8,"enemies":"3 Louse","floor":5,"turns":2},{"damage":14,"enemies":"Exordium Wildlife","floor":7,"turns":3},{"damage":0,"enemies":"Large Slime","floor":10,"turns":2},{"damage":6,"enemies":"Looter","floor":12,"turns":2},{"damage":0,"enemies":"3 Louse","floor":14,"turns":1},{"damage":8,"enemies":"Slime Boss","floor":16,"turns":8},{"damage":2,"enemies":"2 Thieves","floor":18,"turns":3},{"damage":13,"enemies":"3 Byrds","floor":19,"turns":5},{"damage":0,"enemies":"Snecko","floor":22,"turns":3},{"damage":18,"enemies":"Gremlin Leader","floor":24,"turns":4},{"damage":8,"enemies":"3 Cultists","floor":27,"turns":5},{"damage":8,"enemies":"Slavers","floor":29,"turns":4},{"damage":7,"enemies":"Cultist and Chosen","floor":30,"turns":4},{"damage":77,"enemies":"Automaton","floor":33,"turns":9},{"damage":18,"enemies":"3 Shapes","floor":35,"turns":4},{"damage":0,"enemies":"Orb Walker","floor":36,"turns":3},{"damage":20,"enemies":"Spire Growth","floor":39,"turns":3},{"damage":59,"enemies":"Nemesis","floor":40,"turns":7},{"damage":0,"enemies":"Transient","floor":41,"turns":5},{"damage":19,"enemies":"3 Darklings","floor":45,"turns":3},{"damage":37,"enemies":"Reptomancer","floor":46,"turns":7},{"damage":56,"enemies":"Writhing Mass","floor":48,"turns":8},{"damage":89,"enemies":"Time Eater","floor":50,"turns":7}],"seed_played":"6283278209655211468","potions_obtained":[{"floor":1,"key":"PowerPotion"},{"floor":4,"key":"Dexterity Potion"},{"floor":7,"key":"Ancient Potion"},{"floor":16,"key":"SpeedPotion"},{"floor":19,"key":"Regen Potion"},{"floor":22,"key":"Strength Potion"},{"floor":29,"key":"Explosive Potion"},{"floor":30,"key":"GamblersBrew"},{"floor":33,"key":"FairyPotion"}],"is_trial":false,"path_per_floor":["M","M","?","M","M","R","M","R","T","M","R","M","R","M","R","B",null,"M","M","?","$","M","R","E","$","T","M","R","E","M","?","R","B",null,"M","M","$","?","M","E","M","R","T","R","M","E","?","M","R","B"],"character_chosen":"IRONCLAD","items_purchased":["Shrug It Off","Shuriken","DollysMirror","True Grit","Sever Soul"],"campfire_rested":3,"item_purchase_floors":[21,21,21,25,37],"current_hp_per_floor":[78,70,59,58,50,50,36,36,36,36,36,30,30,30,30,22,66,67,54,54,54,63,63,48,48,48,40,40,35,28,28,54,5,70,55,55,55,55,38,9,9,38,38,67,48,11,98,42,42,0,0],"gold":226,"neow_bonus":"BOSS_RELIC","is_daily":false,"chose_seed":false,"campfire_upgraded":7,"win_rate":0.0,"timestamp":1612618068,"path_taken":["M","M","?","M","M","R","M","R","T","M","R","M","R","M","R","BOSS","M","M","?","$","?","R","E","$","T","M","R","E","M","?","R","BOSS","M","M","$","?","M","E","M","R","T","R","M","E","?","M","R","BOSS"],"items_purchased_type":["Card","Relic","Relic","Card","Card"],"build_version":"2020-12-22","purchased_purges":0,"victory":false,"max_hp_per_floor":[80,80,80,80,80,80,80,80,80,80,80,80,80,80,80,80,80,83,83,83,83,83,83,86,86,86,86,86,89,89,89,89,92,92,95,95,95,95,98,98,98,98,98,98,98,98,98,98,98,98,98],"relic_stats":{"Sozu":4,"Busted Crown":50,"Happy Flower":[32],"counters":[26,111],"Shuriken":[44],"Sundial":[4],"Astrolabe":["Reckless Charge","Wild Strike","Double Tap"],"Pantograph":50,"Blue Candle":[2],"Art of War":[4],"MawBank":48,"obtain_stats":[{"Sozu":34,"Busted Crown":0,"Happy Flower":9,"Shuriken":21,"DollysMirror":21,"Sundial":26,"Astrolabe":17,"Pantograph":29,"Blue Candle":40,"Art of War":24,"MawBank":46,"Burning Blood":0},{"Sozu":17,"Busted Crown":0,"Happy Flower":5,"Shuriken":11,"DollysMirror":11,"Sundial":13,"Astrolabe":9,"Pantograph":15,"Blue Candle":21,"Art of War":13,"MawBank":24,"Burning Blood":0},{"Sozu":64,"Busted Crown":0,"Happy Flower":14,"Shuriken":35,"DollysMirror":35,"Sundial":42,"Astrolabe":27,"Pantograph":51,"Blue Candle":81,"Art of War":42,"MawBank":96,"Burning Blood":0}]},"card_choices":[{"not_picked":[],"picked":"Cleave","floor":1},{"not_picked":[],"picked":"Cleave","floor":2},{"not_picked":["Heavy Blade"],"picked":"SKIP","floor":4},{"not_picked":["Rupture"],"picked":"SKIP","floor":5},{"not_picked":[],"picked":"Pommel Strike","floor":7},{"not_picked":[],"picked":"Wild Strike","floor":10},{"not_picked":[],"picked":"Iron Wave","floor":12},{"not_picked":[],"picked":"Warcry","floor":14},{"not_picked":[],"picked":"Feed","floor":16},{"not_picked":["Anger+1"],"picked":"SKIP","floor":18},{"not_picked":[],"picked":"Uppercut","floor":19},{"not_picked":["Thunderclap"],"picked":"SKIP","floor":22},{"not_picked":["Combust+1"],"picked":"SKIP","floor":24},{"not_picked":[],"picked":"Body Slam","floor":27},{"not_picked":[],"picked":"Entrench","floor":29},{"not_picked":["Rupture+1"],"picked":"SKIP","floor":30},{"not_picked":[],"picked":"Shrug It Off","floor":35},{"not_picked":[],"picked":"Headbutt","floor":36},{"not_picked":["Cleave"],"picked":"SKIP","floor":39},{"not_picked":["Entrench"],"picked":"SKIP","floor":40},{"not_picked":["Anger"],"picked":"SKIP","floor":41},{"not_picked":[],"picked":"Rage","floor":45},{"not_picked":["Metallicize"],"picked":"SKIP","floor":46},{"not_picked":["Flex"],"picked":"SKIP","floor":48}],"player_experience":1349186,"relics_obtained":[{"floor":9,"key":"Happy Flower"},{"floor":24,"key":"Art of War"},{"floor":26,"key":"Sundial"},{"floor":29,"key":"Pantograph"},{"floor":40,"key":"Blue Candle"},{"floor":46,"key":"MawBank"}],"event_choices":[{"damage_healed":0,"gold_gain":75,"player_choice":"Gather Gold","damage_taken":11,"max_hp_gain":0,"max_hp_loss":0,"event_name":"World of Goop","floor":3,"gold_loss":0},{"cards_removed":["Wild Strike"],"damage_healed":0,"gold_gain":0,"player_choice":"Took Card","damage_taken":0,"max_hp_gain":0,"max_hp_loss":0,"event_name":"NoteForYourself","floor":20,"gold_loss":0,"cards_obtained":["Defend_R"]},{"damage_healed":0,"gold_gain":0,"player_choice":"Paid Fearfully","damage_taken":0,"max_hp_gain":0,"max_hp_loss":0,"event_name":"Masked Bandits","floor":31,"gold_loss":92},{"damage_healed":0,"gold_gain":0,"player_choice":"Ignored","damage_taken":0,"max_hp_gain":0,"max_hp_loss":0,"event_name":"Mysterious Sphere","floor":38,"gold_loss":0},{"damage_healed":87,"gold_gain":0,"player_choice":"Heal","damage_taken":0,"max_hp_gain":0,"max_hp_loss":0,"event_name":"MindBloom","floor":47,"gold_loss":0,"cards_obtained":["Doubt"]}],"is_beta":false,"boss_relics":[{"not_picked":["Runic Pyramid","Ectoplasm"],"picked":"Astrolabe"},{"not_picked":["Runic Cube","SlaversCollar"],"picked":"Sozu"}],"items_purged_floors":[],"is_endless":false,"potions_floor_spawned":[1,4,7,16,19,22,29,30,33,36,39,45,48],"killed_by":"Time Eater","ascension_level":5}}