{"host":"f8toxsj3bk02pkeu","time":1612577490,"event":{"mods":["BaseMod","Minty Spire (QoL Compilation)","Permanent Neow","Quick Restart","StSLib","SuperFastMode"],"gold_per_floor":[114,114,39,54,4,4,54,140,140,48,98,98,172,186,186,279,279,292,342,392,463,488,488,488,488],"floor_reached":24,"language":"ENG","playtime":957,"items_purged":["Strike_R","Defend_R"],"score":408,"play_id":"f355181a-a2d5-4c90-b29e-b8a18bd1c615","local_time":"20210205191130","is_ascension_mode":true,"campfire_choices":[{"data":"True Grit","floor":6,"key":"SMITH"},{"data":"Flash of Steel","floor":12,"key":"SMITH"},{"data":"Double Tap","floor":15,"key":"SMITH"}],"circlet_count":0,"master_deck":["AscendersBane","Strike_R+1","Strike_R+1","Strike_R+1","Strike_R+1","Defend_R+1","Defend_R+1","Defend_R+1","Bash","True Grit+1","Flash of Steel+1","Double Tap+1","Shrug It Off","Feed"],"relics":["Burning Blood","Happy Flower","SsserpentHead","Golden Idol","Odd Mushroom","Question Card","Meat on the Bone","Philosopher\u0027s Stone"],"acts_visited":["Exordium","TheCity"],"potions_floor_usage":[8,16,18,23],"damage_taken":[{"damage":2,"enemies":"Jaw Worm","floor":1,"turns":3},{"damage":7,"enemies":"Cultist","floor":4,"turns":4},{"damage":6,"enemies":"The Mushroom Lair","floor":8,"turns":5},{"damage":11,"enemies":"Small Slimes","floor":13,"turns":4},{"damage":16,"enemies":"2 Fungi Beasts","floor":14,"turns":5},{"damage":45,"enemies":"The Guardian","floor":16,"turns":15},{"damage":26,"enemies":"2 Thieves","floor":18,"turns":5},{"damage":20,"enemies":"3 Byrds","floor":21,"turns":5},{"damage":36,"enemies":"Shelled Parasite and Fungi","floor":22,"turns":5},{"damage":65,"enemies":"Slavers","floor":23,"turns":9},{"damage":24,"enemies":"Sentry and Sphere","floor":24,"turns":5}],"seed_played":"-2160416286683477067","potions_obtained":[{"floor":4,"key":"Ancient Potion"},{"floor":13,"key":"SneckoOil"},{"floor":16,"key":"FearPotion"},{"floor":20,"key":"SmokeBomb"},{"floor":20,"key":"FairyPotion"}],"is_trial":false,"path_per_floor":["M","?","$","M","$","R","?","?","T","$","T","R","M","M","R","B",null,"M","?","?","M","M","E","M"],"character_chosen":"IRONCLAD","items_purchased":["Flash of Steel"],"campfire_rested":0,"item_purchase_floors":[10],"current_hp_per_floor":[72,72,72,71,71,71,45,45,45,45,45,45,52,54,54,27,63,55,55,55,56,41,26,2,2],"gold":488,"neow_bonus":"RANDOM_COMMON_RELIC","is_daily":false,"chose_seed":false,"campfire_upgraded":3,"win_rate":0.0,"timestamp":1612577490,"path_taken":["M","?","$","M","?","R","?","?","T","$","?","R","?","M","R","BOSS","M","?","?","?","M","E","M"],"items_purchased_type":["Card"],"build_version":"2020-12-22","purchased_purges":2,"victory":false,"max_hp_per_floor":[75,75,75,75,75,75,75,75,75,75,75,75,75,75,75,75,75,75,75,75,78,81,84,84,84],"card_choices":[{"not_picked":["Dark Embrace","Heavy Blade"],"picked":"True Grit","floor":1},{"not_picked":["Sword Boomerang","Flex","Armaments"],"picked":"SKIP","floor":4},{"not_picked":["Perfected Strike","Whirlwind","Reckless Charge"],"picked":"Double Tap","floor":13},{"not_picked":["Thunderclap","Havoc","Heavy Blade"],"picked":"Shrug It Off","floor":14},{"not_picked":["Limit Break","Bludgeon","Corruption"],"picked":"Feed","floor":16},{"not_picked":["Clash","Metallicize","Sentinel","Warcry"],"picked":"SKIP","floor":18},{"not_picked":["Perfected Strike","Iron Wave","Sever Soul","Havoc"],"picked":"SKIP","floor":21},{"not_picked":["Armaments","Hemokinesis","Sword Boomerang","Perfected Strike"],"picked":"SKIP","floor":22}],"player_experience":975503,"relics_obtained":[{"floor":8,"key":"Odd Mushroom"},{"floor":9,"key":"Question Card"},{"floor":11,"key":"Meat on the Bone"}],"event_choices":[{"damage_healed":0,"gold_gain":0,"player_choice":"Trade","damage_taken":0,"relics_obtained":["SsserpentHead"],"max_hp_gain":0,"max_hp_loss":0,"event_name":"FaceTrader","floor":2,"gold_loss":0},{"damage_healed":0,"gold_gain":0,"player_choice":"Take Damage","damage_taken":26,"relics_obtained":["Golden Idol"],"max_hp_gain":0,"max_hp_loss":0,"event_name":"Golden Idol","floor":7,"gold_loss":0},{"damage_healed":0,"gold_gain":0,"player_choice":"Fought Mushrooms","damage_taken":0,"max_hp_gain":0,"max_hp_loss":0,"event_name":"Mushrooms","floor":8,"gold_loss":0},{"damage_healed":0,"gold_gain":0,"player_choice":"Simplicity","damage_taken":0,"max_hp_gain":0,"max_hp_loss":0,"event_name":"Back to Basics","floor":19,"gold_loss":0,"cards_upgraded":["Strike_R","Strike_R","Strike_R","Strike_R","Defend_R","Defend_R","Defend_R"]},{"damage_healed":0,"gold_gain":0,"player_choice":"Got Potions","damage_taken":0,"max_hp_gain":0,"max_hp_loss":0,"event_name":"Lab","floor":20,"gold_loss":0}],"is_beta":false,"boss_relics":[{"not_picked":["Velvet Choker","Black Blood"],"picked":"Philosopher\u0027s Stone"}],"items_purged_floors":[3,5],"is_endless":false,"potions_floor_spawned":[4,13,16,21,23],"killed_by":"Sentry and Sphere","ascension_level":20}}