{"host":"rmt60uil2jppa14k","time":1612571440,"event":{"mods":["AchievementEnabler","BaseMod","Colored Powertips","Highlight Path","Minty Spire (QoL Compilation)","Quick Restart","Shop Mod","StSLib"],"gold_per_floor":[117,417,417,417,431,462,462,462,514,529,65,84,84,103,103,233,233,257,272,272,13,31,31,49,73,146,160,180,180,180],"floor_reached":29,"language":"ENG","playtime":1195,"items_purged":[],"score":254,"play_id":"ff9fe5d6-c296-4a7f-a65c-5fdaf85fe4c0","local_time":"20210206003040","is_ascension_mode":false,"campfire_choices":[{"floor":8,"key":"REST"},{"floor":13,"key":"REST"},{"floor":15,"key":"REST"},{"floor":23,"key":"REST"}],"circlet_count":0,"master_deck":["Strike_B","Strike_B","Strike_B","Defend_B","Defend_B","Defend_B","Defend_B","Zap","Dualcast","Static Discharge","Beam Cell","Leap","Barrage","Ball Lightning","Capacitor","White Noise","Ball Lightning","Gash","Redo","Cold Snap","Thunder Strike","Turbo","Ball Lightning","Fusion+1","Glacier","Conserve Battery","Stack","Turbo+1"],"relics":["Cracked Core","Omamori","Old Coin","Golden Idol","Pantograph","Bag of Preparation","HornCleat","Inserter","Mango","Ornamental Fan","Frozen Egg 2"],"acts_visited":["Exordium","TheCity"],"potions_floor_usage":[6,16,18,18,27,28,28,29],"damage_taken":[{"damage":4,"enemies":"Jaw Worm","floor":1,"turns":5},{"damage":7,"enemies":"2 Louse","floor":5,"turns":3},{"damage":32,"enemies":"Gremlin Nob","floor":6,"turns":4},{"damage":7,"enemies":"Small Slimes","floor":10,"turns":3},{"damage":11,"enemies":"Exordium Thugs","floor":12,"turns":3},{"damage":10,"enemies":"Large Slime","floor":14,"turns":5},{"damage":32,"enemies":"The Guardian","floor":16,"turns":8},{"damage":13,"enemies":"Spheric Guardian","floor":18,"turns":5},{"damage":1,"enemies":"Chosen","floor":19,"turns":4},{"damage":33,"enemies":"Snake Plant","floor":22,"turns":5},{"damage":4,"enemies":"Snecko","floor":24,"turns":4},{"damage":52,"enemies":"3 Cultists","floor":25,"turns":6},{"damage":9,"enemies":"Snake Plant","floor":27,"turns":5},{"damage":5,"enemies":"Chosen and Byrds","floor":28,"turns":3},{"damage":7,"enemies":"3 Cultists","floor":29,"turns":3}],"seed_played":"7215804166062638568","potions_obtained":[{"floor":1,"key":"FocusPotion"},{"floor":5,"key":"Ancient Potion"},{"floor":14,"key":"LiquidBronze"},{"floor":16,"key":"AttackPotion"},{"floor":18,"key":"Fruit Juice"},{"floor":24,"key":"Swift Potion"},{"floor":25,"key":"EssenceOfSteel"},{"floor":27,"key":"LiquidMemories"},{"floor":28,"key":"PowerPotion"}],"is_trial":false,"path_per_floor":["M","?","?","?","M","E","?","R","T","M","$","M","R","M","R","B",null,"M","M","?","$","M","R","M","M","T","M","M","M"],"character_chosen":"DEFECT","items_purchased":["Capacitor","White Noise","Ball Lightning","HornCleat","Gash","Ornamental Fan"],"campfire_rested":4,"item_purchase_floors":[11,11,11,11,11,21],"current_hp_per_floor":[71,46,46,46,39,7,7,29,29,22,22,11,33,23,45,38,75,67,66,80,80,47,75,71,19,19,10,5,0,0],"gold":180,"neow_bonus":"RANDOM_COMMON_RELIC","is_daily":false,"chose_seed":false,"campfire_upgraded":0,"win_rate":0.0,"timestamp":1612571440,"path_taken":["M","?","?","?","M","E","?","R","T","M","$","M","R","?","R","BOSS","M","M","?","$","M","R","?","M","T","M","M","M"],"items_purchased_type":["Card","Card","Card","Relic","Card","Relic"],"build_version":"2020-12-22","purchased_purges":0,"victory":false,"max_hp_per_floor":[75,75,75,75,75,75,75,75,75,75,75,75,75,75,75,75,75,80,80,94,94,94,94,94,94,94,94,94,94,94],"card_choices":[{"not_picked":["Rip and Tear","Blizzard"],"picked":"Static Discharge","floor":1},{"not_picked":["Steam","Hologram"],"picked":"Beam Cell","floor":5},{"not_picked":["Rip and Tear","Fission"],"picked":"Leap","floor":6},{"not_picked":["BootSequence","Beam Cell"],"picked":"Ball Lightning","floor":10},{"not_picked":["Gash","Go for the Eyes"],"picked":"Redo","floor":12},{"not_picked":["Heatsinks","Skim"],"picked":"Cold Snap","floor":14},{"not_picked":["Buffer","Multi-Cast"],"picked":"Thunder Strike","floor":16},{"not_picked":["Hologram","Leap"],"picked":"Turbo","floor":18},{"not_picked":["Steam","Hologram"],"picked":"Ball Lightning","floor":19},{"not_picked":["Streamline","Melter"],"picked":"Fusion+1","floor":22},{"not_picked":["Beam Cell+1","Steam"],"picked":"Glacier","floor":24},{"not_picked":["Biased Cognition","Redo"],"picked":"Conserve Battery","floor":25},{"not_picked":["Consume","Redo"],"picked":"Stack","floor":27},{"not_picked":["Reprogram","Sweeping Beam"],"picked":"Turbo+1","floor":28}],"player_experience":140181,"relics_obtained":[{"floor":6,"key":"Pantograph"},{"floor":9,"key":"Bag of Preparation"},{"floor":26,"key":"Frozen Egg 2"}],"event_choices":[{"damage_healed":0,"gold_gain":0,"player_choice":"Success","damage_taken":25,"relics_obtained":["Old Coin"],"max_hp_gain":0,"max_hp_loss":0,"event_name":"Scrap Ooze","floor":2,"gold_loss":0},{"damage_healed":0,"gold_gain":0,"player_choice":"Ignored","damage_taken":0,"max_hp_gain":0,"max_hp_loss":0,"event_name":"Liars Game","floor":3,"gold_loss":0},{"damage_healed":0,"gold_gain":0,"player_choice":"Take Wound","damage_taken":0,"relics_obtained":["Golden Idol"],"max_hp_gain":0,"max_hp_loss":0,"event_name":"Golden Idol","floor":4,"gold_loss":0,"cards_obtained":["Injury"]},{"damage_healed":0,"gold_gain":0,"cards_transformed":["Strike_B"],"player_choice":"Transformed","damage_taken":0,"max_hp_gain":0,"max_hp_loss":0,"event_name":"Transmorgrifier","floor":7,"gold_loss":0,"cards_obtained":["Barrage"]},{"damage_healed":0,"gold_gain":0,"player_choice":"Gave Potion","damage_taken":0,"relics_obtained":["Mango"],"max_hp_gain":0,"max_hp_loss":0,"event_name":"WeMeetAgain","floor":20,"gold_loss":0}],"is_beta":false,"boss_relics":[{"not_picked":["Tiny House","Empty Cage"],"picked":"Inserter"}],"items_purged_floors":[],"is_endless":false,"potions_floor_spawned":[1,5,14,16,18,24,25,27,28],"killed_by":"3 Cultists","ascension_level":0}}