{"host":"d61fcf2p3sjwe6yo","time":1612642319,"event":{"mods":["BaseMod","Colored Map","Koishi","Marisa????????","Minty Spire (QoL Compilation)","Reimu??????","StSLib","SuperFastMode","The Servant 0.9.4"],"gold_per_floor":[113,73,88,105,105,105,119,133,133,166,166,46,61,89,89,188,188,207,225,225,240,200,228,228,245,290,290,33,53,152,186,186,291,291,311,330,376,82,82,108,0,18,18,37,63,74,74,84,84,84,84,84,16,45,45],"floor_reached":56,"language":"ENG","playtime":3523,"items_purged":["Strike_Lin:ReiMu","Defend_Lin:ReiMu"],"score":1359,"play_id":"469f740c-ef75-4846-a0ab-b81de6d60e77","local_time":"20210206231159","is_ascension_mode":false,"campfire_choices":[{"data":"CareerPray:ReiMu","floor":6,"key":"SMITH"},{"data":"DependentForm:ReiMu","floor":11,"key":"SMITH"},{"data":"SpreadBorder2:ReiMu","floor":15,"key":"SMITH"},{"data":"SpreadBorder2:ReiMu","floor":27,"key":"SMITH"},{"data":"LearningPray:ReiMu","floor":32,"key":"SMITH"},{"data":"Stagnation:ReiMu","floor":47,"key":"SMITH"},{"floor":49,"key":"RECALL"},{"data":"NB:ReiMu","floor":52,"key":"SMITH"}],"circlet_count":0,"master_deck":["Strike_Lin:ReiMu","Strike_Lin:ReiMu","Strike_Lin:ReiMu","Defend_Lin:ReiMu","Defend_Lin:ReiMu+1","Defend_Lin:ReiMu","NB:ReiMu+1","Stagnation:ReiMu+1","CareerPray:ReiMu+1","SpreadBorder2:ReiMu+1","SpringWay:ReiMu","CareerPray:ReiMu+1","Conquer:ReiMu","DependentForm:ReiMu+1","SpreadBorder2:ReiMu+1","BlastKick2:ReiMu","LearningPray:ReiMu+1","ZunPunch:ReiMu+1","SpreadBorder2:ReiMu+1","Enchanting:ReiMu+1","CleanRite:ReiMu+1","LearningPray:ReiMu+1","Mountainwind:ReiMu+1","AirManeuver:ReiMu+1","SpreadBorder2:ReiMu+1","UniversalSpiritual:ReiMu+1","PrayRite:ReiMu+1","Revelation:ReiMu+1","SealNeedle:ReiMu"],"relics":["ShineYinYang:ReiMu","PaintedHorse:ReiMu","Matryoshka","Letter Opener","War Paint","PreservedInsect","Lantern","Coffee Dripper","Toxic Egg 2","Anchor","Bronze Scales","Mastiff:ReiMu","HornCleat","CatCart","Bow_fan:ReiMu","Omamori","Art of War","Red Mask","The Courier","White Beast Statue","Gremlin Horn"],"acts_visited":["Exordium","TheCity","TheBeyond","TheEnding"],"potions_floor_usage":[14,50,50,50,50,50,55],"damage_taken":[{"damage":2,"enemies":"Cultist","floor":1,"turns":5},{"damage":0,"enemies":"Jaw Worm","floor":3,"turns":5},{"damage":3,"enemies":"2 Louse","floor":4,"turns":3},{"damage":0,"enemies":"2 Fungi Beasts","floor":7,"turns":5},{"damage":1,"enemies":"Red Slaver","floor":8,"turns":3},{"damage":0,"enemies":"Lagavulin","floor":10,"turns":6},{"damage":7,"enemies":"Blue Slaver","floor":13,"turns":4},{"damage":3,"enemies":"Gremlin Nob","floor":14,"turns":4},{"damage":11,"enemies":"Hexaghost","floor":16,"turns":9},{"damage":0,"enemies":"Chosen","floor":18,"turns":4},{"damage":0,"enemies":"3 Byrds","floor":19,"turns":5},{"damage":4,"enemies":"Sentry and Sphere","floor":21,"turns":6},{"damage":0,"enemies":"Gremlin Leader","floor":23,"turns":4},{"damage":4,"enemies":"Centurion and Healer","floor":25,"turns":5},{"damage":0,"enemies":"Cultist and Chosen","floor":29,"turns":4},{"damage":2,"enemies":"Book of Stabbing","floor":31,"turns":3},{"damage":0,"enemies":"Collector","floor":33,"turns":4},{"damage":5,"enemies":"3 Darklings","floor":35,"turns":5},{"damage":0,"enemies":"3 Shapes","floor":36,"turns":4},{"damage":51,"enemies":"Orin","floor":37,"turns":10},{"damage":3,"enemies":"Giant Head","floor":40,"turns":6},{"damage":0,"enemies":"3 Darklings","floor":42,"turns":2},{"damage":4,"enemies":"4 Shapes","floor":44,"turns":7},{"damage":0,"enemies":"Reptomancer","floor":45,"turns":6},{"damage":0,"enemies":"Transient","floor":46,"turns":5},{"damage":0,"enemies":"Jaw Worm Horde","floor":48,"turns":3},{"damage":2,"enemies":"Awakened One","floor":50,"turns":10},{"damage":20,"enemies":"Shield and Spear","floor":54,"turns":5},{"damage":50,"enemies":"The Heart","floor":55,"turns":11}],"seed_played":"1117437267476514500","potions_obtained":[{"floor":4,"key":"EntropicBrew"},{"floor":7,"key":"SkillPotion"},{"floor":14,"key":"SkillPotion"},{"floor":16,"key":"SmokeBomb"},{"floor":18,"key":"Strength Potion"},{"floor":35,"key":"DuplicationPotion"},{"floor":54,"key":"EssenceOfSteel"}],"is_trial":false,"path_per_floor":["M","?","M","M","T","R","M","M","T","E","R","$","M","E","R","B",null,"M","M","?","M","?","E","?","M","T","R","$","M","?","E","R","B",null,"M","M","?","$","?","E","?","M","T","M","E","M","R","M","R","B",null,"R","$","E","B",null],"character_chosen":"REIMU","items_purchased":["SpreadBorder2:ReiMu","Mastiff:ReiMu","Bow_fan:ReiMu","Omamori","Revelation:ReiMu+1","SteroidPotion"],"campfire_rested":0,"item_purchase_floors":[12,28,38,38,53,53],"current_hp_per_floor":[69,69,69,66,66,66,66,65,65,65,65,65,58,55,55,44,71,71,71,71,67,67,68,68,64,64,64,64,64,64,62,62,62,71,66,66,15,15,15,12,12,12,12,8,8,8,8,8,8,6,71,71,71,51,1],"gold":45,"neow_bonus":"TEN_PERCENT_HP_BONUS","is_daily":false,"chose_seed":false,"campfire_upgraded":7,"win_rate":0.0,"timestamp":1612642319,"path_taken":["M","?","M","M","?","R","?","M","T","E","R","$","M","E","R","BOSS","M","M","?","M","?","E","?","M","T","R","$","?","?","E","R","BOSS","M","M","?","$","?","E","?","M","T","M","E","M","R","?","R","BOSS","R","$","E","BOSS"],"items_purchased_type":["Card","Relic","Relic","Relic","Card","Potion"],"build_version":"2020-12-22","purchased_purges":2,"victory":true,"max_hp_per_floor":[71,71,71,71,71,71,71,71,71,71,71,71,71,71,71,71,71,71,71,71,71,71,71,71,71,71,71,71,71,71,71,71,71,71,71,71,71,71,71,71,71,71,71,71,71,71,71,71,71,71,71,71,71,71,71],"card_choices":[{"not_picked":["Intuition:ReiMu","Dreaming2:ReiMu"],"picked":"CareerPray:ReiMu","floor":1},{"not_picked":["FantasyBorder:ReiMu","ManaGlint:ReiMu"],"picked":"SpreadBorder2:ReiMu","floor":3},{"not_picked":["EmergencyTakeOff:ReiMu","Intuition:ReiMu"],"picked":"SpringWay:ReiMu","floor":4},{"not_picked":["AlertArray:ReiMu","Enchanting:ReiMu"],"picked":"CareerPray:ReiMu","floor":7},{"not_picked":["PhosphorusFlame:ReiMu","AirManeuver:ReiMu"],"picked":"Conquer:ReiMu","floor":8},{"not_picked":["FantasyMoon:ReiMu","CollectionFlower2:ReiMu"],"picked":"DependentForm:ReiMu","floor":10},{"not_picked":["Conquer:ReiMu","PassingAway:ReiMu","AlertArray:ReiMu"],"picked":"SKIP","floor":13},{"not_picked":["TightArray:ReiMu","Conquer:ReiMu","SubcavityInstant:ReiMu"],"picked":"SKIP","floor":14},{"not_picked":["CeremonyResonance:ReiMu","OctopathSalyBorderN:ReiMu"],"picked":"BlastKick2:ReiMu","floor":16},{"not_picked":["OrbThrow:ReiMu","SubcavityInstant:ReiMu"],"picked":"Dreaming2:ReiMu","floor":18},{"not_picked":["OrbThrow:ReiMu","EmergencyTakeOff:ReiMu"],"picked":"LearningPray:ReiMu","floor":19},{"not_picked":["ManaGlint:ReiMu","Enchanting:ReiMu+1","SafetyPray:ReiMu+1"],"picked":"SKIP","floor":21},{"not_picked":["DoubleButterfly:ReiMu","KyokaiOfKami:ReiMu","OrbThrow:ReiMu+1"],"picked":"SKIP","floor":23},{"not_picked":["Intuition:ReiMu+1","KamiSacrifice:ReiMu+1"],"picked":"SpreadBorder2:ReiMu+1","floor":25},{"not_picked":["Conquer:ReiMu","Dreaming2:ReiMu+1"],"picked":"Enchanting:ReiMu+1","floor":29},{"not_picked":["SubAcupoint:ReiMu","RunawayExorcism:ReiMu+1","AlertArray:ReiMu+1"],"picked":"SKIP","floor":31},{"not_picked":["Determination:ReiMu","Free:ReiMu+1"],"picked":"CleanRite:ReiMu+1","floor":33},{"not_picked":["Meditation:ReiMu+1","CareerPray:ReiMu+1","SafetyPray:ReiMu+1"],"picked":"SKIP","floor":35},{"not_picked":["UpKicking:ReiMu+1","Enchanting:ReiMu+1"],"picked":"LearningPray:ReiMu+1","floor":36},{"not_picked":["SubAcupoint:ReiMu","Crusade:ReiMu"],"picked":"Mountainwind:ReiMu+1","floor":37},{"not_picked":["OrbThrow:ReiMu","BarrageOfMoneybags:ReiMu+1"],"picked":"AirManeuver:ReiMu+1","floor":40},{"not_picked":["SubcavityInstant:ReiMu+1","DependentForm:ReiMu"],"picked":"SpreadBorder2:ReiMu+1","floor":42},{"not_picked":["FantasyBorder:ReiMu+1","SubAcupoint:ReiMu+1"],"picked":"UniversalSpiritual:ReiMu+1","floor":44},{"not_picked":["FantasyBorder:ReiMu+1","RunawayExorcism:ReiMu+1"],"picked":"PrayRite:ReiMu+1","floor":45},{"not_picked":["YinYangSange:ReiMu+1","SubAcupoint:ReiMu","SpringWay:ReiMu+1"],"picked":"SKIP","floor":46},{"not_picked":["Enchanting:ReiMu+1","PayForSelf:ReiMu","Intuition:ReiMu+1"],"picked":"SKIP","floor":48},{"not_picked":["CollectionFlower2:ReiMu+1","Dreaming:ReiMu"],"picked":"SealNeedle:ReiMu","floor":54}],"player_experience":268359,"relics_obtained":[{"floor":5,"key":"Matryoshka"},{"floor":9,"key":"Letter Opener"},{"floor":9,"key":"War Paint"},{"floor":10,"key":"PreservedInsect"},{"floor":14,"key":"Lantern"},{"floor":23,"key":"Anchor"},{"floor":26,"key":"Bronze Scales"},{"floor":31,"key":"HornCleat"},{"floor":37,"key":"CatCart"},{"floor":40,"key":"Art of War"},{"floor":43,"key":"The Courier"},{"floor":45,"key":"White Beast Statue"},{"floor":54,"key":"Gremlin Horn"}],"event_choices":[{"damage_healed":0,"gold_gain":0,"player_choice":"Donate","damage_taken":0,"relics_obtained":["PaintedHorse:ReiMu"],"max_hp_gain":0,"max_hp_loss":0,"event_name":"yidonshenshe","floor":2,"gold_loss":40},{"damage_healed":0,"gold_gain":0,"player_choice":"Opened","damage_taken":0,"relics_obtained":["Toxic Egg 2"],"max_hp_gain":0,"max_hp_loss":0,"event_name":"The Mausoleum","floor":20,"gold_loss":0},{"damage_healed":0,"gold_gain":0,"player_choice":"Hand rover O-miki","damage_taken":0,"max_hp_gain":0,"max_hp_loss":0,"event_name":"ZunEvent","floor":22,"relics_lost":["ZunR:ReiMu"],"gold_loss":0,"cards_obtained":["ZunPunch:ReiMu"]},{"damage_healed":0,"gold_gain":0,"player_choice":"Ignored","damage_taken":0,"max_hp_gain":0,"max_hp_loss":0,"event_name":"N\u0027loth","floor":24,"gold_loss":0},{"damage_healed":0,"gold_gain":99,"player_choice":"Stole From Cult","damage_taken":0,"max_hp_gain":0,"max_hp_loss":0,"event_name":"Nest","floor":30,"gold_loss":0},{"damage_healed":0,"gold_gain":0,"player_choice":"Fight","damage_taken":0,"max_hp_gain":0,"max_hp_loss":0,"event_name":"OrinTheCat","floor":37,"gold_loss":0},{"cards_removed":["Dreaming2:ReiMu"],"damage_healed":0,"gold_gain":0,"player_choice":"Removed Attack","damage_taken":0,"max_hp_gain":0,"max_hp_loss":0,"event_name":"Falling","floor":39,"gold_loss":0},{"damage_healed":0,"gold_gain":0,"player_choice":"Paid","damage_taken":0,"relics_obtained":["Red Mask"],"max_hp_gain":0,"max_hp_loss":0,"event_name":"Tomb of Lord Red Mask","floor":41,"gold_loss":108}],"is_beta":false,"boss_relics":[{"not_picked":["Velvet Choker","Cursed Key"],"picked":"Coffee Dripper"},{"not_picked":["Astrolabe","Runic Pyramid"],"picked":"ShineYinYang:ReiMu"}],"items_purged_floors":[12,28],"is_endless":false,"potions_floor_spawned":[4,7,14,16,18,23,25,35,40,42,46,48,54],"ascension_level":0}}