{"host":"ynimr9ugvc6f046i","time":1612625273,"event":{"mods":["2.2 Compatiblity","BaseMod","Colored Map","DeckTracker","Highlight Path","Keyboard Shortcuts","Minty Spire (QoL Compilation)","Permanent Neow","Quick Restart","StSLib","SuperFastMode"],"gold_per_floor":[114,39,114,125,125,125,154,173,173,173,186,204,236,250,250,326,326,339,350,365,375,375,375,375,34,112,129,158,158,170,195,195,272,272,292,307,320,220,220,220,520,538,538,565,575,607,639,670,682,694,706,718,730,62,91,91],"floor_reached":57,"language":"KOR","playtime":2559,"items_purged":["Strike_R","Anger","Bludgeon+1"],"score":2961,"play_id":"25b69d58-4ed6-4227-a307-536b885c45b6","local_time":"20210207002753","is_ascension_mode":true,"campfire_choices":[{"data":"Bludgeon","floor":6.0,"key":"SMITH"},{"data":"Battle Trance","floor":10.0,"key":"SMITH"},{"data":"Feed","floor":15.0,"key":"SMITH"},{"data":"Armaments","floor":23.0,"key":"SMITH"},{"floor":29.0,"key":"REST"},{"floor":32.0,"key":"RECALL"},{"data":"Burning Pact","floor":40,"key":"SMITH"},{"floor":49,"key":"REST"},{"data":"Disarm","floor":53,"key":"SMITH"}],"circlet_count":0,"master_deck":["AscendersBane","Defend_R","Defend_R","Defend_R","Defend_R","Bash","Finesse","Feed+1","Battle Trance+1","Disarm+1","Fiend Fire","Flame Barrier","Burning Pact+1","Ghostly","Ghostly","Ghostly","Apotheosis+1","Feel No Pain+1","Second Wind+1","Dropkick+1","Body Slam+1","Dual Wield+1","Second Wind+1","Warcry+1","Dark Embrace+1","Warcry"],"relics":["Burning Blood","White Beast Statue","Frozen Egg 2","Gambling Chip","Mark of Pain","Self Forming Clay","Singing Bowl","Nunchaku","Empty Cage","Sundial","MawBank","Bronze Scales","HornCleat","Pear"],"acts_visited":["Exordium","TheCity","TheBeyond","TheEnding"],"potions_floor_usage":[33,33,36,37,46,56,56],"damage_taken":[{"damage":2.0,"enemies":"Jaw Worm","floor":1.0,"turns":4.0},{"damage":0.0,"enemies":"Small Slimes","floor":4.0,"turns":5.0},{"damage":34.0,"enemies":"Gremlin Nob","floor":7.0,"turns":4.0},{"damage":16.0,"enemies":"Cultist","floor":8.0,"turns":5.0},{"damage":9.0,"enemies":"3 Louse","floor":11.0,"turns":4.0},{"damage":10.0,"enemies":"Blue Slaver","floor":12.0,"turns":4.0},{"damage":16.0,"enemies":"Lagavulin","floor":13.0,"turns":5.0},{"damage":5.0,"enemies":"Gremlin Gang","floor":14.0,"turns":4.0},{"damage":32.0,"enemies":"Hexaghost","floor":16.0,"turns":9.0},{"damage":0.0,"enemies":"Spheric Guardian","floor":18.0,"turns":2.0},{"damage":13.0,"enemies":"3 Byrds","floor":19.0,"turns":7.0},{"damage":28.0,"enemies":"Snake Plant","floor":20.0,"turns":4.0},{"damage":27.0,"enemies":"3 Cultists","floor":21.0,"turns":5.0},{"damage":2.0,"enemies":"Snecko","floor":27.0,"turns":9.0},{"damage":38.0,"enemies":"Gremlin Leader","floor":28.0,"turns":8.0},{"damage":10.0,"enemies":"Cultist and Chosen","floor":30.0,"turns":11.0},{"damage":8.0,"enemies":"Slavers","floor":31.0,"turns":5.0},{"damage":27,"enemies":"Collector","floor":33,"turns":7},{"damage":0,"enemies":"Orb Walker","floor":35,"turns":4},{"damage":1,"enemies":"3 Shapes","floor":36,"turns":5},{"damage":31,"enemies":"Spire Growth","floor":37,"turns":7},{"damage":10,"enemies":"Writhing Mass","floor":42,"turns":8},{"damage":0,"enemies":"Giant Head","floor":44,"turns":6},{"damage":51,"enemies":"Transient","floor":45,"turns":6},{"damage":0,"enemies":"Reptomancer","floor":46,"turns":6},{"damage":8,"enemies":"Spire Growth","floor":47,"turns":6},{"damage":8,"enemies":"Writhing Mass","floor":48,"turns":7},{"damage":4,"enemies":"Awakened One","floor":50,"turns":6},{"damage":54,"enemies":"Donu and Deca","floor":51,"turns":9},{"damage":3,"enemies":"Shield and Spear","floor":55,"turns":5},{"damage":67,"enemies":"The Heart","floor":56,"turns":9}],"seed_played":"-6624307680042888318","potions_obtained":[{"floor":1.0,"key":"Dexterity Potion"},{"floor":8.0,"key":"Regen Potion"},{"floor":11.0,"key":"DistilledChaos"},{"floor":12.0,"key":"FearPotion"},{"floor":13.0,"key":"Fire Potion"},{"floor":14.0,"key":"FearPotion"},{"floor":16.0,"key":"Regen Potion"},{"floor":18.0,"key":"BloodPotion"},{"floor":19.0,"key":"Dexterity Potion"},{"floor":21.0,"key":"Ancient Potion"},{"floor":28.0,"key":"Fire Potion"},{"floor":30.0,"key":"GamblersBrew"},{"floor":31.0,"key":"Block Potion"},{"floor":33,"key":"BloodPotion"},{"floor":35,"key":"Regen Potion"},{"floor":36,"key":"BlessingOfTheForge"},{"floor":37,"key":"BlessingOfTheForge"},{"floor":42,"key":"PowerPotion"},{"floor":44,"key":"EssenceOfSteel"},{"floor":45,"key":"ColorlessPotion"},{"floor":46,"key":"Dexterity Potion"}],"is_trial":false,"path_per_floor":["M","?","?","M","?","R","E","M","T","R","M","M","E","M","R","B",null,"M","M","M","M","?","R","?","$","T","M","E","R","M","E","R","B",null,"M","M","M","$","?","R","?","M","T","E","M","E","M","M","R","B","B",null,"R","$","E","B",null],"character_chosen":"IRONCLAD","items_purchased":["Feel No Pain+1","Dark Embrace+1","Bronze Scales","HornCleat","Warcry"],"campfire_rested":2,"item_purchase_floors":[25,54,54,54,54],"current_hp_per_floor":[72,72,61,67,67,67,39,32,32,32,44,43,36,40,40,18,75,85,102,84,67,55,55,55,55,55,59,29,47,47,51,51,32,63,69,79,76,76,76,76,76,72,72,84,41,47,47,49,78,80,32,82,82,82,97,36],"gold":91,"neow_bonus":"RANDOM_COLORLESS","is_daily":false,"chose_seed":false,"campfire_upgraded":6,"win_rate":0.0,"timestamp":1612625273,"path_taken":["M","?","?","M","?","R","E","M","T","R","M","M","E","M","R","BOSS","M","?","M","M","?","R","?","$","T","M","E","R","M","E","R","BOSS","M","?","M","$","?","R","?","M","T","E","M","E","?","M","R","BOSS","BOSS","R","$","E","BOSS"],"items_purchased_type":["Card","Card","Relic","Relic","Card"],"build_version":"2020-12-22","purchased_purges":3,"victory":true,"max_hp_per_floor":[75,75,75,75,75,75,75,78,78,78,81,84,87,90,90,94,94,98,102,106,110,55,55,55,55,55,59,61,61,65,71,71,73,73,73,79,85,85,85,85,85,85,85,91,93,93,95,99,99,99,99,99,99,99,111,111],"card_choices":[{"not_picked":["Blind","Swift Strike"],"picked":"Finesse","floor":0.0},{"not_picked":["Perfected Strike","True Grit","Thunderclap"],"picked":"SKIP","floor":1.0},{"not_picked":["Headbutt","Armaments"],"picked":"Anger","floor":4.0},{"not_picked":["Warcry","Perfected Strike"],"picked":"Feed","floor":7.0},{"not_picked":["Cleave","True Grit"],"picked":"Battle Trance","floor":8.0},{"not_picked":["Spot Weakness","Clothesline","Armaments"],"picked":"SKIP","floor":11.0},{"not_picked":["Searing Blow","Clothesline","Hemokinesis"],"picked":"SKIP","floor":12.0},{"not_picked":["Hemokinesis","True Grit","Iron Wave"],"picked":"SKIP","floor":13.0},{"not_picked":["Rage","Flex"],"picked":"Disarm","floor":14.0},{"not_picked":["Reaper","Limit Break"],"picked":"Fiend Fire","floor":16.0},{"not_picked":["Sword Boomerang","Flex"],"picked":"Flame Barrier","floor":18.0},{"not_picked":["Anger","Dropkick","Flex"],"picked":"SKIP","floor":19.0},{"not_picked":["Havoc","Intimidate"],"picked":"Burning Pact","floor":20.0},{"not_picked":["Infernal Blade+1","Heavy Blade"],"picked":"Armaments","floor":21.0},{"not_picked":["Headbutt","Bludgeon"],"picked":"Second Wind+1","floor":27.0},{"not_picked":["Rampage+1","Combust+1","Rage"],"picked":"Singing Bowl","floor":28.0},{"not_picked":["Perfected Strike","Havoc"],"picked":"Dropkick+1","floor":30.0},{"not_picked":["Combust+1","Headbutt+1","Anger"],"picked":"Singing Bowl","floor":31.0},{"not_picked":["Reaper","Fiend Fire","Limit Break"],"picked":"Singing Bowl","floor":33},{"not_picked":["Perfected Strike+1","Flame Barrier"],"picked":"Body Slam+1","floor":35},{"not_picked":["Thunderclap+1","Wild Strike","Rupture+1"],"picked":"Singing Bowl","floor":36},{"not_picked":["Combust+1","Flame Barrier+1","Anger"],"picked":"Singing Bowl","floor":37},{"not_picked":["Shrug It Off+1","Perfected Strike"],"picked":"Dual Wield+1","floor":42},{"not_picked":["Carnage+1","Rupture+1","Headbutt"],"picked":"Singing Bowl","floor":44},{"not_picked":["Body Slam","True Grit","Immolate"],"picked":"Singing Bowl","floor":45},{"not_picked":["Searing Blow","Rampage"],"picked":"Second Wind+1","floor":46},{"not_picked":["Iron Wave","Reckless Charge+1","Feel No Pain+1"],"picked":"Singing Bowl","floor":47},{"not_picked":["Sword Boomerang","Flex"],"picked":"Warcry+1","floor":48},{"not_picked":["Fiend Fire","Anger+1","Twin Strike"],"picked":"Singing Bowl","floor":55}],"player_experience":560601,"relics_obtained":[{"floor":7.0,"key":"White Beast Statue"},{"floor":9.0,"key":"Frozen Egg 2"},{"floor":13.0,"key":"Gambling Chip"},{"floor":26.0,"key":"Self Forming Clay"},{"floor":28.0,"key":"Singing Bowl"},{"floor":31.0,"key":"Nunchaku"},{"floor":44,"key":"Sundial"},{"floor":46,"key":"MawBank"},{"floor":55,"key":"Pear"}],"event_choices":[{"cards_removed":["Strike_R"],"damage_healed":0.0,"max_hp_gain":0.0,"max_hp_loss":0.0,"gold_gain":0.0,"event_name":"The Cleric","player_choice":"Card Removal","floor":2.0,"gold_loss":75.0,"damage_taken":0.0},{"damage_healed":0.0,"max_hp_gain":0.0,"max_hp_loss":0.0,"gold_gain":75.0,"event_name":"World of Goop","player_choice":"Gather Gold","floor":3.0,"gold_loss":0.0,"damage_taken":11.0},{"damage_healed":0.0,"max_hp_gain":0.0,"max_hp_loss":0.0,"gold_gain":0.0,"cards_transformed":["Strike_R"],"event_name":"Transmorgrifier","player_choice":"Transformed","floor":5.0,"gold_loss":0.0,"damage_taken":0.0,"cards_obtained":["Bludgeon"]},{"damage_healed":0.0,"max_hp_gain":0.0,"max_hp_loss":55.0,"gold_gain":0.0,"event_name":"Ghosts","player_choice":"Became a Ghost","floor":22.0,"gold_loss":0.0,"damage_taken":0.0,"cards_obtained":["Ghostly","Ghostly","Ghostly"]},{"damage_healed":0.0,"max_hp_gain":0.0,"max_hp_loss":0.0,"gold_gain":0.0,"event_name":"N\u0027loth","player_choice":"Ignored","floor":24.0,"gold_loss":0.0,"damage_taken":0.0},{"damage_healed":0,"gold_gain":0,"player_choice":"Ignored","damage_taken":0,"max_hp_gain":0,"max_hp_loss":0,"event_name":"Tomb of Lord Red Mask","floor":39,"gold_loss":0},{"damage_healed":0,"gold_gain":300,"player_choice":"Gold","damage_taken":0,"max_hp_gain":0,"max_hp_loss":0,"event_name":"Wheel of Change","floor":41,"gold_loss":0}],"is_beta":false,"boss_relics":[{"not_picked":["Calling Bell","Busted Crown"],"picked":"Mark of Pain"},{"not_picked":["Tiny House","Runic Cube"],"picked":"Empty Cage"}],"items_purged_floors":[25,38,54],"is_endless":false,"potions_floor_spawned":[1,8,11,12,13,14,16,18,19,20,21,27,28,30,31,33,35,36,37,42,44,45,46,47,48,55],"ascension_level":20}}