{"host":"t4313i2190y6fz3q","time":1612652344,"event":{"mods":["2.2 Compatiblity","AchievementEnabler","Act Like it!","BaseMod","Colored Powertips","Downfall","Highlight Path","Minty Spire (QoL Compilation)","Permanent Neow","Quick Restart","Rare Cards Sparkle","StSLib"],"gold_per_floor":[116,127,147,147,30,30,44,44,44,44,79,79,90,123,123,197,197,207,217,217,232,252,252,281,281,306,324,324,350,365,28,28,99,99,109,128,68,81,101,101,101,101,101,101,126,153,153,163,163,163],"floor_reached":51,"language":"ENG","playtime":1594,"items_purged":["Defend_P"],"score":1621,"play_id":"8043b8a1-8614-44c3-a811-d876a5c2cca2","local_time":"20210206145904","is_ascension_mode":true,"campfire_choices":[{"data":"SandsOfTime","floor":6.0,"key":"SMITH"},{"data":"WheelKick","floor":8.0,"key":"SMITH"},{"data":"Halt","floor":12.0,"key":"SMITH"},{"data":"Omniscience","floor":15.0,"key":"SMITH"},{"data":"SpiritShield","floor":23.0,"key":"SMITH"},{"data":"Evaluate","floor":25.0,"key":"SMITH"},{"data":"WaveOfTheHand","floor":32.0,"key":"SMITH"},{"data":"Meditate","floor":40.0,"key":"SMITH"},{"data":"Scrawl","floor":42.0,"key":"SMITH"},{"data":"Evaluate","floor":44.0,"key":"SMITH"},{"data":"Vigilance","floor":49.0,"key":"SMITH"}],"circlet_count":0,"master_deck":["AscendersBane","Strike_P","Strike_P","Strike_P","Defend_P","Eruption+1","Vigilance+1","Evaluate+1","Evaluate+1","FlyingSleeves+1","WheelKick+1","SandsOfTime+1","Halt+1","CrushJoints+1","Omniscience+1","SpiritShield+1","CarveReality+1","Conclude+1","Worship+1","Tantrum+1","CrushJoints+1","EmptyFist+1","Sanctity+1","Collect+1","TalkToTheHand+1","Meditate+1","WaveOfTheHand+1","Scrawl+1","Consecrate+1","Wallop+1","CurseOfTheBell","CurseOfTheBell"],"relics":["PureWater","Lantern","StrikeDummy","Molten Egg 2","The Courier","Astrolabe","Anchor","Mango","Vajra","Dead Branch","Guardian:PocketSentry","TeardropLocket","Sozu","Eternal Feather","FossilizedHelix","Pen Nib","downfall:ExtraCursedBell","Centennial Puzzle","Singing Bowl","Gambling Chip"],"acts_visited":["Exordium","TheCity","TheBeyond"],"potions_floor_usage":[50,50],"damage_taken":[{"damage":7.0,"enemies":"Cultist","floor":1.0,"turns":3.0},{"damage":0.0,"enemies":"Jaw Worm","floor":2.0,"turns":3.0},{"damage":1.0,"enemies":"2 Louse","floor":3.0,"turns":2.0},{"damage":8.0,"enemies":"2 Fungi Beasts","floor":7.0,"turns":3.0},{"damage":0.0,"enemies":"Lagavulin","floor":11.0,"turns":2.0},{"damage":0.0,"enemies":"3 Louse","floor":13.0,"turns":2.0},{"damage":0.0,"enemies":"3 Sentries","floor":14.0,"turns":3.0},{"damage":25.0,"enemies":"The Guardian","floor":16.0,"turns":7.0},{"damage":0.0,"enemies":"Spheric Guardian","floor":18.0,"turns":1.0},{"damage":9.0,"enemies":"Shell Parasite","floor":19.0,"turns":2.0},{"damage":12.0,"enemies":"Sentry and Sphere","floor":21.0,"turns":3.0},{"damage":0.0,"enemies":"Centurion and Healer","floor":22.0,"turns":3.0},{"damage":0.0,"enemies":"Book of Stabbing","floor":24.0,"turns":2.0},{"damage":0.0,"enemies":"3 Cultists","floor":27.0,"turns":3.0},{"damage":0.0,"enemies":"Gremlin Leader","floor":29.0,"turns":3.0},{"damage":0.0,"enemies":"Chosen and Byrds","floor":30.0,"turns":3.0},{"damage":17.0,"enemies":"Champ","floor":33.0,"turns":5.0},{"damage":6.0,"enemies":"3 Shapes","floor":35.0,"turns":3.0},{"damage":1.0,"enemies":"3 Darklings","floor":36.0,"turns":3.0},{"damage":0.0,"enemies":"Writhing Mass","floor":38.0,"turns":3.0},{"damage":0.0,"enemies":"Sphere and 2 Shapes","floor":39.0,"turns":2.0},{"damage":0.0,"enemies":"Mind Bloom Boss Battle","floor":45.0,"turns":2.0},{"damage":0.0,"enemies":"Reptomancer","floor":46.0,"turns":4.0},{"damage":0.0,"enemies":"3 Darklings","floor":48.0,"turns":1.0},{"damage":54,"enemies":"Donu and Deca","floor":50,"turns":6}],"seed_played":"5311583003341761144","potions_obtained":[{"floor":2.0,"key":"Slimebound:ThreeZeroPotion"},{"floor":7.0,"key":"DuplicationPotion"},{"floor":11.0,"key":"ColorlessPotion"},{"floor":14.0,"key":"Dexterity Potion"},{"floor":19.0,"key":"AttackPotion"},{"floor":21.0,"key":"Weak Potion"},{"floor":29.0,"key":"Energy Potion"},{"floor":33.0,"key":"BlessingOfTheForge"}],"is_trial":false,"path_per_floor":["M","M","M","?","$","R","M","R","T","?","E","R","M","E","R","B",null,"M","M","?","M","M","R","E","R","T","M","?","E","M","$","R","B",null,"M","M","$","M","M","R","?","R","T","R","?","E","?","M","R","B",null],"character_chosen":"WATCHER","items_purchased":["WheelKick","SandsOfTime","Guardian:PocketSentry","TeardropLocket"],"campfire_rested":0,"item_purchase_floors":[5,5,31,31],"current_hp_per_floor":[54,54,53,53,53,53,45,45,45,45,45,45,45,45,45,20,56,56,47,47,35,35,35,49,49,49,49,49,49,49,49,49,32,70,64,63,63,63,63,63,63,63,63,78,78,78,78,80,84,30],"gold":163,"neow_bonus":"RANDOM_COMMON_RELIC","is_daily":false,"chose_seed":false,"campfire_upgraded":11,"win_rate":0.0,"timestamp":1612652344,"path_taken":["M","?","M","?","$","R","M","R","T","?","E","R","M","E","R","BOSS","M","M","?","?","M","R","E","R","T","M","?","E","M","$","R","BOSS","M","M","$","M","M","R","?","R","T","R","?","E","?","M","R","BOSS"],"items_purchased_type":["Card","Card","Relic","Relic"],"build_version":"2020-12-22","purchased_purges":1,"victory":true,"max_hp_per_floor":[68,68,68,68,68,68,68,68,68,68,68,68,68,68,68,68,68,68,68,68,68,68,68,82,82,82,82,82,82,82,82,82,82,82,82,82,82,82,82,82,82,82,82,82,82,82,82,84,84,84],"card_choices":[{"not_picked":["SashWhip","Prostrate"],"picked":"Evaluate","floor":1.0},{"not_picked":["Crescendo","Prostrate"],"picked":"Evaluate","floor":2.0},{"not_picked":["SashWhip","Nirvana"],"picked":"FlyingSleeves","floor":3.0},{"not_picked":["Swivel","JustLucky","Worship"],"picked":"SKIP","floor":7.0},{"not_picked":["ForeignInfluence","Evaluate"],"picked":"Halt","floor":11.0},{"not_picked":["Collect","LessonLearned+1"],"picked":"CrushJoints+1","floor":13.0},{"not_picked":["Adaptation","ClearTheMind"],"picked":"Omniscience","floor":14.0},{"not_picked":["Vault","Alpha"],"picked":"SpiritShield","floor":16.0},{"not_picked":["FlyingSleeves+1","Halt"],"picked":"Tantrum+1","floor":18.0},{"not_picked":["WheelKick+1","WreathOfFlame"],"picked":"CrushJoints+1","floor":19.0},{"not_picked":["Fasting2","Sanctity","Halt"],"picked":"SKIP","floor":21.0},{"not_picked":["Evaluate","Conclude+1"],"picked":"EmptyFist+1","floor":22.0},{"not_picked":["BowlingBash+1","CarveReality+1"],"picked":"Sanctity+1","floor":24.0},{"not_picked":["CrushJoints+1","SashWhip+1"],"picked":"Collect+1","floor":27.0},{"not_picked":["Judgement","BowlingBash+1"],"picked":"Meditate","floor":29.0},{"not_picked":["Halt","Nirvana"],"picked":"WaveOfTheHand","floor":30.0},{"not_picked":["Devotion","Judgement"],"picked":"Scrawl","floor":33.0},{"not_picked":["Tantrum+1","EmptyFist+1","Study"],"picked":"SKIP","floor":35.0},{"not_picked":["EmptyBody+1","ClearTheMind"],"picked":"Consecrate+1","floor":36.0},{"not_picked":["Wireheading+1","Study+1","Consecrate+1"],"picked":"SKIP","floor":38.0},{"not_picked":["FollowUp+1","Evaluate","ClearTheMind"],"picked":"SKIP","floor":39.0},{"not_picked":["EmptyBody+1","Protect+1"],"picked":"Wallop+1","floor":45.0},{"not_picked":["FlyingSleeves+1","ClearTheMind","WheelKick+1"],"picked":"SKIP","floor":46.0},{"not_picked":["BowlingBash+1","Halt","WheelKick+1"],"picked":"Singing Bowl","floor":48.0}],"player_experience":235000,"relics_obtained":[{"floor":9.0,"key":"StrikeDummy"},{"floor":11.0,"key":"Molten Egg 2"},{"floor":14.0,"key":"The Courier"},{"floor":24.0,"key":"Mango"},{"floor":26.0,"key":"Vajra"},{"floor":29.0,"key":"Dead Branch"},{"floor":43.0,"key":"Eternal Feather"},{"floor":45.0,"key":"FossilizedHelix"},{"floor":46.0,"key":"Pen Nib"},{"floor":47.0,"key":"Centennial Puzzle"},{"floor":47.0,"key":"Singing Bowl"},{"floor":47.0,"key":"Gambling Chip"}],"event_choices":[{"damage_healed":0.0,"max_hp_gain":0.0,"max_hp_loss":0.0,"gold_gain":0.0,"event_name":"Living Wall","player_choice":"Grow","floor":4.0,"gold_loss":0.0,"damage_taken":0.0,"cards_upgraded":["Eruption"]},{"damage_healed":0.0,"max_hp_gain":0.0,"max_hp_loss":0.0,"gold_gain":0.0,"event_name":"Upgrade Shrine","player_choice":"Upgraded","floor":10.0,"gold_loss":0.0,"damage_taken":0.0,"cards_upgraded":["FlyingSleeves"]},{"damage_healed":0.0,"max_hp_gain":0.0,"max_hp_loss":0.0,"gold_gain":0.0,"event_name":"WeMeetAgain","player_choice":"Gave Potion","floor":20.0,"gold_loss":0.0,"damage_taken":0.0,"relics_obtained":["Anchor"]},{"damage_healed":0.0,"max_hp_gain":0.0,"max_hp_loss":0.0,"gold_gain":0.0,"event_name":"The Library","player_choice":"Read","floor":28.0,"gold_loss":0.0,"damage_taken":0.0,"cards_obtained":["TalkToTheHand"]},{"damage_healed":0.0,"max_hp_gain":0.0,"max_hp_loss":0.0,"gold_gain":0.0,"event_name":"SensoryStone","player_choice":"Memory 1","floor":41.0,"gold_loss":0.0,"damage_taken":0.0},{"damage_healed":0.0,"max_hp_gain":0.0,"max_hp_loss":0.0,"gold_gain":0.0,"event_name":"MindBloom","player_choice":"Fight","floor":45.0,"gold_loss":0.0,"damage_taken":0.0}],"is_beta":false,"boss_relics":[{"not_picked":["Philosopher\u0027s Stone","Velvet Choker"],"picked":"Astrolabe"},{"not_picked":["Tiny House","Empty Cage"],"picked":"Sozu"}],"items_purged_floors":[37],"is_endless":false,"potions_floor_spawned":[2,7,11,14,19,21,29,33,35,48],"ascension_level":18}}