{"host":"zlqt5v02sur1j944","time":1612599464,"event":{"mods":["BaseMod","Highlight Path","Minty Spire (QoL Compilation)","Relic Stats","StSLib"],"gold_per_floor":[15,15,15,31,31,31,59,90,173,212,274,303,315,315],"floor_reached":13,"language":"ENG","playtime":556,"items_purged":[],"score":186,"play_id":"3cb9929d-7cb1-4e33-90e6-5d28982feffc","local_time":"20210206001744","is_ascension_mode":true,"campfire_choices":[{"data":"Bash","floor":6,"key":"SMITH"}],"circlet_count":0,"master_deck":["AscendersBane","Strike_R","Strike_R","Strike_R","Strike_R","Defend_R","Defend_R","Defend_R","Defend_R","Bash+1","Pommel Strike","Dark Embrace","True Grit","Hemokinesis","Fiend Fire","Pommel Strike","Rage"],"relics":["Burning Blood","MawBank","Question Card","Orichalcum"],"acts_visited":["Exordium"],"potions_floor_usage":[10,13,13],"damage_taken":[{"damage":7,"enemies":"Jaw Worm","floor":1,"turns":5},{"damage":3,"enemies":"Small Slimes","floor":4,"turns":4},{"damage":55,"enemies":"Lagavulin","floor":7,"turns":8},{"damage":4,"enemies":"2 Louse","floor":8,"turns":4},{"damage":33,"enemies":"3 Sentries","floor":10,"turns":11},{"damage":10,"enemies":"Gremlin Gang","floor":12,"turns":5},{"damage":23,"enemies":"Gremlin Nob","floor":13,"turns":3}],"seed_played":"3617559032137210889","potions_obtained":[{"floor":7,"key":"ElixirPotion"},{"floor":8,"key":"Fire Potion"},{"floor":12,"key":"ElixirPotion"}],"is_trial":false,"path_per_floor":["M","?","?","M","?","R","E","M","T","E","?","M","E"],"character_chosen":"IRONCLAD","items_purchased":[],"campfire_rested":0,"item_purchase_floors":[],"current_hp_per_floor":[81,81,86,89,89,89,40,42,42,15,15,11,0,0],"gold":315,"neow_bonus":"TWENTY_PERCENT_HP_BONUS","is_daily":false,"chose_seed":false,"campfire_upgraded":1,"win_rate":0.0,"timestamp":1612599464,"path_taken":["M","?","?","M","?","R","E","M","T","E","?","M","E"],"items_purchased_type":[],"build_version":"2020-12-22","purchased_purges":0,"victory":false,"max_hp_per_floor":[89,89,94,94,94,94,94,94,94,94,94,94,94,94],"relic_stats":{"counters":[7,40],"Orichalcum":[24],"MawBank":72,"Question Card":2,"obtain_stats":[{"Orichalcum":10,"MawBank":7,"Question Card":9,"Burning Blood":0},{"Orichalcum":5,"MawBank":3,"Question Card":4,"Burning Blood":0},{"Orichalcum":32,"MawBank":17,"Question Card":21,"Burning Blood":0}],"Burning Blood":36},"card_choices":[{"not_picked":["Reckless Charge","Heavy Blade"],"picked":"Pommel Strike","floor":1},{"not_picked":["Clash","Flex"],"picked":"True Grit","floor":4},{"not_picked":["Clash","Carnage"],"picked":"Hemokinesis","floor":7},{"not_picked":["Cleave","Headbutt"],"picked":"Fiend Fire","floor":8},{"not_picked":["Twin Strike","Clash","Ghostly Armor"],"picked":"Pommel Strike","floor":10},{"not_picked":["Pommel Strike","Warcry","Perfected Strike"],"picked":"Rage","floor":12}],"player_experience":1227958,"relics_obtained":[{"floor":7,"key":"MawBank"},{"floor":9,"key":"Question Card"},{"floor":10,"key":"Orichalcum"}],"event_choices":[{"damage_healed":0,"gold_gain":0,"cards_transformed":["Strike_R"],"player_choice":"Change","damage_taken":0,"max_hp_gain":0,"max_hp_loss":0,"event_name":"Living Wall","floor":2,"gold_loss":0,"cards_obtained":["Dark Embrace"]},{"damage_healed":0,"gold_gain":0,"player_choice":"Donut","damage_taken":0,"max_hp_gain":5,"max_hp_loss":0,"event_name":"Big Fish","floor":3,"gold_loss":0},{"damage_healed":0,"gold_gain":0,"player_choice":"Ignored","damage_taken":0,"max_hp_gain":0,"max_hp_loss":0,"event_name":"Liars Game","floor":5,"gold_loss":0},{"damage_healed":0,"gold_gain":50,"player_choice":"Pray","damage_taken":0,"max_hp_gain":0,"max_hp_loss":0,"event_name":"Golden Shrine","floor":11,"gold_loss":0}],"is_beta":false,"boss_relics":[],"items_purged_floors":[],"is_endless":false,"potions_floor_spawned":[7,8,12],"killed_by":"Gremlin Nob","ascension_level":20}}