{"host":"Qube","time":1612638382,"event":{"mods":["AchievementEnabler","BaseMod","Colored Map","Colored Powertips","Highlight Path","Minty Spire (QoL Compilation)","Permanent Neow","Quick Restart","Random Character Button","StSLib"],"gold_per_floor":[214,233,233,249,269,269,304,304,330,330,363,375,24,24,24,95,95,115,115,127,141,153,153,153],"floor_reached":23,"language":"ENG","playtime":1135,"items_purged":[],"score":406,"play_id":"ca7e0622-9f06-422d-b666-e1c815203f8d","local_time":"20210206110622","is_ascension_mode":true,"campfire_choices":[{"data":"Zap","floor":6,"key":"SMITH"},{"data":"Beam Cell","floor":8,"key":"SMITH"},{"floor":10,"key":"REST"},{"data":"Hologram","floor":15,"key":"SMITH"}],"circlet_count":0,"master_deck":["AscendersBane","Strike_B","Strike_B","Strike_B","Strike_B","Defend_B","Defend_B","Defend_B","Defend_B","Zap+1","Dualcast","Beam Cell+1","Ball Lightning","Stack","Gash","Leap","Core Surge","Hologram+1","Apotheosis+1","Hyperbeam","Gash","Leap","Machine Learning","Reprogram"],"relics":["White Beast Statue","Strawberry","Pen Nib","MealTicket","DataDisk","Philosopher\u0027s Stone","Nloth\u0027s Gift"],"acts_visited":["Exordium","TheCity"],"potions_floor_usage":[4,5,7,18,22,23],"damage_taken":[{"damage":0,"enemies":"Cultist","floor":1,"turns":3},{"damage":12,"enemies":"Jaw Worm","floor":2,"turns":3},{"damage":3,"enemies":"2 Louse","floor":4,"turns":3},{"damage":0,"enemies":"Large Slime","floor":5,"turns":3},{"damage":22,"enemies":"Lagavulin","floor":7,"turns":6},{"damage":22,"enemies":"3 Sentries","floor":11,"turns":6},{"damage":2,"enemies":"Looter","floor":12,"turns":3},{"damage":21,"enemies":"Hexaghost","floor":16,"turns":8},{"damage":0,"enemies":"2 Thieves","floor":18,"turns":1},{"damage":25,"enemies":"Shell Parasite","floor":20,"turns":3},{"damage":3,"enemies":"3 Cultists","floor":21,"turns":5},{"damage":17,"enemies":"Snake Plant","floor":22,"turns":2},{"damage":47,"enemies":"Gremlin Leader","floor":23,"turns":2}],"seed_played":"1960005587227675719","potions_obtained":[{"floor":1,"key":"AttackPotion"},{"floor":4,"key":"Fire Potion"},{"floor":5,"key":"SkillPotion"},{"floor":7,"key":"SneckoOil"},{"floor":11,"key":"BlessingOfTheForge"},{"floor":12,"key":"FairyPotion"},{"floor":16,"key":"DuplicationPotion"},{"floor":18,"key":"FocusPotion"},{"floor":20,"key":"SpeedPotion"},{"floor":22,"key":"Explosive Potion"}],"is_trial":false,"path_per_floor":["M","M","T","M","M","R","E","R","T","R","E","M","$","?","R","B",null,"M","?","M","M","M","E"],"character_chosen":"DEFECT","items_purchased":["Apotheosis","DataDisk"],"campfire_rested":1,"item_purchase_floors":[13,13],"current_hp_per_floor":[64,52,52,49,49,49,34,34,34,57,35,33,48,48,48,27,65,65,65,40,37,20,0,0],"gold":153,"neow_bonus":"HUNDRED_GOLD","is_daily":false,"chose_seed":false,"campfire_upgraded":3,"win_rate":0.0,"timestamp":1612638382,"path_taken":["M","M","?","M","M","R","E","R","T","R","E","?","$","?","R","BOSS","M","?","M","M","M","E"],"items_purchased_type":["Card","Relic"],"build_version":"2020-12-18","purchased_purges":0,"victory":false,"max_hp_per_floor":[71,71,71,71,71,71,78,78,78,78,78,78,78,78,78,78,78,78,78,78,78,78,78,78],"card_choices":[{"not_picked":["Auto Shields","Rebound"],"picked":"Beam Cell","floor":1},{"not_picked":["Gash","Redo"],"picked":"Ball Lightning","floor":2},{"not_picked":["Beam Cell","Force Field"],"picked":"Stack","floor":4},{"not_picked":["White Noise","Double Energy"],"picked":"Gash","floor":5},{"not_picked":["Compile Driver","Doom and Gloom"],"picked":"Leap","floor":7},{"not_picked":["Heatsinks","Rip and Tear"],"picked":"Core Surge","floor":11},{"not_picked":["Skim","Tempest"],"picked":"Hologram","floor":12},{"not_picked":["Meteor Strike","Machine Learning"],"picked":"Hyperbeam","floor":16},{"not_picked":["Defragment","Cold Snap"],"picked":"Gash","floor":18},{"not_picked":["Turbo","Sweeping Beam"],"picked":"Leap","floor":20},{"not_picked":["Rebound","Static Discharge"],"picked":"Machine Learning","floor":21},{"not_picked":["Barrage","Sweeping Beam"],"picked":"Reprogram","floor":22}],"player_experience":1076168,"relics_obtained":[{"floor":3,"key":"White Beast Statue"},{"floor":7,"key":"Strawberry"},{"floor":9,"key":"Pen Nib"},{"floor":11,"key":"MealTicket"}],"event_choices":[{"damage_healed":0,"gold_gain":0,"player_choice":"Grow","damage_taken":0,"max_hp_gain":0,"max_hp_loss":0,"event_name":"Living Wall","floor":14,"gold_loss":0,"cards_upgraded":["Apotheosis"]},{"damage_healed":0,"gold_gain":0,"player_choice":"Traded Relic","damage_taken":0,"relics_obtained":["Nloth\u0027s Gift"],"max_hp_gain":0,"max_hp_loss":0,"event_name":"N\u0027loth","floor":19,"relics_lost":["Cracked Core"],"gold_loss":0}],"is_beta":true,"boss_relics":[{"not_picked":["FrozenCore","Tiny House"],"picked":"Philosopher\u0027s Stone"}],"items_purged_floors":[],"is_endless":false,"potions_floor_spawned":[1,4,5,7,11,12,16,18,20,21,22],"killed_by":"Gremlin Leader","ascension_level":20}}