{"host":"8d3fefv2347kqkpz","time":1612576124,"event":{"mods":["AchievementEnabler","Act Like it!","Aspiration","BaseMod","Better Vampires","Colored Map","Colored Powertips","Conspire","GifTheSpireLib","Highlight Path","Hubris","Mimic Mod","Minty Spire (QoL Compilation)","Quick Restart","Rare Cards Sparkle","Relic Stats","Replay The Spire","Spicy Shops","StSLib","The Jungle","Waifu the Spire"],"gold_per_floor":[114,114,39,54,74,74,92,106,129,10,10,28,45,58,58,160,160,176,188,219,238,238,238],"floor_reached":22,"language":"ZHS","playtime":768,"items_purged":["Strike_B","Defend_B"],"score":191,"play_id":"95921de9-eab6-4ba9-bb9d-cfe9bd87895d","local_time":"20210206094844","is_ascension_mode":true,"campfire_choices":[{"data":"Conserve Battery","floor":6,"key":"SMITH"},{"data":"The Bomb","floor":11,"key":"SMITH"},{"floor":15,"key":"REST"}],"circlet_count":0,"master_deck":["Strike_B","Strike_B","Strike_B","Defend_B","Defend_B","Defend_B","Zap","Dualcast","Conserve Battery+1","Leap","The Bomb+1"],"relics":["Cracked Core","NeowsBlessing","Ancient Tea Set","hubris:VirtuousBlindfold","conspire:Flyswatter"],"acts_visited":["Exordium","TheCity"],"potions_floor_usage":[],"damage_taken":[{"damage":0.0,"enemies":"Small Slimes","floor":1.0,"turns":1.0},{"damage":0,"enemies":"Jaw Worm","floor":4,"turns":1},{"damage":0,"enemies":"Cultist","floor":5,"turns":1},{"damage":3,"enemies":"Red Slaver","floor":7,"turns":3},{"damage":7,"enemies":"3 Louse","floor":8,"turns":3},{"damage":5,"enemies":"Exordium Wildlife","floor":12,"turns":5},{"damage":16,"enemies":"Exordium Thugs","floor":13,"turns":5},{"damage":7,"enemies":"3 Louse","floor":14,"turns":6},{"damage":24,"enemies":"Fading Forest","floor":16,"turns":11},{"damage":29,"enemies":"2 Thieves","floor":18,"turns":4},{"damage":6,"enemies":"Shell Parasite","floor":19,"turns":6},{"damage":8,"enemies":"Snecko","floor":20,"turns":10},{"damage":17,"enemies":"Snecko","floor":21,"turns":6},{"damage":16,"enemies":"Centurion and Healer","floor":22,"turns":2}],"seed_played":"5213498060495700256","potions_obtained":[{"floor":1.0,"key":"SkillPotion"},{"floor":5,"key":"FearPotion"},{"floor":7,"key":"AttackPotion"},{"floor":12,"key":"DuplicationPotion"}],"is_trial":false,"path_per_floor":["M","?","$","M","M","R","M","M","T","$","R","M","M","M","R","B",null,"M","M","MIM","M","M"],"character_chosen":"DEFECT","items_purchased":["The Bomb"],"campfire_rested":1,"item_purchase_floors":[10],"current_hp_per_floor":[75,75,75,75,75,75,72,65,65,65,65,60,44,37,59,35,75,46,40,32,15,0,0],"gold":238,"neow_bonus":"THREE_ENEMY_KILL","is_daily":false,"chose_seed":false,"campfire_upgraded":2,"win_rate":0.0,"timestamp":1612576124,"path_taken":["M","?","?","?","M","R","M","M","T","$","R","M","M","M","R","BOSS","M","M","?","M","M"],"items_purchased_type":["Card"],"build_version":"2020-12-22","purchased_purges":2,"victory":false,"max_hp_per_floor":[75,75,75,75,75,75,75,75,75,75,75,75,75,75,75,75,75,75,75,75,75,75,75],"relic_stats":{"counters":[14,64],"obtain_stats":[{"NeowsBlessing":0,"hubris:VirtuousBlindfold":17,"Cracked Core":0,"Ancient Tea Set":9,"conspire:Flyswatter":20},{"NeowsBlessing":0,"hubris:VirtuousBlindfold":9,"Cracked Core":0,"Ancient Tea Set":5,"conspire:Flyswatter":12},{"NeowsBlessing":0,"hubris:VirtuousBlindfold":36,"Cracked Core":0,"Ancient Tea Set":9,"conspire:Flyswatter":56}]},"card_choices":[{"not_picked":["Steam Power","Leap","Sweeping Beam"],"picked":"SKIP","floor":1.0},{"not_picked":["Panic Button","BasicCrystalCard"],"picked":"Conserve Battery","floor":4},{"not_picked":["BootSequence","Melter","Hologram"],"picked":"SKIP","floor":5},{"not_picked":["Coolheaded","BootSequence","Chaos"],"picked":"SKIP","floor":7},{"not_picked":["Cold Snap","Sweeping Beam"],"picked":"Leap","floor":8},{"not_picked":["Stack","ReplayRNGCard","Consume"],"picked":"SKIP","floor":12},{"not_picked":["Beam Cell","Coolheaded","Go for the Eyes"],"picked":"SKIP","floor":13},{"not_picked":["Double Energy","Steam","BasicCrystalCard"],"picked":"SKIP","floor":14},{"not_picked":["ReplayTheSpireMod:Calculation Training","Coolheaded","conspire:Rain+1"],"picked":"SKIP","floor":18},{"not_picked":["Double Energy","BasicCrystalCard+1","Turbo+1"],"picked":"SKIP","floor":19},{"not_picked":["Streamline+1","ReplayTheSpireMod:System Scan","Sweeping Beam+1"],"picked":"SKIP","floor":21}],"player_experience":259672,"relics_obtained":[{"floor":9,"key":"Ancient Tea Set"},{"floor":20,"key":"conspire:Flyswatter"}],"event_choices":[{"damage_healed":0,"gold_gain":0,"player_choice":"0 cards matched","damage_taken":0,"max_hp_gain":0,"max_hp_loss":0,"event_name":"Match and Keep!","floor":2,"gold_loss":0,"cards_obtained":[]}],"is_beta":false,"boss_relics":[{"not_picked":["aspiration:IroncladSkillbook","aspiration:FutureDiary"],"picked":"hubris:VirtuousBlindfold"}],"items_purged_floors":[3,10],"is_endless":false,"potions_floor_spawned":[1,5,7,12,16,21],"killed_by":"Centurion and Healer","ascension_level":1}}