{"host":"xp5rvh2jwe2ejyfm","time":1612626350,"event":{"mods":["2.2 Compatiblity","Aspiration","BaseMod","BetterRewards","Colored Powertips","Conspire","Downfall","GifTheSpireLib","Gremlin Mod","Hermit","Hubris","Jorbs\u0027s Wanderer Trilogy","Minty Spire (QoL Compilation)","Quick Restart","Replay The Spire","Robot Space Explorer","Shade Mod","Somnambulant","StSLib","The Bug Knight","The Clintock","The Construct","The Cursed","The Disciple","The Forsaken","The Hierophant","The Necromancer","The Runesmith","The Servant 0.9.4","The Valiant","The Witch","TheFirefly","thorton"],"gold_per_floor":[109,129,129,78,89,89,10,38,38,48,48,48,73,88,88,190,190,209,222,22,35,35,35],"floor_reached":22,"language":"ENG","playtime":1565,"items_purged":[],"score":196,"play_id":"09219098-d858-40c4-83f4-b9d016a2e792","local_time":"20210206104550","is_ascension_mode":false,"campfire_choices":[{"data":"thefirefly:Lamentation","floor":6,"key":"SMITH"},{"floor":11,"key":"REST"},{"floor":15,"key":"REST"}],"circlet_count":0,"master_deck":["thefirefly:Strike","thefirefly:Strike","thefirefly:Strike","thefirefly:Strike","thefirefly:Defend","thefirefly:Defend","thefirefly:Defend","thefirefly:StealthMode","thefirefly:PhotonBlast","thefirefly:Preload","thefirefly:Lamentation+1","thefirefly:AccountUncertainty+1","thefirefly:ShieldGenerator","thefirefly:AccountUncertainty","Pot Of Greed","Pot Of Greed","thefirefly:FullProjection","thefirefly:Distort","thefirefly:SteadyAim","thefirefly:ArtillleryBeam","thefirefly:RerouteCircuit","thefirefly:NebulaVeil","thefirefly:ShieldGenerator","thefirefly:ChargedLaser+1","thefirefly:ArtillleryBeam","Pot Of Greed"],"relics":["thefirefly:StealthSystem","NeowsBlessing","hubris:Towel","Grinning Jar","Potion Belt","hubris:ScarierMask","theForsaken:Lifeblossom"],"acts_visited":["Exordium","TheCity"],"potions_floor_usage":[13,13,13,19,21],"damage_taken":[{"damage":0,"enemies":"Jaw Worm","floor":1,"turns":1},{"damage":0,"enemies":"Small Slimes","floor":2,"turns":1},{"damage":0,"enemies":"Cultist","floor":5,"turns":1},{"damage":8,"enemies":"3 Sentries","floor":8,"turns":5},{"damage":26,"enemies":"Gremlin Gang","floor":10,"turns":7},{"damage":21,"enemies":"Lagavulin","floor":13,"turns":13},{"damage":6,"enemies":"Red Slaver","floor":14,"turns":5},{"damage":17,"enemies":"Fading Forest","floor":16,"turns":11},{"damage":22,"enemies":"3 Byrds","floor":18,"turns":6},{"damage":31,"enemies":"Shell Parasite","floor":19,"turns":13},{"damage":0,"enemies":"Chosen and Byrds","floor":21,"turns":8},{"damage":23,"enemies":"Snake Plant","floor":22,"turns":4}],"seed_played":"-7562845359909103138","potions_obtained":[{"floor":5,"key":"SteroidPotion"},{"floor":8,"key":"LiquidBronze"},{"floor":13,"key":"Fruit Juice"},{"floor":18,"key":"FearPotion"},{"floor":19,"key":"DuplicationPotion"}],"is_trial":false,"path_per_floor":["M","M","?","$","M","R","$","E","T","M","R","?","E","M","R","B",null,"M","M","$","M","M"],"character_chosen":"THE_FIREFLY","items_purchased":["thefirefly:AccountUncertainty+1","thefirefly:AccountUncertainty","theForsaken:Lifeblossom","thefirefly:ChargedLaser+1"],"campfire_rested":2,"item_purchase_floors":[4,7,20,20],"current_hp_per_floor":[55,55,55,55,55,55,55,47,47,21,37,37,21,15,33,16,60,38,7,7,13,0,0],"gold":35,"neow_bonus":"THREE_ENEMY_KILL","is_daily":false,"chose_seed":false,"campfire_upgraded":1,"win_rate":0.0,"timestamp":1612626350,"path_taken":["M","M","?","$","M","R","$","E","T","M","R","?","E","M","R","BOSS","M","M","$","M","M"],"items_purchased_type":["Card","Card","Relic","Card"],"build_version":"2020-12-22","purchased_purges":0,"victory":false,"max_hp_per_floor":[55,55,55,55,55,55,55,55,55,55,55,55,60,60,60,60,60,60,60,60,60,60,60],"card_choices":[{"not_picked":["thefirefly:Boost","thefirefly:ShieldArray"],"picked":"thefirefly:Preload","floor":1},{"not_picked":["thefirefly:InterceptingShot","thefirefly:Pacify"],"picked":"thefirefly:Lamentation","floor":2},{"not_picked":["thefirefly:EvasiveManeuver","thefirefly:Unburden"],"picked":"thefirefly:ShieldGenerator","floor":5},{"not_picked":["thefirefly:Ruminate","thefirefly:ShieldArray"],"picked":"thefirefly:FullProjection","floor":8},{"not_picked":["thefirefly:CoveringFire","thefirefly:FlareScreen"],"picked":"thefirefly:Distort","floor":10},{"not_picked":["thefirefly:Flight","thefirefly:DataMiner"],"picked":"thefirefly:SteadyAim","floor":13},{"not_picked":["thefirefly:CreateClone","thefirefly:Boost"],"picked":"thefirefly:ArtillleryBeam","floor":14},{"not_picked":["thefirefly:Kugelblitz","thefirefly:Dematerialize"],"picked":"thefirefly:RerouteCircuit","floor":16},{"not_picked":["thefirefly:StoredPower+1","thefirefly:QuantumTunneling+1"],"picked":"thefirefly:NebulaVeil","floor":18},{"not_picked":["thefirefly:EMP","thefirefly:StoredPower+1"],"picked":"thefirefly:ShieldGenerator","floor":19},{"not_picked":["thefirefly:Distort+1","thefirefly:ReverseEngine"],"picked":"thefirefly:ArtillleryBeam","floor":21}],"player_experience":442106,"relics_obtained":[{"floor":8,"key":"Grinning Jar"},{"floor":13,"key":"Potion Belt"}],"event_choices":[{"cards_removed":["thefirefly:Defend"],"damage_healed":0,"gold_gain":0,"player_choice":"Card Removal","damage_taken":0,"max_hp_gain":0,"max_hp_loss":0,"event_name":"Wheel of Change","floor":12,"gold_loss":0}],"is_beta":false,"boss_relics":[{"not_picked":["Runic Dome","Replay:Ancient Bell"],"picked":"hubris:ScarierMask"}],"items_purged_floors":[],"is_endless":false,"potions_floor_spawned":[5,8,13,18,19],"killed_by":"Snake Plant","ascension_level":0}}