{"host":"bcpyscfajg8dk59p","time":1612654272,"event":{"mods":["Act Like it!","BaseMod","BetterRewards","Colored Map","Colored Powertips","Conspire","Downfall","Friendly Minions","Hubris","Infinite Spire","Ironclad Rager","Minty Spire (QoL Compilation)","Permanent Neow","Quarter Circle Forward PUNCH!","Replay The Spire","StSLib","SuperFastMode","The Jungle","Trackpad"],"gold_per_floor":[119,46,64,75,92,92,92,92,92,92,92,103,123,150,150,255,255,272,272,282,282,301,301,311,337,337,43,58,58,58,77,77,77,77],"floor_reached":33,"language":"ENG","playtime":1783,"items_purged":["Defend_P"],"score":319,"play_id":"2d68536c-c6f7-4fc4-8069-b1c7171164ca","local_time":"20210206153112","is_ascension_mode":false,"campfire_choices":[{"floor":6,"key":"RECALL"},{"data":"Eruption","floor":8,"key":"SMITH"},{"data":"Eruption","floor":11,"key":"SMITH"},{"data":"Vigilance","floor":23,"key":"SMITH"},{"data":"Adaptation","floor":29,"key":"SMITH"},{"data":"Replay:Cycle","floor":32,"key":"SMITH"}],"circlet_count":0,"master_deck":["Strike_P","Strike_P","Defend_P","Defend_P","Eruption+1","Vigilance+1","Replay:ManipulateFuture","Nirvana+1","Replay:ManipulateFuture","Replay:Cycle+1","FlurryOfBlows","Evaluate","Eruption+1","JustLucky+1","Consecrate","Evaluate","LessonLearned+1","Clash+1","Rebound","WindmillStrike+1","Evaluate","Replay:DivineShield+1","Adaptation+1","Replay:Anticipation"],"relics":["PureWater","Anchor","Unceasing Top","Du-Vu Doll","qcfpunch:Killian_Engine_Alpha","Guide Book","hubris:VirtuousBlindfold","hubris:ToyBattleship","Mango","infinitespire:Lychee Nut"],"acts_visited":["Exordium","TheCity"],"potions_floor_usage":[20,25,33],"damage_taken":[{"damage":4,"enemies":"Cultist","floor":1,"turns":4},{"damage":4,"enemies":"2 Louse","floor":3,"turns":4},{"damage":5,"enemies":"infinitespire:Voidling","floor":4,"turns":4},{"damage":10,"enemies":"Exordium Wildlife","floor":5,"turns":6},{"damage":4,"enemies":"3 Louse","floor":12,"turns":4},{"damage":0,"enemies":"Blue Slaver","floor":13,"turns":4},{"damage":0,"enemies":"Replay:BlueRogue","floor":14,"turns":3},{"damage":36,"enemies":"Slime Boss","floor":16,"turns":11},{"damage":2,"enemies":"3 Byrds","floor":18,"turns":4},{"damage":0,"enemies":"conspire:FuzzyDice","floor":20,"turns":3},{"damage":0,"enemies":"Sentry and Sphere","floor":22,"turns":2},{"damage":6,"enemies":"Snake Plant","floor":24,"turns":2},{"damage":0,"enemies":"conspire:SneckoGhost","floor":25,"turns":3},{"damage":29,"enemies":"Centurion and Healer","floor":28,"turns":5},{"damage":0,"enemies":"conspire:HollyBat","floor":31,"turns":4},{"damage":64,"enemies":"hubris:MusketHawk","floor":33,"turns":6}],"seed_played":"-2133279428220841075","potions_obtained":[{"floor":1,"key":"Venom Potion"},{"floor":4,"key":"DuplicationPotion"},{"floor":5,"key":"Death Potion"},{"floor":12,"key":"ColorlessPotion"},{"floor":18,"key":"EssenceOfSteel"},{"floor":25,"key":"champ:CounterPotion"},{"floor":28,"key":"BottledMiracle"},{"floor":31,"key":"DuplicationPotion"}],"is_trial":false,"path_per_floor":["M","$","M","M","M","R","?","R","T","?","R","M","M","E","R_BF","B",null,"M","?","M","AVR","M","R","M","E","T","$","M","R","$","M","R","B"],"character_chosen":"WATCHER","items_purchased":["Nirvana","infinitespire:Lychee Nut"],"campfire_rested":0,"item_purchase_floors":[2,27],"current_hp_per_floor":[68,68,64,59,49,49,49,49,49,49,49,45,45,45,66,30,72,70,70,70,70,70,70,64,64,78,64,36,36,36,42,42,0,0],"gold":77,"neow_bonus":"RANDOM_COMMON_RELIC","is_daily":false,"chose_seed":false,"campfire_upgraded":5,"win_rate":0.0,"timestamp":1612654272,"path_taken":["M","$","M","?","M","R","?","R","T","?","R","?","M","E","R_BF","BOSS","M","?","M","AVR","M","R","M","E","T","$","?","R","$","M","R","BOSS"],"items_purchased_type":["Card","Relic"],"build_version":"2020-12-22","purchased_purges":1,"victory":false,"max_hp_per_floor":[72,72,72,72,72,72,72,72,72,72,72,72,72,72,72,72,72,72,72,72,72,72,72,72,72,86,64,64,64,64,64,64,64,64],"card_choices":[{"not_picked":["CutThroughFate","EmptyFist"],"picked":"Replay:ManipulateFuture","floor":1},{"not_picked":["EmptyBody","BowlingBash"],"picked":"Replay:ManipulateFuture","floor":3},{"not_picked":["ForeignInfluence","EmptyMind"],"picked":"Replay:Cycle","floor":4},{"not_picked":["FollowUp","Crescendo"],"picked":"FlurryOfBlows","floor":5},{"not_picked":["WindmillStrike","Collect"],"picked":"JustLucky","floor":12},{"not_picked":["CrushJoints","ClearTheMind"],"picked":"Consecrate","floor":13},{"not_picked":["Replay:ManipulateFuture","FearNoEvil"],"picked":"Evaluate","floor":14},{"not_picked":["ConjureBlade","Vault"],"picked":"LessonLearned","floor":16},{"not_picked":["Consecrate","Replay:BluntJabs"],"picked":"WindmillStrike+1","floor":18},{"not_picked":["CutThroughFate","PathToVictory+1"],"picked":"Evaluate","floor":20},{"not_picked":["FlyingSleeves","EmptyMind+1","BattleHymn"],"picked":"SKIP","floor":22},{"not_picked":["Devotion","ThirdEye"],"picked":"Replay:DivineShield+1","floor":24},{"not_picked":["FlyingSleeves","PathToVictory","Indignation"],"picked":"SKIP","floor":25},{"not_picked":["EmptyBody+1","ForeignInfluence+1"],"picked":"Adaptation","floor":28},{"not_picked":["TalkToTheHand","Replay:ManipulateFuture"],"picked":"Replay:Anticipation","floor":31}],"player_experience":449125,"relics_obtained":[{"floor":7,"key":"Unceasing Top"},{"floor":14,"key":"Du-Vu Doll"},{"floor":25,"key":"hubris:ToyBattleship"},{"floor":26,"key":"Mango"}],"event_choices":[{"damage_healed":0,"gold_gain":0,"player_choice":"2 cards matched","damage_taken":0,"max_hp_gain":0,"max_hp_loss":0,"event_name":"Match and Keep!","floor":10,"gold_loss":0,"cards_obtained":["Evaluate","Eruption"]},{"cards_removed":["Defend_P"],"damage_healed":0,"gold_gain":0,"player_choice":"Purged","damage_taken":0,"max_hp_gain":0,"max_hp_loss":0,"event_name":"Purifier","floor":19,"gold_loss":0}],"is_beta":false,"boss_relics":[{"not_picked":["Replay:Fungal Core","Runic Dome"],"picked":"qcfpunch:Killian_Engine_Alpha"}],"items_purged_floors":[21],"is_endless":false,"potions_floor_spawned":[1,4,5,12,18,25,28,31],"killed_by":"hubris:MusketHawk","ascension_level":0}}