{"host":"5zotnur7vyqtklfj","time":1612646044,"event":{"mods":["AchievementEnabler","BaseMod","Block Reminder","Colored Map","Colored Powertips","Downfall","Hubris","Infinite Spire","Jorbs\u0027s Wanderer Trilogy","Minty Spire (QoL Compilation)","Replay The Spire","StSLib"],"gold_per_floor":[99,112,112,132,152,152,228,138,148,148,161,46,75,75,88,193,193,93,103,103,103,103,103,103,103,120,120,134,339,355,365,379,474,474,474,486,505,522,522,537,560,574,592,606,625,625,625,637,656,656],"floor_reached":51,"language":"ENG","playtime":3480,"items_purged":["stsjorbsmod:Strike_Wanderer","stsjorbsmod:Strike_Wanderer","stsjorbsmod:Strike_Wanderer+1","Hallucinations"],"score":659,"play_id":"3dcb5785-a4a8-44d4-8098-ac887c457fe3","local_time":"20210206161404","is_ascension_mode":false,"campfire_choices":[{"data":"stsjorbsmod:ParryingBlow","floor":1.0,"key":"SMITH"},{"data":"stsjorbsmod:GatherPower","floor":35.0,"key":"SMITH"},{"data":"stsjorbsmod:GatherPower","floor":47,"key":"SMITH"}],"circlet_count":0,"master_deck":["stsjorbsmod:ForbiddenGrimoire+1","stsjorbsmod:Strike_Wanderer+1","stsjorbsmod:Defend_Wanderer+1","stsjorbsmod:Defend_Wanderer+1","stsjorbsmod:Defend_Wanderer+1","stsjorbsmod:Defend_Wanderer+1","stsjorbsmod:FreshAdventure+1","stsjorbsmod:EyeOfTheStorm+1","stsjorbsmod:ParryingBlow+1","stsjorbsmod:SmithingStrike+1","infinitespire:Collect","stsjorbsmod:ParryingBlow+1","stsjorbsmod:Mindworm","stsjorbsmod:ColorSpray","stsjorbsmod:Counterspell","stsjorbsmod:GatherPower+1","stsjorbsmod:BurningFlask+1","stsjorbsmod:Pyromancy","stsjorbsmod:GatherPower+1","stsjorbsmod:BurningFlask+1","stsjorbsmod:ScorchingRay+1","stsjorbsmod:BurningFlask+1","Parasite","Parasite"],"relics":["stsjorbsmod:GrimoireRelic","hubris:Towel","ReplayTheSpireMod:Ninjato","Replay:Mystery Machine","Painkiller Herb","downfall:HeartBlessingGreen","infinitespire:Beetle Shell","Ring of Hypnosis","Ring of Fury","Mummified Hand","Quantum Egg","hubris:ScarierMask","Busted Crown","Tiny Chest","Whetstone"],"acts_visited":["Exordium","TheCity","TheBeyond"],"potions_floor_usage":[48,50],"damage_taken":[{"damage":0.0,"enemies":"Small Slimes","floor":2.0,"turns":3.0},{"damage":0.0,"enemies":"2 Louse","floor":4.0,"turns":2.0},{"damage":2.0,"enemies":"Cultist","floor":5.0,"turns":3.0},{"damage":0.0,"enemies":"downfall:FleeingMerchant","floor":8.0,"turns":4.0},{"damage":1.0,"enemies":"Large Slime","floor":9.0,"turns":3.0},{"damage":0.0,"enemies":"3 Louse","floor":11.0,"turns":2.0},{"damage":8.0,"enemies":"downfall:FleeingMerchant","floor":12.0,"turns":6.0},{"damage":28.0,"enemies":"Gremlin Nob","floor":13.0,"turns":4.0},{"damage":0.0,"enemies":"2 Fungi Beasts","floor":15.0,"turns":2.0},{"damage":24.0,"enemies":"DF_ARCHETYPE_STREAMLINE","floor":16.0,"turns":5.0},{"damage":0.0,"enemies":"Spheric Guardian","floor":19.0,"turns":2.0},{"damage":0.0,"enemies":"Sentry and Sphere","floor":26.0,"turns":2.0},{"damage":0.0,"enemies":"Chosen and Byrds","floor":28.0,"turns":2.0},{"damage":0.0,"enemies":"downfall:FleeingMerchant","floor":29.0,"turns":4.0},{"damage":0.0,"enemies":"Snake Plant","floor":30.0,"turns":1.0},{"damage":0.0,"enemies":"Cultist and Chosen","floor":31.0,"turns":3.0},{"damage":0.0,"enemies":"Centurion and Healer","floor":32.0,"turns":2.0},{"damage":9.0,"enemies":"WA_ARCHETYPE_CALM","floor":33.0,"turns":4.0},{"damage":0.0,"enemies":"Orb Walker","floor":36.0,"turns":1.0},{"damage":0.0,"enemies":"3 Darklings","floor":37.0,"turns":2.0},{"damage":0.0,"enemies":"4 Shapes","floor":38.0,"turns":3.0},{"damage":0,"enemies":"Sphere and 2 Shapes","floor":40,"turns":2},{"damage":0,"enemies":"3 Darklings","floor":42,"turns":2},{"damage":0,"enemies":"Writhing Mass","floor":43,"turns":2},{"damage":3,"enemies":"Sphere and 2 Shapes","floor":44,"turns":2},{"damage":0,"enemies":"4 Shapes","floor":45,"turns":2},{"damage":0,"enemies":"Writhing Mass","floor":48,"turns":2},{"damage":0,"enemies":"Spire Growth","floor":49,"turns":2},{"damage":29,"enemies":"IC_BLOCK_ARCHETYPE","floor":50,"turns":5}],"seed_played":"2116144064985750124","potions_obtained":[{"floor":2.0,"key":"Block Potion"},{"floor":9.0,"key":"bronze:BurnAndBuffPotion"},{"floor":11.0,"key":"Swift Potion"},{"floor":16.0,"key":"Explosive Potion"},{"floor":19.0,"key":"SkillPotion"},{"floor":26.0,"key":"Languid Potion"},{"floor":37.0,"key":"champ:CounterPotion"},{"floor":43,"key":"Regen Potion"},{"floor":48,"key":"Fruit Juice"}],"is_trial":false,"path_per_floor":["R","M","?","M","M","?","T","$","M","?","M","$","E","?","M","B",null,"T","?","?","?","AVR","?","T","T","?","?","?","T","?","?","?","B",null,"T","?","?","?","AVR","?","T","?","?","?","?","?","T","?","?","B",null],"character_chosen":"WANDERER","items_purchased":[],"campfire_rested":0,"item_purchase_floors":[],"current_hp_per_floor":[68,68,51,51,50,50,50,51,50,50,51,44,17,37,38,15,68,68,68,68,68,68,68,68,68,68,68,68,68,68,68,68,59,68,68,68,68,68,68,68,68,68,68,66,66,66,66,72,72,44],"gold":656,"neow_bonus":"THREE_CARDS","is_daily":false,"chose_seed":false,"campfire_upgraded":3,"win_rate":0.0,"timestamp":1612646044,"path_taken":["R","M","?","M","M","?","T","$","M","?","?","$","E","?","M","BOSS","T","?","?","?","AVR","?","T","?","?","?","?","T","?","?","?","BOSS","T","?","?","?","AVR","?","T","?","?","?","?","?","T","?","?","BOSS"],"items_purchased_type":[],"build_version":"2020-12-22","purchased_purges":4,"victory":true,"max_hp_per_floor":[68,68,68,68,68,68,68,68,68,68,68,68,68,68,68,68,68,68,68,68,68,68,68,68,68,68,68,68,68,68,68,68,68,68,68,68,68,68,68,68,68,68,68,68,68,68,68,73,73,73],"card_choices":[{"not_picked":["stsjorbsmod:Prestidigitation","stsjorbsmod:FracturedMind"],"picked":"stsjorbsmod:ParryingBlow","floor":0.0},{"not_picked":["stsjorbsmod:BlackTentacles","stsjorbsmod:FracturedMind"],"picked":"stsjorbsmod:SmithingStrike","floor":2.0},{"not_picked":["infinitespire:UltimateForm","hubris:InfiniteBlow"],"picked":"infinitespire:Collect","floor":3.0},{"not_picked":["stsjorbsmod:Hibernate","stsjorbsmod:Introspection"],"picked":"stsjorbsmod:ParryingBlow","floor":4.0},{"not_picked":["stsjorbsmod:FracturedMind","stsjorbsmod:MagicMissiles"],"picked":"stsjorbsmod:Mindworm","floor":5.0},{"not_picked":["stsjorbsmod:LocateObject","stsjorbsmod:Prepare"],"picked":"stsjorbsmod:ColorSpray","floor":8.0},{"not_picked":["stsjorbsmod:Prepare","stsjorbsmod:Rest","stsjorbsmod:LocateObject"],"picked":"SKIP","floor":9.0},{"not_picked":["stsjorbsmod:Channel","stsjorbsmod:Firebolt","stsjorbsmod:Hibernate"],"picked":"SKIP","floor":11.0},{"not_picked":["stsjorbsmod:Hurt","stsjorbsmod:Prestidigitation","stsjorbsmod:Pyromancy"],"picked":"SKIP","floor":12.0},{"not_picked":["stsjorbsmod:Pyromancy","stsjorbsmod:DoubleCheck","stsjorbsmod:RefuseToForget"],"picked":"SKIP","floor":13.0},{"not_picked":["stsjorbsmod:Hibernate","stsjorbsmod:WeightOfMemory"],"picked":"stsjorbsmod:Counterspell","floor":15.0},{"not_picked":["stsjorbsmod:IvoryTower","stsjorbsmod:Determination"],"picked":"stsjorbsmod:GatherPower","floor":16.0},{"not_picked":["stsjorbsmod:TrueStrike","stsjorbsmod:MagicMirror"],"picked":"stsjorbsmod:BurningFlask+1","floor":19.0},{"not_picked":["stsjorbsmod:Patron+1","stsjorbsmod:Firebolt+1"],"picked":"stsjorbsmod:Pyromancy","floor":26.0},{"not_picked":["stsjorbsmod:ChainLightning+1","stsjorbsmod:Prestidigitation","stsjorbsmod:ParryingBlow"],"picked":"SKIP","floor":28.0},{"not_picked":["stsjorbsmod:SmithingStrike","stsjorbsmod:MagicMirror"],"picked":"stsjorbsmod:ScorchingRay+1","floor":29.0},{"not_picked":["stsjorbsmod:PurgeMind","stsjorbsmod:Message","stsjorbsmod:WeightOfMemory"],"picked":"SKIP","floor":30.0},{"not_picked":["stsjorbsmod:Patron","stsjorbsmod:ArcaneWeapon","stsjorbsmod:RefuseToForget"],"picked":"SKIP","floor":31.0},{"not_picked":["stsjorbsmod:WanderingMind+1","stsjorbsmod:Mindworm+1"],"picked":"stsjorbsmod:BurningFlask+1","floor":32.0},{"not_picked":["stsjorbsmod:MageArmor","stsjorbsmod:Counterspell","stsjorbsmod:Firebolt+1"],"picked":"SKIP","floor":36.0},{"not_picked":["stsjorbsmod:MageArmor","stsjorbsmod:Counterspell","stsjorbsmod:Firebolt+1"],"picked":"SKIP","floor":36.0},{"not_picked":["stsjorbsmod:LocateObject","stsjorbsmod:ArcaneWeapon","stsjorbsmod:FranticSearch"],"picked":"SKIP","floor":37.0},{"not_picked":["stsjorbsmod:AnimateObjects","stsjorbsmod:ChainLightning","stsjorbsmod:DisguiseSelf+1"],"picked":"SKIP","floor":38.0},{"not_picked":["stsjorbsmod:DoubleCheck"],"picked":"SKIP","floor":40},{"not_picked":["stsjorbsmod:DisguiseSelf+1"],"picked":"SKIP","floor":42},{"not_picked":["stsjorbsmod:WanderingMind+1"],"picked":"SKIP","floor":43},{"not_picked":["stsjorbsmod:FranticSearch+1"],"picked":"SKIP","floor":44},{"not_picked":["stsjorbsmod:BurningFlask"],"picked":"SKIP","floor":45},{"not_picked":["stsjorbsmod:ThirstingSword"],"picked":"SKIP","floor":48},{"not_picked":["stsjorbsmod:ScorchingRay+1"],"picked":"SKIP","floor":49}],"player_experience":452411,"relics_obtained":[{"floor":7.0,"key":"ReplayTheSpireMod:Ninjato"},{"floor":13.0,"key":"Replay:Mystery Machine"},{"floor":23.0,"key":"Ring of Hypnosis"},{"floor":23.0,"key":"Ring of Fury"},{"floor":24.0,"key":"Mummified Hand"},{"floor":25.0,"key":"Quantum Egg"},{"floor":41,"key":"Whetstone"}],"event_choices":[{"damage_healed":0.0,"max_hp_gain":0.0,"max_hp_loss":0.0,"gold_gain":0.0,"event_name":"Accursed Blacksmith","player_choice":"Forge","floor":10.0,"gold_loss":0.0,"damage_taken":0.0,"cards_upgraded":["stsjorbsmod:EyeOfTheStorm"]},{"damage_healed":0.0,"max_hp_gain":0.0,"max_hp_loss":0.0,"gold_gain":0.0,"event_name":"Back to Basics","player_choice":"Simplicity","floor":21.0,"gold_loss":0.0,"damage_taken":0.0,"cards_upgraded":["stsjorbsmod:Strike_Wanderer","stsjorbsmod:Strike_Wanderer","stsjorbsmod:Defend_Wanderer","stsjorbsmod:Defend_Wanderer","stsjorbsmod:Defend_Wanderer","stsjorbsmod:Defend_Wanderer"]}],"is_beta":false,"boss_relics":[{"not_picked":["Black Star","Abe\u0027s Treasure"],"picked":"Painkiller Herb"},{"not_picked":["Honey Jar","bronze:MakeshiftBattery"],"picked":"hubris:ScarierMask"}],"items_purged_floors":[8,12,22,29],"is_endless":false,"potions_floor_spawned":[2,9,11,16,19,26,28,37,43,44,48],"ascension_level":0}}