{"host":"sian7qp8a9pc9xwd","time":1612572523,"event":{"mods":["BaseMod","Minty Spire (QoL Compilation)","StSLib","SuperFastMode"],"gold_per_floor":[212,212,212,13,73,73,92,92,92,132,132,169,231,243,243,342,342,377,427,168,209,248,248,266,303,303,303,368,387,427,493,493,493,493],"floor_reached":33,"language":"ENG","playtime":1848,"items_purged":[],"score":445,"play_id":"0507b59d-8180-43e2-86db-1d367273251d","local_time":"20210205194843","is_ascension_mode":true,"campfire_choices":[{"data":"HandOfGreed","floor":8.0,"key":"SMITH"},{"data":"Zap","floor":11.0,"key":"SMITH"},{"data":"Seek","floor":15.0,"key":"SMITH"},{"data":"Glacier","floor":23.0,"key":"SMITH"},{"data":"Conserve Battery","floor":27.0,"key":"SMITH"},{"floor":32.0,"key":"REST"}],"circlet_count":0,"master_deck":["AscendersBane","Strike_B","Strike_B","Defend_B","Defend_B","Defend_B","Defend_B","Zap+1","Dualcast+1","HandOfGreed+1","Ball Lightning","Cold Snap","Conserve Battery+1","Seek+1","Echo Form","Cold Snap","Glacier+1","Ball Lightning","Coolheaded","White Noise"],"relics":["Cracked Core","Symbiotic Virus","Empty Cage","Vajra","Blue Candle"],"acts_visited":["Exordium","TheCity"],"potions_floor_usage":[],"damage_taken":[{"damage":8.0,"enemies":"2 Louse","floor":1.0,"turns":3.0},{"damage":4.0,"enemies":"Small Slimes","floor":5.0,"turns":5.0},{"damage":0.0,"enemies":"Cultist","floor":7.0,"turns":2.0},{"damage":0.0,"enemies":"3 Louse","floor":10.0,"turns":3.0},{"damage":4.0,"enemies":"Lots of Slimes","floor":12.0,"turns":2.0},{"damage":3.0,"enemies":"Gremlin Gang","floor":13.0,"turns":6.0},{"damage":0.0,"enemies":"Looter","floor":14.0,"turns":2.0},{"damage":62.0,"enemies":"The Guardian","floor":16.0,"turns":8.0},{"damage":2.0,"enemies":"Spheric Guardian","floor":18.0,"turns":4.0},{"damage":0.0,"enemies":"Chosen","floor":21.0,"turns":4.0},{"damage":18.0,"enemies":"3 Cultists","floor":22.0,"turns":4.0},{"damage":13.0,"enemies":"Snake Plant","floor":24.0,"turns":4.0},{"damage":5.0,"enemies":"Centurion and Healer","floor":25.0,"turns":8.0},{"damage":3.0,"enemies":"Sentry and Sphere","floor":28.0,"turns":4.0},{"damage":0.0,"enemies":"Snecko","floor":29.0,"turns":6.0},{"damage":7.0,"enemies":"Snake Plant","floor":30.0,"turns":4.0},{"damage":0.0,"enemies":"Cultist and Chosen","floor":31.0,"turns":5.0},{"damage":0,"enemies":"Champ","floor":33,"turns":1}],"seed_played":"1049469646573625565","potions_obtained":[{"floor":1.0,"key":"GamblersBrew"},{"floor":10.0,"key":"ColorlessPotion"},{"floor":12.0,"key":"FairyPotion"},{"floor":28.0,"key":"ColorlessPotion"},{"floor":29.0,"key":"Block Potion"},{"floor":31.0,"key":"Energy Potion"}],"is_trial":false,"path_per_floor":["M","?","?","$","M","$","M","R","T","M","R","M","M","M","R","B",null,"M","?","$","M","M","R","M","M","T","R","M","M","M","M","R","B"],"character_chosen":"DEFECT","items_purchased":["HandOfGreed","Glacier","Vajra"],"campfire_rested":1,"item_purchase_floors":[4,20,20],"current_hp_per_floor":[56,61,61,61,57,57,57,57,57,57,57,53,50,50,50,11,60,58,58,58,58,40,40,27,22,22,22,19,19,12,12,34,34,34],"gold":493,"neow_bonus":"HUNDRED_GOLD","is_daily":false,"chose_seed":false,"campfire_upgraded":5,"win_rate":0.0,"timestamp":1612572523,"path_taken":["M","?","?","$","M","$","?","R","T","M","R","M","M","M","R","BOSS","M","?","$","M","?","R","M","M","T","R","?","M","M","M","R","BOSS"],"items_purchased_type":["Card","Card","Relic"],"build_version":"2020-12-22","purchased_purges":0,"victory":false,"max_hp_per_floor":[71,76,76,76,76,76,76,76,76,76,76,76,76,76,76,76,76,76,76,76,76,76,76,76,76,76,76,76,76,76,76,76,76,76],"card_choices":[{"not_picked":["Rip and Tear","Consume","Hologram"],"picked":"SKIP","floor":1.0},{"not_picked":["Capacitor","Reinforced Body"],"picked":"Ball Lightning","floor":5.0},{"not_picked":["Redo","Stack"],"picked":"Cold Snap","floor":7.0},{"not_picked":["Hologram","White Noise"],"picked":"Conserve Battery","floor":10.0},{"not_picked":["Sweeping Beam","Hologram","Steam Power"],"picked":"SKIP","floor":12.0},{"not_picked":["Rip and Tear","Go for the Eyes","Compile Driver"],"picked":"SKIP","floor":13.0},{"not_picked":["Skim","Melter"],"picked":"Seek","floor":14.0},{"not_picked":["All For One","Hyperbeam"],"picked":"Echo Form","floor":16.0},{"not_picked":["Heatsinks","Darkness"],"picked":"Cold Snap","floor":18.0},{"not_picked":["Chill","Hello World"],"picked":"Ball Lightning","floor":21.0},{"not_picked":["Streamline","Go for the Eyes","Compile Driver+1"],"picked":"SKIP","floor":22.0},{"not_picked":["Ball Lightning","Go for the Eyes","Compile Driver"],"picked":"SKIP","floor":24.0},{"not_picked":["Redo","Hologram","Cold Snap"],"picked":"SKIP","floor":25.0},{"not_picked":["FTL","Beam Cell"],"picked":"Coolheaded","floor":28.0},{"not_picked":["Stack","Gash","Compile Driver"],"picked":"SKIP","floor":29.0},{"not_picked":["Steam","Gash","Hello World"],"picked":"SKIP","floor":30.0},{"not_picked":["Redo","All For One"],"picked":"White Noise","floor":31.0}],"player_experience":927099,"relics_obtained":[{"floor":9.0,"key":"Symbiotic Virus"},{"floor":26.0,"key":"Blue Candle"}],"event_choices":[{"damage_healed":0.0,"max_hp_gain":5.0,"max_hp_loss":0.0,"gold_gain":0.0,"event_name":"Big Fish","player_choice":"Donut","floor":2.0,"gold_loss":0.0,"damage_taken":0.0},{"damage_healed":0.0,"max_hp_gain":0.0,"max_hp_loss":0.0,"gold_gain":0.0,"event_name":"Accursed Blacksmith","player_choice":"Forge","floor":3.0,"gold_loss":0.0,"damage_taken":0.0,"cards_upgraded":["Dualcast"]},{"damage_healed":0.0,"max_hp_gain":0.0,"max_hp_loss":0.0,"gold_gain":100.0,"event_name":"The Joust","player_choice":"Bet on Murderer","floor":19.0,"gold_loss":50.0,"damage_taken":0.0}],"is_beta":false,"boss_relics":[{"not_picked":["FrozenCore","Fusion Hammer"],"picked":"Empty Cage"}],"items_purged_floors":[],"is_endless":false,"potions_floor_spawned":[1,10,12,28,29,31],"killed_by":"Champ","ascension_level":16}}