{"host":"630px4nyj50z5id8","time":1612590366,"event":{"mods":["BaseMod","Better Note","Colored Powertips","Good Game Mod","Minty Spire (QoL Compilation)","Quick Restart","Rare Cards Sparkle","Relic Filter Mod","Replay The Spire","StSLib","Waifu the Spire"],"gold_per_floor":[131,184,224,224,258,308,308,362,432,471,506,154,208,255,255,389,389,403,403,414,464,500,535,535,587,587,587,587],"floor_reached":27,"language":"ZHS","playtime":1082,"items_purged":["Strike_R"],"score":416,"play_id":"d1d54294-1da5-40db-aabe-21a5648e665e","local_time":"20210206134606","is_ascension_mode":true,"campfire_choices":[{"data":"HandOfGreed","floor":7.0,"key":"SMITH"},{"floor":15.0,"key":"REST"},{"floor":24.0,"key":"REST"}],"circlet_count":0,"master_deck":["Strike_R+1","Strike_R","Strike_R","Defend_R","Defend_R","Defend_R","Defend_R","Bash","HandOfGreed+1","Flex","Sword Boomerang+1","Combust","Burning Pact","Massacre","Inflame","Headbutt","ReplayTheSpireMod:Limb From Limb","Evolve","Bandage Up","Demon Form","Flex","Double Tap"],"relics":["Burning Blood","REME:ComplimentaryCards","Replay:Baseball","Charon\u0027s Ashes","Quantum Egg","Red Skull","Happy Flower","CeramicFish","ReplayFunnel","Electric Blood","Boot","Whetstone","Calipers"],"acts_visited":["TheCity"],"potions_floor_usage":[],"damage_taken":[{"damage":1.0,"enemies":"Cultist","floor":1.0,"turns":3.0},{"damage":2.0,"enemies":"2 Louse","floor":2.0,"turns":3.0},{"damage":7.0,"enemies":"Jaw Worm","floor":3.0,"turns":2.0},{"damage":23.0,"enemies":"Large Slime","floor":5.0,"turns":5.0},{"damage":33.0,"enemies":"Gremlin Nob","floor":6.0,"turns":4.0},{"damage":6.0,"enemies":"3 Sentries","floor":8.0,"turns":3.0},{"damage":20.0,"enemies":"Gremlin Gang","floor":10.0,"turns":2.0},{"damage":25.0,"enemies":"Lagavulin","floor":11.0,"turns":6.0},{"damage":1.0,"enemies":"Gremlin Nob","floor":13.0,"turns":2.0},{"damage":17.0,"enemies":"Slime Boss","floor":16.0,"turns":6.0},{"damage":26.0,"enemies":"Shell Parasite","floor":18.0,"turns":4.0},{"damage":15.0,"enemies":"Chosen","floor":20.0,"turns":3.0},{"damage":25.0,"enemies":"Snake Plant","floor":21.0,"turns":4.0},{"damage":28.0,"enemies":"Centurion and Healer","floor":22.0,"turns":4.0},{"damage":32.0,"enemies":"Book of Stabbing","floor":23.0,"turns":3.0},{"damage":47.0,"enemies":"Slavers","floor":25.0,"turns":3.0},{"damage":22,"enemies":"Replay:Snechameleon","floor":27,"turns":2}],"seed_played":"3733557508873103897","potions_obtained":[{"floor":5.0,"key":"BloodPotion"},{"floor":8.0,"key":"ColorlessPotion"},{"floor":10.0,"key":"Elixir"},{"floor":13.0,"key":"ColorlessPotion"},{"floor":20.0,"key":"Regen Potion"},{"floor":21.0,"key":"BloodPotion"},{"floor":22.0,"key":"BloodPotion"}],"is_trial":false,"path_per_floor":["M","M","M","?","M","E","R","E","T","M","E","$","E","T","R","B",null,"M","?","M","M","M","E","R","E","T","E"],"character_chosen":"IRONCLAD","items_purchased":["Evolve","Happy Flower","Bandage Up"],"campfire_rested":2,"item_purchase_floors":[12,12,12],"current_hp_per_floor":[77,80,79,79,62,35,35,35,35,21,18,18,27,27,51,44,71,55,55,46,43,41,19,43,22,22,0,0],"gold":587,"neow_bonus":"THREE_CARDS","is_daily":false,"chose_seed":false,"campfire_upgraded":1,"win_rate":0.0,"timestamp":1612590366,"path_taken":["M","M","?","?","?","E","R","E","T","M","E","?","E","?","R","BOSS","M","?","?","M","M","E","R","E","T","E"],"items_purchased_type":["Card","Relic","Card"],"build_version":"2020-12-22","purchased_purges":1,"victory":false,"max_hp_per_floor":[80,80,80,80,80,80,80,80,80,80,80,80,80,80,80,80,80,80,80,80,80,80,80,80,80,80,80,80],"card_choices":[{"not_picked":["Perfected Strike","Thunderclap"],"picked":"Flex","floor":0.0},{"not_picked":["ReplayTheSpireMod:LeadingStrike","Run Through"],"picked":"Sword Boomerang","floor":1.0},{"not_picked":["Clothesline","Havoc"],"picked":"Combust","floor":2.0},{"not_picked":["Havoc","Sword Boomerang"],"picked":"Burning Pact","floor":3.0},{"not_picked":["Run Through","Iron Wave"],"picked":"Massacre","floor":5.0},{"not_picked":["ReplayTheSpireMod:Corrosion Curse","True Grit"],"picked":"Inflame","floor":6.0},{"not_picked":["Sentinel","Heavy Blade"],"picked":"Headbutt","floor":8.0},{"not_picked":["Thunderclap","Run Through"],"picked":"ReplayTheSpireMod:Limb From Limb","floor":10.0},{"not_picked":["ReplayTheSpireMod:Corrosion Curse","Sentinel","Searing Blow"],"picked":"SKIP","floor":11.0},{"not_picked":["Cleave","Disarm","Sentinel"],"picked":"SKIP","floor":13.0},{"not_picked":["Immolate","Impervious"],"picked":"Demon Form","floor":16.0},{"not_picked":["Thunderclap","Sever Soul","Iron Wave"],"picked":"SKIP","floor":18.0},{"not_picked":["Body Slam+1","Twin Strike","Run Through"],"picked":"SKIP","floor":20.0},{"not_picked":["Iron Wave","Clothesline"],"picked":"Flex","floor":21.0},{"not_picked":["Replay:Undeath\u0027s Touch","Power Through","Warcry"],"picked":"SKIP","floor":22.0},{"not_picked":["Rampage","Anger+1"],"picked":"Double Tap","floor":23.0},{"not_picked":["Clothesline+1","Entrench","Clash"],"picked":"SKIP","floor":25.0}],"player_experience":393001,"relics_obtained":[{"floor":6.0,"key":"Replay:Baseball"},{"floor":8.0,"key":"Charon\u0027s Ashes"},{"floor":9.0,"key":"Quantum Egg"},{"floor":11.0,"key":"Red Skull"},{"floor":13.0,"key":"CeramicFish"},{"floor":14.0,"key":"ReplayFunnel"},{"floor":23.0,"key":"Boot"},{"floor":25.0,"key":"Whetstone"},{"floor":26.0,"key":"Calipers"}],"event_choices":[{"cards_removed":["Strike_R"],"damage_healed":0.0,"max_hp_gain":0.0,"max_hp_loss":0.0,"gold_gain":0.0,"event_name":"Purifier","player_choice":"Purged","floor":4.0,"gold_loss":0.0,"damage_taken":0.0},{"damage_healed":0.0,"max_hp_gain":0.0,"max_hp_loss":0.0,"gold_gain":0.0,"event_name":"N\u0027loth","player_choice":"Ignored","floor":19.0,"gold_loss":0.0,"damage_taken":0.0}],"is_beta":false,"boss_relics":[{"not_picked":["Pandora\u0027s Box","Replay:Bronze Core"],"picked":"Electric Blood"}],"items_purged_floors":[12],"is_endless":false,"potions_floor_spawned":[5,8,10,13,20,21,22],"killed_by":"Replay:Snechameleon","ascension_level":7}}