{"host":"sad04l3m69qtnhom","time":1612598113,"event":{"mods":["AchievementEnabler","BaseMod","Colored Map","Colored Powertips","DeckTracker","Highlight Path","Minty Spire (QoL Compilation)","Permanent Neow","Quick Restart","SuperFastMode","everything is the same but u backflip on backflip"],"gold_per_floor":[10,10,10,31,54,90,90,123,193,208,33,71,71,109,109,237,237,256,21,44,64,87,87,87,123,123,142,166,166,210,233,233,233,233],"floor_reached":33,"language":"KOR","playtime":1222,"items_purged":["Strike_B","Strike_B"],"score":445,"play_id":"572aae83-5719-4bf9-bf53-2719018e6c4e","local_time":"20210206165513","is_ascension_mode":true,"campfire_choices":[{"data":"Auto Shields","floor":7,"key":"SMITH"},{"data":"Darkness","floor":13,"key":"SMITH"},{"data":"Darkness","floor":15,"key":"SMITH"},{"data":"Rainbow","floor":23,"key":"SMITH"},{"data":"Redo","floor":32,"key":"SMITH"}],"circlet_count":0,"master_deck":["Strike_B","Strike_B","Defend_B","Defend_B","Defend_B","Defend_B","Zap","Dualcast","Hyperbeam+1","Auto Shields+1","Darkness+1","Multi-Cast+1","Redo+1","Self Repair","Darkness+1","Rainbow+1","Redo+1","Seek","Necronomicurse","Lockon","Steam+1","Leap+1"],"relics":["Cracked Core","Golden Idol","Thread and Needle","Boot","Question Card","HornCleat","Du-Vu Doll","Sozu","Necronomicon","Orichalcum","PreservedInsect","Pen Nib"],"acts_visited":["Exordium","TheCity"],"potions_floor_usage":[8,12,14,16],"damage_taken":[{"damage":0,"enemies":"Cultist","floor":1,"turns":3},{"damage":0,"enemies":"Small Slimes","floor":4,"turns":1},{"damage":0,"enemies":"2 Louse","floor":5,"turns":1},{"damage":0,"enemies":"3 Sentries","floor":6,"turns":2},{"damage":17,"enemies":"Gremlin Nob","floor":8,"turns":4},{"damage":0,"enemies":"2 Fungi Beasts","floor":10,"turns":2},{"damage":3,"enemies":"3 Sentries","floor":12,"turns":3},{"damage":9,"enemies":"Lagavulin","floor":14,"turns":6},{"damage":51,"enemies":"Hexaghost","floor":16,"turns":9},{"damage":0,"enemies":"Spheric Guardian","floor":18,"turns":2},{"damage":5,"enemies":"Shell Parasite","floor":20,"turns":3},{"damage":10,"enemies":"Sentry and Sphere","floor":21,"turns":4},{"damage":6,"enemies":"Snake Plant","floor":22,"turns":3},{"damage":14,"enemies":"Book of Stabbing","floor":25,"turns":4},{"damage":3,"enemies":"Chosen and Byrds","floor":27,"turns":4},{"damage":0,"enemies":"Sentry and Sphere","floor":28,"turns":4},{"damage":22,"enemies":"Slavers","floor":30,"turns":3},{"damage":0,"enemies":"Cultist and Chosen","floor":31,"turns":2},{"damage":44,"enemies":"Automaton","floor":33,"turns":6}],"seed_played":"-4783391314266566883","potions_obtained":[{"floor":1,"key":"ColorlessPotion"},{"floor":6,"key":"Regen Potion"},{"floor":8,"key":"ColorlessPotion"},{"floor":10,"key":"Regen Potion"}],"is_trial":false,"path_per_floor":["M","?","?","M","M","E","R","E","T","M","$","E","R","E","R","B",null,"M","$","M","M","M","R","?","E","T","M","M","?","E","M","R","B"],"character_chosen":"DEFECT","items_purchased":["Redo","Self Repair","Seek"],"campfire_rested":0,"item_purchase_floors":[11,11,19],"current_hp_per_floor":[68,68,68,68,68,68,68,51,51,51,51,64,64,62,62,33,60,60,60,62,59,53,53,37,30,30,34,41,41,26,33,33,0,0],"gold":233,"neow_bonus":"THREE_RARE_CARDS","is_daily":false,"chose_seed":false,"campfire_upgraded":5,"win_rate":0.0,"timestamp":1612598113,"path_taken":["M","?","?","M","?","E","R","E","T","?","$","E","R","E","R","BOSS","M","$","M","M","M","R","?","E","T","M","M","?","E","M","R","BOSS"],"items_purchased_type":["Card","Card","Card"],"build_version":"2020-12-22","purchased_purges":2,"victory":false,"max_hp_per_floor":[75,69,69,69,69,69,69,69,69,69,69,69,69,69,69,69,69,69,69,69,69,69,69,69,69,69,69,69,69,69,69,69,69,69],"card_choices":[{"not_picked":["Reboot","Multi-Cast"],"picked":"Hyperbeam","floor":0},{"not_picked":["Reprogram","FTL","Beam Cell"],"picked":"SKIP","floor":1},{"not_picked":["Ball Lightning","Compile Driver"],"picked":"Auto Shields","floor":4},{"not_picked":["Compile Driver","Leap","Go for the Eyes"],"picked":"SKIP","floor":5},{"not_picked":["Compile Driver","Sunder","Rebound"],"picked":"SKIP","floor":6},{"not_picked":["Leap","Auto Shields"],"picked":"Darkness","floor":8},{"not_picked":["Chaos","Recycle","Chill"],"picked":"Multi-Cast","floor":10},{"not_picked":["Steam","Consume","Hologram","Coolheaded"],"picked":"SKIP","floor":12},{"not_picked":["Stack","Gash","Conserve Battery"],"picked":"Darkness","floor":14},{"not_picked":["Electrodynamics","All For One","Echo Form"],"picked":"Rainbow","floor":16},{"not_picked":["Double Energy","Barrage","Genetic Algorithm"],"picked":"Redo+1","floor":18},{"not_picked":["Gash","Stack","Rebound+1","Compile Driver"],"picked":"SKIP","floor":20},{"not_picked":["Hologram","Barrage+1","Turbo","Gash"],"picked":"SKIP","floor":21},{"not_picked":["Sunder","Redo","Core Surge","Blizzard"],"picked":"SKIP","floor":22},{"not_picked":["Go for the Eyes","Cold Snap+1","Ball Lightning","Leap"],"picked":"SKIP","floor":25},{"not_picked":["Go for the Eyes","Cold Snap+1","Ball Lightning","Leap"],"picked":"SKIP","floor":25},{"not_picked":["Gash+1","Compile Driver","Chill+1","Turbo"],"picked":"SKIP","floor":27},{"not_picked":["Barrage","Gash+1","Rebound+1"],"picked":"Lockon","floor":28},{"not_picked":["Chill","Scrape+1","Force Field"],"picked":"Steam+1","floor":30},{"not_picked":["Hologram","Barrage","Static Discharge"],"picked":"Leap+1","floor":31}],"player_experience":237191,"relics_obtained":[{"floor":6,"key":"Thread and Needle"},{"floor":8,"key":"Boot"},{"floor":9,"key":"Question Card"},{"floor":12,"key":"HornCleat"},{"floor":14,"key":"Du-Vu Doll"},{"floor":24,"key":"Necronomicon"},{"floor":25,"key":"Orichalcum"},{"floor":26,"key":"PreservedInsect"},{"floor":30,"key":"Pen Nib"}],"event_choices":[{"damage_healed":0,"gold_gain":0,"player_choice":"Lose Max HP","damage_taken":0,"relics_obtained":["Golden Idol"],"max_hp_gain":0,"max_hp_loss":6,"event_name":"Golden Idol","floor":2,"gold_loss":0},{"damage_healed":0,"gold_gain":0,"player_choice":"Upgraded","damage_taken":0,"max_hp_gain":0,"max_hp_loss":0,"event_name":"Upgrade Shrine","floor":3,"gold_loss":0,"cards_upgraded":["Hyperbeam"]},{"damage_healed":0,"gold_gain":0,"player_choice":"Obtained Book","damage_taken":16,"max_hp_gain":0,"max_hp_loss":0,"event_name":"Cursed Tome","floor":24,"gold_loss":0},{"damage_healed":0,"gold_gain":0,"player_choice":"Forge","damage_taken":0,"max_hp_gain":0,"max_hp_loss":0,"event_name":"Accursed Blacksmith","floor":29,"gold_loss":0,"cards_upgraded":["Multi-Cast"]}],"is_beta":false,"boss_relics":[{"not_picked":["Velvet Choker","SlaversCollar"],"picked":"Sozu"}],"items_purged_floors":[11,19],"is_endless":false,"potions_floor_spawned":[1,6,8,10,18,20,22,27],"killed_by":"Automaton","ascension_level":6}}