{"host":"Jinnai","time":1612636975,"event":{"mods":["BaseMod","Bestiary","Block Reminder","Colored Map","Colored Powertips","Curses Come First","Highlight Path","Minty Spire (QoL Compilation)","Permanent Neow","Potion Indicator Mod","Quick Restart","Random Character Button","Relic Stats","StSLib","ojb\u0027s Info Mod"],"gold_per_floor":[112,126,146,146,160,160,192,192,238,267,284,284,318,335,335,335,335],"floor_reached":16,"language":"ENG","playtime":859,"items_purged":[],"score":244,"play_id":"63345e84-d436-467a-a8fa-7f2245bff838","local_time":"20210206134255","is_ascension_mode":true,"campfire_choices":[{"data":"Thunderclap","floor":6,"key":"SMITH"},{"floor":8,"key":"REST"},{"data":"Juggernaut","floor":15,"key":"SMITH"}],"circlet_count":0,"master_deck":["AscendersBane","Strike_R","Strike_R","Strike_R","Strike_R","Strike_R","Defend_R","Defend_R","Defend_R","Bash","Feel No Pain","Shrug It Off","Twin Strike","Thunderclap+1","Burning Pact","Twin Strike","Juggernaut+1","Immolate","Dark Embrace"],"relics":["Philosopher\u0027s Stone","Meat on the Bone","Orichalcum","Nunchaku","FaceOfCleric","MealTicket"],"acts_visited":["Exordium"],"potions_floor_usage":[16,16],"damage_taken":[{"damage":13,"enemies":"Jaw Worm","floor":1,"turns":2},{"damage":2,"enemies":"Cultist","floor":2,"turns":4},{"damage":2,"enemies":"Small Slimes","floor":3,"turns":4},{"damage":12,"enemies":"Red Slaver","floor":5,"turns":3},{"damage":31,"enemies":"Gremlin Nob","floor":7,"turns":4},{"damage":13,"enemies":"3 Sentries","floor":10,"turns":8},{"damage":5,"enemies":"3 Louse","floor":11,"turns":4},{"damage":21,"enemies":"Lagavulin","floor":13,"turns":6},{"damage":1,"enemies":"Exordium Thugs","floor":14,"turns":2},{"damage":45,"enemies":"The Guardian","floor":16,"turns":9}],"seed_played":"-6042325974715038653","potions_obtained":[{"floor":1,"key":"DuplicationPotion"},{"floor":2,"key":"Dexterity Potion"}],"is_trial":false,"path_per_floor":["M","M","M","?","M","R","E","R","T","E","M","?","E","M","R","B"],"character_chosen":"IRONCLAD","items_purchased":[],"campfire_rested":1,"item_purchase_floors":[],"current_hp_per_floor":[55,53,51,51,39,39,8,30,30,29,36,36,28,40,40,0,0],"gold":335,"neow_bonus":"BOSS_RELIC","is_daily":false,"chose_seed":false,"campfire_upgraded":2,"win_rate":0.0,"timestamp":1612636975,"path_taken":["M","M","M","?","M","R","E","R","T","E","?","?","E","?","R","BOSS"],"items_purchased_type":[],"build_version":"2020-12-18","purchased_purges":0,"victory":false,"max_hp_per_floor":[75,75,75,75,75,75,75,75,75,75,75,75,76,77,77,77,77],"relic_stats":{"Nunchaku":[3],"FaceOfCleric":2,"counters":[10,46],"MealTicket":0,"Orichalcum":[60],"obtain_stats":[{"Nunchaku":10,"FaceOfCleric":12,"Philosopher\u0027s Stone":0,"MealTicket":13,"Orichalcum":9,"Burning Blood":0,"Meat on the Bone":7},{"Nunchaku":6,"FaceOfCleric":7,"Philosopher\u0027s Stone":0,"MealTicket":8,"Orichalcum":5,"Burning Blood":0,"Meat on the Bone":5},{"Nunchaku":25,"FaceOfCleric":29,"Philosopher\u0027s Stone":0,"MealTicket":35,"Orichalcum":17,"Burning Blood":0,"Meat on the Bone":17}],"Meat on the Bone":48},"card_choices":[{"not_picked":["Pommel Strike","Clothesline"],"picked":"Feel No Pain","floor":1},{"not_picked":["Heavy Blade","Havoc"],"picked":"Shrug It Off","floor":2},{"not_picked":["Havoc","Flex"],"picked":"Twin Strike","floor":3},{"not_picked":["Flex","Clash"],"picked":"Thunderclap","floor":5},{"not_picked":["Thunderclap","Havoc"],"picked":"Burning Pact","floor":7},{"not_picked":["Intimidate","Sword Boomerang"],"picked":"Twin Strike","floor":10},{"not_picked":["Pommel Strike","Hemokinesis"],"picked":"Juggernaut","floor":11},{"not_picked":["Clothesline","Dual Wield"],"picked":"Immolate","floor":13},{"not_picked":["Clothesline","Pommel Strike"],"picked":"Dark Embrace","floor":14}],"player_experience":1661933,"relics_obtained":[{"floor":7,"key":"Meat on the Bone"},{"floor":9,"key":"Orichalcum"},{"floor":10,"key":"Nunchaku"},{"floor":13,"key":"MealTicket"}],"event_choices":[{"cards_removed":["Defend_R"],"damage_healed":0,"gold_gain":0,"player_choice":"Offered Basic","damage_taken":0,"max_hp_gain":0,"max_hp_loss":0,"event_name":"Bonfire Elementals","floor":4,"gold_loss":0},{"damage_healed":0,"gold_gain":0,"player_choice":"Trade","damage_taken":0,"relics_obtained":["FaceOfCleric"],"max_hp_gain":0,"max_hp_loss":0,"event_name":"FaceTrader","floor":12,"gold_loss":0}],"is_beta":true,"boss_relics":[],"items_purged_floors":[],"is_endless":false,"potions_floor_spawned":[1,2,10],"killed_by":"The Guardian","ascension_level":20}}