{"host":"cxvb37eaaiijvrl4","time":1612648422,"event":{"mods":["ATMod(阿瑾Mod)","BaseMod","Better Third Choice","Minty Spire (QoL Compilation)","MostiFishMod","Quick Restart","Rare Cards Sparkle","Shop Mod","Spicy Shops","StSLib","TestMod","Uncapped","残留之物"],"gold_per_floor":[114,114,39,52,52,84,100,126,126,153,163,178,78,95,95,169,169,187,204,216,227,152,186,61,61,84,84,84,100,500,516,516,587,587,602,602,620,130,145,170,170,203,203,28,48,60,93,111,111,111,111,111,111,111,140,140],"floor_reached":57,"language":"ZHS","playtime":1358,"items_purged":["Strike_R","Strike_R","Strike_R","Bash","Defend_R"],"score":3697,"play_id":"41f891ac-b0eb-48e1-94a1-f1c8f277f832","local_time":"20210206135342","is_ascension_mode":true,"campfire_choices":[{"data":"Second Wind","floor":15,"key":"SMITH"},{"floor":28,"key":"RECALL"},{"data":"Dark Embrace","floor":32,"key":"SMITH"},{"data":"MostiFishMod:ForestofLight","floor":49,"key":"SMITH"},{"data":"Evolve","floor":53,"key":"SMITH"}],"circlet_count":0,"master_deck":["AscendersBane","Defend_R","Defend_R","Defend_R+1","AT_KingSlayer+1","Power Through+1","Second Wind+1","Feel No Pain+1","MostiFishMod:RacingGame+1","AT_BodySlamDance+1","Body Slam+1","Dark Embrace+1","MostiFishMod:ForestofLight+1","testmod-BackupPower+1","Evolve+1"],"relics":["Burning Blood","DaveBox","AT_ATBox","RhineSuit","testmod-Recursion","SynthV:TestCard","AT_EbonyIvory","AT_Kusabimaru","Akabeko","AT_SilvercatRing","Kunai","SlaversCollar","testmod-OneHitWonder","Philosopher\u0027s Stone","BionicSphere","Whetstone","Mango","AT_DeathDance","Self Forming Clay","Shuriken"],"acts_visited":["Exordium","TheCity","TheBeyond","TheEnding"],"potions_floor_usage":[4,7,20],"damage_taken":[{"damage":0,"enemies":"Small Slimes","floor":1,"turns":2},{"damage":0,"enemies":"2 Louse","floor":4,"turns":2},{"damage":8,"enemies":"Gremlin Nob","floor":6,"turns":3},{"damage":0,"enemies":"Cultist","floor":7,"turns":1},{"damage":0,"enemies":"3 Sentries","floor":8,"turns":4},{"damage":0,"enemies":"Lagavulin","floor":10,"turns":3},{"damage":0,"enemies":"2 Fungi Beasts","floor":11,"turns":1},{"damage":0,"enemies":"3 Louse","floor":12,"turns":2},{"damage":0,"enemies":"Red Slaver","floor":14,"turns":1},{"damage":0,"enemies":"The Guardian","floor":16,"turns":2},{"damage":0,"enemies":"Shell Parasite","floor":18,"turns":2},{"damage":0,"enemies":"3 Byrds","floor":19,"turns":3},{"damage":0,"enemies":"Shelled Parasite and Fungi","floor":20,"turns":2},{"damage":0,"enemies":"Centurion and Healer","floor":21,"turns":2},{"damage":0,"enemies":"Slavers","floor":23,"turns":2},{"damage":0,"enemies":"Snake Plant","floor":29,"turns":1},{"damage":0,"enemies":"3 Cultists","floor":31,"turns":1},{"damage":0,"enemies":"Champ","floor":33,"turns":2},{"damage":0,"enemies":"3 Shapes","floor":35,"turns":1},{"damage":0,"enemies":"Orb Walker","floor":37,"turns":1},{"damage":0,"enemies":"4 Shapes","floor":39,"turns":1},{"damage":0,"enemies":"Reptomancer","floor":40,"turns":1},{"damage":0,"enemies":"Nemesis","floor":42,"turns":1},{"damage":0,"enemies":"Transient","floor":45,"turns":1},{"damage":0,"enemies":"Writhing Mass","floor":46,"turns":1},{"damage":0,"enemies":"Reptomancer","floor":47,"turns":1},{"damage":0,"enemies":"Sphere and 2 Shapes","floor":48,"turns":1},{"damage":0,"enemies":"Donu and Deca","floor":50,"turns":1},{"damage":0,"enemies":"Awakened One","floor":51,"turns":2},{"damage":0,"enemies":"Shield and Spear","floor":55,"turns":1},{"damage":0,"enemies":"The Heart","floor":56,"turns":4}],"seed_played":"-6801386946011253404","potions_obtained":[{"floor":4,"key":"testmod-SpacePotion"},{"floor":5,"key":"Strength Potion"},{"floor":5,"key":"Explosive Potion"},{"floor":6,"key":"Block Potion"},{"floor":7,"key":"testmod-SpacePotion"},{"floor":10,"key":"Energy Potion"},{"floor":12,"key":"testmod-TestPotion"},{"floor":14,"key":"Weak Potion"},{"floor":21,"key":"testmod-TestPotion"},{"floor":29,"key":"Swift Potion"}],"is_trial":false,"path_per_floor":["M","?","$","M","?","E","M","E","T","E","M","M","$","M","R","B",null,"M","M","M","M","?","E","$","?","T","?","R","M","?","M","R","B",null,"M","?","M","$","M","E","?","E","T","$","M","M","E","M","R","B","B",null,"R","$","E","B",null],"character_chosen":"IRONCLAD","items_purchased":["BionicSphere"],"campfire_rested":0,"item_purchase_floors":[38],"current_hp_per_floor":[74,48,48,54,54,52,58,64,64,70,75,75,75,75,75,75,75,75,75,75,75,75,75,75,54,54,54,54,60,60,66,66,72,78,80,76,80,80,80,80,70,90,90,90,94,94,94,94,94,94,94,94,94,94,94,94],"gold":140,"neow_bonus":"UPGRADE_CARD","is_daily":false,"chose_seed":false,"campfire_upgraded":4,"win_rate":0.0,"timestamp":1612648422,"path_taken":["M","?","$","M","?","E","?","E","T","E","M","M","$","M","R","BOSS","M","M","M","M","?","E","$","?","T","?","R","?","?","M","R","BOSS","M","?","?","$","M","E","?","E","T","$","M","M","E","M","R","BOSS","BOSS","R","$","E","BOSS"],"items_purchased_type":["Relic"],"build_version":"2020-12-22","purchased_purges":5,"victory":true,"max_hp_per_floor":[75,75,75,75,75,75,75,75,75,75,75,75,75,75,75,75,75,75,75,75,75,75,75,75,80,80,80,80,80,80,80,80,80,80,80,80,80,80,80,80,80,94,94,94,94,94,94,94,94,94,94,94,94,94,94,94],"card_choices":[{"not_picked":["True Grit","Pommel Strike","Anger"],"picked":"SKIP","floor":1},{"not_picked":["Shrug It Off","Headbutt","Body Slam","Burning Pact"],"picked":"Power Through","floor":4},{"not_picked":["True Grit","Inflame","MostiFishMod:UltimateDefense","Offering"],"picked":"Second Wind","floor":6},{"not_picked":["AT_ShrugMaster","Thunderclap","Hemokinesis","Clash","Wild Strike"],"picked":"SKIP","floor":7},{"not_picked":["Warcry","Havoc","Armaments","Shrug It Off"],"picked":"Feel No Pain","floor":8},{"not_picked":["Headbutt","Reckless Charge","Iron Wave","Wild Strike"],"picked":"MostiFishMod:RacingGame","floor":10},{"not_picked":["Twin Strike","Sever Soul","Flex","Iron Wave","Power Through"],"picked":"SKIP","floor":11},{"not_picked":["Headbutt","AT_DrawKnifeCut","Armaments","Thunderclap"],"picked":"AT_BodySlamDance","floor":12},{"not_picked":["Shrug It Off","Havoc","Flex","AT_CaressingTears","Uppercut"],"picked":"SKIP","floor":14},{"not_picked":["AT_GerminateFire","MostiFishMod:#F4004","Flex+1","Pommel Strike","Shrug It Off"],"picked":"SKIP","floor":18},{"not_picked":["Bloodletting","Anger","Rage","True Grit","Flex"],"picked":"SKIP","floor":19},{"not_picked":["Infernal Blade","Sever Soul","Thunderclap","Pommel Strike"],"picked":"Body Slam+1","floor":20},{"not_picked":["Sword Boomerang","Cleave","Flex","Shockwave","AT_DiedThrough"],"picked":"SKIP","floor":21},{"not_picked":["Shockwave+1","Sever Soul","AT_BodySlamDance","Rage","AT_DiedThrough"],"picked":"SKIP","floor":23},{"not_picked":["Dropkick+1","Anger","Clothesline","AT_IchimonjiDouble","Flame Barrier"],"picked":"SKIP","floor":29},{"not_picked":["Armaments+1","Iron Wave","MostiFishMod:FireWorks","Pummel"],"picked":"Dark Embrace","floor":31},{"not_picked":["Clothesline","Sword Boomerang","AT_BodySlamDance+1","AT_DiedThrough","Shrug It Off"],"picked":"SKIP","floor":35},{"not_picked":["Iron Wave","Anger","Bloodletting","Twin Strike+1","Battle Trance"],"picked":"SKIP","floor":37},{"not_picked":["Rampage","Flex","Searing Blow","Entrench","AT_IchimonjiDouble"],"picked":"SKIP","floor":39},{"not_picked":["Carnage","Flex","Shrug It Off+1","Metallicize+1","Warcry"],"picked":"SKIP","floor":40},{"not_picked":["Flash of Steel","testmod-TreasureHunter","AT_LightSaberMaster","testmod-RabbitOfFibonacci"],"picked":"MostiFishMod:ForestofLight","floor":41},{"not_picked":["Flash of Steel","Panacea","Blind","testmod-PulseDistributor"],"picked":"testmod-BackupPower","floor":41},{"not_picked":["Entrench","Twin Strike+1","AT_CaressingTears","Clothesline","Exhume"],"picked":"SKIP","floor":42},{"not_picked":["Warcry+1","Clash+1","Pommel Strike","AT_BodySlamDance","Headbutt"],"picked":"SKIP","floor":45},{"not_picked":["AT_IchimonjiDouble","Clothesline+1","Anger","Havoc","Flex"],"picked":"SKIP","floor":46},{"not_picked":["Dark Embrace","Iron Wave","Dropkick","Seeing Red","Anger"],"picked":"SKIP","floor":47},{"not_picked":["Twin Strike","Iron Wave","Heavy Blade","Rupture"],"picked":"Evolve","floor":48},{"not_picked":["Heavy Blade","Flex","Evolve","True Grit","MostiFishMod:404NotFound"],"picked":"SKIP","floor":55}],"player_experience":750398,"relics_obtained":[{"floor":1,"key":"SynthV:TestCard"},{"floor":6,"key":"AT_Kusabimaru"},{"floor":8,"key":"Akabeko"},{"floor":9,"key":"AT_SilvercatRing"},{"floor":10,"key":"Kunai"},{"floor":23,"key":"testmod-OneHitWonder"},{"floor":40,"key":"Whetstone"},{"floor":42,"key":"Mango"},{"floor":43,"key":"AT_DeathDance"},{"floor":47,"key":"Self Forming Clay"},{"floor":55,"key":"Shuriken"}],"event_choices":[{"damage_healed":0,"gold_gain":0,"player_choice":"Relic ","damage_taken":26,"max_hp_gain":0,"max_hp_loss":0,"event_name":"betterThird:BetterScrap","floor":2,"gold_loss":0,"cards_obtained":["MostiFishMod:Wind"]},{"damage_healed":0,"gold_gain":0,"player_choice":"Got Potions","damage_taken":0,"max_hp_gain":0,"max_hp_loss":0,"event_name":"Lab","floor":5,"gold_loss":0},{"cards_removed":["Strike_R"],"damage_healed":0,"gold_gain":0,"player_choice":"Gave Gold","damage_taken":0,"max_hp_gain":0,"max_hp_loss":0,"event_name":"Beggar","floor":22,"gold_loss":75},{"damage_healed":0,"gold_gain":0,"player_choice":"Shed Blood","damage_taken":26,"max_hp_gain":5,"max_hp_loss":0,"event_name":"Forgotten Altar","floor":25,"gold_loss":0},{"cards_removed":["Strike_R"],"damage_healed":0,"gold_gain":0,"player_choice":"Offered Basic","damage_taken":0,"max_hp_gain":0,"max_hp_loss":0,"event_name":"Bonfire Elementals","floor":27,"gold_loss":0},{"damage_healed":0,"gold_gain":400,"player_choice":"Sell","damage_taken":0,"max_hp_gain":0,"max_hp_loss":0,"event_name":"恩洛斯的盘子","floor":30,"relics_lost":["testmod-TestBox"],"gold_loss":0},{"damage_healed":0,"gold_gain":0,"player_choice":"Bought 0 Potions","damage_taken":0,"max_hp_gain":0,"max_hp_loss":0,"event_name":"The Woman in Blue","floor":36,"gold_loss":0},{"damage_healed":0,"gold_gain":0,"player_choice":"Memory 3","damage_taken":10,"max_hp_gain":0,"max_hp_loss":0,"event_name":"SensoryStone","floor":41,"gold_loss":0}],"is_beta":false,"boss_relics":[{"not_picked":["Fusion Hammer","Black Blood"],"picked":"SlaversCollar"},{"not_picked":["testmod-BatchProcessingSystem","MoonlightInvasionPlan"],"picked":"Philosopher\u0027s Stone"}],"items_purged_floors":[3,13,24,38,44],"is_endless":false,"potions_floor_spawned":[4,6,7,10,12,14,18,21,29,33,35,45,47,55],"ascension_level":20}}