{"host":"ydg0vn0pu4pubmdt","time":1612587558,"event":{"mods":["AchievementEnabler","BaseMod","Colored Map","Gold Saver","Minty Spire (QoL Compilation)","Quick Restart","SuperFastMode"],"gold_per_floor":[118,193,193,206,131,131,156,170,170,170,184,196,196,209,209,280,280,292,302,262,16,27,27,27],"floor_reached":23,"language":"KOR","playtime":577,"items_purged":[],"score":436,"play_id":"7f32495a-1c52-4dfb-80fb-75a38ece430a","local_time":"20210206135918","is_ascension_mode":true,"campfire_choices":[{"data":"Eruption","floor":6.0,"key":"SMITH"},{"floor":13.0,"key":"REST"},{"floor":15.0,"key":"DIG"}],"circlet_count":0,"master_deck":["AscendersBane","Strike_P","Strike_P","Strike_P","Defend_P","Defend_P","Defend_P","Eruption+1","Vigilance","FollowUp","CrushJoints+1","MentalFortress","EmptyFist","Tantrum","FearNoEvil","ConjureBlade","EmptyBody","Adaptation"],"relics":["PureWater","NeowsBlessing","Shovel","Turnip","White Beast Statue","VioletLotus","Potion Belt"],"acts_visited":["Exordium","TheCity"],"potions_floor_usage":[22,23,23],"damage_taken":[{"damage":0.0,"enemies":"Small Slimes","floor":1.0,"turns":1.0},{"damage":0.0,"enemies":"Cultist","floor":4.0,"turns":1.0},{"damage":0.0,"enemies":"Lagavulin","floor":7.0,"turns":1.0},{"damage":4.0,"enemies":"2 Louse","floor":8.0,"turns":2.0},{"damage":11.0,"enemies":"Lots of Slimes","floor":11.0,"turns":5.0},{"damage":23.0,"enemies":"Gremlin Gang","floor":12.0,"turns":4.0},{"damage":4.0,"enemies":"Exordium Wildlife","floor":14.0,"turns":3.0},{"damage":20.0,"enemies":"Hexaghost","floor":16.0,"turns":9.0},{"damage":9.0,"enemies":"Spheric Guardian","floor":18.0,"turns":4.0},{"damage":18.0,"enemies":"Chosen","floor":19.0,"turns":5.0},{"damage":26,"enemies":"Centurion and Healer","floor":22,"turns":4},{"damage":21,"enemies":"Book of Stabbing","floor":23,"turns":2}],"seed_played":"4680984365130217541","potions_obtained":[{"floor":8.0,"key":"Block Potion"},{"floor":14.0,"key":"FearPotion"},{"floor":16.0,"key":"StancePotion"},{"floor":18.0,"key":"Fruit Juice"},{"floor":19.0,"key":"Fruit Juice"},{"floor":20.0,"key":"Fruit Juice"},{"floor":20.0,"key":"Dexterity Potion"},{"floor":20.0,"key":"Weak Potion"},{"floor":22,"key":"Energy Potion"}],"is_trial":false,"path_per_floor":["M","?","?","M","?","R","E","M","T","?","M","M","R","M","R","B",null,"M","M","?","$","M","E"],"character_chosen":"WATCHER","items_purchased":["Potion Belt","Adaptation"],"campfire_rested":1,"item_purchase_floors":[21,21],"current_hp_per_floor":[61,50,50,50,50,50,50,46,46,46,35,12,32,28,28,8,53,49,36,41,41,15,0,0],"gold":27,"neow_bonus":"THREE_ENEMY_KILL","is_daily":false,"chose_seed":false,"campfire_upgraded":1,"win_rate":0.0,"timestamp":1612587558,"path_taken":["M","?","?","?","?","R","E","M","T","?","M","M","R","?","R","BOSS","M","?","?","?","?","E"],"items_purchased_type":["Relic","Card"],"build_version":"2020-12-22","purchased_purges":0,"victory":false,"max_hp_per_floor":[68,68,68,68,68,68,68,68,68,68,68,68,68,68,68,68,68,73,78,83,83,83,83,83],"card_choices":[{"not_picked":["JustLucky","FlyingSleeves"],"picked":"FollowUp","floor":1.0},{"not_picked":["LikeWater","Consecrate","DeceiveReality"],"picked":"SKIP","floor":4.0},{"not_picked":["WreathOfFlame","SashWhip"],"picked":"CrushJoints","floor":7.0},{"not_picked":["CrushJoints","LikeWater"],"picked":"MentalFortress","floor":8.0},{"not_picked":["ClearTheMind","Prostrate"],"picked":"EmptyFist","floor":11.0},{"not_picked":["EmptyFist","PathToVictory"],"picked":"Tantrum","floor":12.0},{"not_picked":["EmptyMind","Wireheading"],"picked":"FearNoEvil","floor":14.0},{"not_picked":["Wish","Alpha"],"picked":"ConjureBlade","floor":16.0},{"not_picked":["PathToVictory+1","FollowUp"],"picked":"EmptyBody","floor":18.0},{"not_picked":["ClearTheMind","EmptyFist+1","PathToVictory"],"picked":"SKIP","floor":19.0},{"not_picked":["EmptyBody","EmptyFist","Prostrate"],"picked":"SKIP","floor":22},{"not_picked":["EmptyBody","EmptyFist","Prostrate"],"picked":"SKIP","floor":22}],"player_experience":628512,"relics_obtained":[{"floor":7.0,"key":"Shovel"},{"floor":9.0,"key":"Turnip"},{"floor":15.0,"key":"White Beast Statue"}],"event_choices":[{"damage_healed":0.0,"max_hp_gain":0.0,"max_hp_loss":0.0,"gold_gain":75.0,"event_name":"World of Goop","player_choice":"Gather Gold","floor":2.0,"gold_loss":0.0,"damage_taken":11.0},{"cards_removed":["Strike_P"],"damage_healed":0.0,"max_hp_gain":0.0,"max_hp_loss":0.0,"gold_gain":0.0,"event_name":"Bonfire Elementals","player_choice":"Offered Basic","floor":3.0,"gold_loss":0.0,"damage_taken":0.0},{"cards_removed":["Defend_P"],"damage_healed":0.0,"max_hp_gain":0.0,"max_hp_loss":0.0,"gold_gain":0.0,"event_name":"The Cleric","player_choice":"Card Removal","floor":5.0,"gold_loss":75.0,"damage_taken":0.0},{"damage_healed":0.0,"max_hp_gain":0.0,"max_hp_loss":0.0,"gold_gain":0.0,"event_name":"Upgrade Shrine","player_choice":"Upgraded","floor":10.0,"gold_loss":0.0,"damage_taken":0.0,"cards_upgraded":["CrushJoints"]},{"damage_healed":0.0,"max_hp_gain":0.0,"max_hp_loss":0.0,"gold_gain":0.0,"event_name":"The Woman in Blue","player_choice":"Bought 3 Potions","floor":20.0,"gold_loss":0.0,"damage_taken":0.0}],"is_beta":false,"boss_relics":[{"not_picked":["Runic Pyramid","Philosopher\u0027s Stone"],"picked":"VioletLotus"}],"items_purged_floors":[],"is_endless":false,"potions_floor_spawned":[8,14,16,18,19,22],"killed_by":"Book of Stabbing","ascension_level":20}}