{"host":"6to8m083wj0ro91z","time":1612637053,"event":{"mods":["BaseMod","Better Third Choice","BetterRewards","CatGirl Mod","ChefMod","Friendly Minions","Hubris","Mad Scientist","Marisa????????","Minty Spire (QoL Compilation)","Robot Space Explorer","Shade Mod","Spicy Shops","StSLib","The Blackbeard","The Death Knight","The Forsaken","The Gatherer","The Marked","The Mystic","The Necromancer","The Runesmith","The Servant 0.9.4","The Showman","The Vixen","Yohane!"],"gold_per_floor":[109,59,59,59,76,76,96,130,180,180,190,190,209,239,239,340,340,354,370,33,33,45,45,79,79,106,135,135,155,168,201,201,299,299,312,330,94,109,109,141,0,27,52,68,99,109,121,136,136,136,136,136,87,116,116],"floor_reached":56,"language":"ENG","playtime":4772,"items_purged":["theShowman:VanishingStrike","theShowman:BasicStrike"],"score":1659,"play_id":"64187b2a-0e5c-44f3-8391-9ed35bf41dfb","local_time":"20210206194413","is_ascension_mode":false,"campfire_choices":[{"data":"theShowman:SpeechCard","floor":6,"key":"SMITH"},{"data":"theShowman:TroublingTrope","floor":10,"key":"SMITH"},{"data":"theShowman:StageHook","floor":15,"key":"SMITH"},{"data":"theShowman:StrongArm","floor":23,"key":"SMITH"},{"data":"theShowman:NowYouSeeMe","floor":28,"key":"SMITH"},{"data":"theShowman:FlashyFlourish","floor":32,"key":"SMITH"},{"floor":49,"key":"RECALL"},{"data":"theShowman:CardPickup52","floor":52,"key":"SMITH"}],"circlet_count":0,"master_deck":["theShowman:VanishingStrike","theShowman:VanishingDefend","theShowman:VanishingDefend","theShowman:CardPickup52+1","theShowman:StageHook+1","theShowman:SpeechCard+1","theShowman:TroublingTrope+1","theShowman:FlashyFlourish+1","theShowman:OneUp+1","theShowman:NowYouSeeMe+1","theShowman:StrongArm+1","theShowman:ExtraWideSleeves","theShowman:AGrossDisplay+1","theShowman:WildFlourish+1","Panache","theShowman:PocketSand+1","Phantasmal Killer","theShowman:NowYouSeeMe","theShowman:PropShow+1"],"relics":["theShowman:ThirdTimeCharm","Lee\u0027s Waffle","theForsaken:Lifeblossom","hubris:EmptyBottle","Medical Kit","hubris:CrystalStatue","hubris:ToyBattleship","Art of War","Nunchaku","Empty Cage","Kunai","Toolbox","hubris:DeckOfHolding","Tiny Chest","Mummified Hand","Question Card","SlaversCollar","hubris:DisguiseKit","Ancient Tea Set","Red Mask","Whetstone","Bag of Marbles","Girya","theShowman:MagnetizedGloves"],"acts_visited":["Exordium","TheCity","TheBeyond","TheEnding"],"potions_floor_usage":[8,8,14,16,27,27,30,36,40,44,55,55,55,55,55],"damage_taken":[{"damage":0,"enemies":"2 Louse","floor":1,"turns":2},{"damage":0,"enemies":"Jaw Worm","floor":5,"turns":3},{"damage":0,"enemies":"Cultist","floor":7,"turns":3},{"damage":0,"enemies":"Gremlin Nob","floor":8,"turns":3},{"damage":0,"enemies":"2 Fungi Beasts","floor":11,"turns":2},{"damage":3,"enemies":"Red Slaver","floor":13,"turns":4},{"damage":0,"enemies":"Lagavulin","floor":14,"turns":4},{"damage":0,"enemies":"The Guardian","floor":16,"turns":5},{"damage":0,"enemies":"Chosen","floor":18,"turns":2},{"damage":0,"enemies":"2 Thieves","floor":19,"turns":2},{"damage":0,"enemies":"3 Cultists","floor":22,"turns":3},{"damage":0,"enemies":"Book of Stabbing","floor":24,"turns":2},{"damage":3,"enemies":"Slavers","floor":27,"turns":2},{"damage":0,"enemies":"Snake Plant","floor":29,"turns":3},{"damage":0,"enemies":"Shelled Parasite and Fungi","floor":30,"turns":3},{"damage":0,"enemies":"Book of Stabbing","floor":31,"turns":4},{"damage":0,"enemies":"Champ","floor":33,"turns":10},{"damage":2,"enemies":"3 Shapes","floor":35,"turns":3},{"damage":0,"enemies":"3 Darklings","floor":36,"turns":2},{"damage":4,"enemies":"Sphere and 2 Shapes","floor":38,"turns":3},{"damage":7,"enemies":"Giant Head","floor":40,"turns":7},{"damage":0,"enemies":"Reptomancer","floor":42,"turns":4},{"damage":0,"enemies":"Jaw Worm Horde","floor":44,"turns":3},{"damage":0,"enemies":"Nemesis","floor":45,"turns":3},{"damage":0,"enemies":"Spire Growth","floor":46,"turns":2},{"damage":0,"enemies":"Maw","floor":47,"turns":4},{"damage":0,"enemies":"3 Darklings","floor":48,"turns":2},{"damage":0,"enemies":"Donu and Deca","floor":50,"turns":3},{"damage":0,"enemies":"Shield and Spear","floor":54,"turns":2},{"damage":17,"enemies":"The Heart","floor":55,"turns":6}],"seed_played":"7650870995056272430","potions_obtained":[{"floor":1,"key":"PowerPotion"},{"floor":7,"key":"SteroidPotion"},{"floor":11,"key":"SkillPotion"},{"floor":13,"key":"BlessingOfTheForge"},{"floor":19,"key":"Ancient Potion"},{"floor":27,"key":"ColorlessPotion"},{"floor":29,"key":"Block Potion"},{"floor":40,"key":"Block Potion"}],"is_trial":false,"path_per_floor":["M","?","?","T","M","R","M","E","T","R","M","?","M","E","R","B",null,"M","M","$","?","M","R","E","?","T","E","R","M","M","E","R","B",null,"M","M","$","M","T","E","?","E","T","M","E","M","M","M","R","B",null,"R","$","E","B",null],"character_chosen":"THE_SHOWMAN","items_purchased":["Lee\u0027s Waffle","theForsaken:Lifeblossom","hubris:EmptyBottle","Medical Kit","PowerPotion","Kunai","Toolbox","Panache","PowerPotion","PowerPotion"],"campfire_rested":0,"item_purchase_floors":[0,0,0,0,0,20,20,37,37,53],"current_hp_per_floor":[82,82,82,82,82,82,82,82,82,82,82,82,79,82,82,82,82,82,82,82,66,71,71,74,97,97,94,94,97,97,97,97,97,97,97,97,97,97,97,90,90,96,96,97,97,97,97,97,97,97,97,97,97,97,80],"gold":116,"neow_bonus":"","is_daily":false,"chose_seed":false,"campfire_upgraded":7,"win_rate":0.0,"timestamp":1612637053,"path_taken":["M","?","?","?","M","R","M","E","T","R","?","?","M","E","R","BOSS","M","M","$","?","M","R","E","?","T","E","R","M","M","E","R","BOSS","M","M","$","M","?","E","?","E","T","M","E","?","M","M","R","BOSS","R","$","E","BOSS"],"items_purchased_type":["Relic","Relic","Relic","Relic","Potion","Relic","Relic","Card","Potion","Potion"],"build_version":"2020-12-22","purchased_purges":2,"victory":true,"max_hp_per_floor":[82,82,82,82,82,82,82,82,82,82,82,82,82,82,82,82,82,82,82,82,87,87,87,87,97,97,97,97,97,97,97,97,97,97,97,97,97,97,97,97,97,97,97,97,97,97,97,97,97,97,97,97,97,97,97],"card_choices":[{"not_picked":["theShowman:CrashingLights","theShowman:ExtraWideSleeves","theShowman:HatTrick"],"picked":"SKIP","floor":1},{"not_picked":["theShowman:NowYouSeeMe","theShowman:StrongArm"],"picked":"theShowman:TroublingTrope","floor":5},{"not_picked":["theShowman:KiblerFlick","theShowman:DivertingDisplay"],"picked":"theShowman:FlashyFlourish","floor":7},{"not_picked":["theShowman:SleightedHand","theShowman:Prestidigitation","theShowman:BottomDoubleDeal"],"picked":"SKIP","floor":8},{"not_picked":["theShowman:SleeveStash","theShowman:Prestidigitation"],"picked":"theShowman:OneUp","floor":11},{"not_picked":["theShowman:SleeveStash","theShowman:CurtainCall"],"picked":"theShowman:NowYouSeeMe","floor":13},{"not_picked":["theShowman:NowYouSeeMe","theShowman:SetTheStage"],"picked":"theShowman:StrongArm","floor":14},{"not_picked":["theShowman:AndBehindCurtain","theShowman:VanDeGraaffsRevenge"],"picked":"theShowman:ImpromptuFlourish","floor":16},{"not_picked":["theShowman:NowYouDont","theShowman:SleeveStash+1","theShowman:GotYourNose"],"picked":"SKIP","floor":18},{"not_picked":["theShowman:StackTheDeck","theShowman:PocketSand","theShowman:RazzleDazzle"],"picked":"SKIP","floor":19},{"not_picked":["theShowman:FullHouse","theShowman:Ventriloquism","theShowman:HypeTheCrowd+1"],"picked":"SKIP","floor":22},{"not_picked":["theShowman:StartlingShowmanship","theShowman:NowYouSeeMe","theShowman:FlashyFlourish+1"],"picked":"SKIP","floor":24},{"not_picked":["theShowman:StartlingShowmanship","theShowman:NowYouSeeMe","theShowman:PropManacles"],"picked":"SKIP","floor":27},{"not_picked":["theShowman:WhirlingDervish","theShowman:SleightedFlourish","theShowman:OneUp+1"],"picked":"SKIP","floor":29},{"not_picked":["theShowman:ThreeCardMonty","theShowman:MischiefManaged","theShowman:CrashingLights"],"picked":"SKIP","floor":30},{"not_picked":["theShowman:ThespianForm","theShowman:SleightedFlourish"],"picked":"theShowman:ExtraWideSleeves","floor":31},{"not_picked":["theShowman:ThespianForm","theShowman:Ventriloquism","theShowman:SetTheStage"],"picked":"theShowman:AGrossDisplay","floor":33},{"not_picked":["theShowman:DapperFlourish","theShowman:SecondAct","theShowman:FullHouse"],"picked":"theShowman:WildFlourish+1","floor":35},{"not_picked":["theShowman:SleightedFlourish+1","theShowman:CurtainCall+1","theShowman:StartlingShowmanship+1","theShowman:DapperFlourish"],"picked":"SKIP","floor":36},{"not_picked":["theShowman:SleightedFlourish+1","theShowman:WildFlourish","theShowman:RazzleDazzle+1"],"picked":"theShowman:PocketSand+1","floor":38},{"not_picked":["theShowman:HypeTheCrowd+1","theShowman:StackTheDeck+1","theShowman:ShowOfStrength+1","theShowman:RazzleDazzle+1"],"picked":"Phantasmal Killer","floor":40},{"not_picked":["theShowman:BafflingShuffle","theShowman:AndBehindCurtain","theShowman:RaptMisdirection","theShowman:StartlingShowmanship","Escape Plan"],"picked":"SKIP","floor":42},{"not_picked":["theShowman:ThrowingCards","theShowman:KiblerFlick+1","theShowman:Toro+1","theShowman:Prestidigitation+1","Infinite Blades"],"picked":"SKIP","floor":44},{"not_picked":["theShowman:NowYouDont","theShowman:SleeveAces","theShowman:MischiefManaged+1","theShowman:OpenTheCurtain+1","Acrobatics"],"picked":"SKIP","floor":45},{"not_picked":["theShowman:HareBrainedScheme","theShowman:Toro+1","theShowman:RazzleDazzle+1","Dagger Throw"],"picked":"theShowman:NowYouSeeMe","floor":46},{"not_picked":["theShowman:ItsShowtime+1","theShowman:OpenTheCurtain","theShowman:Toro","Eviscerate"],"picked":"theShowman:PropShow+1","floor":47},{"not_picked":["theShowman:NowYouSeeMe+1","theShowman:ExtraWideSleeves","theShowman:OneUp+1","theShowman:FullHouse+1","Predator"],"picked":"SKIP","floor":48},{"not_picked":["theShowman:RaptMisdirection+1","theShowman:SleeveAces+1","theShowman:ExtraWideSleeves","theShowman:StackTheDeck+1","Quick Slash"],"picked":"SKIP","floor":54}],"player_experience":1101873,"relics_obtained":[{"floor":4,"key":"hubris:CrystalStatue"},{"floor":8,"key":"hubris:ToyBattleship"},{"floor":14,"key":"Nunchaku"},{"floor":24,"key":"hubris:DeckOfHolding"},{"floor":26,"key":"Tiny Chest"},{"floor":27,"key":"Mummified Hand"},{"floor":31,"key":"Question Card"},{"floor":39,"key":"hubris:DisguiseKit"},{"floor":40,"key":"Ancient Tea Set"},{"floor":42,"key":"Whetstone"},{"floor":43,"key":"Bag of Marbles"},{"floor":45,"key":"Girya"},{"floor":54,"key":"theShowman:MagnetizedGloves"}],"event_choices":[{"cards_removed":["theShowman:BasicDefend"],"damage_healed":0,"gold_gain":0,"player_choice":"Card Removal","damage_taken":0,"max_hp_gain":0,"max_hp_loss":0,"event_name":"The Cleric","floor":2,"gold_loss":50},{"damage_healed":0,"gold_gain":0,"player_choice":"Ignored","damage_taken":59,"max_hp_gain":0,"max_hp_loss":0,"event_name":"betterThird:BetterSerpent","floor":3,"gold_loss":0},{"damage_healed":0,"gold_gain":0,"player_choice":"Gave Potion","damage_taken":0,"relics_obtained":["Art of War"],"max_hp_gain":0,"max_hp_loss":0,"event_name":"WeMeetAgain","floor":12,"gold_loss":0},{"damage_healed":0,"gold_gain":0,"player_choice":"Shed Blood","damage_taken":21,"max_hp_gain":5,"max_hp_loss":0,"event_name":"Forgotten Altar","floor":21,"gold_loss":0},{"cards_removed":["theShowman:ImpromptuFlourish"],"damage_healed":13,"gold_gain":0,"player_choice":"Offered Rare","damage_taken":0,"max_hp_gain":10,"max_hp_loss":0,"event_name":"Bonfire Elementals","floor":25,"gold_loss":0},{"damage_healed":0,"gold_gain":0,"player_choice":"Paid","damage_taken":0,"relics_obtained":["Red Mask"],"max_hp_gain":0,"max_hp_loss":0,"event_name":"Tomb of Lord Red Mask","floor":41,"gold_loss":141}],"is_beta":false,"boss_relics":[{"not_picked":["hubris:BlackHole","Sozu"],"picked":"Empty Cage"},{"not_picked":["hubris:ScarierMask","Calling Bell"],"picked":"SlaversCollar"}],"items_purged_floors":[0,0],"is_endless":false,"potions_floor_spawned":[1,7,11,13,19,27,29,38,40,42,44,46,47],"ascension_level":0}}