{"host":"93i08ytspyv2sxp5","time":1612640375,"event":{"mods":["Act Like it!","Arknights","Aspiration","BaseMod","Better Match","Better Note","Better Third Choice","BetterRewards","Block Reminder","ChefMod","Colored Map","Colored Powertips","Downfall-Rebalance","Energized Spire","GungeonMod","Hermit","Hero for Fun","Highlight Path","Hubris","Jedi Mod","Minty Spire (QoL Compilation)","Quick Restart","Random Character Button","Rare Cards Sparkle","Replay The Spire","Robot Space Explorer","Shop Mod","Spicy Shops","Spire Arcade","StSLib","The IronCluck","TheHero","Transform Curses","Waifu the Spire","Wandering Minibosses","slay the spire mod where everything is the same but ironclad has a cowboy hat"],"gold_per_floor":[116,116,129,140,130,130,149,142,169,176,178,178,186,186,186,273,273,278,278,1018,1018,1018,1043,1043,1043,1092,401,401,88,88,98,98,195,195,211,211,211,211,223,223,223,255,301,301,4,14,9,9,9,9,9,9,9,35,35],"floor_reached":54,"language":"ENG","playtime":2231,"items_purged":[],"score":875,"play_id":"b8baa08b-7a6d-40f9-94d2-f2fa40288c9c","local_time":"20210206143935","is_ascension_mode":false,"campfire_choices":[{"data":"ats:Very Hot Blade","floor":6.0,"key":"SMITH"},{"floor":12.0,"key":"REST"},{"floor":15.0,"key":"REST"},{"data":"ats:Closed Bolt Burst Fire","floor":24.0,"key":"SMITH"},{"floor":30.0,"key":"REST"},{"data":"ats:Neurotoxin","floor":32.0,"key":"SMITH"},{"data":"ats:True Silver Slash","floor":40.0,"key":"SMITH"},{"floor":44.0,"key":"RECALL"},{"data":"ats:Strike S","floor":49.0,"key":"SMITH"},{"floor":52.0,"key":"REST"}],"circlet_count":0,"master_deck":["ats:Strike C+1","ats:Strike G+1","ats:Strike S+1","ats:Strike V+1","ats:Armor Crushing Shot+1","ats:Defend+1","ats:Emotion Absorption+1","ats:Flexible Camouflage+1","Leg Sweep+1","Poison Darts+1","jedi:rejectivetoxin+1","ats:Very Hot Blade+1","ats:Leaping Hammer+1","ats:Sashimi Platter+1","ats:Explosion Area Strengthen+1","ats:Ignite+1","ats:Nebulous Foxfire+1","ats:Neurotoxin+1","ats:Chain Hook+1","ats:Ambush+1","ats:Flexible Camouflage+1","ats:Very Hot Blade+1","ats:Rat Pack+1","ats:Closed Bolt Burst Fire+1","RitualDagger+1","ats:Consecutive Shot Auto+1","ats:Powerful Strike+1","ReplayTheSpireMod:Strike From Hell+1","hexamod:SuperheatedStrike+1","jedi:collectorstrike+1","RobotSpaceExplorer:MetalStrike+1","Perfected Strike+1","ats:Flexible Camouflage+1","ats:Ignite+1","ats:Roar Of Ursus+1","ats:True Silver Slash+1","ats:Flexible Camouflage+1","ats:Flame Of Heaven+1","ats:Cat Scratch+1","ats:Curse Doll+1","hubris:Disease","ats:Ignite+1"],"relics":["ats:Sanity","NeowsBlessing","Simple Rune","hubris:Icosahedron","aspiration:FutureDiary","wanderingMiniBosses:MasterThiefsPresence","hubris:Towel","ats:Originium","Replay:Ringing Soul","Vajra","ats:Defend","HornCleat","DemoMod:PinkGuonStone","Matryoshka","hubris:Backtick","jedi:crownofsimplicity","DemoMod:GundromedaStrain","DemoMod:OrangeGuonStone","StrikeDummy","Chemical X","Anchor","ReplayTheSpireMod:CursedCoin","ats:Hidden Killer","Mark of the Bloom","Mummified Hand"],"acts_visited":["Exordium","TheCity","TheBeyond","TheEnding"],"potions_floor_usage":[],"damage_taken":[{"damage":0.0,"enemies":"Small Slimes","floor":1.0,"turns":1.0},{"damage":0.0,"enemies":"Cultist","floor":3.0,"turns":1.0},{"damage":0.0,"enemies":"2 Louse","floor":4.0,"turns":1.0},{"damage":10.0,"enemies":"2 Fungi Beasts","floor":5.0,"turns":6.0},{"damage":20.0,"enemies":"Gremlin Gang","floor":7.0,"turns":4.0},{"damage":6.0,"enemies":"Red Slaver","floor":8.0,"turns":6.0},{"damage":0.0,"enemies":"Large Slime","floor":10.0,"turns":4.0},{"damage":20.0,"enemies":"2 Fungi Beasts","floor":11.0,"turns":3.0},{"damage":16.0,"enemies":"Looter","floor":13.0,"turns":3.0},{"damage":26.0,"enemies":"Slime Boss","floor":16.0,"turns":6.0},{"damage":13.0,"enemies":"Spheric Guardian","floor":18.0,"turns":4.0},{"damage":0.0,"enemies":"3 Byrds","floor":20.0,"turns":7.0},{"damage":34.0,"enemies":"Slavers","floor":23.0,"turns":5.0},{"damage":12.0,"enemies":"Snake Plant","floor":31.0,"turns":3.0},{"damage":66.0,"enemies":"Collector","floor":33.0,"turns":8.0},{"damage":8.0,"enemies":"Orb Walker","floor":35.0,"turns":2.0},{"damage":3.0,"enemies":"3 Darklings","floor":39.0,"turns":3.0},{"damage":35.0,"enemies":"Nemesis","floor":42.0,"turns":7.0},{"damage":0.0,"enemies":"Jaw Worm Horde","floor":46.0,"turns":3.0},{"damage":26.0,"enemies":"hubris:GrandSnecko","floor":50.0,"turns":7.0},{"damage":0.0,"enemies":"Shield and Spear","floor":54.0,"turns":3.0}],"seed_played":"-2441249354065499618","potions_obtained":[{"floor":1.0,"key":"ats:Top Emergency Sanity Potion"},{"floor":5.0,"key":"SteroidPotion"},{"floor":7.0,"key":"Slimebound:ThreeZeroPotion"},{"floor":16.0,"key":"Swift Potion"},{"floor":18.0,"key":"BlessingOfTheForge"}],"is_trial":false,"path_per_floor":["M","?","M","M","M","R","M","M","T","M","M","R","M","?","R_BF","B",null,"M","?","M","?","?","E","R","?","T","$","?","$","R","M","R","B",null,"M","?","$","?","M","R","?","E","T","R","$","M","$","?","R","B",null,"R","$","E"],"character_chosen":"DOCTOR_CLASS","items_purchased":["ats:Defend","HornCleat","DemoMod:PinkGuonStone","ats:Consecutive Shot Auto","Matryoshka","ats:Flexible Camouflage","Chemical X","Anchor","ReplayTheSpireMod:CursedCoin","ats:Hidden Killer"],"campfire_rested":4,"item_purchase_floors":[27,27,27,27,29,29,45,45,47,47],"current_hp_per_floor":[72,72,72,72,62,62,51,51,51,59,45,66,59,59,72,55,72,59,59,72,72,72,44,44,41,41,51,54,57,85,85,85,40,100,95,95,95,98,98,98,98,81,81,81,81,94,97,97,97,71,71,71,71,71,71],"gold":35,"neow_bonus":"THREE_ENEMY_KILL","is_daily":false,"chose_seed":false,"campfire_upgraded":5,"win_rate":0.0,"timestamp":1612640375,"path_taken":["M","?","M","?","?","R","M","M","T","M","M","R","M","?","R_BF","BOSS","M","?","?","?","?","E","R","?","T","$","?","$","R","M","R","BOSS","M","?","$","?","M","R","?","E","T","R","?","?","?","?","R","BOSS","R","$","E"],"items_purchased_type":["Card","Relic","Relic","Card","Relic","Card","Relic","Relic","Relic","Relic"],"build_version":"2020-12-22","purchased_purges":0,"victory":false,"max_hp_per_floor":[72,72,72,72,72,72,72,72,72,72,72,72,72,72,72,72,72,72,72,72,72,72,75,75,78,78,88,91,94,94,97,97,100,100,103,103,103,106,109,109,109,112,112,112,112,115,118,118,118,118,118,118,118,121,121],"card_choices":[{"not_picked":["ats:Curse Doll","ats:LN2 Cannon"],"picked":"ats:Flexible Camouflage","floor":1.0},{"not_picked":["ats:Shell Defense","ats:Hammer On"],"picked":"ats:Very Hot Blade","floor":3.0},{"not_picked":["ats:Burning Ground","ats:Assault Order"],"picked":"ats:Leaping Hammer","floor":4.0},{"not_picked":["ats:Rapid Magazine","ats:Shell Defense"],"picked":"ats:Sashimi Platter","floor":5.0},{"not_picked":["ats:Shell Defense","ats:Collapsing Strike"],"picked":"ats:Explosion Area Strengthen","floor":7.0},{"not_picked":["ats:Hammer On","ats:Closed Bolt Burst Fire"],"picked":"ats:Ignite","floor":8.0},{"not_picked":["ats:Curse Doll","ats:Powerful Strike"],"picked":"ats:Nebulous Foxfire","floor":10.0},{"not_picked":["ats:Guardian Obelisk","ats:Ignite"],"picked":"ats:Neurotoxin","floor":11.0},{"not_picked":["ats:Powerful Strike","ats:Steam Pump"],"picked":"ats:Chain Hook","floor":13.0},{"not_picked":["ats:Dogmatic Field","ats:Durian"],"picked":"ats:Ambush","floor":16.0},{"not_picked":["ats:Absolute Focus","ats:Composite Medical Shells"],"picked":"ats:Flexible Camouflage","floor":18.0},{"not_picked":["ats:Shell Defense","ats:Poison Spread"],"picked":"ats:Very Hot Blade","floor":20.0},{"not_picked":["ats:Revitalization","ats:Thorns"],"picked":"ats:Closed Bolt Burst Fire","floor":23.0},{"not_picked":["ats:Powerful Strike+1","ats:Very Hot Blade"],"picked":"ats:Ignite","floor":31.0},{"not_picked":["jedi:collectorstrike","ats:Disruption Kick"],"picked":"ats:Roar Of Ursus","floor":33.0},{"not_picked":["ats:Curse Doll+1","ats:Spore Proliferation+1"],"picked":"ats:True Silver Slash","floor":35.0},{"not_picked":["ats:Leaping Hammer","ats:Explosion Area Strengthen"],"picked":"ats:Flame Of Heaven","floor":39.0},{"not_picked":["ats:Echo Reverb","ats:Guard Mode+1"],"picked":"ats:Cat Scratch","floor":42.0},{"not_picked":["jedi:collectorstrike","ats:Composite Medical Shells"],"picked":"ats:Curse Doll+1","floor":46.0},{"not_picked":["jedi:collectorstrike+1","ats:Assault Order"],"picked":"ats:Ignite+1","floor":54}],"player_experience":302295,"relics_obtained":[{"floor":9.0,"key":"Simple Rune"},{"floor":20.0,"key":"wanderingMiniBosses:MasterThiefsPresence"},{"floor":23.0,"key":"ats:Originium"},{"floor":23.0,"key":"Replay:Ringing Soul"},{"floor":26.0,"key":"Vajra"},{"floor":42.0,"key":"ats:Originium"},{"floor":42.0,"key":"DemoMod:OrangeGuonStone"},{"floor":43.0,"key":"StrikeDummy"},{"floor":54,"key":"ats:Originium"},{"floor":54,"key":"Mummified Hand"}],"event_choices":[{"cards_removed":["ats:Sashimi Platter"],"damage_healed":0.0,"max_hp_gain":0.0,"max_hp_loss":0.0,"gold_gain":0.0,"event_name":"betterNote:BetterNote","player_choice":"Give","floor":19.0,"gold_loss":0.0,"damage_taken":0.0,"cards_obtained":["animeID:HowitzerImpact"]},{"damage_healed":0.0,"max_hp_gain":0.0,"max_hp_loss":0.0,"gold_gain":0.0,"event_name":"The Library","player_choice":"Read","floor":21.0,"gold_loss":0.0,"damage_taken":0.0,"cards_obtained":["ats:Rat Pack"]},{"damage_healed":0.0,"max_hp_gain":0.0,"max_hp_loss":0.0,"gold_gain":0.0,"event_name":"betterThird:BetterNest","player_choice":"Dagger","floor":25.0,"gold_loss":0.0,"damage_taken":6.0,"cards_obtained":["RitualDagger"]},{"damage_healed":0.0,"max_hp_gain":0.0,"max_hp_loss":0.0,"gold_gain":0.0,"event_name":"MindBloom","player_choice":"Upgrade","floor":48.0,"gold_loss":0.0,"damage_taken":0.0,"cards_upgraded":["ats:Strike C","ats:Strike G","ats:Strike S","ats:Strike V","ats:Armor Crushing Shot","ats:Defend","ats:Emotion Absorption","ats:Flexible Camouflage","Leg Sweep","Poison Darts","jedi:rejectivetoxin","ats:Leaping Hammer","ats:Sashimi Platter","ats:Explosion Area Strengthen","ats:Ignite","ats:Nebulous Foxfire","ats:Chain Hook","ats:Ambush","ats:Flexible Camouflage","ats:Very Hot Blade","ats:Rat Pack","RitualDagger","ats:Consecutive Shot Auto","ats:Powerful Strike","ReplayTheSpireMod:Strike From Hell","hexamod:SuperheatedStrike","jedi:collectorstrike","RobotSpaceExplorer:MetalStrike","Perfected Strike","ats:Flexible Camouflage","ats:Ignite","ats:Roar Of Ursus","ats:Flexible Camouflage","ats:Flame Of Heaven","ats:Cat Scratch"],"relics_obtained":["Mark of the Bloom"]}],"is_beta":false,"boss_relics":[{"not_picked":["Runic Pyramid","aspiration:SilentSkillbook"],"picked":"aspiration:FutureDiary"},{"not_picked":["Tiny House","ChewingGum"],"picked":"hubris:Backtick"}],"items_purged_floors":[],"is_endless":false,"potions_floor_spawned":[1,5,7,16,18,35],"killed_by":"Shield and Spear","ascension_level":0}}