{"host":"am9dcwhv7hq2nlsk","time":1612609343,"event":{"mods":["ATMod(°¢èªMod)","AchievementEnabler","Act Like it!","Ascension Reborn","Aspiration","BaseMod","BetterRewards","Conspire","Custom Start","Dota2Spire","Marisa£¨ìFÓê¡¡Ä§ÀíÉ³£©","Minty Spire (QoL Compilation)","Reimu£¨²©ÀöÁéÃÎ£©","Remilia£¨ÀÙÃ×ÀòÑÇ£©","Replay The Spire","RumiaBox-Â¶Ã×æ«µÄÉñÃØºÐ×Ó","Shop Mod","Spicy Shops","StSLib","TestMod","The Cursed","The Hierophant","UnlockEverythingMod","[IsaacMod]ÒÔÈö¼âËþ","noobMod","¡¾ÒÅÎï¿¨ÅÆ¡¿REMEMod","óô»ðÖ¸ÄÏ"],"gold_per_floor":[123,198,213,213,213,303,303,361,388,720,720,849,866,888,132,217,217,240,280,366,195,225,225,290,429,429,429,578,609,637,779,79,292,292,325,346,370,392,429,429,586,586,611,652,813,844,990,1135,1135,1249,1492],"floor_reached":52,"language":"ZHS","playtime":2197,"items_purged":["Strike_R","Strike_R","ReplayTheSpireMod:Restless Dread","Replay:Hysterical Blindness","Strike_R","Doubt"],"score":3273,"play_id":"2263b2e3-7eee-4afb-a2b3-40ab51033bfc","local_time":"20210206190223","is_ascension_mode":true,"campfire_choices":[{"data":"Armaments","floor":7.0,"key":"SMITH"},{"floor":23.0,"key":"DIG"},{"floor":27.0,"key":"DIG"},{"floor":40.0,"key":"DIG"},{"data":"Entrench","floor":42.0,"key":"SMITH"},{"data":"Defend_R","floor":49,"key":"PURGE"}],"circlet_count":0,"master_deck":["AscendersBane","Strike_R","Strike_R","Defend_R","Defend_R","Defend_R","Bash","DevaForm","Limit Break+1","Whirlwind","Armaments+1","AT_ManFootWork","Hallucinations","Battle Trance","Berserk+1","Offering+1","Entrench+1","ReplayReversal+1"],"relics":["Burning Blood","testmod-TestBox","HushsDoor","REME_ComplimentaryCards","AT_ATBox","ice","testmod-Nine","BookofShadows","Frozen Egg 2","aspiration:Nostalgia","Cracked Core","Bird Faced Urn","Another Sword","Medical Kit","AT_TheCollector","Paper Frog","Dota2Spire:PhaseBoots","Ginger","testmod-Laevatain","King of Hearts","Dota2Spire:AghanimScepter","REME_OnlineShoppingPlatform","testmod-CyclicPeriapt","testmod-LifeArmor","Bag of Marbles","PokeGo","Ring of Hypnosis","Replay:Bandana","testmod-Register","AT_RedTearstoneRing","Shovel","conspire:SpecialSausage","Red Mask","BFFS","testmod-Acrobat","AT_EbonyIvory","AT_BellDemon","conspire:Dentures","Happy Flower","Ancient Tea Set","AT_BladeRuinedKing","Guide Book","aspiration:Lifesprig","Dota2Spire:RefresherOrb","ZombieArmy","BookOfRevelations","TheBean","testmod-TheFather","conspire:TopHat","Peace Pipe","Magic Flower","Replay:Mystery Machine","TheBible","Replay:Bottled Steam","Replay:Baseball","Leech","Red Skull","aspiration:ChemicalBlood"],"acts_visited":["Exordium","TheCity","TheBeyond"],"potions_floor_usage":[50],"damage_taken":[{"damage":2.0,"enemies":"Jaw Worm","floor":1.0,"turns":2.0},{"damage":2.0,"enemies":"conspire:RoseBush","floor":3.0,"turns":2.0},{"damage":0.0,"enemies":"Cultist","floor":4.0,"turns":2.0},{"damage":11.0,"enemies":"Exordium Thugs","floor":5.0,"turns":3.0},{"damage":0.0,"enemies":"Replay:BlueRogue","floor":6.0,"turns":1.0},{"damage":0.0,"enemies":"3 Sentries","floor":10.0,"turns":2.0},{"damage":6.0,"enemies":"Gremlin Nob","floor":12.0,"turns":3.0},{"damage":11.0,"enemies":"Red Slaver","floor":13.0,"turns":2.0},{"damage":8.0,"enemies":"Looter","floor":14.0,"turns":3.0},{"damage":8.0,"enemies":"The Guardian","floor":16.0,"turns":4.0},{"damage":0.0,"enemies":"Chosen","floor":18.0,"turns":1.0},{"damage":3.0,"enemies":"Masked Bandits","floor":19.0,"turns":2.0},{"damage":9.0,"enemies":"conspire:FuzzyDice","floor":22.0,"turns":4.0},{"damage":12.0,"enemies":"conspire:Head Lice","floor":24.0,"turns":3.0},{"damage":6.0,"enemies":"Sentry and Sphere","floor":25.0,"turns":3.0},{"damage":6.0,"enemies":"conspire:SneckoGhost","floor":28.0,"turns":2.0},{"damage":0.0,"enemies":"Chosen and Byrds","floor":29.0,"turns":2.0},{"damage":6.0,"enemies":"Snake Plant","floor":30.0,"turns":2.0},{"damage":12.0,"enemies":"Book of Stabbing","floor":31.0,"turns":3.0},{"damage":0.0,"enemies":"Champ","floor":33.0,"turns":2.0},{"damage":0.0,"enemies":"3 Shapes","floor":35.0,"turns":4.0},{"damage":0.0,"enemies":"Orb Walker","floor":36.0,"turns":1.0},{"damage":6.0,"enemies":"Writhing Mass","floor":38.0,"turns":1.0},{"damage":6.0,"enemies":"Maw","floor":39.0,"turns":2.0},{"damage":6.0,"enemies":"Reptomancer","floor":41.0,"turns":1.0},{"damage":17.0,"enemies":"4 Shapes","floor":44.0,"turns":3.0},{"damage":6.0,"enemies":"R_Hoarder","floor":45.0,"turns":2.0},{"damage":0.0,"enemies":"Transient","floor":46.0,"turns":2.0},{"damage":0.0,"enemies":"conspire:MimicChest","floor":47.0,"turns":1.0},{"damage":6,"enemies":"Nemesis","floor":48,"turns":1},{"damage":38,"enemies":"conspire:OrnateMirror","floor":50,"turns":3},{"damage":6,"enemies":"Donu and Deca","floor":51,"turns":2}],"seed_played":"9122318102978701361","potions_obtained":[],"is_trial":false,"path_per_floor":["M","?","M","M","M","E","R","?","T","E","?","E","M","M","R","B",null,"M","?","?","$","M","R","E","M","T","R","E","M","M","E","R","B",null,"M","M","T","M","M","R","E","R","T","M","E","M","?","E","R","B","B",null],"character_chosen":"IRONCLAD","items_purchased":["Frozen Egg 2","Limit Break","Whirlwind","aspiration:Nostalgia","Another Sword","Medical Kit","Paper Frog","Dota2Spire:PhaseBoots","Ginger","King of Hearts","Dota2Spire:AghanimScepter","REME_OnlineShoppingPlatform","testmod-Register","AT_RedTearstoneRing","Shovel","BFFS","AT_BladeRuinedKing","Guide Book","aspiration:Lifesprig"],"campfire_rested":0,"item_purchase_floors":[0,0,0,0,0,0,0,0,0,0,0,0,15,15,15,21,32,32,32],"current_hp_per_floor":[25,14,18,27,22,37,37,22,22,28,28,32,27,25,25,32,68,74,77,62,62,59,59,57,61,61,61,65,75,80,78,78,80,80,80,80,80,80,80,80,80,80,80,78,80,80,80,80,80,53,67],"gold":1492,"neow_bonus":"","is_daily":false,"chose_seed":false,"campfire_upgraded":2,"win_rate":0.0,"timestamp":1612609343,"path_taken":["M","?","?","M","M","E","R","?","T","E","?","E","?","M","R","BOSS","M","?","?","$","M","R","E","M","T","R","E","M","?","E","R","BOSS","M","M","?","M","M","R","E","R","T","M","E","M","?","E","R","BOSS","BOSS"],"items_purchased_type":["Relic","Card","Card","Relic","Relic","Relic","Relic","Relic","Relic","Relic","Relic","Relic","Relic","Relic","Relic","Relic","Relic","Relic","Relic"],"build_version":"2020-12-22","purchased_purges":6,"victory":true,"max_hp_per_floor":[75,75,75,75,75,75,75,75,75,75,75,75,75,75,75,80,80,80,80,80,80,80,80,80,80,80,80,80,80,80,80,80,80,80,80,80,80,80,80,80,80,80,80,80,80,80,80,80,80,82,84],"card_choices":[{"not_picked":["Cleave","Heavy Blade","Reckless Charge"],"picked":"SKIP","floor":1.0},{"not_picked":["Immolate","Bloodletting"],"picked":"Bomb","floor":3.0},{"not_picked":["True Grit","Reckless Charge","Replay:Undeath\u0027s Touch"],"picked":"SKIP","floor":4.0},{"not_picked":["Flex","Anger"],"picked":"Armaments","floor":5.0},{"not_picked":["REME_FearOfPain+1","ReplayTheSpireMod:Corrosion Curse"],"picked":"AT_ManFootWork","floor":6.0},{"not_picked":["AT_DiedThrough","AT_BodySlamDance"],"picked":"Bomb","floor":10.0},{"not_picked":["Cleave","Havoc","conspire:HitWhereItHurts"],"picked":"SKIP","floor":12.0},{"not_picked":["Rupture+1","Rage","Anger"],"picked":"SKIP","floor":13.0},{"not_picked":["Havoc","Body Slam"],"picked":"Battle Trance","floor":14.0},{"not_picked":["Demon Form+1","Brutality+1"],"picked":"Berserk+1","floor":16.0},{"not_picked":["Shrug It Off","AT_BodySlamDance+1","ReplayTheSpireMod:Muscle Training"],"picked":"SKIP","floor":18.0},{"not_picked":["Run Through","Perfected Strike"],"picked":"Offering","floor":22.0},{"not_picked":["REME_TheLastStrike","Clothesline","AT_IchimonjiDouble"],"picked":"SKIP","floor":24.0},{"not_picked":["Twin Strike","Run Through+1","Wild Strike"],"picked":"SKIP","floor":25.0},{"not_picked":["AT_ManFootWork","Pommel Strike","Anger"],"picked":"SKIP","floor":28.0},{"not_picked":["Perfected Strike","Flex","AT_ManFootWork"],"picked":"SKIP","floor":29.0},{"not_picked":["Dropkick","Perfected Strike+1","Iron Wave"],"picked":"SKIP","floor":30.0},{"not_picked":["ReplayTheSpireMod:LeadingStrike","Dark Embrace+1","Massacre+1"],"picked":"SKIP","floor":31.0},{"not_picked":["ReplayTheSpireMod:LeadingStrike","Havoc","Wild Strike"],"picked":"SKIP","floor":35.0},{"not_picked":["Thunderclap","REME_Cut+1","Reckless Charge"],"picked":"SKIP","floor":36.0},{"not_picked":["Reckless Charge","Wild Strike","Anger+1"],"picked":"SKIP","floor":38.0},{"not_picked":["Anger","Second Wind","Havoc"],"picked":"SKIP","floor":39.0},{"not_picked":["REME_Cut+1","Flex"],"picked":"Entrench","floor":41.0},{"not_picked":["Havoc","Headbutt"],"picked":"ReplayReversal+1","floor":44.0},{"not_picked":["Wild Strike","conspire:HitWhereItHurts","Dark Embrace+1"],"picked":"SKIP","floor":45.0},{"not_picked":["AT_IchimonjiDouble+1","conspire:Charge","Shockwave"],"picked":"SKIP","floor":46.0},{"not_picked":["Body Slam","ReplayTheSpireMod:Strike From Hell","Pommel Strike"],"picked":"SKIP","floor":48}],"player_experience":540475,"relics_obtained":[{"floor":6.0,"key":"testmod-LifeArmor"},{"floor":9.0,"key":"Bag of Marbles"},{"floor":10.0,"key":"PokeGo"},{"floor":11.0,"key":"Ring of Hypnosis"},{"floor":12.0,"key":"Replay:Bandana"},{"floor":19.0,"key":"Red Mask"},{"floor":24.0,"key":"testmod-Acrobat"},{"floor":27.0,"key":"AT_EbonyIvory"},{"floor":28.0,"key":"AT_BellDemon"},{"floor":29.0,"key":"conspire:Dentures"},{"floor":30.0,"key":"Happy Flower"},{"floor":31.0,"key":"Ancient Tea Set"},{"floor":35.0,"key":"ZombieArmy"},{"floor":36.0,"key":"BookOfRevelations"},{"floor":37.0,"key":"TheBean"},{"floor":38.0,"key":"testmod-TheFather"},{"floor":39.0,"key":"conspire:TopHat"},{"floor":40.0,"key":"Peace Pipe"},{"floor":41.0,"key":"Magic Flower"},{"floor":43.0,"key":"Replay:Mystery Machine"},{"floor":44.0,"key":"TheBible"},{"floor":45.0,"key":"Replay:Bottled Steam"},{"floor":45.0,"key":"Replay:Baseball"},{"floor":46.0,"key":"Leech"},{"floor":48,"key":"Red Skull"},{"floor":48,"key":"aspiration:ChemicalBlood"}],"event_choices":[{"damage_healed":0.0,"max_hp_gain":0.0,"max_hp_loss":0.0,"gold_gain":75.0,"event_name":"World of Goop","player_choice":"Gather Gold","floor":2.0,"gold_loss":0.0,"damage_taken":11.0},{"damage_healed":0.0,"max_hp_gain":0.0,"max_hp_loss":0.0,"gold_gain":0.0,"event_name":"Masked Bandits","player_choice":"Fought Bandits","floor":19.0,"gold_loss":0.0,"damage_taken":0.0}],"is_beta":false,"boss_relics":[{"not_picked":["testmod-Recursion","aspiration:WatcherSkillbook"],"picked":"conspire:SpecialSausage"},{"not_picked":[]},{"not_picked":["testmod-StringDisintegrator","Replay:Grab Bag"],"picked":"Dota2Spire:RefresherOrb"},{"not_picked":[]}],"items_purged_floors":[0,0,0,0,15,32],"is_endless":false,"potions_floor_spawned":[3,5,6,12,18,22,28,30,36,41,45,47],"ascension_level":20}}