{"host":"5fpb1gzflhq9886n","time":1612632988,"event":{"mods":["AchievementEnabler","BaseMod","Colored Map","Colored Powertips","Minty Spire (QoL Compilation)","Permanent Neow"],"gold_per_floor":[114,133,38,38,1,27,27,43,98,127,143,143,72,92,92,196,196,177,137,89,119,133,133,133,133],"floor_reached":24,"language":"ENG","playtime":1235,"items_purged":[],"score":255,"play_id":"c5b0baf9-1def-466c-9790-8e7d9804c6cc","local_time":"20210206123628","is_ascension_mode":true,"campfire_choices":[{"floor":7.0,"key":"REST"},{"floor":12.0,"key":"REST"},{"floor":15.0,"key":"REST"},{"floor":23.0,"key":"REST"}],"circlet_count":0,"master_deck":["Strike_R","Strike_R","Strike_R","Strike_R","Defend_R","Defend_R","Defend_R","Bash","Cleave","Demon Form+1","Combust","Inflame","Carnage","Wild Strike","Ghostly Armor","Thunderclap","Flame Barrier","Pummel","Second Wind","Dark Embrace","Spot Weakness","Feed","Shrug It Off","Dual Wield+1"],"relics":["Burning Blood","PreservedInsect","Blood Vial","Juzu Bracelet","Fusion Hammer","Red Mask"],"acts_visited":["Exordium","TheCity"],"potions_floor_usage":[],"damage_taken":[{"damage":1.0,"enemies":"Cultist","floor":1.0,"turns":3.0},{"damage":11.0,"enemies":"Jaw Worm","floor":2.0,"turns":5.0},{"damage":24.0,"enemies":"Lagavulin","floor":6.0,"turns":5.0},{"damage":11.0,"enemies":"2 Louse","floor":8.0,"turns":3.0},{"damage":24.0,"enemies":"Gremlin Nob","floor":10.0,"turns":4.0},{"damage":30.0,"enemies":"Large Slime","floor":11.0,"turns":4.0},{"damage":15.0,"enemies":"3 Louse","floor":14.0,"turns":3.0},{"damage":36.0,"enemies":"Slime Boss","floor":16.0,"turns":8.0},{"damage":28.0,"enemies":"2 Thieves","floor":18.0,"turns":4.0},{"damage":29.0,"enemies":"Masked Bandits","floor":21.0,"turns":5.0},{"damage":22.0,"enemies":"Spheric Guardian","floor":22.0,"turns":4.0},{"damage":39,"enemies":"Book of Stabbing","floor":24,"turns":4}],"seed_played":"8681860160953712833","potions_obtained":[{"floor":1.0,"key":"SpeedPotion"},{"floor":8.0,"key":"SmokeBomb"},{"floor":10.0,"key":"Ancient Potion"},{"floor":16.0,"key":"ColorlessPotion"},{"floor":21.0,"key":"SteroidPotion"}],"is_trial":false,"path_per_floor":["M","M","$","?","$","E","R","M","T","E","M","R","$","M","R","B",null,"M","?","$","?","M","R","E"],"character_chosen":"IRONCLAD","items_purchased":["Carnage","Wild Strike","Ghostly Armor","Dark Embrace","PowerPotion"],"campfire_rested":4,"item_purchase_floors":[3,3,5,13,20],"current_hp_per_floor":[72,67,67,64,64,46,67,64,64,48,26,47,47,40,61,33,62,42,42,42,24,10,32,0,0],"gold":133,"neow_bonus":"TRANSFORM_TWO_CARDS","is_daily":false,"chose_seed":false,"campfire_upgraded":0,"win_rate":0.0,"timestamp":1612632988,"path_taken":["M","M","$","?","$","E","R","M","T","E","M","R","$","M","R","BOSS","M","?","$","?","M","R","E"],"items_purchased_type":["Card","Card","Card","Card","Potion"],"build_version":"2020-12-22","purchased_purges":0,"victory":false,"max_hp_per_floor":[72,72,72,72,72,72,72,72,72,72,72,72,72,72,72,72,72,72,72,72,75,75,75,75,75],"card_choices":[{"not_picked":["Intimidate","Thunderclap"],"picked":"Combust","floor":1.0},{"not_picked":["Body Slam","Anger"],"picked":"Inflame","floor":2.0},{"not_picked":["Second Wind","Anger"],"picked":"Thunderclap","floor":6.0},{"not_picked":["Twin Strike","Headbutt"],"picked":"Flame Barrier","floor":8.0},{"not_picked":["Sentinel","Rupture"],"picked":"Pummel","floor":10.0},{"not_picked":["Wild Strike","Rupture"],"picked":"Second Wind","floor":11.0},{"not_picked":["Armaments","Shockwave"],"picked":"Spot Weakness","floor":14.0},{"not_picked":["Limit Break","Exhume"],"picked":"Feed","floor":16.0},{"not_picked":["Clothesline+1","Rage"],"picked":"Shrug It Off","floor":18.0},{"not_picked":["Metallicize","Sentinel+1"],"picked":"Dual Wield+1","floor":21.0},{"not_picked":["Body Slam","Spot Weakness","Anger"],"picked":"SKIP","floor":22.0}],"player_experience":806443,"relics_obtained":[{"floor":6.0,"key":"Blood Vial"},{"floor":10.0,"key":"Juzu Bracelet"},{"floor":21.0,"key":"Red Mask"}],"event_choices":[{"damage_healed":0.0,"max_hp_gain":0.0,"max_hp_loss":0.0,"gold_gain":0.0,"event_name":"Scrap Ooze","player_choice":"Success","floor":4.0,"gold_loss":0.0,"damage_taken":3.0,"relics_obtained":["PreservedInsect"]},{"damage_healed":0.0,"max_hp_gain":0.0,"max_hp_loss":0.0,"gold_gain":0.0,"event_name":"Designer","player_choice":"Upgrade","floor":19.0,"gold_loss":40.0,"damage_taken":0.0,"cards_upgraded":["Demon Form"]},{"damage_healed":0.0,"max_hp_gain":0.0,"max_hp_loss":0.0,"gold_gain":0.0,"event_name":"Masked Bandits","player_choice":"Fought Bandits","floor":21.0,"gold_loss":0.0,"damage_taken":0.0}],"is_beta":false,"boss_relics":[{"not_picked":["Black Star","Runic Dome"],"picked":"Fusion Hammer"}],"items_purged_floors":[],"is_endless":false,"potions_floor_spawned":[1,8,10,16,21],"killed_by":"Book of Stabbing","ascension_level":5}}