{"host":"dvdvdvm357cut69v","time":1612619004,"event":{"mods":["BaseMod","Minty Spire (QoL Compilation)","StSLib"],"gold_per_floor":[114,189,189,149,168,187,225,263,313,351,370,389,389,408,408,533,533,552,571,99,99,99,99,60,79,79,117,155,155,174,24,24,149,149,168,187,37,56,75,75,75,8,8,8,27,46,65,84,84,84],"floor_reached":51,"language":"ENG","playtime":1978,"items_purged":["Injury","Pommel Strike"],"score":736,"play_id":"a53a0fcf-c301-4ec1-82ac-3bd704ceae6b","local_time":"20210206164324","daily_mods":["Draft","Diverse","DeadlyEvents"],"is_ascension_mode":false,"campfire_choices":[{"floor":13,"key":"REST"},{"data":"Crescendo","floor":15,"key":"SMITH"},{"floor":23,"key":"REST"},{"data":"White Noise","floor":32,"key":"SMITH"},{"floor":40,"key":"REST"},{"data":"Chaos","floor":44,"key":"SMITH"},{"floor":49,"key":"REST"}],"circlet_count":0,"master_deck":["Iron Wave","Hello World","Cloak And Dagger","Prepared","Auto Shields","FollowUp","Beam Cell","Sweeping Beam","EmptyBody","Stack","Flex","SashWhip","Go for the Eyes","Burst","PiercingWail","Chaos+1","Cold Snap","Crescendo+1","Corpse Explosion","Poisoned Stab","Bullet Time","Whirlwind+1","Storm of Steel+1","Shrug It Off+1","ClearTheMind","Metallicize","Coolheaded","Stack","Backstab","Fasting2+1","White Noise+1","Shrug It Off+1","Hologram+1","EmptyFist+1","Pain","Seeing Red+1"],"relics":["Ring of the Snake","Golden Idol","Bottled Tornado","Ancient Tea Set","Dream Catcher","Mercury Hourglass","Astrolabe","TwistedFunnel","Lantern","MutagenicStrength","Centennial Puzzle","Vajra","Toxic Egg 2","Pen Nib","Lee\u0027s Waffle","WristBlade","WarpedTongs","PreservedInsect"],"acts_visited":["Exordium","TheCity","TheBeyond"],"potions_floor_usage":[16,16,16,27,28,33,50,50,50,50,50,50],"damage_taken":[{"damage":0,"enemies":"Small Slimes","floor":1,"turns":2},{"damage":0,"enemies":"2 Louse","floor":5,"turns":2},{"damage":0,"enemies":"Cultist","floor":6,"turns":1},{"damage":7,"enemies":"Gremlin Nob","floor":7,"turns":3},{"damage":2,"enemies":"Lagavulin","floor":8,"turns":5},{"damage":20,"enemies":"Gremlin Nob","floor":10,"turns":5},{"damage":6,"enemies":"Red Slaver","floor":11,"turns":3},{"damage":0,"enemies":"Looter","floor":12,"turns":2},{"damage":0,"enemies":"3 Louse","floor":14,"turns":2},{"damage":48,"enemies":"The Guardian","floor":16,"turns":10},{"damage":0,"enemies":"Spheric Guardian","floor":18,"turns":5},{"damage":10,"enemies":"Chosen","floor":19,"turns":3},{"damage":1,"enemies":"Shelled Parasite and Fungi","floor":25,"turns":3},{"damage":40,"enemies":"Book of Stabbing","floor":27,"turns":5},{"damage":7,"enemies":"Slavers","floor":28,"turns":2},{"damage":4,"enemies":"Chosen and Byrds","floor":30,"turns":2},{"damage":55,"enemies":"Automaton","floor":33,"turns":11},{"damage":14,"enemies":"3 Darklings","floor":35,"turns":3},{"damage":1,"enemies":"Orb Walker","floor":36,"turns":2},{"damage":13,"enemies":"3 Darklings","floor":38,"turns":3},{"damage":0,"enemies":"Spire Growth","floor":39,"turns":2},{"damage":10,"enemies":"Maw","floor":45,"turns":5},{"damage":1,"enemies":"4 Shapes","floor":46,"turns":2},{"damage":20,"enemies":"Spire Growth","floor":47,"turns":3},{"damage":0,"enemies":"Transient","floor":48,"turns":5},{"damage":51,"enemies":"Awakened One","floor":50,"turns":10}],"seed_played":"5285009320175426936","potions_obtained":[{"floor":4,"key":"EntropicBrew"},{"floor":4,"key":"SteroidPotion"},{"floor":4,"key":"FairyPotion"},{"floor":11,"key":"ColorlessPotion"},{"floor":16,"key":"Dexterity Potion"},{"floor":18,"key":"EssenceOfSteel"},{"floor":36,"key":"ColorlessPotion"},{"floor":38,"key":"DistilledChaos"},{"floor":39,"key":"EntropicBrew"}],"is_trial":false,"path_per_floor":["M","?","?","?","M","M","E","E","T","E","M","M","R","M","R","B",null,"M","M","$","?","?","R","$","M","T","E","E","T","M","$","R","B",null,"M","M","$","M","M","R","?","$","T","R","M","M","M","M","R","B",null],"character_chosen":"THE_SILENT","items_purchased":["TwistedFunnel","Coolheaded","Lantern","Stack","Backstab","Lee\u0027s Waffle","Strength Potion","Seeing Red+1"],"campfire_rested":4,"item_purchase_floors":[20,20,20,20,24,31,37,42],"current_hp_per_floor":[70,59,59,59,59,59,52,50,50,30,24,24,45,45,45,21,70,70,60,60,60,47,69,69,68,68,28,21,21,17,82,82,27,82,68,67,67,54,54,78,78,78,78,78,68,67,47,47,71,20],"gold":84,"neow_bonus":"","is_daily":true,"chose_seed":false,"campfire_upgraded":3,"win_rate":0.0,"timestamp":1612619004,"path_taken":["M","?","?","?","M","M","E","?","T","?","M","M","R","M","R","BOSS","M","M","$","?","?","R","$","?","T","E","?","?","M","$","R","BOSS","M","M","$","M","M","R","?","$","T","R","M","M","M","M","R","BOSS"],"items_purchased_type":["Relic","Card","Relic","Card","Card","Relic","Potion","Card"],"build_version":"2020-12-13","purchased_purges":2,"victory":true,"max_hp_per_floor":[70,70,70,70,70,70,70,70,70,70,70,70,70,70,70,70,70,70,70,70,70,75,75,75,75,75,75,75,75,75,82,82,82,82,82,82,82,82,82,82,82,82,82,82,82,82,82,82,82,82],"card_choices":[{"not_picked":["Havoc","Rupture"],"picked":"Lockon","floor":0},{"not_picked":["Armaments","Clothesline"],"picked":"Iron Wave","floor":0},{"not_picked":["Escape Plan","PathToVictory"],"picked":"Hello World","floor":0},{"not_picked":["Body Slam","Perseverance"],"picked":"Cloak And Dagger","floor":0},{"not_picked":["Clothesline","Force Field"],"picked":"Prepared","floor":0},{"not_picked":["Gash","Headbutt"],"picked":"Auto Shields","floor":0},{"not_picked":["Blizzard","Clash"],"picked":"Skewer","floor":0},{"not_picked":["Warcry","Cloak And Dagger"],"picked":"FollowUp","floor":0},{"not_picked":["TalkToTheHand","Cold Snap"],"picked":"Beam Cell","floor":0},{"not_picked":["Compile Driver","Entrench"],"picked":"Pommel Strike","floor":0},{"not_picked":["Deadly Poison","Clash"],"picked":"Sweeping Beam","floor":0},{"not_picked":["Quick Slash","Rip and Tear"],"picked":"Intimidate","floor":0},{"not_picked":["Deadly Poison","Rupture"],"picked":"EmptyBody","floor":0},{"not_picked":["EmptyFist","WreathOfFlame"],"picked":"Stack","floor":0},{"not_picked":["Wild Strike","Underhanded Strike"],"picked":"Flex","floor":0},{"not_picked":["Perfected Strike","Bane"],"picked":"SashWhip","floor":1},{"not_picked":["Headbutt","Havoc"],"picked":"Go for the Eyes","floor":5},{"not_picked":["BowlingBash","Slice"],"picked":"Burst","floor":6},{"not_picked":["Sweeping Beam","Adaptation"],"picked":"PiercingWail","floor":7},{"not_picked":["Thunderclap","Sucker Punch","Ball Lightning"],"picked":"SKIP","floor":8},{"not_picked":["Iron Wave","Conserve Battery"],"picked":"Chaos","floor":10},{"not_picked":["Barrage","BattleHymn"],"picked":"Cold Snap","floor":11},{"not_picked":["Gash","Finisher"],"picked":"Crescendo","floor":12},{"not_picked":["Eviscerate","Evaluate"],"picked":"Corpse Explosion","floor":13},{"not_picked":["BowlingBash","Gash"],"picked":"Poisoned Stab","floor":14},{"not_picked":["Fission","Tools of the Trade"],"picked":"Bullet Time","floor":16},{"not_picked":["Halt","Power Through"],"picked":"ClearTheMind","floor":18},{"not_picked":["Underhanded Strike","Pommel Strike"],"picked":"Metallicize","floor":19},{"not_picked":["Footwork+1","Setup"],"picked":"Fasting2+1","floor":25},{"not_picked":["Blizzard+1","Fission"],"picked":"White Noise","floor":27},{"not_picked":["SignatureMove","Fire Breathing"],"picked":"Shrug It Off+1","floor":28},{"not_picked":["Prepared+1","FTL","Shrug It Off+1"],"picked":"SKIP","floor":30},{"not_picked":["Dagger Throw","Dual Wield+1","Whirlwind+1"],"picked":"SKIP","floor":35},{"not_picked":["Warcry+1","Rampage","Force Field+1"],"picked":"SKIP","floor":36},{"not_picked":["Anger+1","Clothesline+1"],"picked":"Hologram+1","floor":38},{"not_picked":["Static Discharge","Headbutt"],"picked":"EmptyFist+1","floor":39},{"not_picked":["Cleave+1","BattleHymn+1","Protect+1"],"picked":"SKIP","floor":45},{"not_picked":["Leap+1","Acrobatics+1","ClearTheMind+1"],"picked":"SKIP","floor":46},{"not_picked":["CrushJoints+1","Streamline","Outmaneuver+1"],"picked":"SKIP","floor":47},{"not_picked":["ClearTheMind+1","Havoc+1","Backstab"],"picked":"SKIP","floor":48}],"player_experience":123423,"relics_obtained":[{"floor":7,"key":"Bottled Tornado"},{"floor":8,"key":"Ancient Tea Set"},{"floor":9,"key":"Dream Catcher"},{"floor":10,"key":"Mercury Hourglass"},{"floor":26,"key":"Centennial Puzzle"},{"floor":27,"key":"Vajra"},{"floor":28,"key":"Toxic Egg 2"},{"floor":29,"key":"Pen Nib"},{"floor":43,"key":"PreservedInsect"}],"event_choices":[{"damage_healed":0,"gold_gain":75,"player_choice":"Gather Gold","damage_taken":11,"max_hp_gain":0,"max_hp_loss":0,"event_name":"World of Goop","floor":2,"gold_loss":0},{"damage_healed":0,"gold_gain":0,"player_choice":"Take Wound","damage_taken":0,"relics_obtained":["Golden Idol"],"max_hp_gain":0,"max_hp_loss":0,"event_name":"Golden Idol","floor":3,"gold_loss":0,"cards_obtained":["Injury"]},{"damage_healed":0,"gold_gain":0,"player_choice":"Bought 3 Potions","damage_taken":0,"max_hp_gain":0,"max_hp_loss":0,"event_name":"The Woman in Blue","floor":4,"gold_loss":0},{"damage_healed":0,"gold_gain":0,"player_choice":"Inject Mutagens","damage_taken":0,"relics_obtained":["MutagenicStrength"],"max_hp_gain":0,"max_hp_loss":0,"event_name":"Drug Dealer","floor":21,"gold_loss":0},{"damage_healed":0,"gold_gain":0,"player_choice":"Shed Blood","damage_taken":18,"max_hp_gain":5,"max_hp_loss":0,"event_name":"Forgotten Altar","floor":22,"gold_loss":0},{"damage_healed":0,"gold_gain":0,"player_choice":"Rummage","damage_taken":0,"relics_obtained":["WarpedTongs"],"max_hp_gain":0,"max_hp_loss":0,"event_name":"Accursed Blacksmith","floor":41,"gold_loss":0,"cards_obtained":["Pain"]}],"is_beta":false,"boss_relics":[{"not_picked":["Busted Crown","Sozu"],"picked":"Astrolabe"},{"not_picked":["Fusion Hammer","Empty Cage"],"picked":"WristBlade"}],"items_purged_floors":[20,37],"is_endless":false,"potions_floor_spawned":[5,7,8,11,16,18,25,36,38,39],"ascension_level":0}}