{"host":"cb9xh4d0ss8ax8yb","time":1612614619,"event":{"mods":["100% Spire Juice","Arknights","BaseMod","Fox Events","Good Game Mod","Jess\u0027s Bottle","Minty Spire (QoL Compilation)","StSLib","The Dragon Tamer","The Gatherer"],"gold_per_floor":[115,126,126,16,31,57,77,77,77,77,97,116,134,151,151,254,254,272,272,12,12,12,12,41,41,92,92,107,139,44,61,61,159,159,56,56,70,70,80,108,108,108,108,108,108,108,133,148,148,148],"floor_reached":51,"language":"KOR","playtime":4226,"items_purged":[],"score":724,"play_id":"5c5ff725-f93a-42f1-887d-a13981b5dc93","local_time":"20210206213019","is_ascension_mode":false,"campfire_choices":[{"data":"Moonworks:TacticalRetreat","floor":8,"key":"SMITH"},{"data":"Moonworks:SakisCookie","floor":10,"key":"SMITH"},{"data":"Moonworks:MiracleWalker","floor":15,"key":"SMITH"},{"data":"Moonworks:LongDistanceShot","floor":23,"key":"SMITH"},{"data":"Moonworks:RocketCannon","floor":25,"key":"SMITH"},{"data":"Moonworks:TreasureThief","floor":27,"key":"SMITH"},{"data":"Moonworks:BackdoorTrade","floor":32,"key":"SMITH"},{"data":"Madness","floor":41,"key":"SMITH"},{"data":"Madness","floor":44,"key":"SMITH"},{"floor":49,"key":"REST"}],"circlet_count":0,"master_deck":["Moonworks:Strike","Moonworks:Strike","Moonworks:Strike","Moonworks:Strike","Moonworks:Defend","Moonworks:Defend","Moonworks:Defend","Moonworks:Defend","Moonworks:Ambush+1","Moonworks:LongDistanceShot+1","Juggernaut","Moonworks:NicePresent+1","Moonworks:Assault","Moonworks:LuckyCharm","Moonworks:SakisCookie+1","Moonworks:TacticalRetreat+1","Moonworks:MiracleWalker+1","Moonworks:TreasureThief+1","Moonworks:CrystalBarrier+1","Moonworks:IndiscriminateFireSupport+1","Moonworks:RocketCannon+1","Moonworks:BackdoorTrade+1","Moonworks:x16BigRocket+1","Moonworks:ShieldCounter","Madness+1","Madness+1","Moonworks:StiffCrystal+1","Moonworks:DeployBits+1","Finesse","Moonworks:EvilSpyWorkPreparation+1"],"relics":["Moonworks:BrokenBomb","Moonworks:Homemark","REME:ComplimentaryCards","Regal Pillow","Frozen Egg 2","SlaversCollar","Mercury Hourglass","Bronze Scales","Red Mask","Ornamental Fan","Cursed Key","Letter Opener"],"acts_visited":["Exordium","TheCity","TheBeyond"],"potions_floor_usage":[6,7,16,16,16,18,20,29,29,40,47,50],"damage_taken":[{"damage":1,"enemies":"Jaw Worm","floor":1,"turns":4},{"damage":1,"enemies":"Cultist","floor":2,"turns":3},{"damage":0,"enemies":"2 Louse","floor":4,"turns":2},{"damage":6,"enemies":"Blue Slaver","floor":5,"turns":2},{"damage":23,"enemies":"Lagavulin","floor":6,"turns":5},{"damage":0,"enemies":"Lots of Slimes","floor":7,"turns":3},{"damage":0,"enemies":"2 Fungi Beasts","floor":11,"turns":3},{"damage":0,"enemies":"Large Slime","floor":12,"turns":6},{"damage":4,"enemies":"Looter","floor":13,"turns":3},{"damage":5,"enemies":"2 Fungi Beasts","floor":14,"turns":3},{"damage":18,"enemies":"Hexaghost","floor":16,"turns":8},{"damage":0,"enemies":"Shell Parasite","floor":18,"turns":6},{"damage":1,"enemies":"2 Thieves","floor":20,"turns":4},{"damage":24,"enemies":"Gremlin Leader","floor":24,"turns":6},{"damage":4,"enemies":"3 Cultists","floor":28,"turns":3},{"damage":0,"enemies":"Masked Bandits","floor":29,"turns":2},{"damage":0,"enemies":"Book of Stabbing","floor":30,"turns":4},{"damage":2,"enemies":"Shelled Parasite and Fungi","floor":31,"turns":4},{"damage":40,"enemies":"Champ","floor":33,"turns":9},{"damage":0,"enemies":"3 Darklings","floor":35,"turns":2},{"damage":0,"enemies":"3 Shapes","floor":37,"turns":4},{"damage":6,"enemies":"Spire Growth","floor":39,"turns":4},{"damage":18,"enemies":"Reptomancer","floor":40,"turns":4},{"damage":18,"enemies":"Nemesis","floor":47,"turns":5},{"damage":0,"enemies":"Jaw Worm Horde","floor":48,"turns":2},{"damage":25,"enemies":"Donu and Deca","floor":50,"turns":5}],"seed_played":"7455582607365267200","potions_obtained":[{"floor":1,"key":"EssenceOfSteel"},{"floor":5,"key":"AttackPotion"},{"floor":12,"key":"Explosive Potion"},{"floor":13,"key":"Weak Potion"},{"floor":14,"key":"SteroidPotion"},{"floor":16,"key":"Energy Potion"},{"floor":18,"key":"PowerPotion"},{"floor":20,"key":"SteroidPotion"},{"floor":21,"key":"foxEvents:VialedCaress"},{"floor":24,"key":"Block Potion"},{"floor":33,"key":"SpeedPotion"},{"floor":40,"key":"Regen Potion"},{"floor":47,"key":"Fire Potion"},{"floor":48,"key":"DuplicationPotion"}],"is_trial":false,"path_per_floor":["M","M","?","M","M","E","M","R","T","R","M","M","M","M","R","B",null,"M","?","M","?","?","R","E","R","T","R","M","?","E","M","R","B",null,"M","?","M","$","M","E","R","?","T","R","?","?","E","M","R","B",null],"character_chosen":"THE_STARBREAKER","items_purchased":[],"campfire_rested":1,"item_purchase_floors":[],"current_hp_per_floor":[65,64,64,64,58,35,35,35,35,35,38,41,40,38,38,23,66,66,54,56,56,56,56,35,35,35,35,34,34,37,38,38,11,60,60,52,55,55,52,34,34,44,44,44,44,44,43,43,70,45],"gold":148,"neow_bonus":"TEN_PERCENT_HP_BONUS","is_daily":false,"chose_seed":false,"campfire_upgraded":9,"win_rate":0.0,"timestamp":1612614619,"path_taken":["M","M","?","?","M","E","M","R","T","R","M","M","M","M","R","BOSS","M","?","M","?","?","R","E","R","T","R","?","?","E","M","R","BOSS","M","?","M","$","M","E","R","?","T","R","?","?","E","M","R","BOSS"],"items_purchased_type":[],"build_version":"2020-12-22","purchased_purges":0,"victory":true,"max_hp_per_floor":[66,66,66,66,66,66,66,66,66,66,66,66,66,66,66,66,66,66,71,71,60,60,60,60,60,60,60,60,60,60,60,60,60,60,60,60,60,60,60,60,60,70,70,70,70,70,70,70,70,70],"card_choices":[{"not_picked":["Moonworks:CompletionReward","Moonworks:JonathanRush"],"picked":"Moonworks:NicePresent","floor":1},{"not_picked":["Moonworks:BindingChains","Moonworks:ExtendedPhotonRifle"],"picked":"Moonworks:Assault","floor":2},{"not_picked":["Moonworks:ImmovableObject","Moonworks:StiffCrystal"],"picked":"Moonworks:LuckyCharm","floor":4},{"not_picked":["Moonworks:CompletionReward","Moonworks:MeltingMemories"],"picked":"Moonworks:LulusLuckyEgg","floor":5},{"not_picked":["Moonworks:CastOff","Moonworks:Assault"],"picked":"Moonworks:SakisCookie","floor":6},{"not_picked":["Moonworks:LulusLuckyEgg","Moonworks:BigMagnum"],"picked":"Moonworks:TacticalRetreat","floor":7},{"not_picked":["Moonworks:CloudOfSeagulls","Moonworks:FinalBattle+1","Moonworks:Assault"],"picked":"SKIP","floor":11},{"not_picked":["Moonworks:JonathanRush","Moonworks:CompletionReward","Moonworks:SakisCookie"],"picked":"SKIP","floor":12},{"not_picked":["Moonworks:BindingChains","Moonworks:IndiscriminateFireSupport"],"picked":"Moonworks:MiracleWalker","floor":13},{"not_picked":["Moonworks:JonathanRush","Moonworks:SakisCookie"],"picked":"Moonworks:TreasureThief","floor":14},{"not_picked":["Moonworks:LeapThroughSpace+1","Moonworks:AnotherUltimateWeapon+1"],"picked":"Moonworks:CrystalBarrier+1","floor":16},{"not_picked":["Moonworks:UnpaidWork+1","Moonworks:LulusLuckyEgg+1","Moonworks:Heat300Percent"],"picked":"SKIP","floor":18},{"not_picked":["Moonworks:TreasureThief","Moonworks:JonathanRush"],"picked":"Moonworks:IndiscriminateFireSupport+1","floor":20},{"not_picked":["Moonworks:Assault","Moonworks:ImOnFire"],"picked":"Moonworks:RocketCannon","floor":24},{"not_picked":["Moonworks:ExtendedPhotonRifle+1","Moonworks:LulusLuckyEgg","Moonworks:UnluckyCharm+1"],"picked":"SKIP","floor":28},{"not_picked":["Moonworks:Assault+1","Moonworks:Poppoformation"],"picked":"Moonworks:BackdoorTrade","floor":30},{"not_picked":["Moonworks:SakisCookie","Moonworks:Heat300Percent"],"picked":"Moonworks:x16BigRocket+1","floor":31},{"not_picked":["Moonworks:SinkOrSwim+1","Moonworks:OutOfAmmo+1"],"picked":"Moonworks:ShieldCounter","floor":33},{"not_picked":["Moonworks:LulusLuckyEgg","Moonworks:IndiscriminateFireSupport+1","Moonworks:JonathanRush"],"picked":"SKIP","floor":35},{"not_picked":["Moonworks:SakisCookie","Moonworks:MixPhenomenon+1"],"picked":"Moonworks:StiffCrystal+1","floor":37},{"not_picked":["Moonworks:ExtendedPhotonRifle","Moonworks:UnluckyCharm+1"],"picked":"Moonworks:DeployBits+1","floor":39},{"not_picked":["Moonworks:EvilSpyWorkPreparation+1","Moonworks:ScrambledEve","Moonworks:AngelHand+1"],"picked":"SKIP","floor":40},{"not_picked":["Jack Of All Trades","Enlightenment"],"picked":"Finesse","floor":46},{"not_picked":["Moonworks:DeployBits","Moonworks:IndiscriminateFireSupport+1","Moonworks:UnpaidWork"],"picked":"SKIP","floor":47},{"not_picked":["Moonworks:CastOff","Moonworks:IndiscriminateFireSupport+1"],"picked":"Moonworks:EvilSpyWorkPreparation+1","floor":48}],"player_experience":447983,"relics_obtained":[{"floor":6,"key":"Regal Pillow"},{"floor":9,"key":"Frozen Egg 2"},{"floor":24,"key":"Mercury Hourglass"},{"floor":26,"key":"Bronze Scales"},{"floor":29,"key":"Red Mask"},{"floor":30,"key":"Ornamental Fan"},{"floor":47,"key":"Letter Opener"}],"event_choices":[{"damage_healed":0,"gold_gain":0,"player_choice":"Upgraded","damage_taken":0,"max_hp_gain":0,"max_hp_loss":0,"event_name":"Upgrade Shrine","floor":3,"gold_loss":0,"cards_upgraded":["Moonworks:Ambush"]},{"damage_healed":0,"gold_gain":0,"player_choice":"Shed Blood","damage_taken":17,"max_hp_gain":5,"max_hp_loss":0,"event_name":"Forgotten Altar","floor":19,"gold_loss":0},{"damage_healed":0,"gold_gain":0,"player_choice":"Forge","damage_taken":0,"max_hp_gain":0,"max_hp_loss":0,"event_name":"Accursed Blacksmith","floor":22,"gold_loss":0,"cards_upgraded":["Moonworks:NicePresent"]},{"damage_healed":0,"gold_gain":0,"player_choice":"Fought Bandits","damage_taken":0,"max_hp_gain":0,"max_hp_loss":0,"event_name":"Masked Bandits","floor":29,"gold_loss":0},{"damage_healed":0,"gold_gain":0,"player_choice":"Embrace Madness","damage_taken":8,"max_hp_gain":0,"max_hp_loss":0,"event_name":"Winding Halls","floor":36,"gold_loss":0,"cards_obtained":["Madness","Madness"]},{"cards_removed":["Moonworks:LulusLuckyEgg"],"damage_healed":0,"gold_gain":0,"player_choice":"Removed Skill","damage_taken":0,"max_hp_gain":0,"max_hp_loss":0,"event_name":"Falling","floor":45,"gold_loss":0},{"damage_healed":0,"gold_gain":0,"player_choice":"Memory 1","damage_taken":0,"max_hp_gain":0,"max_hp_loss":0,"event_name":"SensoryStone","floor":46,"gold_loss":0}],"is_beta":false,"boss_relics":[{"not_picked":["Runic Dome","Runic Pyramid"],"picked":"SlaversCollar"},{"not_picked":["jessBottle:WaterBottleRelic","Black Star"],"picked":"Cursed Key"}],"items_purged_floors":[],"is_endless":false,"potions_floor_spawned":[1,5,12,13,14,16,18,20,24,28,33,40,47,48],"ascension_level":0}}