{"host":"nowlnq08cups5y6x","time":1612654704,"event":{"mods":["2.2 Compatiblity","AchievementEnabler","Aspiration","BaseMod","Beaked The Cultist","Better Altar","Better Match","Better Note","Better Sensory Stone","Better Silent Start","Better Skull","Better Third Choice","BetterRewards","Card Forge","Colored Map","Colored Powertips","Conspire","Curses Come First","Defuse TimeMaze Blight","Energized Spire","Filter the Spire","Gold Saver","Grow up Mod","Halation","Highlight Path","Hubris","Hyrulean Relics","Infinite Spire","Minty Spire (QoL Compilation)","Permanent Neow","Rare Cards Sparkle","Relic Filter Mod","Reliquary","Remove Card Discount Mod","Replay The Spire","SacredBarkPlus","Shop Mod","Spicy Shops","StS++","StSLib","The Cursed","Transform Curses","UnlockEverythingMod"],"gold_per_floor":[117,137,152,152,152,152,152,167,167,167,167],"floor_reached":10,"language":"ENG","playtime":743,"items_purged":[],"score":137,"play_id":"9ab280b2-5440-4356-b1a0-549fb267a774","local_time":"20210206183824","is_ascension_mode":true,"campfire_choices":[{"floor":6,"key":"RECALL"}],"circlet_count":0,"master_deck":["AscendersBane","beaked:Strike_Y","beaked:Strike_Y","beaked:Strike_Y","beaked:Strike_Y","beaked:Strike_Y","beaked:Strike_Y","beaked:Defend_Y","beaked:Defend_Y","beaked:Defend_Y","beaked:Defend_Y","beaked:Ceremony+1","beaked:Ceremony+1","beaked:Ceremony+1","beaked:Evade+1","beaked:Evade+1","Magnetism","beaked:BraceForImpact"],"relics":["beaked:MendingPlumage","Hammer of Thor","Seething Fire","Anvil of the Gods","conspire:InfiniteJournal","infinitespire:PuzzleCube"],"acts_visited":["Exordium"],"potions_floor_usage":[3],"damage_taken":[{"damage":55,"enemies":"Cultist","floor":1,"turns":7},{"damage":10,"enemies":"Small Slimes","floor":2,"turns":4},{"damage":38,"enemies":"Jaw Worm","floor":3,"turns":7},{"damage":81,"enemies":"Large Slime","floor":8,"turns":14},{"damage":44,"enemies":"3 Sentries","floor":10,"turns":5}],"seed_played":"8203890360540433835","potions_obtained":[{"floor":1,"key":"Fire Potion"}],"is_trial":false,"path_per_floor":["M","M","M","?","$","R","?","M","T","E"],"character_chosen":"BEAKED_THE_CULTIST","items_purchased":[],"campfire_rested":0,"item_purchase_floors":[],"current_hp_per_floor":[17,30,19,29,39,49,59,22,32,9,9],"gold":167,"neow_bonus":"ONE_RARE_RELIC","is_daily":false,"chose_seed":false,"campfire_upgraded":0,"win_rate":0.0,"timestamp":1612654704,"path_taken":["M","?","M","?","?","R","?","M","T","E"],"items_purchased_type":[],"build_version":"2020-12-22","purchased_purges":0,"victory":false,"max_hp_per_floor":[65,75,85,95,105,115,125,135,145,145,145],"card_choices":[{"not_picked":["beaked:Tradeoff","beaked:MimicMachine"],"picked":"beaked:Recite","floor":1},{"not_picked":["beaked:Flinch","beaked:HuntressSpirit"],"picked":"beaked:Evade","floor":2},{"not_picked":["beaked:BarbedWire","beaked:Flinch"],"picked":"beaked:Evade","floor":3},{"not_picked":["StSpp:MindBarrier","Transmutation"],"picked":"Magnetism","floor":7},{"not_picked":["beaked:Insight","beaked:HuntressEssence"],"picked":"beaked:BraceForImpact","floor":8}],"player_experience":516728,"relics_obtained":[],"event_choices":[{"cards_removed":["beaked:Recite"],"damage_healed":0,"gold_gain":0,"player_choice":"Gave Card","damage_taken":0,"relics_obtained":["infinitespire:PuzzleCube"],"max_hp_gain":0,"max_hp_loss":0,"event_name":"WeMeetAgain","floor":4,"gold_loss":0},{"damage_healed":0,"gold_gain":1,"player_choice":"1","damage_taken":0,"max_hp_gain":0,"max_hp_loss":0,"event_name":"betterStone:BetterStone","floor":7,"gold_loss":0}],"is_beta":false,"boss_relics":[],"items_purged_floors":[],"is_endless":false,"potions_floor_spawned":[1],"killed_by":"3 Sentries","ascension_level":10}}