{"host":"ln96ypacmm7diq4b","time":1612587714,"event":{"mods":["AchievementEnabler","Ascension Reborn","Aspiration","BaseMod","Beaked The Cultist","Card Forge","Conspire","Downfall","Friendly Minions","GifTheSpireLib","Grow up Mod","Hermit","Hero for Fun","Hubris","HumanHunterMod(怪物杀人mod)","Infinite Spire","KinomotoSakuraMod(木之本樱)","Koishi","KomeijiMod","Lobotomy","Marisa（F雨　魔理沙）","Minty Spire (QoL Compilation)","Potion Indicator Mod","Quick Restart","READ ME - Guardian Mod","Relic Stats","Remilia（蕾米莉亚）","Replay The Spire","Shop Mod","Spicy Shops","StSLib","The Bug Knight","Uncapped","【功能Mod】聪明的最终Boss","篝火指南"],"gold_per_floor":[139,191,52,105,47,1542,862,862,862],"floor_reached":8,"language":"ZHS","playtime":1192,"items_purged":[],"score":146,"play_id":"ca5d527a-b69c-4316-bc44-fb0f33a1c878","local_time":"20210206130154","is_ascension_mode":false,"campfire_choices":[],"circlet_count":0,"master_deck":["hermit:Strike_Hermit+1","hermit:Strike_Hermit+1","hermit:Strike_Hermit+1","hermit:Strike_Hermit+1","hermit:Defend_Hermit+1","hermit:Defend_Hermit+1","hermit:Defend_Hermit+1","hermit:Defend_Hermit+1","hermit:Snapshot+1","hermit:Covet+1","Robbery+1","WitchOfGreed+1","MastersStateliness+1","Genetic Algorithm+1","LiveForever+1","Ghostly+1","BecomeAlmighty+1","RitualDagger+1","Whirlwind+1","Flex+1","Limit Break+1","Hyperbeam","hermit:GoldenBullet+1","hermit:EyeOfTheStorm","hermit:FinalCanter+1","hermit:GoldenBullet"],"relics":["hermit:Momento","Hammer of Thor","Seething Fire","Anvil of the Gods","Prayer Wheel","MerchantsRug","Replay:Mystery Machine","ClockworkSouvenir","Whetstone","TungstenRod","PreservedInsect"],"acts_visited":["Exordium"],"potions_floor_usage":[8,8],"damage_taken":[{"damage":2,"enemies":"conspire:RoseBush","floor":1,"turns":3},{"damage":5,"enemies":"Small Slimes","floor":2,"turns":9},{"damage":1,"enemies":"conspire:MimicChest","floor":4,"turns":4},{"damage":68,"enemies":"infinitespire:Voidling","floor":6,"turns":28},{"damage":136,"enemies":"Gremlin Nob","floor":8,"turns":10}],"seed_played":"-8081688943520429893","potions_obtained":[{"floor":1,"key":"Fire Potion"},{"floor":4,"key":"BlessingOfTheForge"},{"floor":6,"key":"PowerPotion"},{"floor":6,"key":"PowerPotion"}],"is_trial":true,"path_per_floor":["M","M","$","?","$","M","R","E"],"character_chosen":"HERMIT","items_purchased":["MerchantsRug","hermit:EyeOfTheStorm","ClockworkSouvenir","Whetstone","TungstenRod","PreservedInsect"],"campfire_rested":0,"item_purchase_floors":[3,5,7,7,7,7],"current_hp_per_floor":[93,98,108,117,127,117,127,0,0],"gold":862,"neow_bonus":"","is_daily":false,"chose_seed":false,"campfire_upgraded":0,"win_rate":0.0,"timestamp":1612587714,"path_taken":["M","M","$","?","$","M","R","E"],"items_purchased_type":["Relic","Card","Relic","Relic","Relic","Relic"],"build_version":"2020-12-22","purchased_purges":0,"victory":false,"max_hp_per_floor":[95,105,115,125,135,145,155,155,155],"relic_stats":{"counters":[5,54],"Prayer Wheel":2,"PreservedInsect":341,"Whetstone":["hermit:GoldenBullet","hermit:FinalCanter"],"obtain_stats":[{"MerchantsRug":3,"Anvil of the Gods":0,"Prayer Wheel":2,"Hammer of Thor":0,"PreservedInsect":7,"Seething Fire":0,"Whetstone":7,"Replay:Mystery Machine":4,"hermit:Momento":0,"TungstenRod":7,"ClockworkSouvenir":7},{"MerchantsRug":2,"Anvil of the Gods":0,"Prayer Wheel":2,"Hammer of Thor":0,"PreservedInsect":4,"Seething Fire":0,"Whetstone":4,"Replay:Mystery Machine":3,"hermit:Momento":0,"TungstenRod":4,"ClockworkSouvenir":4},{"MerchantsRug":12,"Anvil of the Gods":0,"Prayer Wheel":5,"Hammer of Thor":0,"PreservedInsect":44,"Seething Fire":0,"Whetstone":44,"Replay:Mystery Machine":16,"hermit:Momento":0,"TungstenRod":44,"ClockworkSouvenir":44}],"TungstenRod":7},"card_choices":[{"not_picked":["hermit:Brawl","hermit:Enervate","hermit:Gestalt"],"picked":"SKIP","floor":1},{"not_picked":["hermit:Quickdraw","hermit:Showdown"],"picked":"hermit:GoldenBullet","floor":2},{"not_picked":["hermit:Quickdraw","hermit:Manifest","hermit:Roulette"],"picked":"SKIP","floor":2},{"not_picked":["hermit:LowProfile","hermit:Gestalt"],"picked":"hermit:FinalCanter","floor":6},{"not_picked":["hermit:TrackingShot","hermit:Quickdraw"],"picked":"hermit:GoldenBullet","floor":6}],"player_experience":591778,"relics_obtained":[{"floor":4,"key":"Replay:Mystery Machine"}],"event_choices":[],"is_beta":false,"boss_relics":[],"items_purged_floors":[],"is_endless":false,"potions_floor_spawned":[4,6],"killed_by":"Gremlin Nob","ascension_level":0}}