{"host":"rv8qrr1d2i1l2m12","time":1612620366,"event":{"mods":["BaseMod","Colored Map","Minty Spire (QoL Compilation)","StSLib"],"gold_per_floor":[367,367,127,147,0,26,26,52,52,78,93,93,105,119,119,216,216,227,227,246,103,113,113,141,158,158,158,187,187,198,198,198,198,198],"floor_reached":33,"language":"ENG","playtime":1985,"items_purged":[],"score":479,"play_id":"04e3ec6e-4c65-449b-accc-f914084b4c3b","local_time":"20210206090606","is_ascension_mode":true,"campfire_choices":[{"floor":7.0,"key":"REST"},{"floor":12.0,"key":"REST"},{"floor":15.0,"key":"REST"},{"floor":23,"key":"REST"},{"floor":27,"key":"REST"},{"floor":32,"key":"REST"}],"circlet_count":0,"master_deck":["Strike_R","Strike_R","Strike_R","Strike_R","Strike_R","Defend_R","Defend_R","Defend_R","Defend_R","Bash","Infernal Blade","Brutality","Bash","The Bomb","Combust","Metallicize","Pummel","Uppercut","Iron Wave","Spot Weakness","Spot Weakness","Barricade","Intimidate+1","Uppercut","Cleave+1","Cleave","Uppercut","Bloodletting","Iron Wave","Whirlwind","Rage+1","Fire Breathing+1","Rupture"],"relics":["Burning Blood","Toolbox","Letter Opener","Bottled Lightning","MealTicket","InkBottle","Velvet Choker","MutagenicStrength","Orrery","Ornamental Fan","Singing Bowl","Ginger"],"acts_visited":["Exordium","TheCity"],"potions_floor_usage":[20,24,28],"damage_taken":[{"damage":4.0,"enemies":"Small Slimes","floor":1.0,"turns":4.0},{"damage":6.0,"enemies":"Cultist","floor":4.0,"turns":4.0},{"damage":36.0,"enemies":"Gremlin Nob","floor":6.0,"turns":5.0},{"damage":29.0,"enemies":"3 Sentries","floor":8.0,"turns":4.0},{"damage":16.0,"enemies":"Gremlin Nob","floor":10.0,"turns":3.0},{"damage":7.0,"enemies":"Jaw Worm","floor":11.0,"turns":3.0},{"damage":6.0,"enemies":"2 Fungi Beasts","floor":13.0,"turns":3.0},{"damage":14.0,"enemies":"Looter","floor":14.0,"turns":3.0},{"damage":60.0,"enemies":"The Guardian","floor":16.0,"turns":10.0},{"damage":38,"enemies":"2 Thieves","floor":18,"turns":3},{"damage":0,"enemies":"Spheric Guardian","floor":20,"turns":3},{"damage":13,"enemies":"Centurion and Healer","floor":22,"turns":4},{"damage":29,"enemies":"Book of Stabbing","floor":24,"turns":4},{"damage":27,"enemies":"Cultist and Chosen","floor":25,"turns":6},{"damage":6,"enemies":"Gremlin Leader","floor":28,"turns":3},{"damage":18,"enemies":"Snake Plant","floor":30,"turns":3},{"damage":57,"enemies":"Automaton","floor":33,"turns":6}],"seed_played":"8587086913068806703","potions_obtained":[{"floor":1.0,"key":"ElixirPotion"},{"floor":4.0,"key":"DistilledChaos"},{"floor":8.0,"key":"ElixirPotion"},{"floor":14.0,"key":"Fire Potion"},{"floor":18,"key":"BlessingOfTheForge"},{"floor":22,"key":"Weak Potion"},{"floor":25,"key":"CultistPotion"}],"is_trial":false,"path_per_floor":["M","?","$","M","$","E","R","E","T","E","M","R","M","M","R","B",null,"M","?","M","$","M","R","E","M","T","R","E","?","M","?","R","B"],"character_chosen":"IRONCLAD","items_purchased":["The Bomb","Combust","Toolbox","Orrery"],"campfire_rested":6,"item_purchase_floors":[3,3,5,21],"current_hp_per_floor":[72,72,72,72,72,42,63,40,40,30,29,50,50,42,63,9,56,24,24,30,45,38,59,36,15,15,36,36,36,24,24,45,0,0],"gold":198,"neow_bonus":"TWO_FIFTY_GOLD","is_daily":false,"chose_seed":false,"campfire_upgraded":0,"win_rate":0.0,"timestamp":1612620366,"path_taken":["M","?","$","M","$","E","R","E","T","E","M","R","M","M","R","BOSS","M","?","M","$","M","R","E","M","T","R","E","?","M","?","R","BOSS"],"items_purchased_type":["Card","Card","Relic","Relic"],"build_version":"2020-12-22","purchased_purges":0,"victory":false,"max_hp_per_floor":[72,72,72,72,72,72,72,72,72,72,72,72,72,72,72,72,72,72,72,72,72,72,72,72,72,72,72,72,72,72,72,72,72,72],"card_choices":[{"not_picked":["Clothesline","Shockwave"],"picked":"Infernal Blade","floor":1.0},{"not_picked":["Shrug It Off","Pommel Strike"],"picked":"Metallicize","floor":4.0},{"not_picked":["Havoc","Headbutt"],"picked":"Pummel","floor":6.0},{"not_picked":["True Grit","Warcry"],"picked":"Uppercut","floor":8.0},{"not_picked":["Second Wind","Ghostly Armor","Burning Pact"],"picked":"SKIP","floor":10.0},{"not_picked":["Headbutt","Pommel Strike"],"picked":"Iron Wave","floor":11.0},{"not_picked":["Havoc","Headbutt"],"picked":"Spot Weakness","floor":13.0},{"not_picked":["Exhume","Disarm"],"picked":"Spot Weakness","floor":14.0},{"not_picked":["Offering","Fiend Fire"],"picked":"Barricade","floor":16.0},{"not_picked":["Warcry+1","Flex"],"picked":"Intimidate+1","floor":18},{"not_picked":["Ghostly Armor","Disarm"],"picked":"Uppercut","floor":20},{"not_picked":["Corruption","Body Slam"],"picked":"Cleave+1","floor":21},{"not_picked":["Iron Wave","True Grit+1"],"picked":"Cleave","floor":21},{"not_picked":["Entrench","Body Slam"],"picked":"Uppercut","floor":21},{"not_picked":["Corruption","Twin Strike"],"picked":"Bloodletting","floor":21},{"not_picked":["Blood for Blood","Armaments"],"picked":"Iron Wave","floor":22},{"not_picked":["Heavy Blade","Pommel Strike+1"],"picked":"Whirlwind","floor":24},{"not_picked":["Body Slam","Evolve"],"picked":"Rage+1","floor":25},{"not_picked":["Clothesline+1","Exhume"],"picked":"Fire Breathing+1","floor":28},{"not_picked":["Hemokinesis","Shrug It Off"],"picked":"Rupture","floor":30}],"player_experience":592560,"relics_obtained":[{"floor":6.0,"key":"Letter Opener"},{"floor":8.0,"key":"Bottled Lightning"},{"floor":9.0,"key":"MealTicket"},{"floor":10.0,"key":"InkBottle"},{"floor":24,"key":"Ornamental Fan"},{"floor":26,"key":"Singing Bowl"},{"floor":28,"key":"Ginger"}],"event_choices":[{"damage_healed":0.0,"max_hp_gain":0.0,"max_hp_loss":0.0,"gold_gain":0.0,"event_name":"Match and Keep!","player_choice":"2 cards matched","floor":2.0,"gold_loss":0.0,"damage_taken":0.0,"cards_obtained":["Brutality","Bash"]},{"damage_healed":0,"gold_gain":0,"player_choice":"Inject Mutagens","damage_taken":0,"relics_obtained":["MutagenicStrength"],"max_hp_gain":0,"max_hp_loss":0,"event_name":"Drug Dealer","floor":19,"gold_loss":0},{"damage_healed":0,"gold_gain":0,"player_choice":"Ignored","damage_taken":0,"max_hp_gain":0,"max_hp_loss":0,"event_name":"Vampires","floor":29,"gold_loss":0},{"damage_healed":0,"gold_gain":0,"player_choice":"Ignored","damage_taken":0,"max_hp_gain":0,"max_hp_loss":0,"event_name":"Cursed Tome","floor":31,"gold_loss":0}],"is_beta":false,"boss_relics":[{"not_picked":["Coffee Dripper","Runic Cube"],"picked":"Velvet Choker"}],"items_purged_floors":[],"is_endless":false,"potions_floor_spawned":[1,4,8,14,18,22,25],"killed_by":"Automaton","ascension_level":9}}