{"host":"artti7o26te9gn1a","time":1612587140,"event":{"mods":["AchievementEnabler","BaseMod","Beaked The Cultist","BetterRewards","Downfall","Minty Spire (QoL Compilation)","StSLib","Trackpad"],"gold_per_floor":[117,132,147,167,167,167,183,213,260,130,143,162,162,179,179,258,258,275,99,111,61,80,80,93,93,93],"floor_reached":25,"language":"ENG","playtime":855,"items_purged":["Searing Blow","Demon Form"],"score":397,"play_id":"8ea3f60f-a8b9-46a1-9aeb-f33c68c609f3","local_time":"20210206055220","is_ascension_mode":true,"campfire_choices":[{"floor":6,"key":"REST"},{"floor":13,"key":"REST"},{"floor":15,"key":"REST"},{"floor":23,"key":"REST"}],"circlet_count":0,"master_deck":["AscendersBane","Bash","Headbutt","Metallicize","Immolate","Blood for Blood","Carnage","Bloodletting","Uppercut","Cleave","Rupture","Armaments","Intimidate","Shrug It Off","beaked:WalkersFury","Battle Trance","Feel No Pain","Flame Barrier+1","Shrug It Off","Dropkick+1","Dark Embrace+1"],"relics":["Pandora\u0027s Box","trackpad:DisasterInABottle","trackpad:RapidFire","trackpad:Compendium","beaked:SacredDeck"],"acts_visited":["Exordium","TheCity"],"potions_floor_usage":[11,22,22],"damage_taken":[{"damage":3,"enemies":"2 Louse","floor":1,"turns":2},{"damage":1,"enemies":"Cultist","floor":2,"turns":3},{"damage":12,"enemies":"Jaw Worm","floor":3,"turns":2},{"damage":26,"enemies":"Exordium Thugs","floor":4,"turns":3},{"damage":24,"enemies":"Large Slime","floor":7,"turns":2},{"damage":10,"enemies":"3 Sentries","floor":8,"turns":2},{"damage":0,"enemies":"2 Fungi Beasts","floor":11,"turns":2},{"damage":5,"enemies":"Exordium Thugs","floor":12,"turns":2},{"damage":1,"enemies":"Gremlin Gang","floor":14,"turns":2},{"damage":10,"enemies":"Slime Boss","floor":16,"turns":7},{"damage":27,"enemies":"Spheric Guardian","floor":18,"turns":5},{"damage":15,"enemies":"Chosen","floor":20,"turns":5},{"damage":9,"enemies":"3 Cultists","floor":22,"turns":5},{"damage":17,"enemies":"Shelled Parasite and Fungi","floor":24,"turns":4},{"damage":24,"enemies":"Centurion and Healer","floor":25,"turns":2}],"seed_played":"-2566252881043199338","potions_obtained":[{"floor":2,"key":"SpeedPotion"},{"floor":8,"key":"Block Potion"},{"floor":11,"key":"LiquidBronze"},{"floor":16,"key":"EssenceOfSteel"}],"is_trial":false,"path_per_floor":["M","M","M","M","?","R","M","E","T","$","M","M","R","M","R","B",null,"M","$","M","$","M","R","M","M"],"character_chosen":"IRONCLAD","items_purchased":["Armaments","Feel No Pain","Shrug It Off"],"campfire_rested":4,"item_purchase_floors":[10,19,21],"current_hp_per_floor":[65,64,52,26,26,48,24,14,14,14,14,9,31,30,52,42,67,40,40,25,25,16,38,21,0,0],"gold":93,"neow_bonus":"BOSS_RELIC","is_daily":false,"chose_seed":false,"campfire_upgraded":0,"win_rate":0.0,"timestamp":1612587140,"path_taken":["M","M","M","M","?","R","M","E","T","$","M","M","R","M","R","BOSS","M","$","M","$","M","R","?","M"],"items_purchased_type":["Card","Card","Card"],"build_version":"2020-12-22","purchased_purges":2,"victory":false,"max_hp_per_floor":[75,75,75,75,75,75,75,75,75,75,75,75,75,75,75,75,75,75,75,75,75,75,75,75,75,75],"card_choices":[{"not_picked":["True Grit","Flex","Sword Boomerang"],"picked":"SKIP","floor":1},{"not_picked":["Iron Wave","Armaments"],"picked":"Cleave","floor":2},{"not_picked":["Havoc","Iron Wave"],"picked":"Rupture","floor":3},{"not_picked":["Body Slam","Searing Blow","Sentinel"],"picked":"SKIP","floor":4},{"not_picked":["Perfected Strike","Sword Boomerang","Clash"],"picked":"SKIP","floor":7},{"not_picked":["Sentinel","Clothesline","Immolate"],"picked":"SKIP","floor":8},{"not_picked":["Perfected Strike","Cleave"],"picked":"Intimidate","floor":11},{"not_picked":["Wild Strike","Dual Wield","Twin Strike"],"picked":"SKIP","floor":12},{"not_picked":["Wild Strike","Spot Weakness"],"picked":"Shrug It Off","floor":14},{"not_picked":["Offering","Fiend Fire"],"picked":"Demon Form","floor":16},{"not_picked":["Wild Strike","Clash"],"picked":"Battle Trance","floor":18},{"not_picked":["Heavy Blade","Sentinel"],"picked":"Flame Barrier+1","floor":20},{"not_picked":["Twin Strike","Clash"],"picked":"Dropkick+1","floor":22},{"not_picked":["Warcry","Feel No Pain"],"picked":"Dark Embrace+1","floor":24}],"player_experience":775492,"relics_obtained":[{"floor":8,"key":"trackpad:RapidFire"},{"floor":9,"key":"trackpad:Compendium"}],"event_choices":[{"cards_removed":["Uppercut"],"damage_healed":0,"gold_gain":0,"player_choice":"Gave Card","damage_taken":0,"relics_obtained":["trackpad:DisasterInABottle"],"max_hp_gain":0,"max_hp_loss":0,"event_name":"WeMeetAgain","floor":5,"gold_loss":0}],"is_beta":false,"boss_relics":[{"not_picked":["Velvet Choker","trackpad:StolenKidneys"],"picked":"beaked:SacredDeck"}],"items_purged_floors":[10,19],"is_endless":false,"potions_floor_spawned":[2,8,11,16,18],"killed_by":"Centurion and Healer","ascension_level":18}}