{"host":"opg65mucj6ra7dr1","time":1612617389,"event":{"mods":["BaseMod","DeckTracker","Keyboard Shortcuts","Minty Spire (QoL Compilation)","Permanent Neow","Quick Restart","everything is the same but u backflip on backflip"],"gold_per_floor":[117,3,18,18,38,65,65,65,65,65,79,91,116,136,136,236,236,248,260,7,27,50,50,81,99,126,126,126,126,126],"floor_reached":29,"language":"KOR","playtime":988,"items_purged":["Strike_B","Strike_B"],"score":351,"play_id":"e1751f91-44de-4b3c-b3e7-896915600a85","local_time":"20210206221629","is_ascension_mode":true,"campfire_choices":[{"data":"Loop","floor":7.0,"key":"SMITH"},{"data":"Hologram","floor":10.0,"key":"SMITH"},{"data":"Creative AI","floor":15.0,"key":"SMITH"},{"floor":23.0,"key":"REST"},{"floor":28,"key":"REST"}],"circlet_count":0,"master_deck":["Strike_B","Strike_B","Defend_B","Defend_B","Defend_B","Defend_B","Zap+1","Dualcast","Hologram+1","FTL","Leap","Loop+1","White Noise+1","Capacitor","Self Repair","Hello World","Recycle","Creative AI+1","Conserve Battery","Core Surge","Hologram","Loop","Reboot","Heatsinks","Chill+1","Loop","Amplify","Reinforced Body"],"relics":["Cracked Core","Gambling Chip","Prayer Wheel","Tiny Chest","Sozu","Nunchaku","The Courier","CeramicFish","MutagenicStrength"],"acts_visited":["Exordium","TheCity"],"potions_floor_usage":[25],"damage_taken":[{"damage":4.0,"enemies":"2 Louse","floor":1.0,"turns":2.0},{"damage":2.0,"enemies":"Jaw Worm","floor":3.0,"turns":3.0},{"damage":0.0,"enemies":"Cultist","floor":5.0,"turns":3.0},{"damage":28.0,"enemies":"3 Sentries","floor":6.0,"turns":7.0},{"damage":10.0,"enemies":"Gremlin Gang","floor":11.0,"turns":4.0},{"damage":13.0,"enemies":"Red Slaver","floor":12.0,"turns":3.0},{"damage":15.0,"enemies":"Lagavulin","floor":13.0,"turns":5.0},{"damage":15.0,"enemies":"Lots of Slimes","floor":14.0,"turns":3.0},{"damage":0.0,"enemies":"Hexaghost","floor":16.0,"turns":8.0},{"damage":16.0,"enemies":"Shell Parasite","floor":18.0,"turns":5.0},{"damage":7.0,"enemies":"Chosen","floor":19.0,"turns":5.0},{"damage":57.0,"enemies":"Shelled Parasite and Fungi","floor":21.0,"turns":5.0},{"damage":26.0,"enemies":"Slavers","floor":24.0,"turns":7.0},{"damage":15,"enemies":"Centurion and Healer","floor":25,"turns":6},{"damage":34,"enemies":"Snake Plant","floor":29,"turns":4}],"seed_played":"-7281589387204815293","potions_obtained":[{"floor":3.0,"key":"SneckoOil"},{"floor":11.0,"key":"SpeedPotion"},{"floor":16.0,"key":"SneckoOil"}],"is_trial":false,"path_per_floor":["M","$","M","?","M","E","R","?","T","R","M","M","E","M","R","B",null,"M","M","$","M","T","R","E","M","T","?","R","M"],"character_chosen":"DEFECT","items_purchased":["FTL","Reboot","Heatsinks"],"campfire_rested":2,"item_purchase_floors":[2,20,20],"current_hp_per_floor":[71,71,69,74,74,46,46,46,46,46,36,30,22,14,14,21,80,71,71,71,21,21,45,26,18,18,18,42,8,8],"gold":126,"neow_bonus":"UPGRADE_CARD","is_daily":false,"chose_seed":false,"campfire_upgraded":3,"win_rate":0.0,"timestamp":1612617389,"path_taken":["M","$","M","?","M","E","R","?","T","R","?","M","E","M","R","BOSS","M","?","?","?","?","R","E","?","T","?","R","M"],"items_purchased_type":["Card","Card","Card"],"build_version":"2020-12-22","purchased_purges":2,"victory":false,"max_hp_per_floor":[75,75,75,80,80,80,80,80,80,80,80,80,80,80,80,80,80,80,80,80,80,80,80,80,80,80,80,80,80,80],"card_choices":[{"not_picked":["Sweeping Beam","Compile Driver"],"picked":"Hologram","floor":1.0},{"not_picked":["Gash","Barrage"],"picked":"Leap","floor":3.0},{"not_picked":["Compile Driver","Doom and Gloom"],"picked":"Loop","floor":5.0},{"not_picked":["Fusion","Consume"],"picked":"White Noise","floor":6.0},{"not_picked":["Streamline","Skim"],"picked":"Capacitor","floor":11.0},{"not_picked":["Steam","Redo"],"picked":"Self Repair","floor":11.0},{"not_picked":["Streamline","Tempest"],"picked":"Hello World","floor":12.0},{"not_picked":["Lockon","Leap"],"picked":"Recycle","floor":12.0},{"not_picked":["Steam","Coolheaded","Tempest"],"picked":"SKIP","floor":13.0},{"not_picked":["FTL","Hello World"],"picked":"Creative AI","floor":14.0},{"not_picked":["Lockon","Cold Snap"],"picked":"Conserve Battery","floor":14.0},{"not_picked":["All For One","Fission"],"picked":"Core Surge","floor":16.0},{"not_picked":["Cold Snap","Leap"],"picked":"Hologram","floor":18.0},{"not_picked":["Barrage","Consume+1","Compile Driver"],"picked":"SKIP","floor":18.0},{"not_picked":["Turbo","Coolheaded"],"picked":"Loop","floor":19.0},{"not_picked":["Leap","Redo+1","Coolheaded"],"picked":"SKIP","floor":19.0},{"not_picked":["Hologram","Gash"],"picked":"Chill+1","floor":21.0},{"not_picked":["Loop","White Noise","Cold Snap"],"picked":"SKIP","floor":21.0},{"not_picked":["White Noise","Cold Snap"],"picked":"Loop","floor":21.0},{"not_picked":["Scrape+1","FTL","Ball Lightning"],"picked":"SKIP","floor":24.0},{"not_picked":["Cold Snap","Ball Lightning"],"picked":"Amplify","floor":25},{"not_picked":["Streamline+1","Redo"],"picked":"Reinforced Body","floor":25}],"player_experience":168516,"relics_obtained":[{"floor":6.0,"key":"Gambling Chip"},{"floor":9.0,"key":"Prayer Wheel"},{"floor":13.0,"key":"Tiny Chest"},{"floor":22.0,"key":"Nunchaku"},{"floor":24.0,"key":"The Courier"},{"floor":26,"key":"CeramicFish"}],"event_choices":[{"damage_healed":0.0,"max_hp_gain":5.0,"max_hp_loss":0.0,"gold_gain":0.0,"event_name":"Big Fish","player_choice":"Donut","floor":4.0,"gold_loss":0.0,"damage_taken":0.0},{"damage_healed":0.0,"max_hp_gain":0.0,"max_hp_loss":0.0,"gold_gain":0.0,"event_name":"Upgrade Shrine","player_choice":"Upgraded","floor":8.0,"gold_loss":0.0,"damage_taken":0.0,"cards_upgraded":["White Noise"]},{"damage_healed":0,"gold_gain":0,"player_choice":"Inject Mutagens","damage_taken":0,"relics_obtained":["MutagenicStrength"],"max_hp_gain":0,"max_hp_loss":0,"event_name":"Drug Dealer","floor":27,"gold_loss":0}],"is_beta":false,"boss_relics":[{"not_picked":["Runic Pyramid","Black Star"],"picked":"Sozu"}],"items_purged_floors":[2,20],"is_endless":false,"potions_floor_spawned":[3,11,16,19,24,25],"killed_by":"Snake Plant","ascension_level":3}}