{"host":"og2dufvjgkards7m","time":1612573361,"event":{"mods":["AchievementEnabler","BaseMod","Better Match","Better Note","Better Sensory Stone","Block Reminder","Colored Map","Colored Powertips","DeckTracker","Highlight Path","Minty Spire (QoL Compilation)","Rare Cards Sparkle","Relic Sorter","StSLib","SuperFastMode"],"gold_per_floor":[118,130,142,217,37,68,68,68,68,68,81,81,1,41,41,41,41],"floor_reached":16,"language":"SPA","playtime":519,"items_purged":[],"score":140,"play_id":"7f2accb6-0e3a-43da-9e04-1dfa030bb40b","local_time":"20210205170241","is_ascension_mode":true,"campfire_choices":[{"floor":12,"key":"REST"},{"floor":15,"key":"REST"}],"circlet_count":0,"master_deck":["Strike_B","Strike_B","Strike_B","Strike_B","Defend_B","Defend_B","Defend_B+1","Defend_B","Zap","Dualcast","Auto Shields","Rebound","Sweeping Beam","Leap","Turbo+1","Regret","Beam Cell","Sweeping Beam","Fission","Recycle","Stack"],"relics":["Cracked Core","NeowsBlessing","Dream Catcher","Centennial Puzzle","Regal Pillow","Golden Idol","Question Card","War Paint"],"acts_visited":["Exordium"],"potions_floor_usage":[6,11,11],"damage_taken":[{"damage":0,"enemies":"Cultist","floor":1,"turns":1},{"damage":0,"enemies":"Small Slimes","floor":2,"turns":1},{"damage":0,"enemies":"2 Louse","floor":3,"turns":1},{"damage":23,"enemies":"Gremlin Nob","floor":6,"turns":4},{"damage":3,"enemies":"Exordium Wildlife","floor":11,"turns":3},{"damage":23,"enemies":"3 Sentries","floor":14,"turns":7},{"damage":68,"enemies":"Hexaghost","floor":16,"turns":11}],"seed_played":"3224783914614342962","potions_obtained":[{"floor":3,"key":"LiquidBronze"},{"floor":10,"key":"SkillPotion"},{"floor":10,"key":"DuplicationPotion"},{"floor":10,"key":"PotionOfCapacity"},{"floor":11,"key":"PotionOfCapacity"}],"is_trial":false,"path_per_floor":["M","M","M","?","$","E","?","?","T","?","M","R","$","E","R","B"],"character_chosen":"DEFECT","items_purchased":["Leap","Dream Catcher","Fission"],"campfire_rested":2,"item_purchase_floors":[5,5,13],"current_hp_per_floor":[68,68,68,57,57,34,34,16,16,16,13,50,50,27,64,0,0],"gold":41,"neow_bonus":"THREE_ENEMY_KILL","is_daily":false,"chose_seed":false,"campfire_upgraded":0,"win_rate":0.0,"timestamp":1612573361,"path_taken":["M","M","?","?","$","E","?","?","T","?","M","R","$","E","R","BOSS"],"items_purchased_type":["Card","Relic","Card"],"build_version":"2020-12-22","purchased_purges":0,"victory":false,"max_hp_per_floor":[75,75,75,75,75,75,75,75,75,75,75,75,75,75,75,75,75],"card_choices":[{"not_picked":["Cold Snap","Compile Driver"],"picked":"Auto Shields","floor":1},{"not_picked":["Redo","Conserve Battery"],"picked":"Rebound","floor":2},{"not_picked":["Redo","Blizzard"],"picked":"Sweeping Beam","floor":3},{"not_picked":["Leap","Cold Snap"],"picked":"Turbo","floor":6},{"not_picked":["Redo","Ball Lightning","Hologram"],"picked":"Beam Cell","floor":11},{"not_picked":["Streamline","Capacitor","Redo"],"picked":"Sweeping Beam","floor":12},{"not_picked":["Double Energy","Blizzard","Streamline"],"picked":"Recycle","floor":14},{"not_picked":["Gash","Self Repair","Static Discharge"],"picked":"Stack","floor":15}],"player_experience":178338,"relics_obtained":[{"floor":6,"key":"Centennial Puzzle"},{"floor":9,"key":"Question Card"},{"floor":14,"key":"War Paint"}],"event_choices":[{"damage_healed":0,"gold_gain":75,"player_choice":"Gather Gold","damage_taken":11,"max_hp_gain":0,"max_hp_loss":0,"event_name":"World of Goop","floor":4,"gold_loss":0},{"damage_healed":0,"gold_gain":0,"player_choice":"Box","damage_taken":0,"relics_obtained":["Regal Pillow"],"max_hp_gain":0,"max_hp_loss":0,"event_name":"Big Fish","floor":7,"gold_loss":0,"cards_obtained":["Regret"]},{"damage_healed":0,"gold_gain":0,"player_choice":"Take Damage","damage_taken":18,"relics_obtained":["Golden Idol"],"max_hp_gain":0,"max_hp_loss":0,"event_name":"Golden Idol","floor":8,"gold_loss":0},{"damage_healed":0,"gold_gain":0,"player_choice":"Got Potions","damage_taken":0,"max_hp_gain":0,"max_hp_loss":0,"event_name":"Lab","floor":10,"gold_loss":0}],"is_beta":false,"boss_relics":[],"items_purged_floors":[],"is_endless":false,"potions_floor_spawned":[3,11],"killed_by":"Hexaghost","ascension_level":6}}