{"host":"rantoq7h0pygex6x","time":1612585059,"event":{"mods":["AchievementEnabler","BaseMod","BetterRewards","Minty Spire (QoL Compilation)"],"gold_per_floor":[119,119,135,50,69,69,80,94,394,43,43,60,76,88,88,165,165,178,178,1,20,20,20,20,35,35,35,35,35],"floor_reached":28,"language":"ENG","playtime":560,"items_purged":["Strike_B","Strike_B","Strike_B"],"score":624,"play_id":"10a58ba4-7c30-4bce-b6ef-d8e8fbc55da6","local_time":"20210206121739","is_ascension_mode":true,"campfire_choices":[{"floor":6.0,"key":"REST"},{"floor":11.0,"key":"REST"},{"floor":15.0,"key":"REST"},{"data":"Defragment","floor":23,"key":"SMITH"},{"data":"Defragment","floor":27,"key":"SMITH"}],"circlet_count":0,"master_deck":["AscendersBane","Strike_B","Defend_B","Defend_B","Defend_B","Defend_B","Zap+1","Dualcast","Storm","Ball Lightning+1","White Noise","Heatsinks","Force Field","Static Discharge","Glacier","Defragment+1","Ball Lightning","Self Repair","Defragment+1","Conserve Battery","Core Surge","Hologram+1","Stack","Barrage","Writhe"],"relics":["Cracked Core","Old Coin","DollysMirror","Inserter","Dead Branch","Centennial Puzzle"],"acts_visited":["Exordium","TheCity"],"potions_floor_usage":[21,25,28],"damage_taken":[{"damage":3.0,"enemies":"2 Louse","floor":1.0,"turns":3.0},{"damage":16.0,"enemies":"Small Slimes","floor":3.0,"turns":4.0},{"damage":7.0,"enemies":"Jaw Worm","floor":5.0,"turns":3.0},{"damage":3.0,"enemies":"Blue Slaver","floor":7.0,"turns":4.0},{"damage":0.0,"enemies":"3 Louse","floor":8.0,"turns":3.0},{"damage":18.0,"enemies":"Large Slime","floor":12.0,"turns":3.0},{"damage":0.0,"enemies":"Red Slaver","floor":13.0,"turns":3.0},{"damage":11.0,"enemies":"Gremlin Gang","floor":14.0,"turns":4.0},{"damage":30.0,"enemies":"The Guardian","floor":16.0,"turns":6.0},{"damage":17.0,"enemies":"Chosen","floor":18.0,"turns":6.0},{"damage":13,"enemies":"Spheric Guardian","floor":21,"turns":4},{"damage":9,"enemies":"Centurion and Healer","floor":25,"turns":5},{"damage":44,"enemies":"Gremlin Leader","floor":28,"turns":5}],"seed_played":"-689137294505266984","potions_obtained":[{"floor":1.0,"key":"FearPotion"},{"floor":7.0,"key":"Fire Potion"},{"floor":8.0,"key":"LiquidMemories"},{"floor":14.0,"key":"LiquidMemories"},{"floor":16.0,"key":"EssenceOfDarkness"},{"floor":21,"key":"Swift Potion"}],"is_trial":false,"path_per_floor":["M","?","M","$","M","R","M","M","T","$","R","M","M","M","R","B",null,"M","?","$","M","?","R","$","M","T","R","E"],"character_chosen":"DEFECT","items_purchased":["Storm","Ball Lightning","White Noise","Heatsinks","Glacier","Self Repair","DollysMirror","Stack"],"campfire_rested":3,"item_purchase_floors":[0,0,0,0,4,10,10,20],"current_hp_per_floor":[45,24,8,8,1,22,19,19,19,19,40,22,29,18,39,16,57,47,47,47,41,41,41,41,39,39,39,0,0],"gold":35,"neow_bonus":"","is_daily":false,"chose_seed":false,"campfire_upgraded":2,"win_rate":0.0,"timestamp":1612585059,"path_taken":["M","?","M","$","M","R","M","M","T","$","R","M","M","M","R","BOSS","M","?","$","M","?","R","?","M","T","R","E"],"items_purchased_type":["Card","Card","Card","Card","Card","Card","Relic","Card"],"build_version":"2020-12-22","purchased_purges":3,"victory":false,"max_hp_per_floor":[71,71,71,71,71,71,71,71,71,71,71,71,71,71,71,71,71,71,71,71,71,71,71,71,71,71,71,71,71],"card_choices":[{"not_picked":["Turbo","Recycle"],"picked":"Force Field","floor":1.0},{"not_picked":["Leap","Hello World"],"picked":"Static Discharge","floor":3.0},{"not_picked":["Heatsinks","Go for the Eyes"],"picked":"Defragment","floor":5.0},{"not_picked":["FTL","Gash"],"picked":"Ball Lightning","floor":7.0},{"not_picked":["Blizzard","Leap","Static Discharge"],"picked":"SKIP","floor":8.0},{"not_picked":["Double Energy","Consume"],"picked":"Conserve Battery","floor":12.0},{"not_picked":["Steam","Hyperbeam","Blizzard"],"picked":"SKIP","floor":13.0},{"not_picked":["Tempest","Steam","Blizzard"],"picked":"SKIP","floor":14.0},{"not_picked":["Fission","Multi-Cast"],"picked":"Core Surge","floor":16.0},{"not_picked":["Double Energy","Gash"],"picked":"Hologram+1","floor":18.0},{"not_picked":["Rebound","Scrape+1"],"picked":"Barrage","floor":21},{"not_picked":["Hologram","Sweeping Beam","Blizzard"],"picked":"SKIP","floor":25}],"player_experience":983397,"relics_obtained":[{"floor":9.0,"key":"Old Coin"},{"floor":26,"key":"Centennial Puzzle"}],"event_choices":[{"damage_healed":0.0,"max_hp_gain":0.0,"max_hp_loss":0.0,"gold_gain":0.0,"event_name":"Shining Light","player_choice":"Entered Light","floor":2.0,"gold_loss":0.0,"damage_taken":21.0,"cards_upgraded":["Zap","Ball Lightning"]},{"damage_healed":0,"gold_gain":0,"player_choice":"Ignored","damage_taken":0,"max_hp_gain":0,"max_hp_loss":0,"event_name":"Cursed Tome","floor":19,"gold_loss":0},{"damage_healed":0,"gold_gain":0,"player_choice":"Opened","damage_taken":0,"relics_obtained":["Dead Branch"],"max_hp_gain":0,"max_hp_loss":0,"event_name":"The Mausoleum","floor":22,"gold_loss":0,"cards_obtained":["Writhe"]}],"is_beta":false,"boss_relics":[{"not_picked":["Ectoplasm","Fusion Hammer"],"picked":"Inserter"}],"items_purged_floors":[0,10,20],"is_endless":false,"potions_floor_spawned":[1,7,8,14,16,21],"killed_by":"Gremlin Leader","ascension_level":20}}