{"host":"8d3fefv2347kqkpz","time":1612588187,"event":{"mods":["AchievementEnabler","Act Like it!","Aspiration","BaseMod","Better Vampires","Colored Map","Colored Powertips","Conspire","GifTheSpireLib","Highlight Path","Hubris","Mimic Mod","Minty Spire (QoL Compilation)","Quick Restart","Rare Cards Sparkle","Relic Stats","Replay The Spire","Spicy Shops","StSLib","The Jungle","Waifu the Spire"],"gold_per_floor":[119,137,137,62,137,137,137,173,173,173,173,16,35,51,51,51,51],"floor_reached":16,"language":"ZHS","playtime":228,"items_purged":["Eruption","Defend_P"],"score":129,"play_id":"e21f4592-7c28-4724-8b1f-04d98af2cc32","local_time":"20210206130947","is_ascension_mode":true,"campfire_choices":[{"floor":6,"key":"REST"},{"data":"Brilliance","floor":10,"key":"SMITH"},{"floor":15,"key":"REST"}],"circlet_count":0,"master_deck":["Strike_P","Strike_P","Strike_P","Defend_P","Defend_P","Defend_P","Vigilance","Brilliance+1","BattleHymn+1"],"relics":["PureWater","NeowsBlessing","Golden Idol"],"acts_visited":["Exordium"],"potions_floor_usage":[],"damage_taken":[{"damage":0,"enemies":"Small Slimes","floor":1,"turns":1},{"damage":0,"enemies":"2 Louse","floor":2,"turns":2},{"damage":0,"enemies":"Gremlin Nob","floor":8,"turns":1},{"damage":3,"enemies":"Jaw Worm","floor":13,"turns":2},{"damage":0,"enemies":"Red Slaver","floor":14,"turns":4},{"damage":74,"enemies":"Hexaghost","floor":16,"turns":10}],"seed_played":"-8183208532638112600","potions_obtained":[{"floor":2,"key":"Fire Potion"},{"floor":8,"key":"Block Potion"},{"floor":14,"key":"Ancient Potion"}],"is_trial":false,"path_per_floor":["M","M","?","$","?","R","?","E","T","R","?","$","M","M","R","B"],"character_chosen":"WATCHER","items_purchased":["BattleHymn+1"],"campfire_rested":2,"item_purchase_floors":[12],"current_hp_per_floor":[72,72,54,54,43,64,64,64,64,64,64,64,61,61,72,0,0],"gold":51,"neow_bonus":"THREE_ENEMY_KILL","is_daily":false,"chose_seed":false,"campfire_upgraded":1,"win_rate":0.0,"timestamp":1612588187,"path_taken":["M","M","?","$","?","R","?","E","T","R","?","$","M","M","R","BOSS"],"items_purchased_type":["Card"],"build_version":"2020-12-22","purchased_purges":2,"victory":false,"max_hp_per_floor":[72,72,72,72,72,72,72,72,72,72,72,72,72,72,72,72,72],"relic_stats":{"counters":[6,20],"Golden Idol":14,"obtain_stats":[{"NeowsBlessing":0,"Golden Idol":3,"PureWater":0},{"NeowsBlessing":0,"Golden Idol":2,"PureWater":0},{"NeowsBlessing":0,"Golden Idol":3,"PureWater":0}]},"card_choices":[{"not_picked":["Replay:ManipulateFuture","ThirdEye","EmptyBody"],"picked":"SKIP","floor":1},{"not_picked":["Evaluate","EmptyFist"],"picked":"Brilliance","floor":2},{"not_picked":["Adaptation","Fasting2","ClearTheMind"],"picked":"SKIP","floor":8},{"not_picked":["EmptyBody","Tantrum","Swivel"],"picked":"SKIP","floor":13},{"not_picked":["FlurryOfBlows","CutThroughFate","WreathOfFlame"],"picked":"SKIP","floor":14}],"player_experience":270979,"relics_obtained":[],"event_choices":[{"damage_healed":0,"gold_gain":0,"player_choice":"Take Damage","damage_taken":18,"relics_obtained":["Golden Idol"],"max_hp_gain":0,"max_hp_loss":0,"event_name":"Golden Idol","floor":3,"gold_loss":0},{"damage_healed":0,"gold_gain":75,"player_choice":"Gather Gold","damage_taken":11,"max_hp_gain":0,"max_hp_loss":0,"event_name":"World of Goop","floor":5,"gold_loss":0}],"is_beta":false,"boss_relics":[],"items_purged_floors":[4,12],"is_endless":false,"potions_floor_spawned":[2,8,14],"killed_by":"Hexaghost","ascension_level":1}}