{"host":"kh6fvhxn285ncg0o","time":1612586214,"event":{"mods":["Act Like it!","BaseMod","Colored Map","Friendly Minions","Keyboard Shortcuts","Minty Spire (QoL Compilation)","Quick Restart","Relic Stats","StSLib","SuperFastMode","UnlockEverythingMod"],"gold_per_floor":[113,133,283,297,222,253,253,296,371,371,89,122,122,157,157,242,242,259,259,259],"floor_reached":19,"language":"KOR","playtime":347,"items_purged":["Doubt"],"score":386,"play_id":"2ad0bc7a-d06b-4a1b-a9dc-d389f207eb9f","local_time":"20210206133654","is_ascension_mode":true,"campfire_choices":[{"data":"Uppercut","floor":7.0,"key":"SMITH"},{"floor":10.0,"key":"REST"},{"data":"Apotheosis","floor":13.0,"key":"SMITH"},{"floor":15.0,"key":"DIG"}],"circlet_count":0,"master_deck":["AscendersBane","Strike_R","Strike_R","Strike_R","Strike_R","Strike_R","Defend_R","Defend_R","Defend_R","Defend_R","Bash","Uppercut+1","Fire Breathing","Dark Embrace","Apotheosis+1","Second Wind","Evolve","Body Slam","Fiend Fire"],"relics":["Burning Blood","Shovel","CeramicFish","Letter Opener","Ornamental Fan","Blue Candle","Boot","Cursed Key"],"acts_visited":["Exordium","TheCity"],"potions_floor_usage":[],"damage_taken":[{"damage":2.0,"enemies":"2 Louse","floor":1.0,"turns":3.0},{"damage":2.0,"enemies":"Cultist","floor":2.0,"turns":4.0},{"damage":25.0,"enemies":"Jaw Worm","floor":4.0,"turns":8.0},{"damage":20.0,"enemies":"Lagavulin","floor":6.0,"turns":4.0},{"damage":30.0,"enemies":"3 Sentries","floor":8.0,"turns":5.0},{"damage":14.0,"enemies":"Gremlin Nob","floor":12.0,"turns":4.0},{"damage":23.0,"enemies":"Lagavulin","floor":14.0,"turns":8.0},{"damage":17.0,"enemies":"Slime Boss","floor":16.0,"turns":7.0},{"damage":38,"enemies":"Spheric Guardian","floor":18,"turns":6},{"damage":34,"enemies":"Shell Parasite","floor":19,"turns":3}],"seed_played":"1412124406572928868","potions_obtained":[{"floor":4.0,"key":"SneckoOil"},{"floor":6.0,"key":"ElixirPotion"},{"floor":8.0,"key":"DistilledChaos"}],"is_trial":false,"path_per_floor":["M","M","?","M","$","E","R","E","T","R","$","E","R","E","R","B",null,"M","M"],"character_chosen":"IRONCLAD","items_purchased":["Apotheosis","Second Wind","Evolve"],"campfire_rested":1,"item_purchase_floors":[11,11,11],"current_hp_per_floor":[79,82,82,63,63,49,49,25,25,49,49,41,41,24,24,13,65,33,0,0],"gold":259,"neow_bonus":"TEN_PERCENT_HP_BONUS","is_daily":false,"chose_seed":false,"campfire_upgraded":2,"win_rate":0.0,"timestamp":1612586214,"path_taken":["M","M","?","M","$","E","R","E","T","R","$","E","R","E","R","BOSS","M","M"],"items_purchased_type":["Card","Card","Card"],"build_version":"2020-12-22","purchased_purges":1,"victory":false,"max_hp_per_floor":[82,82,82,82,82,82,82,82,82,82,82,82,82,82,82,82,82,82,82,82],"relic_stats":{"Shovel":1,"counters":[10,52],"Ornamental Fan":[4],"CeramicFish":54,"Blue Candle":[1],"Letter Opener":[0],"Boot":[6],"Cursed Key":0,"obtain_stats":[{"Shovel":6,"Ornamental Fan":12,"CeramicFish":8,"Blue Candle":14,"Letter Opener":9,"Boot":15,"Cursed Key":17,"Burning Blood":0},{"Shovel":4,"Ornamental Fan":6,"CeramicFish":5,"Blue Candle":7,"Letter Opener":5,"Boot":7,"Cursed Key":8,"Burning Blood":0},{"Shovel":19,"Ornamental Fan":28,"CeramicFish":24,"Blue Candle":36,"Letter Opener":24,"Boot":36,"Cursed Key":43,"Burning Blood":0}],"Burning Blood":53},"card_choices":[{"not_picked":["Wild Strike","Combust"],"picked":"Uppercut","floor":4.0},{"not_picked":["Cleave","Feel No Pain"],"picked":"Fire Breathing","floor":6.0},{"not_picked":["Searing Blow","Inflame"],"picked":"Dark Embrace","floor":8.0},{"not_picked":["Uppercut","Double Tap","Iron Wave"],"picked":"SKIP","floor":12.0},{"not_picked":["Shrug It Off","Spot Weakness"],"picked":"Body Slam","floor":14.0},{"not_picked":["Limit Break","Juggernaut"],"picked":"Fiend Fire","floor":16.0}],"player_experience":1331625,"relics_obtained":[{"floor":6.0,"key":"Shovel"},{"floor":8.0,"key":"CeramicFish"},{"floor":9.0,"key":"Letter Opener"},{"floor":12.0,"key":"Ornamental Fan"},{"floor":14.0,"key":"Blue Candle"},{"floor":15.0,"key":"Boot"}],"event_choices":[{"damage_healed":0.0,"max_hp_gain":0.0,"max_hp_loss":0.0,"gold_gain":150.0,"event_name":"Liars Game","player_choice":"AGREE","floor":3.0,"gold_loss":0.0,"damage_taken":0.0,"cards_obtained":["Doubt"]}],"is_beta":false,"boss_relics":[{"not_picked":["Philosopher\u0027s Stone","Black Star"],"picked":"Cursed Key"}],"items_purged_floors":[5],"is_endless":false,"potions_floor_spawned":[4,6,8],"killed_by":"Shell Parasite","ascension_level":20}}