{"host":"timevagabond","time":1612637905,"event":{"mods":["BaseMod","Bestiary","Colored Map","Filter the Spire","Minty Spire (QoL Compilation)"],"gold_per_floor":[116,116,130,155,155,155,174,197,197,210,244,17,57,73,73,202,202,227,251,251,6,20,20,20],"floor_reached":23,"language":"ENG","playtime":1524,"items_purged":["Slice","After Image"],"score":287,"play_id":"616dd2c3-bd1e-4bda-8bb1-d24943a26db7","local_time":"20210206135825","is_ascension_mode":true,"campfire_choices":[{"data":"Die Die Die","floor":6,"key":"SMITH"},{"floor":15,"key":"REST"}],"circlet_count":0,"master_deck":["Survivor","Neutralize","Bane","Corpse Explosion","Doppelganger","Dagger Spray","Prepared","Die Die Die+1","Blur","Dagger Spray","Poisoned Stab","Tactician","Backflip","Bouncing Flask","Caltrops+1","Well Laid Plans+1","Blur","Acrobatics","Crippling Poison","Burst","Prepared+1","Footwork+1","Deflect","Leg Sweep","Noxious Fumes+1"],"relics":["Pandora\u0027s Box","Golden Idol","Frozen Egg 2","Pear","Membership Card","The Courier","Snecko Eye","Blood Vial","Bag of Preparation"],"acts_visited":["Exordium","TheCity"],"potions_floor_usage":[11,11,18,23,23,23,23],"damage_taken":[{"damage":0,"enemies":"Small Slimes","floor":1,"turns":2},{"damage":0,"enemies":"Cultist","floor":3,"turns":2},{"damage":1,"enemies":"Jaw Worm","floor":4,"turns":3},{"damage":2,"enemies":"Gremlin Gang","floor":7,"turns":2},{"damage":11,"enemies":"3 Louse","floor":8,"turns":2},{"damage":20,"enemies":"Large Slime","floor":10,"turns":5},{"damage":3,"enemies":"Gremlin Nob","floor":11,"turns":4},{"damage":12,"enemies":"3 Sentries","floor":13,"turns":3},{"damage":3,"enemies":"Exordium Thugs","floor":14,"turns":4},{"damage":27,"enemies":"Slime Boss","floor":16,"turns":8},{"damage":27,"enemies":"2 Thieves","floor":18,"turns":3},{"damage":27,"enemies":"Spheric Guardian","floor":19,"turns":4},{"damage":0,"enemies":"Centurion and Healer","floor":22,"turns":8},{"damage":11,"enemies":"Slavers","floor":23,"turns":1}],"seed_played":"-7526565152264078156","potions_obtained":[{"floor":3,"key":"SkillPotion"},{"floor":8,"key":"Block Potion"},{"floor":11,"key":"SkillPotion"},{"floor":14,"key":"SpeedPotion"},{"floor":16,"key":"EntropicBrew"},{"floor":20,"key":"Weak Potion"},{"floor":20,"key":"GamblersBrew"}],"is_trial":false,"path_per_floor":["M","?","M","M","?","R","M","M","T","M","E","$","E","M","R","B",null,"M","M","?","$","M","E"],"character_chosen":"THE_SILENT","items_purchased":["Membership Card","Blur","Footwork+1","Deflect","Leg Sweep","Blood Vial","Bag of Preparation"],"campfire_rested":1,"item_purchase_floors":[12,12,21,21,21,21,21],"current_hp_per_floor":[63,46,46,45,45,45,43,32,32,12,19,19,7,4,28,1,60,33,6,6,6,8,0,0],"gold":20,"neow_bonus":"BOSS_RELIC","is_daily":false,"chose_seed":false,"campfire_upgraded":1,"win_rate":0.0,"timestamp":1612637905,"path_taken":["M","?","M","M","?","R","M","?","T","M","E","?","E","M","R","BOSS","M","M","?","$","M","E"],"items_purchased_type":["Relic","Card","Card","Card","Card","Relic","Relic"],"build_version":"2020-12-18","purchased_purges":2,"victory":false,"max_hp_per_floor":[70,70,70,70,70,70,70,70,70,70,80,80,80,80,80,80,80,80,80,80,80,80,80,80],"card_choices":[{"not_picked":["Masterful Stab","Escape Plan"],"picked":"Poisoned Stab","floor":1},{"not_picked":["Bane","Escape Plan"],"picked":"Tactician","floor":3},{"not_picked":["Cloak And Dagger","Caltrops"],"picked":"Backflip","floor":4},{"not_picked":["Blade Dance","Backflip"],"picked":"Bouncing Flask","floor":7},{"not_picked":["Backstab","Dodge and Roll","Flying Knee"],"picked":"SKIP","floor":8},{"not_picked":["Dagger Spray","Cloak And Dagger"],"picked":"Caltrops+1","floor":10},{"not_picked":["Phantasmal Killer","Quick Slash"],"picked":"Well Laid Plans+1","floor":11},{"not_picked":["Sucker Punch","Well Laid Plans+1"],"picked":"Acrobatics","floor":13},{"not_picked":["Distraction","Dagger Throw"],"picked":"Crippling Poison","floor":14},{"not_picked":["Envenom+1","Night Terror"],"picked":"Burst","floor":16},{"not_picked":["Eviscerate","Dodge and Roll","Setup"],"picked":"SKIP","floor":18},{"not_picked":["Concentrate","Blur"],"picked":"Prepared+1","floor":19},{"not_picked":["Finisher","Sucker Punch"],"picked":"Noxious Fumes+1","floor":22}],"player_experience":197667,"relics_obtained":[{"floor":9,"key":"Frozen Egg 2"},{"floor":11,"key":"Pear"},{"floor":13,"key":"The Courier"}],"event_choices":[{"damage_healed":0,"gold_gain":0,"player_choice":"Take Damage","damage_taken":17,"relics_obtained":["Golden Idol"],"max_hp_gain":0,"max_hp_loss":0,"event_name":"Golden Idol","floor":2,"gold_loss":0},{"damage_healed":0,"gold_gain":0,"player_choice":"0 cards matched","damage_taken":0,"max_hp_gain":0,"max_hp_loss":0,"event_name":"Match and Keep!","floor":5,"gold_loss":0,"cards_obtained":[]},{"damage_healed":0,"gold_gain":0,"player_choice":"Got Potions","damage_taken":0,"max_hp_gain":0,"max_hp_loss":0,"event_name":"Lab","floor":20,"gold_loss":0}],"is_beta":true,"boss_relics":[{"not_picked":["Velvet Choker","SlaversCollar"],"picked":"Snecko Eye"}],"items_purged_floors":[12,21],"is_endless":false,"potions_floor_spawned":[3,8,11,14,16],"killed_by":"Slavers","ascension_level":8}}