{"host":"ewns8ifhbubwkcum","time":1612575131,"event":{"mods":["BaseMod","Block Reminder","Colored Map","Colored Powertips","Downfall","Highlight Path","Minty Spire (QoL Compilation)","Permanent Neow","Quick Restart","Random Character Button","StSLib"],"gold_per_floor":[99,109,121,121,140,171,222,34,59,59,159,159,159,178,196,295,295,195,206,164,164,211,240,317,217,217,232,247,17,49,67,77,181,181,181,194,210,223,243,275,275,275,305,321,371,402,302,312,328,328,328,355,31,31,31,31],"floor_reached":57,"language":"ENG","playtime":6432,"items_purged":["Pride","Slimebound:Strike_Slimebound"],"score":1514,"play_id":"df325362-8d23-4490-949e-4bb88cc5db93","local_time":"20210205193211","is_ascension_mode":true,"campfire_choices":[{"data":"Slimebound:CheckThePlaybook","floor":1.0,"key":"SMITH"},{"floor":12.0,"key":"REST"},{"floor":18.0,"key":"RECALL"},{"floor":25.0,"key":"REST"},{"data":"1","floor":35.0,"key":"LIFT"},{"data":"2","floor":47.0,"key":"LIFT"},{"floor":54,"key":"REST"}],"circlet_count":0,"master_deck":["Slimebound:Strike_Slimebound","Slimebound:Strike_Slimebound","Slimebound:Tackle","Slimebound:Defend_Slimebound","Slimebound:Defend_Slimebound","Slimebound:Defend_Slimebound","Slimebound:Split","Slimebound:CorrosiveSpit","Slimebound:CheckThePlaybook+1","Slimebound:GoopSpray","Slimebound:MegaLick","Slimebound:GoopSpray","Slimebound:Chomp","Slimebound:BestDefense","Slimebound:Prepare","Slimebound:Equalize","Slimebound:GoopSpray","Slimebound:Prepare","Slimebound:LeechingTouch","Slimebound:SplitMire","Slimebound:SplitLeeching+1","Slimebound:GoopTackle","Slimebound:Prepare+1","Slimebound:SlimeSpikes","Slimebound:LeechEnergy+1","Slimebound:ComboTackle+1","Slimebound:PressTheAttack+1","Slimebound:Prepare","Slimebound:Recycling","Slimebound:Nibble+1","Slimebound:Prepare","Slimebound:MassRepurpose","Slimebound:LivingWall","Slimebound:GoopSpray+1","Slimebound:GoopTackle+1","Slimebound:RollThrough+1","Slimebound:RejuvenatingLick+1","Slimebound:SplitAcid","Slimebound:DisruptingSlam+1","Slimebound:Teamwork","Slimebound:LivingWall+1","Slimebound:HungryTackle+1","Slimebound:SplitSpecialist+1","Slimebound:SplitSpecialist","Slimebound:Gluttony","Master of Strategy","Slimebound:DivideAndConquer+1","Slimebound:SlimeBrawl"],"relics":["Slimebound:AbsorbEndCombatUpgraded","Dream Catcher","Vajra","HandDrill","Oddly Smooth Stone","Slimebound:MaxSlimesRelic","sneckomod:SneckoTalon","downfall:HeartBlessingGreen","Girya","Potion Belt","Molten Egg 2","Mercury Hourglass","downfall:HeartBlessingRed","Membership Card","Matryoshka","Bag of Marbles","Slimebound:AggressiveSlimeRelic","Omamori","Gambling Chip","Happy Flower","downfall:HeartBlessingBlue","Incense Burner","Nunchaku"],"acts_visited":["Exordium","TheCity","TheBeyond","TheEnding"],"potions_floor_usage":[56,56,56,56],"damage_taken":[{"damage":12.0,"enemies":"Small Slimes","floor":2.0,"turns":1.0},{"damage":2.0,"enemies":"Jaw Worm","floor":3.0,"turns":4.0},{"damage":3.0,"enemies":"Cultist","floor":5.0,"turns":3.0},{"damage":21.0,"enemies":"Gremlin Nob","floor":6.0,"turns":3.0},{"damage":10.0,"enemies":"downfall:FleeingMerchant","floor":8.0,"turns":4.0},{"damage":21.0,"enemies":"3 Sentries","floor":9.0,"turns":7.0},{"damage":1.0,"enemies":"Exordium Thugs","floor":14.0,"turns":3.0},{"damage":1.0,"enemies":"Large Slime","floor":15.0,"turns":4.0},{"damage":17.0,"enemies":"DF_ARCHETYPE_STREAMLINE","floor":16.0,"turns":5.0},{"damage":12.0,"enemies":"3 Byrds","floor":19.0,"turns":4.0},{"damage":0.0,"enemies":"downfall:FleeingMerchant","floor":20.0,"turns":4.0},{"damage":20.0,"enemies":"downfall:FleeingMerchant","floor":22.0,"turns":4.0},{"damage":35.0,"enemies":"Slavers","floor":23.0,"turns":4.0},{"damage":0.0,"enemies":"Snecko","floor":27.0,"turns":3.0},{"damage":7.0,"enemies":"Sentry and Sphere","floor":28.0,"turns":5.0},{"damage":27.0,"enemies":"Gremlin Leader","floor":30.0,"turns":4.0},{"damage":9.0,"enemies":"Shelled Parasite and Fungi","floor":31.0,"turns":3.0},{"damage":14.0,"enemies":"Cultist and Chosen","floor":32.0,"turns":4.0},{"damage":8.0,"enemies":"SI_MIRROR_ARCHETYPE","floor":33.0,"turns":5.0},{"damage":0.0,"enemies":"3 Darklings","floor":36.0,"turns":4.0},{"damage":0.0,"enemies":"Orb Walker","floor":37.0,"turns":4.0},{"damage":1.0,"enemies":"3 Darklings","floor":38.0,"turns":4.0},{"damage":0.0,"enemies":"Sphere and 2 Shapes","floor":39.0,"turns":6.0},{"damage":25.0,"enemies":"Giant Head","floor":40.0,"turns":6.0},{"damage":10.0,"enemies":"Nemesis","floor":43.0,"turns":5.0},{"damage":1.0,"enemies":"Maw","floor":44.0,"turns":5.0},{"damage":0.0,"enemies":"Maw","floor":45.0,"turns":4.0},{"damage":32.0,"enemies":"Reptomancer","floor":46.0,"turns":4.0},{"damage":2,"enemies":"Transient","floor":48,"turns":5},{"damage":0,"enemies":"Jaw Worm Horde","floor":49,"turns":2},{"damage":64,"enemies":"IC_BLOCK_ARCHETYPE","floor":50,"turns":9},{"damage":111,"enemies":"downfall:CharBossMerchant","floor":52,"turns":9},{"damage":23,"enemies":"downfall:NeowBoss","floor":55,"turns":14},{"damage":11,"enemies":"downfall:NeowBossFinal","floor":56,"turns":7}],"seed_played":"-5030331063345577883","potions_obtained":[{"floor":9.0,"key":"LiquidMemories"},{"floor":14.0,"key":"Guardian:BlockOnCardUsePotion"},{"floor":15.0,"key":"PowerPotion"},{"floor":16.0,"key":"ColorlessPotion"},{"floor":23.0,"key":"Energy Potion"},{"floor":26.0,"key":"CultistPotion"},{"floor":30.0,"key":"Explosive Potion"},{"floor":32.0,"key":"SteroidPotion"},{"floor":36.0,"key":"SmokeBomb"},{"floor":37.0,"key":"Block Potion"},{"floor":44.0,"key":"hexamod:SoulburnPotion"},{"floor":46.0,"key":"FairyPotion"},{"floor":52,"key":"Energy Potion"}],"is_trial":false,"path_per_floor":["R","M","M","?","M","E","T","$","E","T","?","R","?","M","M","B",null,"R","M","$","?","$","E","T","R","?","M","M","$","E","M","M","B",null,"R","M","M","M","M","E","T","?","E","M","?","E","R","M","M","B",null,"E","$","R","B","B",null],"character_chosen":"SLIMEBOUND","items_purchased":["Slimebound:Prepare","HandDrill","Slimebound:GoopTackle","Potion Belt","Ancient Potion","SteroidPotion","Membership Card","Slimebound:PressTheAttack+1","Slimebound:Prepare","Nunchaku","Slimebound:SplitSpecialist","Slimebound:Gluttony","Master of Strategy","Slimebound:DivideAndConquer+1"],"campfire_rested":3,"item_purchase_floors":[8,8,20,22,22,22,29,29,29,53,53,53,53,53],"current_hp_per_floor":[65,53,57,62,67,52,52,50,37,37,37,58,58,69,70,54,70,70,69,73,73,61,45,45,67,67,76,79,79,58,66,68,79,88,88,88,88,91,91,69,69,101,97,101,101,81,91,104,111,56,111,9,9,42,42,46],"gold":31,"neow_bonus":"TRANSFORM_CARD","is_daily":false,"chose_seed":false,"campfire_upgraded":1,"win_rate":0.0,"timestamp":1612575131,"path_taken":["R","M","M","?","M","E","T","$","E","?","?","R","?","?","M","BOSS","R","M","$","?","$","E","T","R","?","M","M","?","E","?","M","BOSS","R","M","M","M","M","E","T","?","E","?","?","E","R","M","M","BOSS","E","$","R","BOSS","BOSS"],"items_purchased_type":["Card","Relic","Card","Relic","Potion","Potion","Relic","Card","Card","Relic","Card","Card","Card","Card"],"build_version":"2020-12-22","purchased_purges":2,"victory":true,"max_hp_per_floor":[65,65,65,70,70,70,70,70,70,70,70,70,70,70,70,70,70,70,73,73,73,73,76,76,76,76,76,82,82,82,85,85,88,88,88,88,88,91,91,91,91,101,101,101,101,101,111,111,111,111,111,111,111,111,111,111],"card_choices":[{"not_picked":["Slimebound:RainOfGoop","Slimebound:ViciousTackle"],"picked":"Slimebound:GoopSpray","floor":2.0},{"not_picked":["Slimebound:RollThrough","Slimebound:RejuvenatingLick"],"picked":"Slimebound:MegaLick","floor":3.0},{"not_picked":["Slimebound:LivingWall","Slimebound:Schlurp"],"picked":"Slimebound:GoopSpray","floor":5.0},{"not_picked":["Slimebound:SamplingLick","Slimebound:HauntingLick"],"picked":"Slimebound:Chomp","floor":6.0},{"not_picked":["Slimebound:FlameTackle","Slimebound:Schlurp"],"picked":"Slimebound:BestDefense","floor":8.0},{"not_picked":["Slimebound:DivideAndConquer","Slimebound:WasteNot"],"picked":"Slimebound:Equalize","floor":9.0},{"not_picked":["Slimebound:Replication","Slimebound:Gluttony"],"picked":"Slimebound:GoopSpray","floor":12.0},{"not_picked":["Slimebound:SamplingLick","Slimebound:PressTheAttack"],"picked":"Slimebound:LeechingTouch","floor":14.0},{"not_picked":["Slimebound:SamplingLick","Slimebound:ItLooksTasty","Slimebound:TongueLash"],"picked":"SKIP","floor":15.0},{"not_picked":["Slimebound:Overexert","Slimebound:OozeBath"],"picked":"Slimebound:MassFeed","floor":16.0},{"not_picked":["Slimebound:MegaLick+1","Slimebound:GoopTackle"],"picked":"Slimebound:SplitMire","floor":19.0},{"not_picked":["Slimebound:Darklings","Slimebound:HauntingLick"],"picked":"Slimebound:SplitLeeching+1","floor":20.0},{"not_picked":["Slimebound:ProtectTheBoss","Slimebound:SplitBruiser+1"],"picked":"Slimebound:Prepare+1","floor":22.0},{"not_picked":["Slimebound:LivingWall","Slimebound:PressTheAttack+1"],"picked":"Slimebound:SlimeSpikes","floor":23.0},{"not_picked":["Slimebound:SplitMire","Slimebound:GoopTackle+1"],"picked":"Slimebound:LeechEnergy+1","floor":27.0},{"not_picked":["Slimebound:RainOfGoop","Slimebound:TongueLash+1"],"picked":"Slimebound:ComboTackle+1","floor":28.0},{"not_picked":["Slimebound:DuplicatedForm","Slimebound:Prepare"],"picked":"Slimebound:Recycling","floor":30.0},{"not_picked":["Slimebound:LevelUp","Slimebound:Dissolve"],"picked":"Slimebound:Nibble+1","floor":31.0},{"not_picked":["Slimebound:ItLooksTasty+1","Slimebound:Schlurp"],"picked":"Slimebound:Prepare","floor":32.0},{"not_picked":["Slimebound:Recycling","Slimebound:FirmFortitude"],"picked":"Slimebound:MassRepurpose","floor":33.0},{"not_picked":["Slimebound:SlimeSpikes","Slimebound:AcidTongue"],"picked":"Slimebound:LivingWall","floor":36.0},{"not_picked":["Slimebound:PressTheAttack+1","Slimebound:FinishingTackle+1"],"picked":"Slimebound:GoopSpray+1","floor":37.0},{"not_picked":["Slimebound:FinishingTackle+1","Slimebound:BestDefense"],"picked":"Slimebound:GoopTackle+1","floor":38.0},{"not_picked":["Slimebound:SplitAcid","Slimebound:FinishingTackle+1"],"picked":"Slimebound:RollThrough+1","floor":39.0},{"not_picked":["Slimebound:FlameTackle+1","Slimebound:SplitBruiser"],"picked":"Slimebound:RejuvenatingLick+1","floor":40.0},{"not_picked":["Slimebound:ServeAndProtect","Slimebound:ItLooksTasty+1"],"picked":"Slimebound:SplitAcid","floor":43.0},{"not_picked":["Slimebound:GrowthPunch+1","Slimebound:SamplingLick"],"picked":"Slimebound:DisruptingSlam+1","floor":44.0},{"not_picked":["Slimebound:LeechingTouch+1","Slimebound:Replication+1"],"picked":"Slimebound:Teamwork","floor":46.0},{"not_picked":["Slimebound:SplitAcid","Slimebound:PressTheAttack+1"],"picked":"Slimebound:LivingWall+1","floor":48},{"not_picked":["Slimebound:SplitAcid+1","Slimebound:LivingWall+1"],"picked":"Slimebound:HungryTackle+1","floor":49},{"not_picked":["Slimebound:ViciousTackle+1","Slimebound:DivideAndConquer+1"],"picked":"Slimebound:SplitSpecialist+1","floor":52},{"not_picked":["Slimebound:SplitBruiser+1","Slimebound:ComboTackle+1"],"picked":"Slimebound:SlimeBrawl","floor":54}],"player_experience":1081278,"relics_obtained":[{"floor":6.0,"key":"Dream Catcher"},{"floor":7.0,"key":"Vajra"},{"floor":9.0,"key":"Oddly Smooth Stone"},{"floor":10.0,"key":"Slimebound:MaxSlimesRelic"},{"floor":23.0,"key":"Molten Egg 2"},{"floor":24.0,"key":"Mercury Hourglass"},{"floor":30.0,"key":"Matryoshka"},{"floor":40.0,"key":"Bag of Marbles"},{"floor":41.0,"key":"Slimebound:AggressiveSlimeRelic"},{"floor":43.0,"key":"Omamori"},{"floor":45.0,"key":"Gambling Chip"},{"floor":46.0,"key":"Happy Flower"},{"floor":52,"key":"Incense Burner"}],"event_choices":[{"damage_healed":0.0,"max_hp_gain":5.0,"max_hp_loss":0.0,"gold_gain":0.0,"event_name":"Big Fish","player_choice":"Donut","floor":4.0,"gold_loss":0.0,"damage_taken":0.0},{"damage_healed":0.0,"max_hp_gain":0.0,"max_hp_loss":0.0,"gold_gain":0.0,"event_name":"Addict","player_choice":"Stole Relic","floor":21.0,"gold_loss":0.0,"damage_taken":0.0,"relics_obtained":["Girya"],"cards_obtained":["Pride"]},{"cards_removed":["Slimebound:MassFeed"],"damage_healed":22.0,"max_hp_gain":10.0,"max_hp_loss":0.0,"gold_gain":0.0,"event_name":"Bonfire Elementals","player_choice":"Offered Rare","floor":42.0,"gold_loss":0.0,"damage_taken":0.0}],"is_beta":false,"boss_relics":[{"not_picked":["Empty Cage","Coffee Dripper"],"picked":"sneckomod:SneckoTalon"},{"not_picked":["Astrolabe","Cursed Key"],"picked":"Slimebound:AbsorbEndCombatUpgraded"}],"items_purged_floors":[29,53],"is_endless":false,"potions_floor_spawned":[9,14,15,16,23,30,32,36,37,44,45,46,52],"ascension_level":3}}