{"host":"87fdiiwflhrwsj8a","time":1612580730,"event":{"mods":["Aspiration","BaseMod","Better Match","Better Third Choice","BetterRewards","Colored Map","Conspire","GifTheSpireLib","Infinite Spire","Minty Spire (QoL Compilation)","Quick Restart","Relic Sorter","Replay The Spire","StSLib","Stuff the Spire","The Marked","The Servant 0.9.4"],"gold_per_floor":[113,113,132,132,132,157,176,202,202,202,221,221,231,242,242,341,341,361,376,376,376,390,390,425,525,525,525,551,551,566,594,594,693,693,706,717,728,745,745,777,777,806,806,816,851,851,871,871,871,871,871,871,482,514,514],"floor_reached":56,"language":"ENG","playtime":3970,"items_purged":["Regret","Strike_S"],"score":1660,"play_id":"60ab1521-d021-43e4-a216-605a49412bb1","local_time":"20210205220530","is_ascension_mode":true,"campfire_choices":[{"data":"TheWorld","floor":10.0,"key":"SMITH"},{"data":"TheWorld","floor":15.0,"key":"SMITH"},{"data":"infinitespire:UltimateForm","floor":23.0,"key":"SMITH"},{"floor":27.0,"key":"REST"},{"floor":46,"key":"RECALL"},{"data":"1","floor":49,"key":"LIFT"},{"data":"2","floor":52,"key":"LIFT"}],"circlet_count":0,"master_deck":["Strike_S","Strike_S","Strike_S","Defend_S","Defend_S","Defend_S","Defend_S","KidneyShot","Exchange","Read+1","Read+1","DualDimension","TheWorld+1","SurpressingFire","BottledTime","TheWorld+1","MurderousAura","TheWorld","Spin+1","Contraction","infinitespire:UltimateForm+1","PendulumOfEternity","SurpressingFire+1","Barrier+1","KillingDoll","Barrier","Contraction+1","Read+1","DualDimension+1","MurderousAura","Collapse"],"relics":["Uniform","NeowsBlessing","Girya","Toy Ornithopter","infinitespire:Joker Card","Replay:Rubber Ducky","conspire:TopHat","Snecko Eye","aspiration:ArtOfWarUpgrade","Replay:Bottled Eggs","FossilizedHelix","Replay:Wanted Poster","StuffTheSpire:ForceGauntlet","Replay:Wax Seal","aspiration:DSix","Painkiller Herb","ReplayTheSpireMod:Lightbulb","infinitespire:Satchel","Pocketwatch","Replay:Mystery Machine","Replay:WaspNest","Mercury Hourglass"],"acts_visited":["Exordium","TheCity","TheBeyond","TheEnding"],"potions_floor_usage":[55],"damage_taken":[{"damage":0.0,"enemies":"2 Louse","floor":1.0,"turns":1.0},{"damage":0.0,"enemies":"Small Slimes","floor":3.0,"turns":1.0},{"damage":0.0,"enemies":"Gremlin Nob","floor":6.0,"turns":1.0},{"damage":0.0,"enemies":"Cultist","floor":7.0,"turns":6.0},{"damage":6.0,"enemies":"Replay:BlueRogue","floor":8.0,"turns":11.0},{"damage":20.0,"enemies":"3 Louse","floor":11.0,"turns":5.0},{"damage":4.0,"enemies":"Exordium Thugs","floor":13.0,"turns":5.0},{"damage":29.0,"enemies":"Large Slime","floor":14.0,"turns":9.0},{"damage":0.0,"enemies":"The Guardian","floor":16.0,"turns":14.0},{"damage":19.0,"enemies":"3 Byrds","floor":18.0,"turns":8.0},{"damage":3.0,"enemies":"Spheric Guardian","floor":19.0,"turns":6.0},{"damage":6.0,"enemies":"conspire:HollyBat","floor":22.0,"turns":7.0},{"damage":14.0,"enemies":"conspire:SneckoGhost","floor":24.0,"turns":4.0},{"damage":5.0,"enemies":"Replay:Snechameleon","floor":28.0,"turns":3.0},{"damage":0.0,"enemies":"Centurion and Healer","floor":30.0,"turns":2.0},{"damage":47.0,"enemies":"Slavers","floor":31.0,"turns":11.0},{"damage":0.0,"enemies":"Automaton","floor":33.0,"turns":6.0},{"damage":0.0,"enemies":"3 Shapes","floor":35.0,"turns":3.0},{"damage":0.0,"enemies":"3 Darklings","floor":36.0,"turns":6.0},{"damage":0.0,"enemies":"4 Shapes","floor":37.0,"turns":6.0},{"damage":0.0,"enemies":"Maw","floor":38.0,"turns":7.0},{"damage":0.0,"enemies":"Nemesis","floor":40.0,"turns":9.0},{"damage":3,"enemies":"Reptomancer","floor":42,"turns":6},{"damage":0,"enemies":"Sphere and 2 Shapes","floor":44,"turns":3},{"damage":0,"enemies":"Nemesis","floor":45,"turns":5},{"damage":0,"enemies":"Jaw Worm Horde","floor":47,"turns":3},{"damage":0,"enemies":"Time Eater","floor":50,"turns":6},{"damage":3,"enemies":"Shield and Spear","floor":54,"turns":4},{"damage":0,"enemies":"The Heart","floor":55,"turns":8}],"seed_played":"5430295582357703989","potions_obtained":[{"floor":1.0,"key":"BlessingOfTheForge"},{"floor":7.0,"key":"Death Potion"},{"floor":11.0,"key":"BlessingOfTheForge"},{"floor":13.0,"key":"Regen Potion"},{"floor":18.0,"key":"Dexterity Potion"},{"floor":19.0,"key":"Elixir"},{"floor":30.0,"key":"Regen Potion"},{"floor":33.0,"key":"Adrenaline Potion"},{"floor":35.0,"key":"Swift Potion"}],"is_trial":false,"path_per_floor":["M","?","M","$","?","E","M","E","T","R","M","?","M","M","R","B",null,"M","M","?","T","M","R","E","AVR","T","R","E","$","M","E","R","B",null,"?","?","?","?","?","E","T","E","T","?","E","T","?","?","T","B",null,"T","T","E","B",null],"character_chosen":"THE_SERVANT","items_purchased":["Replay:WaspNest","Collapse"],"campfire_rested":1,"item_purchase_floors":[53,53],"current_hp_per_floor":[65,65,65,65,48,48,48,42,42,42,22,65,65,36,36,46,65,46,43,27,27,21,21,7,7,7,26,21,21,21,39,39,39,65,65,65,65,65,65,65,65,62,62,62,62,62,62,62,62,62,65,65,65,62,65],"gold":514,"neow_bonus":"THREE_ENEMY_KILL","is_daily":false,"chose_seed":false,"campfire_upgraded":3,"win_rate":0.0,"timestamp":1612580730,"path_taken":["M","?","M","$","?","E","M","E","T","R","M","?","?","M","R","BOSS","M","M","?","?","M","R","E","AVR","T","R","E","$","M","E","R","BOSS","?","?","?","?","?","E","T","E","T","?","E","T","?","?","T","BOSS","T","T","E","BOSS"],"items_purchased_type":["Relic","Card"],"build_version":"2020-12-22","purchased_purges":2,"victory":true,"max_hp_per_floor":[65,65,65,65,65,65,65,65,65,65,65,65,65,65,65,65,65,65,65,65,65,65,65,65,65,65,65,65,65,65,65,65,65,65,65,65,65,65,65,65,65,65,65,65,65,65,65,65,65,65,65,65,65,65,65],"card_choices":[{"not_picked":["Snipe","Spin"],"picked":"Read","floor":1.0},{"not_picked":["Snipe","Spin"],"picked":"Read","floor":1.0},{"not_picked":["DoubleEdge","Unruled"],"picked":"DualDimension","floor":3.0},{"not_picked":["StarChef","Misdirection"],"picked":"TheWorld","floor":6.0},{"not_picked":["Replace","Rearm"],"picked":"SurpressingFire","floor":7.0},{"not_picked":["Rearm","Potential"],"picked":"BottledTime","floor":8.0},{"not_picked":["BottledTime","SpecialFormula"],"picked":"TheWorld","floor":11.0},{"not_picked":["Spin","Potential","Unruled"],"picked":"SKIP","floor":13.0},{"not_picked":["FastForward","Starlight"],"picked":"MurderousAura","floor":14.0},{"not_picked":["FloweringNight","SilverMatrix"],"picked":"TheWorld","floor":16.0},{"not_picked":["ShatteredReality+1","TimeWarp"],"picked":"Spin+1","floor":18.0},{"not_picked":["RealityMarble","Advance"],"picked":"Contraction","floor":19.0},{"not_picked":["infinitespire:FinalStrike","ReplayTheSpireMod:Black Plague"],"picked":"infinitespire:UltimateForm","floor":20.0},{"not_picked":["Rewind+1","Hightail+1"],"picked":"PendulumOfEternity","floor":22.0},{"not_picked":["MoonPhase","Sabotage+1","DoubleEdge"],"picked":"SKIP","floor":24.0},{"not_picked":["Starlight","FastForward","Replace"],"picked":"SKIP","floor":28.0},{"not_picked":["Rewind","Defy"],"picked":"SurpressingFire+1","floor":30.0},{"not_picked":["Starlight","DualDimension"],"picked":"Barrier","floor":31.0},{"not_picked":["SoulSculpture","LightFlow"],"picked":"KillingDoll","floor":33.0},{"not_picked":["ShatteredReality+1","MoonPhase+1"],"picked":"Barrier","floor":35.0},{"not_picked":["Potential","Advance","Replace+1"],"picked":"SKIP","floor":36.0},{"not_picked":["TimeWarp","ShiftingGears+1"],"picked":"Contraction+1","floor":37.0},{"not_picked":["Hightail","SurpressingFire+1"],"picked":"Read","floor":38.0},{"not_picked":["Contraction+1","Rearm"],"picked":"DualDimension+1","floor":40.0},{"not_picked":["Spin+1","BottledTime","InstantArmor+1"],"picked":"SKIP","floor":42},{"not_picked":["TimeWarp","Shuttle","Advance"],"picked":"SKIP","floor":44},{"not_picked":["FanOfKnives","Starlight+1"],"picked":"MurderousAura","floor":45},{"not_picked":["TimeWarp","Advance+1","Potential+1"],"picked":"SKIP","floor":47},{"not_picked":["Replace","WasteNot+1","Ricochet"],"picked":"SKIP","floor":54}],"player_experience":2581771,"relics_obtained":[{"floor":6.0,"key":"Replay:Rubber Ducky"},{"floor":8.0,"key":"conspire:TopHat"},{"floor":21.0,"key":"Art of War"},{"floor":24.0,"key":"Replay:Bottled Eggs"},{"floor":26.0,"key":"StuffTheSpire:ForceGauntlet"},{"floor":28.0,"key":"Replay:Wax Seal"},{"floor":31.0,"key":"aspiration:DSix"},{"floor":40.0,"key":"ReplayTheSpireMod:Lightbulb"},{"floor":42,"key":"infinitespire:Satchel"},{"floor":43,"key":"Pocketwatch"},{"floor":45,"key":"Replay:Mystery Machine"},{"floor":54,"key":"Mercury Hourglass"}],"event_choices":[{"damage_healed":0.0,"max_hp_gain":0.0,"max_hp_loss":0.0,"gold_gain":0.0,"event_name":"Big Fish","player_choice":"Box","floor":2.0,"gold_loss":0.0,"damage_taken":0.0,"relics_obtained":["Girya"],"cards_obtained":["Regret"]},{"damage_healed":0.0,"max_hp_gain":0.0,"max_hp_loss":0.0,"gold_gain":1.0,"event_name":"betterThird:BetterScrap","player_choice":"Relic Relic ","floor":5.0,"gold_loss":0.0,"damage_taken":17.0,"cards_obtained":["Combust"]},{"damage_healed":43.0,"max_hp_gain":0.0,"max_hp_loss":0.0,"gold_gain":0.0,"event_name":"Wheel of Change","player_choice":"Full Heal","floor":12.0,"gold_loss":0.0,"damage_taken":0.0},{"damage_healed":0.0,"max_hp_gain":0.0,"max_hp_loss":0.0,"gold_gain":0.0,"event_name":"The Woman in Blue","player_choice":"Bought 0 Potions","floor":39.0,"gold_loss":0.0,"damage_taken":0.0},{"damage_healed":0,"gold_gain":0,"player_choice":"Upgraded","damage_taken":0,"max_hp_gain":0,"max_hp_loss":0,"event_name":"Upgrade Shrine","floor":48,"gold_loss":0,"cards_upgraded":["Barrier"]}],"is_beta":false,"boss_relics":[{"not_picked":["Replay:Ancient Bell","Cursed Key"],"picked":"Snecko Eye"},{"not_picked":["aspiration:RunicSpoon","MysterySword"],"picked":"Painkiller Herb"}],"items_purged_floors":[25,53],"is_endless":false,"potions_floor_spawned":[1,7,11,13,14,18,19,22,30,33,35,37,38,42,44],"ascension_level":2}}