{"host":"1lwxixhv2lzh5ag1","time":1612634438,"event":{"mods":["AchievementEnabler","BaseMod","Downfall","Minty Spire (QoL Compilation)","Permanent Neow","Reliquary","Replay The Spire","StSLib"],"gold_per_floor":[99,114,114,189,12,30,30,30,43,53,38,138,138,152,169,272,272,272,272,288,299,311,311,311,331,344,354,354,354,354],"floor_reached":28,"language":"ENG","playtime":1681,"items_purged":[],"score":214,"play_id":"76c03e8d-d741-4664-a6e1-ccd3e5ff023f","local_time":"20210206130038","is_ascension_mode":false,"campfire_choices":[{"data":"Slimebound:LeechingTouch","floor":8,"key":"SMITH"},{"floor":13,"key":"REST"},{"data":"Slimebound:HauntingLick","floor":18,"key":"SMITH"},{"floor":23,"key":"REST"}],"circlet_count":0,"master_deck":["Slimebound:Strike_Slimebound","Slimebound:Strike_Slimebound","Slimebound:Strike_Slimebound","Slimebound:Tackle","Slimebound:Defend_Slimebound","Slimebound:Defend_Slimebound","Slimebound:Defend_Slimebound","Slimebound:Defend_Slimebound","Slimebound:Split","Slimebound:CorrosiveSpit","Slimebound:SplitMire","Slimebound:LeechingTouch+1","Slimebound:OozeBath","Slimebound:RejuvenatingLick","Slimebound:FormOfPuddle","Slimebound:SplitBruiser","Slimebound:SlimeTap","Slimebound:HauntingLick+1","Slimebound:Equalize","Slimebound:Overexert","Slimebound:SlimeSlap","Slimebound:HauntingLick+1","Slimebound:SlimeBarrage","Slimebound:Replication+1","Slimebound:Gluttony+1","Slimebound:Prepare","Slimebound:Gluttony+1"],"relics":["Slimebound:AbsorbEndCombat","reliquary:Knoch","Replay:Baseball","SlaversCollar","Bag of Marbles"],"acts_visited":["Exordium","TheCity"],"potions_floor_usage":[11,11,11,11,16,22,27],"damage_taken":[{"damage":9,"enemies":"Cultist","floor":2,"turns":4},{"damage":3,"enemies":"downfall:FleeingMerchant","floor":5,"turns":4},{"damage":7,"enemies":"2 Louse","floor":6,"turns":3},{"damage":0,"enemies":"Small Slimes","floor":9,"turns":3},{"damage":13,"enemies":"Red Slaver","floor":10,"turns":3},{"damage":18,"enemies":"downfall:FleeingMerchant","floor":11,"turns":5},{"damage":6,"enemies":"Exordium Wildlife","floor":14,"turns":3},{"damage":18,"enemies":"Lots of Slimes","floor":15,"turns":5},{"damage":33,"enemies":"DF_ARCHETYPE_STREAMLINE","floor":16,"turns":9},{"damage":26,"enemies":"Spheric Guardian","floor":20,"turns":4},{"damage":23,"enemies":"Shell Parasite","floor":21,"turns":5},{"damage":23,"enemies":"Snecko","floor":22,"turns":5},{"damage":3,"enemies":"Snake Plant","floor":25,"turns":3},{"damage":24,"enemies":"Chosen and Byrds","floor":26,"turns":6},{"damage":46,"enemies":"Shelled Parasite and Fungi","floor":27,"turns":7},{"damage":24,"enemies":"Shelled Parasite and Fungi","floor":28,"turns":2}],"seed_played":"-7344081759323910343","potions_obtained":[{"floor":6,"key":"Fire Potion"},{"floor":9,"key":"EntropicBrew"},{"floor":15,"key":"Explosive Potion"},{"floor":20,"key":"Reflective Coating"},{"floor":25,"key":"Slimebound:SlimyTonguePotion"},{"floor":27,"key":"Block Potion"}],"is_trial":false,"path_per_floor":["R","M","?","?","$","M","T","R","M","M","$","?","R","M","M","B",null,"R","?","M","M","M","R","T","M","M","M","?"],"character_chosen":"SLIMEBOUND","items_purchased":["Slimebound:OozeBath","Slimebound:RejuvenatingLick"],"campfire_rested":2,"item_purchase_floors":[5,5],"current_hp_per_floor":[65,60,65,65,68,65,65,65,70,59,49,49,70,66,56,39,70,70,70,48,41,26,47,47,58,42,8,0,0,0],"gold":354,"neow_bonus":"RANDOM_COMMON_RELIC","is_daily":false,"chose_seed":false,"campfire_upgraded":2,"win_rate":0.0,"timestamp":1612634438,"path_taken":["R","M","?","?","$","M","T","R","M","M","$","?","R","M","M","BOSS","R","?","M","M","?","R","T","M","M","M","?"],"items_purchased_type":["Card","Card"],"build_version":"2020-12-22","purchased_purges":0,"victory":false,"max_hp_per_floor":[65,65,70,70,70,70,70,70,70,70,70,70,70,70,70,70,70,70,70,70,70,70,70,70,70,70,70,70,70,70],"card_choices":[{"not_picked":["Slimebound:Dissolve","Slimebound:Prepare"],"picked":"Slimebound:SplitMire","floor":2},{"not_picked":["Slimebound:HauntingLick","Slimebound:PressTheAttack"],"picked":"Slimebound:LeechingTouch","floor":5},{"not_picked":["Slimebound:SplitAcid","Slimebound:LeechingTouch"],"picked":"Slimebound:FormOfPuddle","floor":6},{"not_picked":["Slimebound:FinishingTackle","Slimebound:Replication"],"picked":"Slimebound:SplitBruiser","floor":9},{"not_picked":["Slimebound:FormOfPuddle","Slimebound:SplitBruiser"],"picked":"Slimebound:SlimeTap","floor":10},{"not_picked":["Slimebound:GrowthPunch","Slimebound:SlimeSpikes"],"picked":"Slimebound:HauntingLick","floor":11},{"not_picked":["Slimebound:FinishingTackle","Slimebound:PressTheAttack"],"picked":"Slimebound:Equalize","floor":14},{"not_picked":["Slimebound:SplitMire","Slimebound:RollThrough"],"picked":"Slimebound:Overexert","floor":15},{"not_picked":["Slimebound:Teamwork","Slimebound:DuplicatedForm"],"picked":"Slimebound:SlimeSlap","floor":16},{"not_picked":["Slimebound:Prepare","Slimebound:Equalize"],"picked":"Slimebound:HauntingLick+1","floor":20},{"not_picked":["Slimebound:SamplingLick","Slimebound:SplitBruiser"],"picked":"Slimebound:SlimeBarrage","floor":21},{"not_picked":["Slimebound:Prepare","Slimebound:Equalize"],"picked":"Slimebound:Replication+1","floor":22},{"not_picked":["Slimebound:Replication","Slimebound:ForwardTackle+1"],"picked":"Slimebound:Gluttony+1","floor":25},{"not_picked":["Slimebound:ComboTackle","Slimebound:FinishingTackle+1"],"picked":"Slimebound:Prepare","floor":26},{"not_picked":["Slimebound:Equalize","Slimebound:SplitBruiser"],"picked":"Slimebound:Gluttony+1","floor":27}],"player_experience":2926,"relics_obtained":[{"floor":7,"key":"Replay:Baseball"},{"floor":24,"key":"Bag of Marbles"}],"event_choices":[{"damage_healed":0,"gold_gain":0,"player_choice":"Donut","damage_taken":0,"max_hp_gain":5,"max_hp_loss":0,"event_name":"Big Fish","floor":3,"gold_loss":0}],"is_beta":false,"boss_relics":[{"not_picked":["Empty Cage","ReplayTheSpireMod:DimensionalGlitch"],"picked":"SlaversCollar"}],"items_purged_floors":[],"is_endless":false,"potions_floor_spawned":[6,9,15,20,25,27],"killed_by":"Shelled Parasite and Fungi","ascension_level":0}}