{"host":"u9h06qdlnp3wgzsw","time":1612598995,"event":{"mods":["Act Like it!","BaseMod","Conspire","Curses Come First","Downfall","Hallownest","Hermit","Hubris","Minty Spire (QoL Compilation)","Quick Restart","Rare Cards Sparkle","Replay The Spire","Shop Mod","StSLib","The Disciple","The Hierophant","The Servant 0.9.4"],"gold_per_floor":[110,127,127,202,70,70,70,89,89,89,32,65,84,100,100,99,99,118,118,33,43,43,75,75,75,100,100,113,125,153,168,168,273,273,288,288,288,288,305,305,305],"floor_reached":40,"language":"ENG","playtime":3931,"items_purged":[],"score":404,"play_id":"7d3a2a47-1094-4cb5-9e3e-95ea0012a79e","local_time":"20210206030955","is_ascension_mode":false,"campfire_choices":[{"data":"Thunderclap","floor":6,"key":"SMITH"},{"floor":15,"key":"DIG"},{"floor":24,"key":"REST"},{"floor":27,"key":"RECALL"},{"data":"Evolve","floor":32,"key":"PURGE"}],"circlet_count":0,"master_deck":["Strike_R","Strike_R","Strike_R","Defend_R","Defend_R","Defend_R","Defend_R","Bash","Thunderclap+1","Life Link","Pot Of Greed","Armaments","Uppercut","Run Through","hubris:StunningStrike","Burning Pact","Anger+1","Inflame+1","Dark Embrace","Rage","Evolve","Hemokinesis+1","Pot Of Greed","conspire:ExplosiveBarrier+1","Exhume","Anger+1","Madness","Madness","Anger+1"],"relics":["Burning Blood","Grinning Jar","hubris:Icosahedron","Replay:Wax Seal","Mango","Replay:Bottled Flurry","MealTicket","hubris:ToyBattleship","Replay:PocketPolymizer","ChewingGum","MutagenicStrength","Pen Nib","hubris:BottledRain","Red Mask","hubris:TerracottaHorce"],"acts_visited":["Exordium","TheCity","TheBeyond"],"potions_floor_usage":[13,16,16,21,30,33,33],"damage_taken":[{"damage":3,"enemies":"conspire:RoseBush","floor":1,"turns":4},{"damage":10,"enemies":"Small Slimes","floor":2,"turns":3},{"damage":0,"enemies":"2 Louse","floor":8,"turns":3},{"damage":24,"enemies":"3 Sentries","floor":12,"turns":8},{"damage":6,"enemies":"Blue Slaver","floor":13,"turns":7},{"damage":10,"enemies":"Exordium Wildlife","floor":14,"turns":5},{"damage":74,"enemies":"Hexaghost","floor":16,"turns":10},{"damage":62,"enemies":"conspire:FuzzyDice","floor":18,"turns":5},{"damage":20,"enemies":"3 Byrds","floor":21,"turns":3},{"damage":12,"enemies":"conspire:Head Lice","floor":23,"turns":6},{"damage":3,"enemies":"Cultist and Chosen","floor":28,"turns":4},{"damage":25,"enemies":"Centurion and Healer","floor":29,"turns":5},{"damage":6,"enemies":"Masked Bandits","floor":30,"turns":3},{"damage":7,"enemies":"Chosen and Byrds","floor":31,"turns":6},{"damage":14,"enemies":"Collector","floor":33,"turns":6},{"damage":5,"enemies":"Orb Walker","floor":35,"turns":2},{"damage":23,"enemies":"3 Shapes","floor":39,"turns":4},{"damage":62,"enemies":"Giant Head","floor":40,"turns":7}],"seed_played":"4412432132387838989","potions_obtained":[{"floor":8,"key":"sneckomod:MuddlingPotion"},{"floor":12,"key":"Fire Potion"},{"floor":13,"key":"BloodPotion"},{"floor":18,"key":"LiquidBronze"},{"floor":29,"key":"champ:CounterPotion"},{"floor":30,"key":"PowerPotion"},{"floor":31,"key":"AttackPotion"}],"is_trial":false,"path_per_floor":["M","M","?","?","$","R","?","M","T","T","$","E","M","M","R","B",null,"M","?","?","M","$","E","R","$","T","R","M","M","?","M","R","B",null,"M","?","?","?","M","E"],"character_chosen":"IRONCLAD","items_purchased":["Replay:Wax Seal","FearPotion","MealTicket"],"campfire_rested":1,"item_purchase_floors":[5,5,11],"current_hp_per_floor":[80,76,76,65,65,65,65,71,85,85,85,67,85,90,90,22,94,38,38,38,24,39,33,61,76,76,76,79,60,60,59,59,51,83,84,84,84,72,55,0,0],"gold":305,"neow_bonus":"RANDOM_COMMON_RELIC","is_daily":false,"chose_seed":false,"campfire_upgraded":1,"win_rate":0.0,"timestamp":1612598995,"path_taken":["M","M","?","?","$","R","?","M","T","?","?","E","M","M","R","BOSS","M","?","?","?","$","E","R","$","T","R","M","?","?","M","R","BOSS","M","?","?","?","?","E"],"items_purchased_type":["Relic","Potion","Relic"],"build_version":"2020-12-22","purchased_purges":0,"victory":false,"max_hp_per_floor":[80,80,80,80,80,80,80,80,94,94,94,94,94,94,94,94,94,94,94,94,94,94,94,94,94,94,94,94,94,94,94,94,94,94,94,94,94,94,94,94,94],"card_choices":[{"not_picked":["Perfected Strike","Seeing Red"],"picked":"Thunderclap","floor":1},{"not_picked":["ReplayTheSpireMod:LeadingStrike","Bloodletting"],"picked":"Life Link","floor":2},{"not_picked":["Dual Wield","Twin Strike","Havoc"],"picked":"SKIP","floor":8},{"not_picked":["Seeing Red","Headbutt"],"picked":"Armaments","floor":12},{"not_picked":["Thunderclap","True Grit"],"picked":"Uppercut","floor":13},{"not_picked":["Anger","Heavy Blade"],"picked":"Run Through","floor":14},{"not_picked":["Demonic Infusion","Brutality"],"picked":"hubris:StunningStrike","floor":16},{"not_picked":["Shrug It Off","Flex"],"picked":"Burning Pact","floor":18},{"not_picked":["Ghostly Armor","Replay:Undeath\u0027s Touch+1"],"picked":"Anger+1","floor":21},{"not_picked":["Clothesline","ReplayTheSpireMod:Limb From Limb"],"picked":"Inflame+1","floor":23},{"not_picked":["Fiend Fire","Iron Wave"],"picked":"Evolve","floor":28},{"not_picked":["Warcry+1","Flame Barrier"],"picked":"Hemokinesis+1","floor":29},{"not_picked":["Replay:Undeath\u0027s Touch+1","Bloodletting"],"picked":"conspire:ExplosiveBarrier+1","floor":30},{"not_picked":["Wild Strike","Replay:Undeath\u0027s Touch"],"picked":"Evolve","floor":31},{"not_picked":["Berserk","Impervious"],"picked":"Exhume","floor":33},{"not_picked":["Warcry+1","Clash"],"picked":"Anger+1","floor":35},{"not_picked":["Inflame+1","Bloodletting+1"],"picked":"Anger+1","floor":39}],"player_experience":1021466,"relics_obtained":[{"floor":9,"key":"Mango"},{"floor":10,"key":"Replay:Bottled Flurry"},{"floor":12,"key":"hubris:ToyBattleship"},{"floor":15,"key":"Replay:PocketPolymizer"},{"floor":23,"key":"hubris:BottledRain"},{"floor":30,"key":"Red Mask"}],"event_choices":[{"damage_healed":0,"gold_gain":75,"player_choice":"Gather Gold","damage_taken":11,"max_hp_gain":0,"max_hp_loss":0,"event_name":"World of Goop","floor":4,"gold_loss":0},{"damage_healed":0,"gold_gain":0,"player_choice":"Ignored","damage_taken":0,"max_hp_gain":0,"max_hp_loss":0,"event_name":"Liars Game","floor":7,"gold_loss":0},{"damage_healed":0,"gold_gain":0,"player_choice":"Inject Mutagens","damage_taken":0,"relics_obtained":["MutagenicStrength"],"max_hp_gain":0,"max_hp_loss":0,"event_name":"Drug Dealer","floor":19,"gold_loss":0},{"damage_healed":0,"gold_gain":0,"player_choice":"Obtained Relic","damage_taken":0,"relics_obtained":["Pen Nib"],"max_hp_gain":0,"max_hp_loss":0,"event_name":"Addict","floor":20,"gold_loss":85},{"damage_healed":0,"gold_gain":0,"player_choice":"Fought Bandits","damage_taken":0,"max_hp_gain":0,"max_hp_loss":0,"event_name":"Masked Bandits","floor":30,"gold_loss":0},{"cards_removed":["Pot Of Greed"],"damage_healed":0,"gold_gain":0,"player_choice":"Removed Skill","damage_taken":0,"max_hp_gain":0,"max_hp_loss":0,"event_name":"Falling","floor":36,"gold_loss":0},{"damage_healed":0,"gold_gain":0,"player_choice":"Leave","damage_taken":0,"max_hp_gain":0,"max_hp_loss":0,"event_name":"conspire:Investor","floor":37,"gold_loss":0},{"damage_healed":0,"gold_gain":0,"player_choice":"Embrace Madness","damage_taken":12,"max_hp_gain":0,"max_hp_loss":0,"event_name":"Winding Halls","floor":38,"gold_loss":0,"cards_obtained":["Madness","Madness"]}],"is_beta":false,"boss_relics":[{"not_picked":["Replay:Drink Me","ReplayTheSpireMod:DimensionalGlitch"],"picked":"ChewingGum"},{"not_picked":["hubris:GrandSneckoEye","Velvet Choker"],"picked":"hubris:TerracottaHorce"}],"items_purged_floors":[],"is_endless":false,"potions_floor_spawned":[8,12,13,18,29,30,31],"killed_by":"Giant Head","ascension_level":0}}