{"host":"13o02hya6v6rzuva","time":1612634566,"event":{"mods":["BaseMod","Minty Spire (QoL Compilation)","Relic Stats"],"gold_per_floor":[113,113,130,130,130,157,157,189,189,221,238,238,249,268,268,268,268],"floor_reached":16,"language":"ENG","playtime":883,"items_purged":[],"score":225,"play_id":"49714aeb-b9a8-4249-9d1f-cfaea450a28a","local_time":"20210206190246","is_ascension_mode":true,"campfire_choices":[{"data":"Searing Blow","floor":7,"key":"SMITH"},{"floor":15,"key":"REST"}],"circlet_count":0,"master_deck":["AscendersBane","Strike_R","Strike_R+1","Strike_R","Strike_R","Strike_R+1","Defend_R","Defend_R","Defend_R","Defend_R+1","Bash","Thunderclap+1","Twin Strike","Searing Blow+1","Metallicize"],"relics":["Burning Blood","NeowsBlessing","Kunai","Whetstone","The Courier","Singing Bowl"],"acts_visited":["Exordium"],"potions_floor_usage":[14,16],"damage_taken":[{"damage":0,"enemies":"Cultist","floor":1,"turns":1},{"damage":0,"enemies":"Small Slimes","floor":3,"turns":1},{"damage":0,"enemies":"3 Sentries","floor":6,"turns":1},{"damage":30,"enemies":"Gremlin Nob","floor":8,"turns":4},{"damage":36,"enemies":"3 Sentries","floor":10,"turns":7},{"damage":0,"enemies":"2 Louse","floor":11,"turns":2},{"damage":12,"enemies":"Red Slaver","floor":13,"turns":4},{"damage":0,"enemies":"Looter","floor":14,"turns":3},{"damage":56,"enemies":"Slime Boss","floor":16,"turns":12}],"seed_played":"-3550259955637283582","potions_obtained":[{"floor":3,"key":"EssenceOfSteel"},{"floor":13,"key":"ElixirPotion"},{"floor":14,"key":"Block Potion"}],"is_trial":false,"path_per_floor":["M","T","M","?","?","E","R","E","T","E","M","?","M","M","R","B"],"character_chosen":"IRONCLAD","items_purchased":[],"campfire_rested":1,"item_purchase_floors":[],"current_hp_per_floor":[78,78,80,64,64,70,70,46,46,18,26,26,22,30,56,0,0],"gold":268,"neow_bonus":"THREE_ENEMY_KILL","is_daily":false,"chose_seed":false,"campfire_upgraded":1,"win_rate":0.0,"timestamp":1612634566,"path_taken":["M","?","?","?","?","E","R","E","T","E","?","?","M","?","R","BOSS"],"items_purchased_type":[],"build_version":"2020-12-22","purchased_purges":0,"victory":false,"max_hp_per_floor":[80,80,80,80,80,80,80,80,80,82,84,84,86,88,88,88,88],"relic_stats":{"Singing Bowl":8,"counters":[9,35],"Kunai":[5],"Whetstone":["Strike_R","Strike_R"],"obtain_stats":[{"NeowsBlessing":0,"Singing Bowl":10,"The Courier":8,"Kunai":2,"Whetstone":6,"Burning Blood":0},{"NeowsBlessing":0,"Singing Bowl":5,"The Courier":4,"Kunai":1,"Whetstone":3,"Burning Blood":0},{"NeowsBlessing":0,"Singing Bowl":14,"The Courier":7,"Kunai":1,"Whetstone":3,"Burning Blood":0}],"Burning Blood":44},"card_choices":[{"not_picked":["Flex","Armaments"],"picked":"Thunderclap","floor":1},{"not_picked":["Entrench","Body Slam"],"picked":"Twin Strike","floor":3},{"not_picked":["Intimidate","Metallicize"],"picked":"Searing Blow","floor":6},{"not_picked":["Intimidate","Flex"],"picked":"Metallicize","floor":8},{"not_picked":["Immolate","Body Slam","Anger"],"picked":"Singing Bowl","floor":10},{"not_picked":["Cleave","Perfected Strike","Wild Strike"],"picked":"Singing Bowl","floor":11},{"not_picked":["Perfected Strike","Pommel Strike","Uppercut"],"picked":"Singing Bowl","floor":13},{"not_picked":["Wild Strike","Sever Soul","Havoc"],"picked":"Singing Bowl","floor":14}],"player_experience":1189492,"relics_obtained":[{"floor":2,"key":"Kunai"},{"floor":6,"key":"Whetstone"},{"floor":8,"key":"The Courier"},{"floor":10,"key":"Singing Bowl"}],"event_choices":[{"damage_healed":0,"gold_gain":0,"player_choice":"Entered Light","damage_taken":16,"max_hp_gain":0,"max_hp_loss":0,"event_name":"Shining Light","floor":4,"gold_loss":0,"cards_upgraded":["Thunderclap","Defend_R"]},{"damage_healed":0,"gold_gain":0,"player_choice":"Cursed","damage_taken":0,"max_hp_gain":0,"max_hp_loss":0,"event_name":"Wheel of Change","floor":5,"gold_loss":0,"cards_obtained":["Decay"]},{"cards_removed":["Decay"],"damage_healed":0,"gold_gain":0,"player_choice":"Removed Curses","damage_taken":0,"max_hp_gain":0,"max_hp_loss":0,"event_name":"Fountain of Cleansing","floor":12,"gold_loss":0}],"is_beta":false,"boss_relics":[],"items_purged_floors":[],"is_endless":false,"potions_floor_spawned":[3,13,14],"killed_by":"Slime Boss","ascension_level":11}}