{"host":"8srk5r1dwtmjotwd","time":1612584296,"event":{"mods":["AchievementEnabler","Act Like it!","BaseMod","Beaked The Cultist","Bestiary","Better Note","Better Third Choice","Colored Map","Colored Powertips","Friendly Minions","GifTheSpireLib","Halation","Hallownest","Hermit","Hubris","Infinite Spire","Mimic Mod","Minty Spire (QoL Compilation)","Morshu Shopkeeper - ENHANCED","Quick Restart","Rare Cards Sparkle","Reliquary","Replay The Spire","Shop Mod","StSLib","SuperFastMode","Synergy Search","The Bug Knight","The Construct","The Cursed","Thieving Mod","Yohane!","everything is the same but u backflip on backflip","slay the spire mod where everything is the same but ironclad has a cowboy hat"],"gold_per_floor":[111,111,111,124,149,187,187,207,257,257,281,294,294,314,314,438,438,458,477,477,477,477,477,491,531,531,531,531,531,570,638,638,638,638],"floor_reached":33,"language":"ENG","playtime":1725,"items_purged":[],"score":285,"play_id":"d7173d9e-1ba2-4161-836d-52b69e12cef9","local_time":"20210205230456","is_ascension_mode":false,"campfire_choices":[{"floor":7.0,"key":"REST"},{"floor":10.0,"key":"REST"},{"floor":13.0,"key":"REST"},{"floor":15.0,"key":"REST"},{"floor":23.0,"key":"REST"},{"floor":27,"key":"REST"},{"floor":29,"key":"REST"},{"data":"Infernal Blade","floor":32,"key":"SMITH"}],"circlet_count":0,"master_deck":["Strike_R","Strike_R","Strike_R","Strike_R","Strike_R","Defend_R","Defend_R","Defend_R","Defend_R","Bash","Bloodletting","hubris:Ukulele","infinitespire:OneForAll","Thunderclap","Barricade","Infernal Blade+1","Perfected Strike","Reaper","Seeing Red+1","hubris:Fate+1","Offering","Iron Wave","Rage","Flex+1"],"relics":["Burning Blood","Pondfish Scales","halation:AfternoonTea","Golden Idol","Omamori","King of Hearts","hubris:ScarierMask","reliquary:TatteredRug","hubris:MobiusCoin","Replay:Rubber Ducky","Nunchaku"],"acts_visited":["Exordium","TheCity"],"potions_floor_usage":[25,30,33],"damage_taken":[{"damage":6.0,"enemies":"Jaw Worm","floor":1.0,"turns":5.0},{"damage":10.0,"enemies":"Small Slimes","floor":4.0,"turns":4.0},{"damage":6.0,"enemies":"Cultist","floor":5.0,"turns":4.0},{"damage":37.0,"enemies":"Gremlin Nob","floor":6.0,"turns":5.0},{"damage":15.0,"enemies":"2 Fungi Beasts","floor":8.0,"turns":4.0},{"damage":14.0,"enemies":"Gremlin Gang","floor":9.0,"turns":14.0},{"damage":41.0,"enemies":"Gremlin Gang","floor":11.0,"turns":5.0},{"damage":20.0,"enemies":"Large Slime","floor":12.0,"turns":8.0},{"damage":17.0,"enemies":"Blue Slaver","floor":14.0,"turns":4.0},{"damage":97.0,"enemies":"The Guardian","floor":16.0,"turns":16.0},{"damage":29.0,"enemies":"3 Byrds","floor":18.0,"turns":6.0},{"damage":3.0,"enemies":"Sentry and Sphere","floor":19.0,"turns":2.0},{"damage":5,"enemies":"Centurion and Healer","floor":24,"turns":3},{"damage":70,"enemies":"Book of Stabbing","floor":25,"turns":5},{"damage":22,"enemies":"Gremlin Leader","floor":30,"turns":5},{"damage":88,"enemies":"hubris:MusketHawk","floor":33,"turns":11}],"seed_played":"-3447906960448123136","potions_obtained":[{"floor":4.0,"key":"LifebloodPotion"},{"floor":5.0,"key":"Swift Potion"},{"floor":8.0,"key":"Swift Potion"},{"floor":12.0,"key":"Reflective Coating"},{"floor":14.0,"key":"BloodPotion"},{"floor":18.0,"key":"Death Potion"},{"floor":24,"key":"Elixir"},{"floor":25,"key":"Explosive Potion"},{"floor":31,"key":"Fire Potion"}],"is_trial":false,"path_per_floor":["M","?","?","M","M","E","R","M","MIM","R","M","M","R","M","R","B",null,"M","M","?","?","?","R","M","E","T","R","?","R","E","?","R","B"],"character_chosen":"IRONCLAD","items_purchased":[],"campfire_rested":7,"item_purchase_floors":[],"current_hp_per_floor":[56,47,47,43,43,12,36,39,31,55,34,20,44,45,69,9,80,59,66,66,66,46,70,80,20,20,44,44,68,72,72,72,0,0],"gold":638,"neow_bonus":"ONE_RARE_RELIC","is_daily":false,"chose_seed":false,"campfire_upgraded":1,"win_rate":0.0,"timestamp":1612584296,"path_taken":["M","?","?","M","M","E","R","M","MIM","R","M","M","R","M","R","BOSS","M","M","?","?","?","R","M","E","T","R","?","R","E","?","R","BOSS"],"items_purchased_type":[],"build_version":"2020-12-22","purchased_purges":0,"victory":false,"max_hp_per_floor":[80,80,80,80,80,80,80,80,80,80,80,80,80,80,80,80,80,80,80,80,80,80,80,80,80,80,80,80,80,80,80,80,80,80],"card_choices":[{"not_picked":["Sever Soul","Armaments"],"picked":"Bloodletting","floor":1.0},{"not_picked":["Reckless Charge","Thunderclap"],"picked":"infinitespire:OneForAll","floor":4.0},{"not_picked":["Clothesline","Heavy Blade"],"picked":"Thunderclap","floor":5.0},{"not_picked":["Combust","Thunderclap"],"picked":"Barricade","floor":6.0},{"not_picked":["ReplayTheSpireMod:Limb From Limb","infinitespire:OneForAll","Clash"],"picked":"SKIP","floor":8.0},{"not_picked":["Dark Embrace","Defy Death","ReplayTheSpireMod:Limb From Limb"],"picked":"SKIP","floor":11.0},{"not_picked":["Headbutt","Thunderclap"],"picked":"Infernal Blade","floor":12.0},{"not_picked":["Whirlwind","Shrug It Off"],"picked":"Perfected Strike","floor":14.0},{"not_picked":["Bludgeon","hubris:StunningStrike"],"picked":"Reaper","floor":16.0},{"not_picked":["Shrug It Off","Pommel Strike","Headbutt"],"picked":"SKIP","floor":18.0},{"not_picked":["Headbutt","Heavy Blade+1"],"picked":"Seeing Red+1","floor":19.0},{"not_picked":["infinitespire:Punishment","infinitespire:Execution"],"picked":"hubris:Fate","floor":22.0},{"not_picked":["infinitespire:OneForAll","hubris:CleavingFinish","Abandon"],"picked":"SKIP","floor":24},{"not_picked":["Twin Strike","Dual Wield+1"],"picked":"Offering","floor":25},{"not_picked":["Massacre+1","Perfected Strike"],"picked":"Iron Wave","floor":30},{"not_picked":["Cleave","Clash"],"picked":"Rage","floor":31},{"not_picked":["Anger","Iron Wave+1"],"picked":"Flex+1","floor":31}],"player_experience":113565,"relics_obtained":[{"floor":6.0,"key":"Omamori"},{"floor":9.0,"key":"King of Hearts"},{"floor":25,"key":"reliquary:TatteredRug"},{"floor":26,"key":"hubris:MobiusCoin"},{"floor":30,"key":"Replay:Rubber Ducky"},{"floor":31,"key":"Nunchaku"}],"event_choices":[{"damage_healed":0.0,"max_hp_gain":0.0,"max_hp_loss":0.0,"gold_gain":0.0,"event_name":"Golden Idol","player_choice":"Take Wound","floor":3.0,"gold_loss":0.0,"damage_taken":0.0,"relics_obtained":["Golden Idol"],"cards_obtained":["Injury"]},{"cards_removed":["Seeing Red"],"damage_healed":0.0,"max_hp_gain":0.0,"max_hp_loss":0.0,"gold_gain":0.0,"event_name":"betterNote:BetterNote","player_choice":"Give","floor":20.0,"gold_loss":0.0,"damage_taken":0.0,"cards_obtained":["Searing Blow"]},{"cards_removed":["Injury"],"damage_healed":0.0,"max_hp_gain":0.0,"max_hp_loss":0.0,"gold_gain":0.0,"event_name":"betterThird:BetterWriting","player_choice":"Elegance","floor":21.0,"gold_loss":0.0,"damage_taken":0.0}],"is_beta":false,"boss_relics":[{"not_picked":["hubris:VirtuousBlindfold","halation:MonkeysPaw"],"picked":"hubris:ScarierMask"}],"items_purged_floors":[],"is_endless":false,"potions_floor_spawned":[4,5,8,12,14,18,24,25],"killed_by":"hubris:MusketHawk","ascension_level":0}}