{"host":"0o4jkshs65tojivq","time":1612586913,"event":{"mods":["AchievementEnabler","BaseMod","Minty Spire (QoL Compilation)","Quick Restart","Relic Stats","Slay the Relics Exporter","StSLib"],"gold_per_floor":[368,368,386,386,397,397,409,409,409,409,409,429,141,141,141,215,215,231,281,53,53,65,65,85,85,85],"floor_reached":25,"language":"ENG","playtime":1659,"items_purged":["Parasite","Strike_B"],"score":372,"play_id":"bfd21b6b-7fbb-4981-aeaf-de4c0ba661b0","local_time":"20210205204833","is_ascension_mode":true,"campfire_choices":[{"floor":6.0,"key":"REST"},{"data":"Defragment","floor":10.0,"key":"SMITH"},{"floor":15.0,"key":"REST"},{"floor":23,"key":"REST"}],"circlet_count":0,"master_deck":["AscendersBane","Strike_B","Strike_B","Strike_B","Defend_B","Defend_B","Defend_B","Defend_B","Zap","Dualcast","Doom and Gloom","Sweeping Beam","Defragment+1","Conserve Battery","Ball Lightning","Storm","Core Surge","Static Discharge","Heatsinks","Genetic Algorithm","Amplify","BootSequence"],"relics":["Cracked Core","Art of War","Oddly Smooth Stone","Medical Kit","Bird Faced Urn","Black Star","Nloth\u0027s Gift"],"acts_visited":["Exordium","TheCity"],"potions_floor_usage":[24,25],"damage_taken":[{"damage":7.0,"enemies":"Small Slimes","floor":1.0,"turns":3.0},{"damage":2.0,"enemies":"Jaw Worm","floor":3.0,"turns":4.0},{"damage":1.0,"enemies":"Cultist","floor":5.0,"turns":3.0},{"damage":12.0,"enemies":"Looter","floor":7.0,"turns":3.0},{"damage":8.0,"enemies":"Large Slime","floor":12.0,"turns":4.0},{"damage":28,"enemies":"Hexaghost","floor":16,"turns":8},{"damage":19,"enemies":"Spheric Guardian","floor":18,"turns":4},{"damage":38,"enemies":"Shell Parasite","floor":22,"turns":4},{"damage":30,"enemies":"Snake Plant","floor":24,"turns":5},{"damage":20,"enemies":"3 Cultists","floor":25,"turns":3}],"seed_played":"-3700425949160394924","potions_obtained":[{"floor":1.0,"key":"SpeedPotion"},{"floor":3.0,"key":"Strength Potion"},{"floor":7.0,"key":"LiquidBronze"},{"floor":22,"key":"Block Potion"},{"floor":24,"key":"SteroidPotion"}],"is_trial":false,"path_per_floor":["M","?","M","T","M","R","M","?","T","R","?","M","$","T","R","B",null,"M","?","$","?","M","R","M","M"],"character_chosen":"DEFECT","items_purchased":["Storm","Medical Kit","Heatsinks","Genetic Algorithm"],"campfire_rested":3,"item_purchase_floors":[13,13,20,20],"current_hp_per_floor":[39,4,2,2,1,22,10,27,27,27,27,19,19,19,39,15,55,38,38,38,38,8,28,8,0,0],"gold":85,"neow_bonus":"TWO_FIFTY_GOLD","is_daily":false,"chose_seed":false,"campfire_upgraded":1,"win_rate":0.0,"timestamp":1612586913,"path_taken":["M","?","M","?","?","R","M","?","T","R","?","M","$","?","R","BOSS","M","?","$","?","?","R","M","M"],"items_purchased_type":["Card","Relic","Card","Card"],"build_version":"2020-12-22","purchased_purges":2,"victory":false,"max_hp_per_floor":[71,71,71,71,71,71,71,71,71,71,71,71,68,68,68,68,68,68,68,68,68,68,68,68,68,68],"relic_stats":{"counters":[10,41],"Bird Faced Urn":[28],"Art of War":[6],"Black Star":0,"Nloth\u0027s Gift":1,"Medical Kit":[3],"obtain_stats":[{"Gremlin Horn":4,"Bird Faced Urn":14,"Oddly Smooth Stone":9,"Art of War":2,"Black Star":17,"Nloth\u0027s Gift":21,"Cracked Core":0,"Medical Kit":13},{"Gremlin Horn":2,"Bird Faced Urn":5,"Oddly Smooth Stone":4,"Art of War":1,"Black Star":6,"Nloth\u0027s Gift":7,"Cracked Core":0,"Medical Kit":5},{"Gremlin Horn":7,"Bird Faced Urn":17,"Oddly Smooth Stone":13,"Art of War":3,"Black Star":25,"Nloth\u0027s Gift":29,"Cracked Core":0,"Medical Kit":17}]},"card_choices":[{"not_picked":["Steam","Force Field"],"picked":"Doom and Gloom","floor":1.0},{"not_picked":["Rebound","White Noise"],"picked":"Sweeping Beam","floor":3.0},{"not_picked":["White Noise","Lockon"],"picked":"Defragment","floor":5.0},{"not_picked":["Go for the Eyes","Rebound"],"picked":"Conserve Battery","floor":7.0},{"not_picked":["Conserve Battery","Steam"],"picked":"Ball Lightning","floor":12.0},{"not_picked":["Fission","Rainbow"],"picked":"Core Surge","floor":16},{"not_picked":["Doom and Gloom","BootSequence"],"picked":"Static Discharge","floor":18},{"not_picked":["Redo","Chaos"],"picked":"Amplify","floor":22},{"not_picked":["Scrape","Cold Snap"],"picked":"BootSequence","floor":24}],"player_experience":1080614,"relics_obtained":[{"floor":4.0,"key":"Gremlin Horn"},{"floor":9.0,"key":"Oddly Smooth Stone"},{"floor":14.0,"key":"Bird Faced Urn"}],"event_choices":[{"damage_healed":0.0,"max_hp_gain":0.0,"max_hp_loss":0.0,"gold_gain":0.0,"event_name":"Scrap Ooze","player_choice":"Success","floor":2.0,"gold_loss":0.0,"damage_taken":35.0,"relics_obtained":["Art of War"]},{"damage_healed":17.0,"max_hp_gain":0.0,"max_hp_loss":0.0,"gold_gain":0.0,"event_name":"Mushrooms","player_choice":"Healed and dodged fight","floor":8.0,"gold_loss":0.0,"damage_taken":0.0,"cards_obtained":["Parasite"]},{"damage_healed":0.0,"max_hp_gain":0.0,"max_hp_loss":0.0,"gold_gain":0.0,"event_name":"Shining Light","player_choice":"Ignored","floor":11.0,"gold_loss":0.0,"damage_taken":0.0},{"damage_healed":0,"gold_gain":50,"player_choice":"Stole From Cult","damage_taken":0,"max_hp_gain":0,"max_hp_loss":0,"event_name":"Nest","floor":19,"gold_loss":0},{"damage_healed":0,"gold_gain":0,"player_choice":"Traded Relic","damage_taken":0,"relics_obtained":["Nloth\u0027s Gift"],"max_hp_gain":0,"max_hp_loss":0,"event_name":"N\u0027loth","floor":21,"relics_lost":["Gremlin Horn"],"gold_loss":0}],"is_beta":false,"boss_relics":[{"not_picked":["Tiny House","Philosopher\u0027s Stone"],"picked":"Black Star"}],"items_purged_floors":[13,20],"is_endless":false,"potions_floor_spawned":[1,3,7,22,24],"killed_by":"3 Cultists","ascension_level":19}}