{"host":"d61fcf2p3sjwe6yo","time":1612634070,"event":{"mods":["BaseMod","Colored Map","Hermit","Minty Spire (QoL Compilation)","StSLib","SuperFastMode","The Hierophant"],"gold_per_floor":[111,125,136,86,103,103,136,211,211,211,211,214,224,224,224,319,319,332,332,352,372,76,76,76,76,128,128,177,28,90,90,90,193,193,264,360,360,436,89,197,271,319,319,345,345,422,422,458,458,458,458],"floor_reached":50,"language":"ENG","playtime":2856,"items_purged":["hierophant:CoinFling"],"score":448,"play_id":"481d492a-44d4-4f2a-b90b-ec7ccca08c2d","local_time":"20210206205430","is_ascension_mode":false,"campfire_choices":[{"data":"hierophant:Punish","floor":6,"key":"SMITH"},{"data":"hierophant:ChurchCoffers","floor":11,"key":"SMITH"},{"data":"hierophant:Zeal","floor":15,"key":"SMITH"},{"data":"hierophant:SecretStash","floor":23,"key":"SMITH"},{"data":"hierophant:SealAway","floor":25,"key":"SMITH"},{"data":"hierophant:Kindle","floor":27,"key":"SMITH"},{"data":"hierophant:Smite","floor":32,"key":"SMITH"},{"floor":45,"key":"REST"},{"floor":49,"key":"RECALL"}],"circlet_count":0,"master_deck":["hierophant:Punish+1","hierophant:ChurchCoffers+1","hierophant:MorningPrayer+1","hierophant:Zeal+1","hierophant:Kindle+1","hierophant:RepressedViolence+1","hierophant:SecretStash+1","hierophant:SealAway+1","hierophant:HolyVerse","hierophant:Smite+1","hierophant:Batter","hierophant:Shelter","hierophant:FlamingChariot","hierophant:Blessing","hierophant:SecretStash","hierophant:DisplayOfPower","hierophant:LocustPlague","hierophant:Doubloon","hierophant:Glossolalia+1","hierophant:Shelter+1","hierophant:Alms","hierophant:Sermon+1","hierophant:MorningPrayer+1"],"relics":["hierophant:PropheticMaskRelic","InkBottle","Bronze Scales","Philosopher\u0027s Stone","MutagenicStrength","Art of War","Lee\u0027s Waffle","Smiling Mask","Vajra","PreservedInsect","Pandora\u0027s Box","Turnip","Mummified Hand","Shovel","Pear","Kunai","Anchor"],"acts_visited":["Exordium","TheCity","TheBeyond"],"potions_floor_usage":[7,16,16,30,30,33,33,40,41],"damage_taken":[{"damage":3,"enemies":"Small Slimes","floor":1,"turns":3},{"damage":0,"enemies":"2 Louse","floor":2,"turns":2},{"damage":1,"enemies":"Cultist","floor":3,"turns":4},{"damage":0,"enemies":"Large Slime","floor":5,"turns":6},{"damage":6,"enemies":"3 Sentries","floor":7,"turns":5},{"damage":0,"enemies":"Looter","floor":12,"turns":2},{"damage":6,"enemies":"Gremlin Nob","floor":13,"turns":3},{"damage":34,"enemies":"Slime Boss","floor":16,"turns":10},{"damage":7,"enemies":"Chosen","floor":18,"turns":4},{"damage":1,"enemies":"Shell Parasite","floor":20,"turns":3},{"damage":23,"enemies":"Snecko","floor":21,"turns":7},{"damage":4,"enemies":"Shelled Parasite and Fungi","floor":28,"turns":4},{"damage":16,"enemies":"Slavers","floor":30,"turns":3},{"damage":49,"enemies":"Automaton","floor":33,"turns":8},{"damage":15,"enemies":"3 Shapes","floor":35,"turns":4},{"damage":40,"enemies":"2 Orb Walkers","floor":36,"turns":4},{"damage":29,"enemies":"3 Darklings","floor":38,"turns":4},{"damage":8,"enemies":"Mind Bloom Boss Battle","floor":40,"turns":5},{"damage":6,"enemies":"Giant Head","floor":41,"turns":5},{"damage":2,"enemies":"Transient","floor":42,"turns":5},{"damage":19,"enemies":"4 Shapes","floor":46,"turns":5},{"damage":18,"enemies":"Maw","floor":48,"turns":9},{"damage":49,"enemies":"Donu and Deca","floor":50,"turns":5}],"seed_played":"-2421333754996605453","potions_obtained":[{"floor":1,"key":"Fire Potion"},{"floor":7,"key":"SkillPotion"},{"floor":12,"key":"Block Potion"},{"floor":13,"key":"Explosive Potion"},{"floor":16,"key":"EssenceOfSteel"},{"floor":28,"key":"Explosive Potion"},{"floor":30,"key":"Swift Potion"},{"floor":35,"key":"GamblersBrew"},{"floor":38,"key":"LiquidMemories"},{"floor":41,"key":"SmokeBomb"}],"is_trial":false,"path_per_floor":["M","M","M","?","M","R","E","?","T","$","R","M","E","?","R","B",null,"M","?","M","M","$","R","?","R","T","R","M","$","E","?","R","B",null,"M","?","?","M","$","?","E","M","T","T","R","M","?","M","R","B"],"character_chosen":"HIEROPHANT","items_purchased":["Art of War","Lee\u0027s Waffle","Vajra","Mummified Hand","Block Potion"],"campfire_rested":1,"item_purchase_floors":[22,22,29,39,39],"current_hp_per_floor":[79,79,78,78,78,78,72,61,61,61,61,61,55,55,55,21,82,75,75,74,51,89,89,89,89,89,89,85,85,69,69,69,20,89,74,41,41,19,19,18,29,34,34,34,63,51,51,40,40,0,0],"gold":458,"neow_bonus":"TEN_PERCENT_HP_BONUS","is_daily":false,"chose_seed":false,"campfire_upgraded":7,"win_rate":0.0,"timestamp":1612634070,"path_taken":["M","M","M","?","M","R","E","?","T","$","R","M","E","?","R","BOSS","M","?","M","M","$","R","?","R","T","R","M","$","E","?","R","BOSS","M","?","?","M","$","?","E","M","T","?","R","?","?","M","R","BOSS"],"items_purchased_type":["Relic","Relic","Relic","Relic","Potion"],"build_version":"2020-12-22","purchased_purges":1,"victory":false,"max_hp_per_floor":[82,82,82,82,82,82,82,82,82,82,82,82,82,82,82,82,82,82,82,82,82,89,89,89,89,89,89,89,89,89,89,89,89,89,89,89,89,89,89,89,99,99,99,99,99,99,94,94,94,94,94],"card_choices":[{"not_picked":["hierophant:AuricShield","hierophant:Empathy","hierophant:HammerAndAnvil"],"picked":"SKIP","floor":1},{"not_picked":["hierophant:Chorus","hierophant:Upheaval","hierophant:Glossolalia"],"picked":"SKIP","floor":2},{"not_picked":["hierophant:Purify","hierophant:Racketeering","hierophant:Shelter"],"picked":"SKIP","floor":3},{"not_picked":["hierophant:AuricBeam","hierophant:Empathy"],"picked":"hierophant:MorningPrayer","floor":5},{"not_picked":["hierophant:Purify","hierophant:Martyrdom","hierophant:EyeForCoin"],"picked":"SKIP","floor":7},{"not_picked":["hierophant:Cornucopia","hierophant:RepressedViolence"],"picked":"hierophant:Zeal","floor":12},{"not_picked":["hierophant:Invocation","hierophant:RecallFunds","hierophant:Remorse"],"picked":"SKIP","floor":13},{"not_picked":["hierophant:Anathema","hierophant:DivineIntervention"],"picked":"hierophant:Kindle","floor":16},{"not_picked":["hierophant:MirrorShield+1","hierophant:HammerAndAnvil+1"],"picked":"hierophant:RepressedViolence+1","floor":18},{"not_picked":["hierophant:Refuge","hierophant:HammerAndAnvil"],"picked":"hierophant:SecretStash","floor":20},{"not_picked":["hierophant:Remorse","hierophant:Glossolalia+1"],"picked":"hierophant:SealAway","floor":21},{"not_picked":["hierophant:CoinFling","hierophant:CursedGold"],"picked":"hierophant:HolyVerse","floor":28},{"not_picked":["hierophant:Cornucopia","hierophant:CoinFling+1","hierophant:AuricBeam"],"picked":"SKIP","floor":30},{"not_picked":["hierophant:BulkyChest","hierophant:DivineIntervention"],"picked":"hierophant:Batter","floor":33},{"not_picked":["hierophant:MirrorShield","hierophant:Smite+1"],"picked":"hierophant:Glossolalia+1","floor":35},{"not_picked":["hierophant:MirrorShield+1","hierophant:Purify"],"picked":"hierophant:Shelter+1","floor":38},{"not_picked":["hierophant:CursedGold","hierophant:SolarFlare+1"],"picked":"hierophant:Alms","floor":40},{"not_picked":["hierophant:HolyVerse","hierophant:Doomsaying","hierophant:OrnateJavelin"],"picked":"SKIP","floor":41},{"not_picked":["hierophant:FlamingChariot+1","hierophant:Flagellation+1"],"picked":"hierophant:Sermon+1","floor":42},{"not_picked":["hierophant:HolyVerse","hierophant:DisplayOfPower+1","hierophant:Remorse+1"],"picked":"SKIP","floor":46},{"not_picked":["hierophant:Flagellation","hierophant:HolyVerse+1"],"picked":"hierophant:MorningPrayer+1","floor":48}],"player_experience":239974,"relics_obtained":[{"floor":7,"key":"InkBottle"},{"floor":13,"key":"Bronze Scales"},{"floor":26,"key":"Smiling Mask"},{"floor":30,"key":"PreservedInsect"},{"floor":36,"key":"Turnip"},{"floor":40,"key":"Shovel"},{"floor":41,"key":"Pear"},{"floor":43,"key":"Kunai"},{"floor":44,"key":"Anchor"}],"event_choices":[{"cards_removed":["hierophant:Strike_Hierophant"],"damage_healed":0,"gold_gain":0,"player_choice":"Card Removal","damage_taken":0,"max_hp_gain":0,"max_hp_loss":0,"event_name":"The Cleric","floor":4,"gold_loss":50},{"damage_healed":0,"gold_gain":75,"player_choice":"Gather Gold","damage_taken":11,"max_hp_gain":0,"max_hp_loss":0,"event_name":"World of Goop","floor":8,"gold_loss":0},{"damage_healed":0,"gold_gain":0,"player_choice":"Forge","damage_taken":0,"max_hp_gain":0,"max_hp_loss":0,"event_name":"Accursed Blacksmith","floor":14,"gold_loss":0,"cards_upgraded":["hierophant:MorningPrayer"]},{"damage_healed":0,"gold_gain":0,"player_choice":"Inject Mutagens","damage_taken":0,"relics_obtained":["MutagenicStrength"],"max_hp_gain":0,"max_hp_loss":0,"event_name":"Drug Dealer","floor":19,"gold_loss":0},{"damage_healed":0,"gold_gain":0,"player_choice":"Ignored","damage_taken":0,"max_hp_gain":0,"max_hp_loss":0,"event_name":"Ghosts","floor":24,"gold_loss":0},{"damage_healed":0,"gold_gain":0,"player_choice":"Read","damage_taken":0,"max_hp_gain":0,"max_hp_loss":0,"event_name":"The Library","floor":31,"gold_loss":0,"cards_obtained":["hierophant:Smite"]},{"damage_healed":0,"gold_gain":0,"player_choice":"Fight","damage_taken":0,"max_hp_gain":0,"max_hp_loss":0,"event_name":"Mysterious Sphere","floor":36,"gold_loss":0},{"damage_healed":0,"gold_gain":0,"player_choice":"Ignored","damage_taken":0,"max_hp_gain":0,"max_hp_loss":0,"event_name":"Tomb of Lord Red Mask","floor":37,"gold_loss":0},{"damage_healed":0,"gold_gain":0,"player_choice":"Fight","damage_taken":0,"max_hp_gain":0,"max_hp_loss":0,"event_name":"MindBloom","floor":40,"gold_loss":0},{"damage_healed":0,"gold_gain":0,"player_choice":"Max HP","damage_taken":0,"max_hp_gain":0,"max_hp_loss":5,"event_name":"Winding Halls","floor":47,"gold_loss":0}],"is_beta":false,"boss_relics":[{"not_picked":["Busted Crown","Black Star"],"picked":"Philosopher\u0027s Stone"},{"not_picked":["Velvet Choker","Calling Bell"],"picked":"Pandora\u0027s Box"}],"items_purged_floors":[39],"is_endless":false,"potions_floor_spawned":[1,7,12,13,16,28,30,35,38,41],"killed_by":"Donu and Deca","ascension_level":0}}