{"host":"sc0o2qwpf9j16a4i","time":1612616659,"event":{"mods":["AchievementEnabler","BaseMod","BetterRewards","Block Reminder","Colored Map","Colored Powertips","Custom Start","Highlight Path","Minty Spire (QoL Compilation)","Relic Stats"],"gold_per_floor":[118,118,118,161,6,41,77,119,131,212,269,281,342,419,431,546,558,610,29,29,229,229,229,306,306,306,368,482,43,92,191,191,286,336,410,453,453,520,531,624,624,221,245,245,274,50,100,115,115,115],"floor_reached":51,"language":"ENG","playtime":1681,"items_purged":[],"score":1308,"play_id":"2572c105-8b42-46eb-b568-975794f32712","local_time":"20210206150419","daily_mods":["Shiny","Vintage","Binary"],"is_ascension_mode":false,"campfire_choices":[{"data":"Wish","floor":12.0,"key":"SMITH"},{"data":"Vault","floor":15.0,"key":"SMITH"},{"data":"Meditate","floor":23.0,"key":"SMITH"},{"data":"Blasphemy","floor":25.0,"key":"SMITH"},{"data":"Fasting2","floor":32.0,"key":"SMITH"},{"floor":49,"key":"REST"}],"circlet_count":0,"master_deck":["Judgement+1","MasterReality+1","Brilliance+1","Devotion+1","Blasphemy+1","Ragnarok+1","LessonLearned+1","Scrawl+1","Vault+1","Wish+1","Omniscience+1","Establishment+1","SpiritShield+1","DevaForm+1","DeusExMachina+1","Protect+1","FlyingSleeves+1","ThirdEye+1","HandOfGreed+1","Necronomicurse","Meditate+1","Protect+1","Fasting2+1","Wallop+1","Panacea+1","DeusExMachina+1","ReachHeaven+1","WheelKick+1"],"relics":["PureWater","Lantern","Kunai","Bag of Preparation","Ancient Tea Set","MawBank","Akabeko","Juzu Bracelet","Singing Bowl","PreservedInsect","TeardropLocket","Empty Cage","Ginger","ClockworkSouvenir","Potion Belt","Necronomicon","Orichalcum","Lizard Tail","Damaru","Meat on the Bone","Happy Flower","Lee\u0027s Waffle","Molten Egg 2","Tiny House","Darkstone Periapt","HornCleat","Omamori","Centennial Puzzle","Bottled Tornado","Anchor","Mark of the Bloom","Vajra","Medical Kit","Pen Nib","Mercury Hourglass"],"acts_visited":["Exordium","TheCity","TheBeyond"],"potions_floor_usage":[40,50,50],"damage_taken":[{"damage":0.0,"enemies":"Jaw Worm","floor":1.0,"turns":1.0},{"damage":0.0,"enemies":"Small Slimes","floor":4.0,"turns":1.0},{"damage":0.0,"enemies":"3 Sentries","floor":6.0,"turns":2.0},{"damage":0.0,"enemies":"2 Louse","floor":7.0,"turns":1.0},{"damage":0.0,"enemies":"Gremlin Nob","floor":8.0,"turns":1.0},{"damage":4.0,"enemies":"Large Slime","floor":10.0,"turns":2.0},{"damage":0.0,"enemies":"Exordium Wildlife","floor":11.0,"turns":3.0},{"damage":0.0,"enemies":"3 Louse","floor":13.0,"turns":1.0},{"damage":0.0,"enemies":"3 Sentries","floor":14.0,"turns":3.0},{"damage":0.0,"enemies":"Hexaghost","floor":16.0,"turns":4.0},{"damage":0.0,"enemies":"Shell Parasite","floor":18.0,"turns":2.0},{"damage":0.0,"enemies":"Gremlin Leader","floor":24.0,"turns":3.0},{"damage":0.0,"enemies":"Spheric Guardian","floor":27.0,"turns":1.0},{"damage":0.0,"enemies":"Slavers","floor":28.0,"turns":3.0},{"damage":0.0,"enemies":"Gremlin Leader","floor":30.0,"turns":2.0},{"damage":0.0,"enemies":"Collector","floor":33.0,"turns":4.0},{"damage":8.0,"enemies":"3 Darklings","floor":35.0,"turns":4.0},{"damage":0.0,"enemies":"Orb Walker","floor":36.0,"turns":1.0},{"damage":0.0,"enemies":"3 Darklings","floor":38.0,"turns":5.0},{"damage":0.0,"enemies":"Jaw Worm Horde","floor":39.0,"turns":2.0},{"damage":0,"enemies":"Nemesis","floor":40,"turns":1},{"damage":0,"enemies":"Giant Head","floor":45,"turns":2},{"damage":0,"enemies":"Maw","floor":47,"turns":1},{"damage":0,"enemies":"4 Shapes","floor":48,"turns":3},{"damage":0,"enemies":"Time Eater","floor":50,"turns":8}],"seed_played":"-3962438395182002524","potions_obtained":[{"floor":1.0,"key":"LiquidBronze"},{"floor":6.0,"key":"ColorlessPotion"},{"floor":10.0,"key":"DuplicationPotion"},{"floor":13.0,"key":"BottledMiracle"},{"floor":16.0,"key":"ColorlessPotion"},{"floor":24.0,"key":"Weak Potion"},{"floor":34.0,"key":"Weak Potion"},{"floor":35.0,"key":"PowerPotion"},{"floor":36.0,"key":"GamblersBrew"},{"floor":47,"key":"FairyPotion"},{"floor":48,"key":"BottledMiracle"}],"is_trial":true,"path_per_floor":["M","?","?","M","$","E","M","E","T","M","M","R","M","E","R","B",null,"M","$","?","?","?","R","E","R","T","M","E","$","E","?","R","B",null,"M","M","?","M","M","E","?","$","T","?","E","$","M","M","R","B",null],"character_chosen":"WATCHER","items_purchased":["Bag of Preparation","ClockworkSouvenir","ThirdEye","HandOfGreed","Potion Belt","GamblersBrew","Wallop","Happy Flower","Lee\u0027s Waffle","ColorlessPotion","Swift Potion","Bottled Tornado","DeusExMachina","ReachHeaven+1","WheelKick+1","Medical Kit"],"campfire_rested":1,"item_purchase_floors":[5,19,19,19,19,19,29,29,29,29,29,42,42,42,46,46],"current_hp_per_floor":[72,72,72,72,72,72,72,72,72,68,68,68,68,70,70,72,76,76,76,60,60,60,60,60,60,60,60,60,83,85,85,85,87,94,86,86,80,80,80,82,82,82,82,82,82,82,82,82,82,82],"gold":115,"neow_bonus":"","is_daily":false,"chose_seed":false,"campfire_upgraded":5,"win_rate":0.0,"timestamp":1612616659,"path_taken":["M","?","?","M","$","E","M","E","T","M","M","R","M","E","R","BOSS","M","$","?","?","?","R","E","R","T","M","E","$","E","?","R","BOSS","M","M","?","M","M","E","?","$","T","?","E","$","M","M","R","BOSS"],"items_purchased_type":["Relic","Relic","Card","Card","Relic","Potion","Card","Relic","Relic","Potion","Potion","Relic","Card","Card","Card","Relic"],"build_version":"2020-12-22","purchased_purges":0,"victory":true,"max_hp_per_floor":[72,72,72,72,72,72,72,72,72,72,72,72,72,74,74,76,76,76,76,76,76,76,76,76,76,76,76,76,83,85,85,85,87,94,94,94,98,98,98,100,95,95,95,95,97,97,97,97,97,97],"relic_stats":{"Darkstone Periapt":0,"Lee\u0027s Waffle":23,"Mark of the Bloom":31,"Singing Bowl":18,"Happy Flower":[11],"counters":[25,61],"PreservedInsect":336,"Pen Nib":[2],"Bag of Preparation":[47],"Juzu Bracelet":1,"Ginger":[2],"Orichalcum":[66],"MawBank":144,"Medical Kit":[0],"Mercury Hourglass":[18],"Lizard Tail":0,"Centennial Puzzle":[0],"Necronomicon":[24],"Kunai":[8],"obtain_stats":[{"Darkstone Periapt":35,"Lantern":1,"Mark of the Bloom":44,"Tiny House":34,"Singing Bowl":11,"Vajra":45,"Bag of Preparation":5,"Juzu Bracelet":10,"TeardropLocket":14,"Ginger":18,"Bottled Tornado":42,"Ancient Tea Set":6,"Empty Cage":17,"ClockworkSouvenir":19,"Lizard Tail":26,"Centennial Puzzle":40,"HornCleat":36,"Necronomicon":20,"Kunai":4,"Potion Belt":19,"Lee\u0027s Waffle":29,"Happy Flower":29,"Damaru":27,"PreservedInsect":13,"Pen Nib":47,"Omamori":38,"Orichalcum":24,"MawBank":7,"Medical Kit":46,"Akabeko":9,"Mercury Hourglass":48,"Anchor":43,"Molten Egg 2":30,"PureWater":0,"Meat on the Bone":28},{"Darkstone Periapt":17,"Lantern":1,"Mark of the Bloom":21,"Tiny House":16,"Singing Bowl":7,"Vajra":22,"Bag of Preparation":2,"Juzu Bracelet":6,"TeardropLocket":9,"Ginger":11,"Bottled Tornado":21,"Ancient Tea Set":3,"Empty Cage":10,"ClockworkSouvenir":11,"Lizard Tail":12,"Centennial Puzzle":21,"HornCleat":18,"Necronomicon":11,"Kunai":2,"Potion Belt":11,"Lee\u0027s Waffle":14,"Happy Flower":14,"Damaru":13,"PreservedInsect":8,"Pen Nib":23,"Omamori":19,"Orichalcum":12,"MawBank":4,"Medical Kit":22,"Akabeko":5,"Mercury Hourglass":24,"Anchor":21,"Molten Egg 2":15,"PureWater":0,"Meat on the Bone":14},{"Darkstone Periapt":38,"Lantern":1,"Mark of the Bloom":47,"Tiny House":34,"Singing Bowl":11,"Vajra":49,"Bag of Preparation":2,"Juzu Bracelet":8,"TeardropLocket":15,"Ginger":21,"Bottled Tornado":47,"Ancient Tea Set":4,"Empty Cage":19,"ClockworkSouvenir":21,"Lizard Tail":24,"Centennial Puzzle":47,"HornCleat":39,"Necronomicon":21,"Kunai":2,"Potion Belt":21,"Lee\u0027s Waffle":28,"Happy Flower":28,"Damaru":25,"PreservedInsect":12,"Pen Nib":50,"Omamori":44,"Orichalcum":24,"MawBank":5,"Medical Kit":49,"Akabeko":6,"Mercury Hourglass":53,"Anchor":47,"Molten Egg 2":30,"PureWater":0,"Meat on the Bone":28}],"Meat on the Bone":0},"card_choices":[{"not_picked":["Study"],"picked":"Protect","floor":6.0},{"not_picked":["FlurryOfBlows"],"picked":"FlyingSleeves","floor":8.0},{"not_picked":["SashWhip","Collect"],"picked":"Singing Bowl","floor":14.0},{"not_picked":["MasterReality","Brilliance"],"picked":"Singing Bowl","floor":16.0},{"not_picked":["Prostrate"],"picked":"Protect","floor":24.0},{"not_picked":["EmptyBody+1"],"picked":"Fasting2","floor":28.0},{"not_picked":["WindmillStrike+1","Weave+1"],"picked":"Singing Bowl","floor":30.0},{"not_picked":["ConjureBlade","Blasphemy"],"picked":"Singing Bowl","floor":33.0},{"not_picked":["EmptyFist+1","ClearTheMind"],"picked":"Singing Bowl","floor":34.0},{"not_picked":["Swift Strike+1","Forethought"],"picked":"Singing Bowl","floor":37.0},{"not_picked":["Jack Of All Trades"],"picked":"Panacea","floor":37.0},{"not_picked":["Purity","Madness"],"picked":"Singing Bowl","floor":37.0},{"not_picked":["Evaluate","BattleHymn"],"picked":"Singing Bowl","floor":40},{"not_picked":["Weave+1","Nirvana+1"],"picked":"Singing Bowl","floor":45}],"player_experience":1221848,"relics_obtained":[{"floor":1.0,"key":"Lantern"},{"floor":4.0,"key":"Kunai"},{"floor":6.0,"key":"Ancient Tea Set"},{"floor":7.0,"key":"MawBank"},{"floor":9.0,"key":"Akabeko"},{"floor":10.0,"key":"Juzu Bracelet"},{"floor":11.0,"key":"Singing Bowl"},{"floor":13.0,"key":"PreservedInsect"},{"floor":14.0,"key":"TeardropLocket"},{"floor":18.0,"key":"Ginger"},{"floor":20.0,"key":"Necronomicon"},{"floor":24.0,"key":"Orichalcum"},{"floor":26.0,"key":"Lizard Tail"},{"floor":27.0,"key":"Damaru"},{"floor":28.0,"key":"Meat on the Bone"},{"floor":30.0,"key":"Molten Egg 2"},{"floor":35.0,"key":"Darkstone Periapt"},{"floor":36.0,"key":"HornCleat"},{"floor":38.0,"key":"Omamori"},{"floor":40,"key":"Centennial Puzzle"},{"floor":43,"key":"Anchor"},{"floor":45,"key":"Vajra"},{"floor":47,"key":"Pen Nib"},{"floor":48,"key":"Mercury Hourglass"}],"event_choices":[{"damage_healed":0.0,"max_hp_gain":0.0,"max_hp_loss":0.0,"gold_gain":0.0,"event_name":"The Cleric","player_choice":"Leave","floor":2.0,"gold_loss":0.0,"damage_taken":0.0},{"damage_healed":0.0,"max_hp_gain":0.0,"max_hp_loss":0.0,"gold_gain":0.0,"event_name":"Living Wall","player_choice":"Grow","floor":3.0,"gold_loss":0.0,"damage_taken":0.0,"cards_upgraded":["Omniscience"]},{"damage_healed":0.0,"max_hp_gain":0.0,"max_hp_loss":0.0,"gold_gain":0.0,"event_name":"Cursed Tome","player_choice":"Obtained Book","floor":20.0,"gold_loss":0.0,"damage_taken":16.0},{"damage_healed":0.0,"max_hp_gain":0.0,"max_hp_loss":0.0,"gold_gain":200.0,"event_name":"Wheel of Change","player_choice":"Gold","floor":21.0,"gold_loss":0.0,"damage_taken":0.0},{"damage_healed":0.0,"max_hp_gain":0.0,"max_hp_loss":0.0,"gold_gain":0.0,"event_name":"The Library","player_choice":"Read","floor":22.0,"gold_loss":0.0,"damage_taken":0.0,"cards_obtained":["Meditate"]},{"damage_healed":0.0,"max_hp_gain":0.0,"max_hp_loss":0.0,"gold_gain":99.0,"event_name":"Nest","player_choice":"Stole From Cult","floor":31.0,"gold_loss":0.0,"damage_taken":0.0},{"damage_healed":0.0,"max_hp_gain":0.0,"max_hp_loss":0.0,"gold_gain":0.0,"event_name":"SensoryStone","player_choice":"Memory 3","floor":37.0,"gold_loss":0.0,"damage_taken":10.0},{"damage_healed":0,"gold_gain":0,"player_choice":"Max HP","damage_taken":0,"max_hp_gain":0,"max_hp_loss":5,"event_name":"Winding Halls","floor":41,"gold_loss":0},{"damage_healed":0,"gold_gain":0,"player_choice":"Upgrade","damage_taken":0,"relics_obtained":["Mark of the Bloom"],"max_hp_gain":0,"max_hp_loss":0,"event_name":"MindBloom","floor":44,"gold_loss":0,"cards_upgraded":["MasterReality","Brilliance","Devotion","LessonLearned","DeusExMachina","Protect","FlyingSleeves","ThirdEye","HandOfGreed","Protect","Panacea","DeusExMachina"]}],"is_beta":false,"boss_relics":[{"not_picked":["Coffee Dripper","Velvet Choker"],"picked":"Empty Cage"},{"not_picked":["Fusion Hammer","VioletLotus"],"picked":"Tiny House"}],"items_purged_floors":[],"is_endless":false,"potions_floor_spawned":[1,6,10,13,16,24,35,36,47,48],"ascension_level":0}}