{"host":"7rmsgc3rayi00cdt","time":1612607896,"event":{"mods":["BaseMod","Minty Spire (QoL Compilation)"],"gold_per_floor":[112,112,125,200,200,228,228,244,271,282,294,304,338,351,351,450,450,468,494,494,494,399,434,457,37,37,59,101,122,151,185,185,280,280,293,515,515,541,501,540,388,388,388,400,400,415,69,103,103,103],"floor_reached":51,"language":"ENG","playtime":2225,"items_purged":[],"score":1155,"play_id":"4c9298f6-4ac4-4c81-922a-27794c0ed9e9","local_time":"20210206103816","is_ascension_mode":true,"campfire_choices":[{"floor":7,"key":"REST"},{"data":"Flex","floor":15,"key":"SMITH"},{"data":"Flash of Steel","floor":32,"key":"SMITH"},{"floor":49,"key":"REST"}],"circlet_count":0,"master_deck":["Strike_R+1","Strike_R+1","Strike_R+1","Defend_R+1","Defend_R+1","Defend_R+1","Defend_R+1","Bash","Dropkick","Flex+1","Warcry","Shrug It Off+1","Headbutt","Thunderclap","Anger+1","Feed","CurseOfTheBell","Rage","Shrug It Off+1","Flash of Steel+1","Flash of Steel","Master of Strategy","Body Slam+1","Cleave","Thunderclap+1","Spot Weakness+1","Flame Barrier+1","Reaper","Warcry"],"relics":["Burning Blood","Thread and Needle","Bronze Scales","Orichalcum","Anchor","Calling Bell","Tiny Chest","Kunai","FossilizedHelix","Red Mask","Strawberry","CeramicFish","Bag of Marbles","Bottled Lightning","Juzu Bracelet","Gremlin Horn","Busted Crown","Red Skull","Akabeko","Nunchaku","Mango","Lantern","Mummified Hand"],"acts_visited":["Exordium","TheCity","TheBeyond"],"potions_floor_usage":[6,13,16,33,48,50,50,50,50],"damage_taken":[{"damage":8,"enemies":"Small Slimes","floor":1,"turns":5},{"damage":0,"enemies":"Cultist","floor":3,"turns":3},{"damage":35,"enemies":"3 Sentries","floor":6,"turns":14},{"damage":2,"enemies":"2 Louse","floor":8,"turns":3},{"damage":1,"enemies":"Looter","floor":10,"turns":3},{"damage":6,"enemies":"3 Louse","floor":11,"turns":4},{"damage":0,"enemies":"2 Fungi Beasts","floor":12,"turns":3},{"damage":5,"enemies":"Gremlin Nob","floor":13,"turns":4},{"damage":0,"enemies":"Blue Slaver","floor":14,"turns":2},{"damage":14,"enemies":"Slime Boss","floor":16,"turns":9},{"damage":0,"enemies":"Shell Parasite","floor":18,"turns":4},{"damage":22,"enemies":"Masked Bandits","floor":19,"turns":5},{"damage":2,"enemies":"Book of Stabbing","floor":23,"turns":5},{"damage":0,"enemies":"Chosen","floor":27,"turns":3},{"damage":10,"enemies":"Gremlin Leader","floor":28,"turns":5},{"damage":10,"enemies":"Centurion and Healer","floor":29,"turns":4},{"damage":0,"enemies":"Cultist and Chosen","floor":30,"turns":3},{"damage":7,"enemies":"Book of Stabbing","floor":31,"turns":4},{"damage":27,"enemies":"Automaton","floor":33,"turns":7},{"damage":0,"enemies":"Orb Walker","floor":35,"turns":2},{"damage":43,"enemies":"Reptomancer","floor":40,"turns":5},{"damage":0,"enemies":"3 Shapes","floor":44,"turns":4},{"damage":0,"enemies":"Spire Growth","floor":46,"turns":3},{"damage":22,"enemies":"Nemesis","floor":48,"turns":5},{"damage":0,"enemies":"Awakened One","floor":50,"turns":9}],"seed_played":"-353917012416251720","potions_obtained":[{"floor":1,"key":"Block Potion"},{"floor":3,"key":"Fire Potion"},{"floor":6,"key":"FearPotion"},{"floor":8,"key":"DistilledChaos"},{"floor":18,"key":"Regen Potion"},{"floor":23,"key":"LiquidMemories"},{"floor":30,"key":"AttackPotion"},{"floor":33,"key":"LiquidBronze"},{"floor":42,"key":"EntropicBrew"}],"is_trial":false,"path_per_floor":["M","?","M","?","?","E","R","M","T","M","M","M","E","M","R","B",null,"M","?","?","?","$","E","T","$","T","M","E","M","M","E","R","B",null,"M","?","?","T","?","E","$","?","T","M","?","M","$","E","R","B",null],"character_chosen":"IRONCLAD","items_purchased":["Flash of Steel","Bag of Marbles","Flash of Steel","Master of Strategy","Nunchaku","Lantern","Reaper","Warcry"],"campfire_rested":2,"item_purchase_floors":[22,25,25,25,41,47,47,47],"current_hp_per_floor":[70,70,76,65,58,29,53,57,57,62,62,68,69,75,75,67,77,80,64,64,64,64,78,78,78,78,87,83,82,88,87,87,66,89,98,98,98,98,98,61,61,61,75,81,81,87,87,88,116,119],"gold":103,"neow_bonus":"ONE_RARE_RELIC","is_daily":false,"chose_seed":false,"campfire_upgraded":2,"win_rate":0.0,"timestamp":1612607896,"path_taken":["M","?","?","?","?","E","R","M","T","M","M","M","E","M","R","BOSS","M","?","?","?","$","E","?","$","T","?","E","M","M","E","R","BOSS","M","?","?","?","?","E","$","?","T","M","?","M","$","E","R","BOSS"],"items_purchased_type":["Card","Relic","Card","Card","Relic","Relic","Card","Card"],"build_version":"2020-12-22","purchased_purges":0,"victory":true,"max_hp_per_floor":[80,80,80,80,80,80,80,80,80,80,80,80,80,80,80,80,80,80,80,80,80,80,90,90,90,90,93,93,96,96,96,96,96,96,99,99,99,99,99,99,99,99,113,113,113,113,113,116,116,119],"card_choices":[{"not_picked":["Havoc","Shockwave","Intimidate"],"picked":"SKIP","floor":1},{"not_picked":["Rage","Perfected Strike"],"picked":"Dropkick","floor":3},{"not_picked":["Clothesline","Warcry"],"picked":"Flex","floor":6},{"not_picked":["Shockwave","Armaments","Clothesline"],"picked":"SKIP","floor":8},{"not_picked":["Second Wind","Shockwave"],"picked":"Warcry","floor":10},{"not_picked":["Wild Strike","Perfected Strike"],"picked":"Shrug It Off","floor":11},{"not_picked":["Sentinel","Perfected Strike"],"picked":"Headbutt","floor":12},{"not_picked":["Second Wind","Warcry"],"picked":"Thunderclap","floor":13},{"not_picked":["Rupture","Clash"],"picked":"Anger","floor":14},{"not_picked":["Corruption","Juggernaut"],"picked":"Feed","floor":16},{"not_picked":["Clothesline","Thunderclap"],"picked":"Rage","floor":18},{"not_picked":["Thunderclap+1","Clothesline"],"picked":"Shrug It Off+1","floor":19},{"not_picked":["Clothesline","Flex","Entrench"],"picked":"SKIP","floor":23},{"not_picked":["Sentinel","Twin Strike"],"picked":"Body Slam+1","floor":27},{"not_picked":["Anger+1","Evolve"],"picked":"Cleave","floor":28},{"not_picked":["Clash","Iron Wave"],"picked":"Thunderclap+1","floor":29},{"not_picked":["Sever Soul","Rage+1"],"picked":"Spot Weakness+1","floor":30},{"not_picked":["Body Slam","Bludgeon","Second Wind"],"picked":"SKIP","floor":31},{"not_picked":["Body Slam+1"],"picked":"SKIP","floor":35},{"not_picked":[],"picked":"Flame Barrier+1","floor":40},{"not_picked":["Headbutt+1"],"picked":"SKIP","floor":44},{"not_picked":["Rupture+1"],"picked":"SKIP","floor":46},{"not_picked":["Berserk"],"picked":"SKIP","floor":48}],"player_experience":805538,"relics_obtained":[{"floor":6,"key":"Bronze Scales"},{"floor":9,"key":"Orichalcum"},{"floor":13,"key":"Anchor"},{"floor":17,"key":"Tiny Chest"},{"floor":17,"key":"Kunai"},{"floor":17,"key":"FossilizedHelix"},{"floor":19,"key":"Red Mask"},{"floor":23,"key":"Strawberry"},{"floor":24,"key":"CeramicFish"},{"floor":26,"key":"Bottled Lightning"},{"floor":28,"key":"Juzu Bracelet"},{"floor":31,"key":"Gremlin Horn"},{"floor":38,"key":"Red Skull"},{"floor":40,"key":"Akabeko"},{"floor":43,"key":"Mango"},{"floor":48,"key":"Mummified Hand"}],"event_choices":[{"cards_removed":["Doubt"],"damage_healed":0,"gold_gain":0,"player_choice":"Purged","damage_taken":0,"max_hp_gain":0,"max_hp_loss":0,"event_name":"Purifier","floor":2,"gold_loss":0},{"damage_healed":0,"gold_gain":75,"player_choice":"Gather Gold","damage_taken":11,"max_hp_gain":0,"max_hp_loss":0,"event_name":"World of Goop","floor":4,"gold_loss":0},{"cards_removed":["Strike_R"],"damage_healed":0,"gold_gain":0,"player_choice":"Card Removal","damage_taken":7,"max_hp_gain":0,"max_hp_loss":0,"event_name":"Golden Wing","floor":5,"gold_loss":0},{"damage_healed":0,"gold_gain":0,"player_choice":"Fought Bandits","damage_taken":0,"max_hp_gain":0,"max_hp_loss":0,"event_name":"Masked Bandits","floor":19,"gold_loss":0},{"damage_healed":0,"gold_gain":0,"player_choice":"Simplicity","damage_taken":0,"max_hp_gain":0,"max_hp_loss":0,"event_name":"Back to Basics","floor":20,"gold_loss":0,"cards_upgraded":["Strike_R","Strike_R","Strike_R","Strike_R","Defend_R","Defend_R","Defend_R","Defend_R"]},{"damage_healed":0,"gold_gain":0,"player_choice":"Ignored","damage_taken":0,"max_hp_gain":0,"max_hp_loss":0,"event_name":"Vampires","floor":21,"gold_loss":0},{"damage_healed":0,"gold_gain":222,"player_choice":"Wore Mask","damage_taken":0,"max_hp_gain":0,"max_hp_loss":0,"event_name":"Tomb of Lord Red Mask","floor":36,"gold_loss":0},{"damage_healed":0,"gold_gain":0,"player_choice":"Ignored","damage_taken":0,"max_hp_gain":0,"max_hp_loss":0,"event_name":"Mysterious Sphere","floor":37,"gold_loss":0},{"damage_healed":0,"gold_gain":0,"player_choice":"Upgraded Two","damage_taken":0,"max_hp_gain":0,"max_hp_loss":0,"event_name":"Designer","floor":39,"gold_loss":40,"cards_upgraded":["Anger","Shrug It Off"]},{"damage_healed":0,"gold_gain":0,"player_choice":"Got Potions","damage_taken":0,"max_hp_gain":0,"max_hp_loss":0,"event_name":"Lab","floor":42,"gold_loss":0},{"cards_removed":["Strike_R"],"damage_healed":0,"gold_gain":0,"player_choice":"Removed Attack","damage_taken":0,"max_hp_gain":0,"max_hp_loss":0,"event_name":"Falling","floor":45,"gold_loss":0}],"is_beta":false,"boss_relics":[{"not_picked":["Tiny House","Pandora\u0027s Box"],"picked":"Calling Bell"},{"not_picked":["SacredBark","Cursed Key"],"picked":"Busted Crown"}],"items_purged_floors":[],"is_endless":false,"potions_floor_spawned":[1,3,6,8,18,23,29,30,33,35,40],"ascension_level":6}}