{"host":"z9grmtg2w0nmz8n1","time":1612590916,"event":{"mods":["Aspiration","BaseMod","Better Altar","Better Match","Better Note","Better Sensory Stone","Better Skull","Better Third Choice","BetterRewards","CCEM2","Clawfect","Colored Map","Conspire","GifTheSpireLib","Halation","Highlight Path","Hubris","Hunter ??","Jedi Mod","Minty Spire (QoL Compilation)","Permanent Neow","Reliquary","Replay The Spire","Shop Mod","Spicy Shops","StSLib","Stuff the Spire","The Administrix","The Blackbeard","The Runesmith","The Servant 0.9.4"],"gold_per_floor":[110,137,137,149,149,149,178,178,228,239,264,279,309,136,136,232,232,243,253,271,288,135,146,146,479,502,512,542,567,567,586,586,684,684,704,381,392,392,408,443,443,470,497,497,497],"floor_reached":44,"language":"ENG","playtime":2511,"items_purged":["Runesmith:Strike_RS","Runesmith:Strike_RS","Runesmith:Strike_RS","Runesmith:Strike_RS"],"score":653,"play_id":"77c5870b-be07-46f2-a8bb-65a34be658a1","local_time":"20210206035516","is_ascension_mode":true,"campfire_choices":[{"floor":6,"key":"RECALL"},{"floor":8,"key":"REST"},{"data":"Runesmith:OneForEveryone","floor":15,"key":"SMITH"},{"floor":24,"key":"REST"},{"data":"Runesmith:HeatExchange","floor":32,"key":"SMITH"},{"floor":41,"key":"REST"}],"circlet_count":0,"master_deck":["Runesmith:Defend_RS","Runesmith:Defend_RS","Runesmith:Defend_RS","Runesmith:Defend_RS","Runesmith:CraftFirestone+1","Runesmith:Fortify","Runesmith:UnstableHammer","Runesmith:UnstableHammer","Runesmith:EarthShield","Runesmith:OneForEveryone+1","Runesmith:RuneHurl","Runesmith:Superposition+1","Runesmith:HeatExchange+1","Runesmith:LithiumIon+1","Runesmith:Firewall","Runesmith:FissionHammer","Runesmith:PoweredAnvil+1","Runesmith:Discharge","Sadistic Nature","Runesmith:HammerTime+1","aspiration:UnbridledHammer+1"],"relics":["Runesmith:BrokenRuby","NeowsBlessing","Smiling Mask","reliquary:SilkGlove","reliquary:PurpleTingedLeaf","jedi:HeartOfTheCards","CCEMRelics:GrindingGear","Philosopher\u0027s Stone","Old Coin","Ancient Tea Set","reliquary:WeakTea","aspiration:StickyExplosives_weak","Busted Crown","CCEMRelics:ImbuedSpirit","halation:BottledLove","ReplayFunnel"],"acts_visited":["Exordium","TheCity","TheBeyond"],"potions_floor_usage":[7,11,13,13,20,29,33,39,39],"damage_taken":[{"damage":0,"enemies":"2 Louse","floor":1,"turns":2},{"damage":0,"enemies":"conspire:MimicChest","floor":2,"turns":1},{"damage":0,"enemies":"Jaw Worm","floor":4,"turns":1},{"damage":17,"enemies":"Gremlin Nob","floor":7,"turns":4},{"damage":0,"enemies":"Cultist","floor":10,"turns":3},{"damage":20,"enemies":"Lagavulin","floor":11,"turns":6},{"damage":0,"enemies":"Blue Slaver","floor":12,"turns":3},{"damage":0,"enemies":"Gremlin Nob","floor":13,"turns":3},{"damage":28,"enemies":"The Guardian","floor":16,"turns":14},{"damage":16,"enemies":"2 Thieves","floor":18,"turns":5},{"damage":12,"enemies":"Spheric Guardian","floor":19,"turns":4},{"damage":12,"enemies":"3 Cultists","floor":20,"turns":6},{"damage":0,"enemies":"conspire:HollyBat","floor":21,"turns":8},{"damage":0,"enemies":"Centurion and Healer","floor":23,"turns":4},{"damage":1,"enemies":"Replay:Snechameleon","floor":25,"turns":4},{"damage":6,"enemies":"Snecko","floor":27,"turns":5},{"damage":18,"enemies":"Book of Stabbing","floor":28,"turns":7},{"damage":0,"enemies":"conspire:Head Lice","floor":29,"turns":5},{"damage":0,"enemies":"Cultist and Chosen","floor":31,"turns":4},{"damage":18,"enemies":"Champ","floor":33,"turns":11},{"damage":0,"enemies":"Orb Walker","floor":35,"turns":3},{"damage":34,"enemies":"3 Shapes","floor":37,"turns":5},{"damage":15,"enemies":"Spire Growth","floor":39,"turns":4},{"damage":12,"enemies":"Nemesis","floor":40,"turns":7},{"damage":27,"enemies":"Reptomancer","floor":42,"turns":5},{"damage":10,"enemies":"Sphere and 2 Shapes","floor":44,"turns":2}],"seed_played":"-6499959418443785280","potions_obtained":[{"floor":2,"key":"DistilledChaos"},{"floor":7,"key":"SteroidPotion"},{"floor":11,"key":"SteroidPotion"},{"floor":12,"key":"Fire Potion"},{"floor":16,"key":"jedi:wingpotion"},{"floor":19,"key":"Strength Potion"},{"floor":21,"key":"Explosive Potion"},{"floor":27,"key":"BlessingOfTheForge"},{"floor":29,"key":"Block Potion"},{"floor":33,"key":"Dexterity Potion"},{"floor":35,"key":"FearPotion"}],"is_trial":false,"path_per_floor":["M","?","?","M","?","R","E","R","T","M","E","M","E","$","R","B",null,"M","M","M","M","$","M","R","E","T","M","E","E","?","M","R","B",null,"M","$","M","$","M","E","R","E","T","M"],"character_chosen":"RUNESMITH_CLASS","items_purchased":["Runesmith:OneForEveryone","Runesmith:HeatExchange","Runesmith:PoweredAnvil+1","Runesmith:Discharge","Sadistic Nature"],"campfire_rested":3,"item_purchase_floors":[14,22,36,36,36],"current_hp_per_floor":[70,70,70,70,58,58,41,62,62,63,45,46,48,48,48,25,70,55,45,36,38,38,39,60,61,61,56,41,43,43,44,44,31,70,70,70,36,36,22,12,33,7,7,0,0],"gold":497,"neow_bonus":"THREE_ENEMY_KILL","is_daily":false,"chose_seed":false,"campfire_upgraded":2,"win_rate":0.0,"timestamp":1612590916,"path_taken":["M","?","?","?","?","R","E","R","T","M","E","M","E","$","R","BOSS","M","M","M","M","$","M","R","E","T","M","E","E","?","M","R","BOSS","M","$","M","$","M","E","R","E","T","M"],"items_purchased_type":["Card","Card","Card","Card","Card"],"build_version":"2020-12-22","purchased_purges":4,"victory":false,"max_hp_per_floor":[70,70,70,70,70,70,70,70,70,70,70,70,70,70,70,70,70,70,70,70,70,70,70,70,70,70,70,70,70,70,70,70,70,70,70,70,70,70,70,70,70,70,70,70,70],"card_choices":[{"not_picked":["Runesmith:ShiftingStrike","Runesmith:RuneHurl","Runesmith:Attraction"],"picked":"SKIP","floor":1},{"not_picked":["Runesmith:Terraform","Runesmith:Overpower"],"picked":"Runesmith:UnstableHammer","floor":2},{"not_picked":["Runesmith:Empowerment","Runesmith:CraftObretio"],"picked":"Runesmith:UnstableHammer","floor":4},{"not_picked":["Runesmith:MakeshiftArmor","Runesmith:GrandSlam"],"picked":"Runesmith:EarthShield","floor":7},{"not_picked":["Runesmith:HeatedChisel","Runesmith:Discharge","Runesmith:CraftVitae"],"picked":"SKIP","floor":10},{"not_picked":["Runesmith:BackupBattery","Runesmith:CraftReservo","Runesmith:UnlimitedPower"],"picked":"SKIP","floor":11},{"not_picked":["Runesmith:UnstableHammer","Runesmith:StaticCage","Runesmith:CraftSpiculum"],"picked":"SKIP","floor":12},{"not_picked":["Runesmith:CraftVitae","Runesmith:UnstableHammer","Runesmith:Prism"],"picked":"SKIP","floor":13},{"not_picked":["Runesmith:Electrocute","Runesmith:HeatedChisel","Runesmith:BackupBattery"],"picked":"SKIP","floor":18},{"not_picked":["Runesmith:MakeshiftArmor+1","Runesmith:DoubleUp+1"],"picked":"Runesmith:RuneHurl","floor":19},{"not_picked":["Runesmith:Electrocute","Runesmith:Augment+1","Runesmith:BackupBattery"],"picked":"SKIP","floor":20},{"not_picked":["Runesmith:CraftPrismatica","Runesmith:CraftMagma"],"picked":"Runesmith:Superposition+1","floor":21},{"not_picked":["Runesmith:StaticCage","Runesmith:EnergizedChisel","Runesmith:Malloc"],"picked":"SKIP","floor":23},{"not_picked":["Runesmith:DoubleUp","Runesmith:Repurpose"],"picked":"Runesmith:LithiumIon+1","floor":25},{"not_picked":["Runesmith:StaticCage","Runesmith:HammerTime","Runesmith:ElementalConversion"],"picked":"SKIP","floor":27},{"not_picked":["Runesmith:HeatExchange","Runesmith:StaticCage","Runesmith:ArcReactor"],"picked":"SKIP","floor":28},{"not_picked":["Runesmith:FieryHammer","Runesmith:HeatedChisel","Runesmith:Repurpose"],"picked":"SKIP","floor":29},{"not_picked":["Runesmith:Repurpose","Runesmith:StaticCage"],"picked":"Runesmith:Firewall","floor":31},{"not_picked":["Runesmith:GenerateForcefield","Runesmith:CraftIndustria"],"picked":"Runesmith:FissionHammer","floor":33},{"not_picked":["Runesmith:ShiftingStrike+1"],"picked":"SKIP","floor":35},{"not_picked":[],"picked":"Runesmith:HammerTime+1","floor":37},{"not_picked":["Runesmith:UnstableHammer+1"],"picked":"SKIP","floor":39},{"not_picked":[],"picked":"aspiration:UnbridledHammer+1","floor":40},{"not_picked":["Runesmith:EnergizedChisel+1"],"picked":"SKIP","floor":42}],"player_experience":861213,"relics_obtained":[{"floor":2,"key":"Smiling Mask"},{"floor":7,"key":"reliquary:PurpleTingedLeaf"},{"floor":11,"key":"jedi:HeartOfTheCards"},{"floor":13,"key":"CCEMRelics:GrindingGear"},{"floor":25,"key":"Old Coin"},{"floor":26,"key":"Ancient Tea Set"},{"floor":28,"key":"reliquary:WeakTea"},{"floor":29,"key":"aspiration:StickyExplosives_weak"},{"floor":40,"key":"CCEMRelics:ImbuedSpirit"},{"floor":42,"key":"halation:BottledLove"},{"floor":43,"key":"ReplayFunnel"}],"event_choices":[{"damage_healed":0,"gold_gain":0,"player_choice":"Grow","damage_taken":0,"max_hp_gain":0,"max_hp_loss":0,"event_name":"Living Wall","floor":3,"gold_loss":0,"cards_upgraded":["Runesmith:CraftFirestone"]},{"damage_healed":0,"gold_gain":0,"player_choice":"Relic ","damage_taken":12,"max_hp_gain":0,"max_hp_loss":0,"event_name":"betterThird:BetterScrap","floor":5,"gold_loss":0,"cards_obtained":["Well Laid Plans"]},{"cards_removed":["Runesmith:Defend_RS"],"damage_healed":0,"gold_gain":0,"player_choice":"Give","damage_taken":0,"max_hp_gain":0,"max_hp_loss":0,"event_name":"betterNote:BetterNote","floor":30,"gold_loss":0,"cards_obtained":["Strike_R"]}],"is_beta":false,"boss_relics":[{"not_picked":["hubris:BlackHole","CCEMRelics:GreenEgg"],"picked":"Philosopher\u0027s Stone"},{"not_picked":["Pandora\u0027s Box","Coffee Dripper"],"picked":"Busted Crown"}],"items_purged_floors":[14,14,22,22],"is_endless":false,"potions_floor_spawned":[2,7,11,12,16,19,21,27,29,33,35],"killed_by":"Sphere and 2 Shapes","ascension_level":1}}