{"host":"lsq35p0sdkx2xifo","time":1612611600,"event":{"mods":["AchievementEnabler","BaseMod","Highlight Path","Minty Spire (QoL Compilation)","StSLib"],"gold_per_floor":[109,125,50,50,0,0,27,37,37,37,55,55,88,104,104,104,104],"floor_reached":16,"language":"ENG","playtime":710,"items_purged":[],"score":198,"play_id":"bfa5677a-c0af-404b-add9-bea482b5ce40","local_time":"20210206034000","is_ascension_mode":true,"campfire_choices":[{"data":"Bullet Time","floor":6,"key":"SMITH"},{"floor":10,"key":"REST"},{"floor":15,"key":"REST"}],"circlet_count":0,"master_deck":["AscendersBane","Strike_G","Strike_G","Strike_G","Strike_G","Strike_G","Defend_G","Defend_G","Defend_G","Defend_G","Survivor","Neutralize","Bullet Time+1","Leg Sweep","All Out Attack","Expertise","All Out Attack","Tactician","Eviscerate"],"relics":["Ring of the Snake","Unceasing Top","Singing Bowl","Shuriken"],"acts_visited":["Exordium"],"potions_floor_usage":[13,13],"damage_taken":[{"damage":1,"enemies":"Small Slimes","floor":1,"turns":5},{"damage":0,"enemies":"2 Louse","floor":2,"turns":3},{"damage":21,"enemies":"3 Sentries","floor":7,"turns":11},{"damage":0,"enemies":"Jaw Worm","floor":8,"turns":3},{"damage":10,"enemies":"Exordium Wildlife","floor":11,"turns":3},{"damage":56,"enemies":"Lagavulin","floor":13,"turns":10},{"damage":3,"enemies":"Looter","floor":14,"turns":3},{"damage":22,"enemies":"The Guardian","floor":16,"turns":10}],"seed_played":"5850500275722596161","potions_obtained":[{"floor":7,"key":"SpeedPotion"},{"floor":8,"key":"Regen Potion"}],"is_trial":false,"path_per_floor":["M","M","?","$","?","R","E","M","T","R","M","?","E","M","R","B"],"character_chosen":"THE_SILENT","items_purchased":[],"campfire_rested":2,"item_purchase_floors":[],"current_hp_per_floor":[58,58,58,58,58,58,37,37,37,55,45,45,4,3,21,0,0],"gold":104,"neow_bonus":"THREE_RARE_CARDS","is_daily":false,"chose_seed":false,"campfire_upgraded":1,"win_rate":0.0,"timestamp":1612611600,"path_taken":["M","M","?","$","?","R","E","M","T","R","M","?","E","M","R","BOSS"],"items_purchased_type":[],"build_version":"2020-12-22","purchased_purges":0,"victory":false,"max_hp_per_floor":[60,60,60,60,60,60,60,60,60,60,60,60,60,62,62,62,62],"card_choices":[{"not_picked":["Adrenaline","Wraith Form v2"],"picked":"Bullet Time","floor":0},{"not_picked":["Dagger Throw","Crippling Poison"],"picked":"Leg Sweep","floor":1},{"not_picked":["Acrobatics","Reflex"],"picked":"All Out Attack","floor":2},{"not_picked":["Blade Dance","Cloak And Dagger"],"picked":"Expertise","floor":7},{"not_picked":["PiercingWail","Backflip"],"picked":"All Out Attack","floor":8},{"not_picked":["Flying Knee","Bane"],"picked":"Tactician","floor":11},{"not_picked":["Distraction","Riddle With Holes"],"picked":"Eviscerate","floor":13},{"not_picked":["Quick Slash","Acrobatics","Expertise"],"picked":"Singing Bowl","floor":14}],"player_experience":1278135,"relics_obtained":[{"floor":7,"key":"Unceasing Top"},{"floor":9,"key":"Singing Bowl"},{"floor":13,"key":"Shuriken"}],"event_choices":[{"cards_removed":["Defend_G"],"damage_healed":0,"gold_gain":0,"player_choice":"Card Removal","damage_taken":0,"max_hp_gain":0,"max_hp_loss":0,"event_name":"The Cleric","floor":3,"gold_loss":75},{"damage_healed":0,"gold_gain":0,"player_choice":"Left Gold","damage_taken":0,"max_hp_gain":0,"max_hp_loss":0,"event_name":"World of Goop","floor":5,"gold_loss":50},{"damage_healed":0,"gold_gain":0,"player_choice":"Ignored","damage_taken":0,"max_hp_gain":0,"max_hp_loss":0,"event_name":"Liars Game","floor":12,"gold_loss":0}],"is_beta":false,"boss_relics":[],"items_purged_floors":[],"is_endless":false,"potions_floor_spawned":[7,8,11],"killed_by":"The Guardian","ascension_level":16}}