{"host":"1mv6gj0zv8k9e9tz","time":1612623436,"event":{"mods":["AchievementEnabler","BaseMod","Better Third Choice","Colored Map","DeckTracker","Highlight Path","KOR Keyword Fix","Keyboard Shortcuts","Minty Spire (QoL Compilation)","Permanent Neow","Quick Restart","Rare Cards Sparkle","StSLib","SuperFastMode","everything is the same but u backflip on backflip"],"gold_per_floor":[109,120,137,137,161,161,86,107,107,127,127,161,181,181,181],"floor_reached":14,"language":"KOR","playtime":364,"items_purged":["Injury"],"score":179,"play_id":"db72c2b9-b588-4d69-87d1-74cf7a881ffe","local_time":"20210206235716","is_ascension_mode":true,"campfire_choices":[{"data":"Genetic Algorithm","floor":6.0,"key":"SMITH"},{"data":"Darkness","floor":11.0,"key":"SMITH"}],"circlet_count":0,"master_deck":["AscendersBane","Strike_B","Strike_B","Strike_B","Strike_B","Defend_B","Defend_B","Defend_B","Defend_B","Zap","Dualcast","Genetic Algorithm+1","Darkness+1","Self Repair","Turbo","Loop","Auto Shields"],"relics":["Cracked Core","Vajra","Golden Idol","Bag of Preparation","Lantern"],"acts_visited":["Exordium"],"potions_floor_usage":[14],"damage_taken":[{"damage":1.0,"enemies":"Cultist","floor":1.0,"turns":3.0},{"damage":5.0,"enemies":"Jaw Worm","floor":2.0,"turns":4.0},{"damage":4.0,"enemies":"Small Slimes","floor":3.0,"turns":4.0},{"damage":17.0,"enemies":"Looter","floor":5.0,"turns":4.0},{"damage":26.0,"enemies":"Large Slime","floor":8.0,"turns":5.0},{"damage":4.0,"enemies":"2 Fungi Beasts","floor":10.0,"turns":4.0},{"damage":12.0,"enemies":"Lagavulin","floor":12.0,"turns":6.0},{"damage":11.0,"enemies":"Exordium Wildlife","floor":13.0,"turns":3.0},{"damage":25,"enemies":"3 Sentries","floor":14,"turns":4}],"seed_played":"-3747392939194939016","potions_obtained":[{"floor":1.0,"key":"Swift Potion"},{"floor":3.0,"key":"LiquidMemories"},{"floor":8.0,"key":"SkillPotion"}],"is_trial":false,"path_per_floor":["M","M","M","?","M","R","$","M","T","M","R","E","M","E"],"character_chosen":"DEFECT","items_purchased":[],"campfire_rested":0,"item_purchase_floors":[],"current_hp_per_floor":[63,58,54,54,44,44,44,25,25,28,28,23,19,0,0],"gold":181,"neow_bonus":"RANDOM_COMMON_RELIC","is_daily":false,"chose_seed":false,"campfire_upgraded":2,"win_rate":0.0,"timestamp":1612623436,"path_taken":["M","M","M","?","M","R","$","M","T","M","R","E","M","E"],"items_purchased_type":[],"build_version":"2020-12-22","purchased_purges":1,"victory":false,"max_hp_per_floor":[71,71,71,71,71,71,71,71,71,71,71,71,71,71,71],"card_choices":[{"not_picked":["Storm","Rebound"],"picked":"Genetic Algorithm","floor":1.0},{"not_picked":["Static Discharge","Stack"],"picked":"Darkness","floor":2.0},{"not_picked":["Compile Driver","Storm"],"picked":"Self Repair","floor":3.0},{"not_picked":["Coolheaded","Streamline"],"picked":"Turbo","floor":5.0},{"not_picked":["Static Discharge","Fusion","Ball Lightning"],"picked":"SKIP","floor":8.0},{"not_picked":["Rip and Tear","Go for the Eyes"],"picked":"Loop","floor":10.0},{"not_picked":["Chill","Cold Snap"],"picked":"Auto Shields","floor":12.0},{"not_picked":["Turbo","Go for the Eyes","Beam Cell"],"picked":"SKIP","floor":13.0}],"player_experience":633462,"relics_obtained":[{"floor":9.0,"key":"Bag of Preparation"},{"floor":12.0,"key":"Lantern"}],"event_choices":[{"damage_healed":0.0,"max_hp_gain":0.0,"max_hp_loss":0.0,"gold_gain":0.0,"event_name":"Golden Idol","player_choice":"Take Wound","floor":4.0,"gold_loss":0.0,"damage_taken":0.0,"relics_obtained":["Golden Idol"],"cards_obtained":["Injury"]}],"is_beta":false,"boss_relics":[],"items_purged_floors":[7],"is_endless":false,"potions_floor_spawned":[1,3,8],"killed_by":"3 Sentries","ascension_level":18}}