{"host":"Squid","time":1612629605,"event":{"mods":["BaseMod","ChefMod","Minty Spire (QoL Compilation)","StSLib"],"gold_per_floor":[111,111,131,149,149,149,177,187,214,238,263,275,362,408,420,538,550,582,145,164,89,98,134,134,158,182,191,218,250,165,184,184,296,323,337,352,361,361,386,413,413,413,422,455,475,491,491,491],"floor_reached":47,"language":"ENG","playtime":3341,"items_purged":["chefmod:Strike"],"score":608,"play_id":"0ce27298-a1ae-49d6-9181-7b77e693a73a","local_time":"20210206114005","is_ascension_mode":false,"campfire_choices":[{"data":"chefmod:QuickThaw","floor":6,"key":"SMITH"},{"data":"chefmod:LocoMoco","floor":12,"key":"SMITH"},{"data":"chefmod:HotSoup","floor":15,"key":"SMITH"},{"data":"RitualDagger","floor":24,"key":"SMITH"},{"data":"chefmod:FreezerBurn","floor":32,"key":"SMITH"},{"data":"Panache","floor":42,"key":"SMITH"}],"circlet_count":0,"master_deck":["chefmod:Strike","chefmod:QuickThaw+1","chefmod:Defend","chefmod:Defend","chefmod:TodaysSpecial","chefmod:Granita","chefmod:LocoMoco+1","chefmod:HotSoup+1","chefmod:ColdSteel","chefmod:ZaruSoba","chefmod:Tenderizer","chefmod:RaidPantry","chefmod:FarmersMarket+1","chefmod:FreezeSolid","RitualDagger+1","chefmod:Puree","chefmod:OldCookbook","chefmod:FreezerBurn+1","chefmod:ZaruSoba+1","chefmod:FrozenTuna+1","chefmod:FreezeSolid+1","chefmod:BananaSplit+1","chefmod:Sorbet+1","Panache+1","chefmod:Granita+1","Doubt"],"relics":["chefmod:TrustyPot","Blood Vial","Orichalcum","Odd Mushroom","MawBank","CeramicFish","Cursed Key","Lantern","Omamori","Du-Vu Doll","Boot","Regal Pillow","Bag of Marbles","Astrolabe","Smiling Mask","WarpedTongs","Bottled Lightning"],"acts_visited":["Exordium","TheCity","TheBeyond"],"potions_floor_usage":[16,23,25,33,46,47],"damage_taken":[{"damage":2,"enemies":"Small Slimes","floor":1,"turns":5},{"damage":0,"enemies":"Cultist","floor":3,"turns":5},{"damage":2,"enemies":"2 Louse","floor":4,"turns":2},{"damage":6,"enemies":"Gremlin Nob","floor":7,"turns":3},{"damage":0,"enemies":"Blue Slaver","floor":8,"turns":3},{"damage":8,"enemies":"The Mushroom Lair","floor":10,"turns":4},{"damage":8,"enemies":"3 Sentries","floor":14,"turns":5},{"damage":25,"enemies":"Slime Boss","floor":16,"turns":6},{"damage":14,"enemies":"3 Byrds","floor":18,"turns":6},{"damage":0,"enemies":"Spheric Guardian","floor":20,"turns":3},{"damage":9,"enemies":"Slavers","floor":23,"turns":2},{"damage":10,"enemies":"Chosen and Byrds","floor":25,"turns":4},{"damage":0,"enemies":"Snecko","floor":28,"turns":4},{"damage":20,"enemies":"Gremlin Leader","floor":29,"turns":5},{"damage":0,"enemies":"Cultist and Chosen","floor":31,"turns":3},{"damage":8,"enemies":"Collector","floor":33,"turns":8},{"damage":8,"enemies":"Orb Walker","floor":35,"turns":3},{"damage":0,"enemies":"3 Shapes","floor":36,"turns":2},{"damage":4,"enemies":"Sphere and 2 Shapes","floor":39,"turns":5},{"damage":21,"enemies":"Reptomancer","floor":40,"turns":4},{"damage":9,"enemies":"Giant Head","floor":44,"turns":7},{"damage":2,"enemies":"Transient","floor":45,"turns":5},{"damage":31,"enemies":"Spire Growth","floor":46,"turns":4},{"damage":20,"enemies":"3 Darklings","floor":47,"turns":2}],"seed_played":"8209256513058014158","potions_obtained":[{"floor":3,"key":"SkillPotion"},{"floor":7,"key":"SkillPotion"},{"floor":10,"key":"chefmod:PotionOfPlenty"},{"floor":20,"key":"Swift Potion"},{"floor":25,"key":"FearPotion"},{"floor":28,"key":"GamblersBrew"},{"floor":40,"key":"LiquidMemories"},{"floor":44,"key":"GamblersBrew"}],"is_trial":false,"path_per_floor":["M","?","M","M","?","R","E","M","T","?","T","R","?","E","R","B",null,"M","$","M","?","?","E","R","M","T","?","M","E","?","M","R","B",null,"M","M","?","?","M","E","?","R","T","E","M","M","M"],"character_chosen":"THE_CHEF","items_purchased":["chefmod:FreezeSolid","Lantern","Omamori"],"campfire_rested":0,"item_purchase_floors":[19,19,19],"current_hp_per_floor":[81,81,81,79,79,79,73,75,75,69,69,69,58,52,52,29,83,69,69,71,71,65,58,58,50,50,50,52,34,34,36,36,30,83,75,77,67,67,65,46,46,46,46,43,43,14,0,0],"gold":491,"neow_bonus":"TEN_PERCENT_HP_BONUS","is_daily":false,"chose_seed":false,"campfire_upgraded":6,"win_rate":0.0,"timestamp":1612629605,"path_taken":["M","?","?","M","?","R","E","M","T","?","?","R","?","E","R","BOSS","M","$","M","?","?","E","R","M","T","?","M","E","?","M","R","BOSS","M","M","?","?","?","E","?","R","T","E","M","?","M"],"items_purchased_type":["Card","Relic","Relic"],"build_version":"2020-12-18","purchased_purges":1,"victory":false,"max_hp_per_floor":[83,83,83,83,83,83,83,83,83,83,83,83,83,83,83,83,83,83,83,83,83,83,83,83,83,83,83,83,83,83,83,83,83,83,83,83,83,83,83,83,83,83,83,83,83,83,83,83],"card_choices":[{"not_picked":["chefmod:Defrost","chefmod:FryPan"],"picked":"chefmod:Granita","floor":1},{"not_picked":["chefmod:DoubleChop","chefmod:DinoKale"],"picked":"chefmod:LocoMoco","floor":3},{"not_picked":["chefmod:ZaruSoba","chefmod:SaveForLater"],"picked":"chefmod:HotSoup","floor":4},{"not_picked":["chefmod:Granita","chefmod:BaoBuns"],"picked":"chefmod:ColdSteel","floor":7},{"not_picked":["chefmod:Gelato","chefmod:BaoBuns"],"picked":"chefmod:ZaruSoba","floor":8},{"not_picked":["chefmod:Chop","chefmod:Julienne"],"picked":"chefmod:Tenderizer","floor":14},{"not_picked":["chefmod:FullCourseMeal","chefmod:CandyBowl"],"picked":"chefmod:RaidPantry","floor":16},{"not_picked":["chefmod:CayenneCloud","chefmod:SliceAndDice"],"picked":"chefmod:FarmersMarket+1","floor":18},{"not_picked":["chefmod:KnifeFlurry","chefmod:FryPan","chefmod:Bruschetta"],"picked":"SKIP","floor":20},{"not_picked":["chefmod:KnifeFlurry","chefmod:FryPan","chefmod:Bruschetta"],"picked":"SKIP","floor":20},{"not_picked":["chefmod:FryPan","chefmod:Bruschetta+1"],"picked":"chefmod:Puree","floor":23},{"not_picked":["chefmod:FryPan","chefmod:Granita"],"picked":"chefmod:OldCookbook","floor":25},{"not_picked":["chefmod:ColdSteel","chefmod:KnifeFlurry"],"picked":"chefmod:ZaruSoba+1","floor":28},{"not_picked":["chefmod:CayenneCloud","chefmod:CleanHouse","chefmod:IcePick"],"picked":"SKIP","floor":29},{"not_picked":["chefmod:ColdSteel","chefmod:ZaruSoba","chefmod:Omelette"],"picked":"SKIP","floor":31},{"not_picked":["chefmod:CapreseSalad","chefmod:PrepCook"],"picked":"chefmod:FrozenTuna","floor":33},{"not_picked":["chefmod:HotSoup","chefmod:Granita","chefmod:IcePick"],"picked":"SKIP","floor":35},{"not_picked":["chefmod:ZaruSoba","chefmod:ColdSteel+1","chefmod:DinoKale+1"],"picked":"SKIP","floor":36},{"not_picked":["PanicButton","Flash of Steel"],"picked":"Panache","floor":37},{"not_picked":["chefmod:FarmersMarket","chefmod:IcePick"],"picked":"chefmod:Granita+1","floor":39},{"not_picked":["chefmod:HotSoup","chefmod:Fillet+1","chefmod:LocoMoco+1"],"picked":"SKIP","floor":40},{"not_picked":["chefmod:ZaruSoba","chefmod:Canape","chefmod:SliceAndDice"],"picked":"SKIP","floor":44},{"not_picked":["chefmod:FireUp+1","chefmod:NoSoupForYou","chefmod:Omelette"],"picked":"SKIP","floor":45},{"not_picked":["chefmod:IcePick+1","chefmod:Sorbet+1","chefmod:OldCookbook"],"picked":"SKIP","floor":46}],"player_experience":852151,"relics_obtained":[{"floor":7,"key":"Blood Vial"},{"floor":9,"key":"Orichalcum"},{"floor":10,"key":"Odd Mushroom"},{"floor":11,"key":"MawBank"},{"floor":14,"key":"CeramicFish"},{"floor":23,"key":"Du-Vu Doll"},{"floor":26,"key":"Boot"},{"floor":29,"key":"Regal Pillow"},{"floor":40,"key":"Smiling Mask"},{"floor":44,"key":"Bottled Lightning"}],"event_choices":[{"damage_healed":0,"gold_gain":0,"player_choice":"Ignored","damage_taken":0,"max_hp_gain":0,"max_hp_loss":0,"event_name":"NoteForYourself","floor":2,"gold_loss":0},{"damage_healed":0,"gold_gain":0,"player_choice":"Ignored","damage_taken":0,"max_hp_gain":0,"max_hp_loss":0,"event_name":"Liars Game","floor":5,"gold_loss":0},{"damage_healed":0,"gold_gain":0,"player_choice":"Fought Mushrooms","damage_taken":0,"max_hp_gain":0,"max_hp_loss":0,"event_name":"Mushrooms","floor":10,"gold_loss":0},{"damage_healed":0,"gold_gain":75,"player_choice":"Gather Gold","damage_taken":11,"max_hp_gain":0,"max_hp_loss":0,"event_name":"World of Goop","floor":13,"gold_loss":0},{"cards_removed":["chefmod:Strike"],"damage_healed":0,"gold_gain":0,"player_choice":"Gave Gold","damage_taken":0,"max_hp_gain":0,"max_hp_loss":0,"event_name":"Beggar","floor":21,"gold_loss":75},{"damage_healed":0,"gold_gain":0,"player_choice":"Joined the Cult","damage_taken":6,"max_hp_gain":0,"max_hp_loss":0,"event_name":"Nest","floor":22,"gold_loss":0,"cards_obtained":["RitualDagger"]},{"damage_healed":0,"gold_gain":0,"player_choice":"Read","damage_taken":0,"max_hp_gain":0,"max_hp_loss":0,"event_name":"The Library","floor":27,"gold_loss":0,"cards_obtained":["chefmod:FreezerBurn"]},{"damage_healed":0,"gold_gain":0,"player_choice":"Obtained Relic","damage_taken":0,"relics_obtained":["Bag of Marbles"],"max_hp_gain":0,"max_hp_loss":0,"event_name":"Addict","floor":30,"gold_loss":85},{"damage_healed":0,"gold_gain":0,"player_choice":"Memory 3","damage_taken":10,"max_hp_gain":0,"max_hp_loss":0,"event_name":"SensoryStone","floor":37,"gold_loss":0},{"damage_healed":0,"gold_gain":0,"player_choice":"Upgraded","damage_taken":0,"max_hp_gain":0,"max_hp_loss":0,"event_name":"Upgrade Shrine","floor":38,"gold_loss":0,"cards_upgraded":["chefmod:FrozenTuna"]},{"damage_healed":0,"gold_gain":0,"player_choice":"Rummage","damage_taken":0,"relics_obtained":["WarpedTongs"],"max_hp_gain":0,"max_hp_loss":0,"event_name":"Accursed Blacksmith","floor":41,"gold_loss":0,"cards_obtained":["Pain"]}],"is_beta":true,"boss_relics":[{"not_picked":["Coffee Dripper","Busted Crown"],"picked":"Cursed Key"},{"not_picked":["Empty Cage","Fusion Hammer"],"picked":"Astrolabe"}],"items_purged_floors":[19],"is_endless":false,"potions_floor_spawned":[3,7,10,20,25,28,40,44],"killed_by":"3 Darklings","ascension_level":0}}