{"host":"17uzppmr1r5fe5jj","time":1612603266,"event":{"mods":["BaseMod","HololiveMod","Minty Spire (QoL Compilation)","Quick Restart","StSLib"],"gold_per_floor":[83,108,108,33,33,33,67,67,121,121,138,157,187,187,187,284,284,304,323,323,225,241,267,267,284,310,324,356,356,306,316,316,417,417,427,437,452,452,473,506,523,170,170,187,187,200,150,186,186,188],"floor_reached":51,"language":"ZHS","playtime":2638,"items_purged":["Hololive_Strike","Hololive_Strike","Hololive_Strike","Hololive_Defend","Hololive_Strike"],"score":1107,"play_id":"e09319da-dac0-4521-aa4f-4358dc68d1a5","local_time":"20210206172106","is_ascension_mode":false,"campfire_choices":[{"data":"Hololive_Rebound","floor":6.0,"key":"SMITH"},{"data":"Hololive_CocoNews","floor":8.0,"key":"SMITH"},{"data":"Hololive_LuckPotion","floor":10.0,"key":"SMITH"},{"data":"Hololive_StrengthChampion","floor":15.0,"key":"SMITH"},{"data":"Hololive_StrengthChampion+1","floor":29.0,"key":"SMITH"},{"data":"Hololive_StrengthChampion+2","floor":32.0,"key":"SMITH"},{"data":"Hololive_StrengthChampion+3","floor":45.0,"key":"SMITH"},{"data":"Hololive_StrengthChampion+4","floor":49,"key":"SMITH"}],"circlet_count":0,"master_deck":["Hololive_Defend","Hololive_Defend","Hololive_Defend","Hololive_LuckPotion+1","Hololive_Trident","Flash of Steel","Hololive_Rebound+1","Hololive_CocoNews+1","Hololive_Drill","Hololive_StrengthChampion+5","Hololive_StarCraft","Hololive_CallMurasakiShion","Hololive_Breathe","Hololive_FlyingPonyTail+1","Hololive_Yoholoon","Hololive_Breathe+1","Hololive_StarCraft+1","Hololive_RevenueBasedLive+1","Hololive_Watashimo+1","Hololive_CandyCastle+1","Parasite","Hololive_FlyingPonyTail+1"],"relics":["Hololive_TheStar","Hololive_Peko","Potion Belt","Sundial","Oddly Smooth Stone","Bag of Marbles","PreservedInsect","Smiling Mask","Black Star","Boot","Toxic Egg 2","Nunchaku","Blue Candle","Bronze Scales","Runic Pyramid","Mercury Hourglass","Hololive_FriedShrimpLion","Lantern","Lee\u0027s Waffle","Unceasing Top","Strawberry","Omamori"],"acts_visited":["Exordium","TheCity","TheBeyond"],"potions_floor_usage":[48,50,50,50,50,50],"damage_taken":[{"damage":0.0,"enemies":"Cultist","floor":1.0,"turns":3.0},{"damage":0.0,"enemies":"3 Sentries","floor":7.0,"turns":7.0},{"damage":0.0,"enemies":"Jaw Worm","floor":11.0,"turns":2.0},{"damage":0.0,"enemies":"Small Slimes","floor":12.0,"turns":2.0},{"damage":0.0,"enemies":"Gremlin Nob","floor":13.0,"turns":3.0},{"damage":0.0,"enemies":"The Guardian","floor":16.0,"turns":7.0},{"damage":0.0,"enemies":"Chosen","floor":18.0,"turns":4.0},{"damage":0.0,"enemies":"Spheric Guardian","floor":19.0,"turns":4.0},{"damage":0.0,"enemies":"Snake Plant","floor":22.0,"turns":3.0},{"damage":0.0,"enemies":"Book of Stabbing","floor":23.0,"turns":4.0},{"damage":0.0,"enemies":"Centurion and Healer","floor":25.0,"turns":5.0},{"damage":0.0,"enemies":"Snecko","floor":27.0,"turns":4.0},{"damage":0.0,"enemies":"Gremlin Leader","floor":28.0,"turns":4.0},{"damage":0.0,"enemies":"Shelled Parasite and Fungi","floor":31.0,"turns":4.0},{"damage":0.0,"enemies":"Champ","floor":33.0,"turns":7.0},{"damage":0.0,"enemies":"Orb Walker","floor":35.0,"turns":2.0},{"damage":0.0,"enemies":"3 Shapes","floor":36.0,"turns":3.0},{"damage":0.0,"enemies":"Maw","floor":37.0,"turns":5.0},{"damage":0.0,"enemies":"4 Shapes","floor":39.0,"turns":4.0},{"damage":0.0,"enemies":"Nemesis","floor":40.0,"turns":4.0},{"damage":0.0,"enemies":"Sphere and 2 Shapes","floor":41.0,"turns":3.0},{"damage":0.0,"enemies":"Writhing Mass","floor":44.0,"turns":4.0},{"damage":0.0,"enemies":"Spire Growth","floor":46.0,"turns":4.0},{"damage":0,"enemies":"Reptomancer","floor":48,"turns":4},{"damage":0,"enemies":"Donu and Deca","floor":50,"turns":7}],"seed_played":"-8808095692775857672","potions_obtained":[{"floor":1.0,"key":"SpeedPotion"},{"floor":16.0,"key":"SkillPotion"},{"floor":23.0,"key":"PowerPotion"},{"floor":28.0,"key":"AttackPotion"},{"floor":31.0,"key":"Swift Potion"},{"floor":33.0,"key":"LiquidBronze"},{"floor":36.0,"key":"SmokeBomb"},{"floor":38.0,"key":"ColorlessPotion"},{"floor":38.0,"key":"EssenceOfSteel"},{"floor":39.0,"key":"Ancient Potion"},{"floor":41.0,"key":"Weak Potion"},{"floor":44.0,"key":"AttackPotion"},{"floor":48,"key":"DuplicationPotion"}],"is_trial":false,"path_per_floor":["M","T","?","$","?","R","E","R","T","R","M","M","E","T","R","B",null,"M","M","?","$","M","E","?","M","T","M","E","R","$","M","R","B",null,"M","M","M","?","M","E","M","$","T","M","R","M","$","E","R","B",null],"character_chosen":"Hololive_HololiveCharacter","items_purchased":["Hololive_Breathe","Lantern","Lee\u0027s Waffle"],"campfire_rested":0,"item_purchase_floors":[21,42,42],"current_hp_per_floor":[35,35,35,35,35,35,35,35,35,35,35,35,35,35,35,35,35,35,35,35,35,35,35,35,35,35,35,35,35,35,35,35,35,35,35,35,35,35,35,35,35,42,42,42,42,42,42,49,49,49],"gold":188,"neow_bonus":"RANDOM_COLORLESS","is_daily":false,"chose_seed":false,"campfire_upgraded":8,"win_rate":0.0,"timestamp":1612603266,"path_taken":["M","?","?","$","?","R","E","R","T","R","M","M","E","?","R","BOSS","M","M","?","?","M","E","?","M","T","M","E","R","$","M","R","BOSS","M","M","M","?","M","E","M","$","T","M","R","M","?","E","R","BOSS"],"items_purchased_type":["Card","Relic","Relic"],"build_version":"2020-12-22","purchased_purges":5,"victory":true,"max_hp_per_floor":[35,35,35,35,35,35,35,35,35,35,35,35,35,35,35,35,35,35,35,35,35,35,35,35,35,35,35,35,35,35,35,35,35,35,35,35,35,35,35,35,35,42,42,42,42,42,42,49,49,49],"card_choices":[{"not_picked":["Trip","Impatience"],"picked":"Flash of Steel","floor":0.0},{"not_picked":["Hololive_CallAkaiHaato","Hololive_CocoNews","Hololive_HuntDinosaur"],"picked":"Hololive_Rebound","floor":1.0},{"not_picked":["Hololive_LuckPotion","Hololive_CocoNews","Hololive_DurableLive","Hololive_HuntDinosaur"],"picked":"SKIP","floor":7.0},{"not_picked":["Hololive_LuckPotion","Hololive_DurableLive","Hololive_HuntDinosaur"],"picked":"Hololive_CocoNews","floor":7.0},{"not_picked":["Hololive_HuntDinosaur","Hololive_CallOmaruPolka","Hololive_Trident"],"picked":"Hololive_Drill","floor":11.0},{"not_picked":["Hololive_CallShiranuiFlare","Hololive_LuckPotion","Hololive_RevenueBasedLive","Hololive_Rebound"],"picked":"SKIP","floor":12.0},{"not_picked":["Hololive_CallNakiriAyame","Hololive_Rebound","Hololive_CallAmaneKanata"],"picked":"Hololive_StrengthChampion","floor":13.0},{"not_picked":["Hololive_HighAtkLowDef","Hololive_DurableLive","Hololive_Nanodesu"],"picked":"Hololive_StarCraft","floor":16.0},{"not_picked":["Hololive_CallInugamiKorone","Hololive_CallAiraniIofifteen","Hololive_RevenueBasedLive"],"picked":"Hololive_CallMurasakiShion","floor":18.0},{"not_picked":["Hololive_Sequa+1","Hololive_Psychosis","Hololive_Rebound","Hololive_CocoNews"],"picked":"SKIP","floor":19.0},{"not_picked":["Hololive_HuntDinosaur","Hololive_RevenueBasedLive","Hololive_CocoNews","Hololive_CallNakiriAyame"],"picked":"SKIP","floor":22.0},{"not_picked":["Hololive_CallDoris","Hololive_Sequa","Hololive_CallAZKi"],"picked":"Hololive_FlyingPonyTail+1","floor":23.0},{"not_picked":["Hololive_CocoNews","Hololive_CallShiroganeNoel+1","Hololive_CallManoAloe","Hololive_Rebound+1"],"picked":"SKIP","floor":25.0},{"not_picked":["Hololive_CallNatsuiroMatsuri","Hololive_ILoveYou+1","Hololive_OvertimeWork","Hololive_CocoNews+1"],"picked":"SKIP","floor":27.0},{"not_picked":["Hololive_CallUsadaPekora","Hololive_CallSakuraMiko","Hololive_DevilCharm+1","Hololive_HighAtkLowDef+1"],"picked":"SKIP","floor":28.0},{"not_picked":["Hololive_Psychosis","Hololive_CallArtia","Hololive_HuntDinosaur+1"],"picked":"Hololive_Breathe+1","floor":31.0},{"not_picked":["Hololive_Recruit+1","Hololive_ASMR","Hololive_Rebirth+1"],"picked":"Hololive_StarCraft+1","floor":33.0},{"not_picked":["Hololive_Breathe+1","Hololive_CallYozoraMel+1","Hololive_Psychosis+1","Hololive_CallAkaiHaato"],"picked":"SKIP","floor":35.0},{"not_picked":["Hololive_CallMoonaHoshinova","Hololive_StrengthChampion+1","Hololive_CallYuzukiChoco+1","Hololive_Trident+1"],"picked":"SKIP","floor":36.0},{"not_picked":["Hololive_OvertimeWork","Hololive_CocoNews","Hololive_Trident"],"picked":"Hololive_RevenueBasedLive+1","floor":37.0},{"not_picked":["Hololive_CallTsunomakiWatame+1","Hololive_Psychosis","Hololive_Sequa+1"],"picked":"Hololive_Watashimo+1","floor":39.0},{"not_picked":["Hololive_Psychosis","Hololive_CallMoonaHoshinova","Hololive_CallOkamiMio"],"picked":"Hololive_CandyCastle+1","floor":40.0},{"not_picked":["Hololive_Sequa","Hololive_CallShishiroBotan","Hololive_OvertimeWork","Hololive_StrengthChampion"],"picked":"SKIP","floor":41.0},{"not_picked":["Hololive_CallYukihanaLamy","Hololive_DevilCharm+1","Hololive_CallShiroganeNoel","Hololive_Trident"],"picked":"SKIP","floor":44.0},{"not_picked":["Hololive_CallOmaruPolka","Hololive_Breathe+1","Hololive_Trident+1"],"picked":"Hololive_FlyingPonyTail+1","floor":46.0},{"not_picked":["Hololive_BringToTrial+1","Hololive_CallYozoraMel","Hololive_DDD+1","Hololive_CocoNews"],"picked":"SKIP","floor":48}],"player_experience":268477,"relics_obtained":[{"floor":2.0,"key":"Potion Belt"},{"floor":7.0,"key":"Oddly Smooth Stone"},{"floor":9.0,"key":"Bag of Marbles"},{"floor":13.0,"key":"PreservedInsect"},{"floor":14.0,"key":"Smiling Mask"},{"floor":23.0,"key":"Boot"},{"floor":23.0,"key":"Toxic Egg 2"},{"floor":26.0,"key":"Nunchaku"},{"floor":28.0,"key":"Blue Candle"},{"floor":28.0,"key":"Bronze Scales"},{"floor":40.0,"key":"Mercury Hourglass"},{"floor":40.0,"key":"Hololive_FriedShrimpLion"},{"floor":43.0,"key":"Unceasing Top"},{"floor":48,"key":"Strawberry"},{"floor":48,"key":"Omamori"}],"event_choices":[{"damage_healed":0.0,"max_hp_gain":0.0,"max_hp_loss":0.0,"gold_gain":0.0,"event_name":"Liars Game","player_choice":"Ignored","floor":3.0,"gold_loss":0.0,"damage_taken":0.0},{"damage_healed":0.0,"max_hp_gain":0.0,"max_hp_loss":0.0,"gold_gain":0.0,"event_name":"Big Fish","player_choice":"Box","floor":5.0,"gold_loss":0.0,"damage_taken":0.0,"relics_obtained":["Sundial"],"cards_obtained":["Regret"]},{"cards_removed":["Regret"],"damage_healed":0.0,"max_hp_gain":0.0,"max_hp_loss":0.0,"gold_gain":0.0,"event_name":"Purifier","player_choice":"Purged","floor":20.0,"gold_loss":0.0,"damage_taken":0.0},{"damage_healed":0.0,"max_hp_gain":0.0,"max_hp_loss":0.0,"gold_gain":0.0,"event_name":"The Library","player_choice":"Read","floor":24.0,"gold_loss":0.0,"damage_taken":0.0,"cards_obtained":["Hololive_Yoholoon"]},{"damage_healed":0.0,"max_hp_gain":0.0,"max_hp_loss":0.0,"gold_gain":0.0,"event_name":"Lab","player_choice":"Got Potions","floor":38.0,"gold_loss":0.0,"damage_taken":0.0}],"is_beta":false,"boss_relics":[{"not_picked":["Tiny House","Velvet Choker"],"picked":"Black Star"},{"not_picked":["Philosopher\u0027s Stone","Snecko Eye"],"picked":"Runic Pyramid"}],"items_purged_floors":[4,21,30,42,47],"is_endless":false,"potions_floor_spawned":[1,16,23,28,31,33,36,39,41,44,48],"ascension_level":0}}