{"host":"1bvadgc0hovl67h4","time":1612649769,"event":{"mods":["BaseMod","Colored Map","Downfall","Hermit","Minty Spire (QoL Compilation)","StSLib","The Cursed"],"gold_per_floor":[99,199,114,114,124,143,196,296,360,379,393,425,225,243,256,355,355,355,375,385,385,129,114,114,114,114,114],"floor_reached":25,"language":"ENG","playtime":1683,"items_purged":[],"score":201,"play_id":"7772d74a-4daa-41ad-b4d0-4ba1435816d5","local_time":"20210206141609","is_ascension_mode":false,"campfire_choices":[{"floor":1,"key":"RECALL"},{"floor":13,"key":"REST"},{"data":"hexamod:Float","floor":18,"key":"SMITH"}],"circlet_count":0,"master_deck":["hexamod:Strike","hexamod:Strike","hexamod:Strike","hexamod:Strike","hexamod:Defend","hexamod:Defend","hexamod:Defend","hexamod:Defend","hexamod:Sear","hexamod:Float+1","hexamod:VolcanoVisage","hexamod:PowerFromBeyond+1","hexamod:RadiantFlame","hexamod:Rewind","hexamod:FlamesFromBeyond","hexamod:StepThrough","hexamod:InspiringFlames","hexamod:SuperheatedStrike","hexamod:WildfireWeapon","hexamod:TimeOfNeed","hexamod:AdvancingGuard+1","hexamod:SuperheatedStrike","hexamod:GiftsFromTheDead","downfall:Bewildered"],"relics":["hexamod:SpiritBrand","downfall:BrokenWingStatue","Bottled Lightning","Pantograph","downfall:HeartBlessingBlue","downfall:HeartBlessingRed","Cursed Key","hexamod:InflammatoryLetter","Bottled Tornado"],"acts_visited":["Exordium","TheCity"],"potions_floor_usage":[12,16,22,25],"damage_taken":[{"damage":0,"enemies":"downfall:FleeingMerchant","floor":3,"turns":4},{"damage":1,"enemies":"Jaw Worm","floor":5,"turns":4},{"damage":8,"enemies":"2 Louse","floor":6,"turns":3},{"damage":21,"enemies":"3 Sentries","floor":9,"turns":7},{"damage":0,"enemies":"Small Slimes","floor":10,"turns":3},{"damage":6,"enemies":"3 Louse","floor":11,"turns":4},{"damage":8,"enemies":"3 Sentries","floor":12,"turns":4},{"damage":10,"enemies":"Exordium Thugs","floor":14,"turns":4},{"damage":2,"enemies":"2 Fungi Beasts","floor":15,"turns":3},{"damage":57,"enemies":"WA_ARCHETYPE_RETAIN","floor":16,"turns":8},{"damage":17,"enemies":"Spheric Guardian","floor":19,"turns":4},{"damage":19,"enemies":"3 Byrds","floor":20,"turns":5},{"damage":0,"enemies":"downfall:FleeingMerchant","floor":22,"turns":4},{"damage":10,"enemies":"downfall:FleeingMerchant","floor":23,"turns":4},{"damage":35,"enemies":"Gremlin Leader","floor":25,"turns":3}],"seed_played":"3066716417884037297","potions_obtained":[{"floor":9,"key":"bronze:BurnAndBuffPotion"},{"floor":10,"key":"hexamod:SoulburnPotion"},{"floor":14,"key":"Strength Potion"},{"floor":15,"key":"bronze:BurnAndBuffPotion"},{"floor":16,"key":"Fire Potion"},{"floor":19,"key":"Swift Potion"}],"is_trial":false,"path_per_floor":["R","?","$","?","M","M","T","?","?","M","M","E","R","M","M","B",null,"R","M","M","?","$","$","T","E"],"character_chosen":"THE_SPIRIT","items_purchased":["hexamod:RadiantFlame","hexamod:InflammatoryLetter"],"campfire_rested":1,"item_purchase_floors":[3,22],"current_hp_per_floor":[63,63,63,63,62,54,54,54,33,33,27,19,50,40,38,6,73,73,56,37,37,37,27,27,0,0,0],"gold":114,"neow_bonus":"THREE_RARE_CARDS","is_daily":false,"chose_seed":false,"campfire_upgraded":1,"win_rate":0.0,"timestamp":1612649769,"path_taken":["R","?","$","?","M","M","T","?","?","M","M","E","R","M","M","BOSS","R","M","M","?","?","$","T","E"],"items_purchased_type":["Card","Relic"],"build_version":"2020-12-22","purchased_purges":0,"victory":false,"max_hp_per_floor":[63,63,63,63,63,63,63,63,63,63,63,63,73,73,73,73,73,73,73,73,73,73,73,73,73,73,73],"card_choices":[{"not_picked":["hexamod:UnlimitedPower","hexamod:ForkedFlame"],"picked":"hexamod:VolcanoVisage","floor":0},{"not_picked":["hexamod:NightmareGuise","hexamod:ShieldOfDarkness"],"picked":"hexamod:PowerFromBeyond","floor":3},{"not_picked":["hexamod:RetreatToShadows","hexamod:NightmareGuise"],"picked":"hexamod:Rewind","floor":5},{"not_picked":["hexamod:CatchUp","hexamod:HeatMetal"],"picked":"hexamod:FlamesFromBeyond","floor":6},{"not_picked":["hexamod:Haunt","hexamod:SwordOfDarkness"],"picked":"hexamod:StepThrough","floor":9},{"not_picked":["hexamod:SkipABeat","hexamod:SuperheatedStrike"],"picked":"hexamod:InspiringFlames","floor":10},{"not_picked":["hexamod:ChargedBarrage","hexamod:Hexaguard"],"picked":"hexamod:SuperheatedStrike","floor":11},{"not_picked":["hexamod:PhantomFireball","hexamod:AdvancingGuard","hexamod:NightmareGuise"],"picked":"SKIP","floor":12},{"not_picked":["hexamod:GhostLash","hexamod:PhantomCloak"],"picked":"hexamod:WildfireWeapon","floor":14},{"not_picked":["hexamod:BacktrackSmack","hexamod:NightmareStrike","hexamod:AdvancingGuard"],"picked":"SKIP","floor":15},{"not_picked":["hexamod:Toasty","hexamod:SearingWound"],"picked":"hexamod:TimeOfNeed","floor":16},{"not_picked":["hexamod:InspiringFlames","hexamod:Again","hexamod:StepThrough"],"picked":"SKIP","floor":19},{"not_picked":["hexamod:GhostOfSpirePast","hexamod:NightmareStrike+1"],"picked":"hexamod:AdvancingGuard+1","floor":20},{"not_picked":["hexamod:NightmareGuise","hexamod:ThirdSeal"],"picked":"hexamod:SuperheatedStrike","floor":22},{"not_picked":["hexamod:BurningTouch","hexamod:HauntingEcho"],"picked":"hexamod:GiftsFromTheDead","floor":23}],"player_experience":244387,"relics_obtained":[{"floor":9,"key":"Bottled Lightning"},{"floor":12,"key":"Pantograph"},{"floor":24,"key":"Bottled Tornado"}],"event_choices":[],"is_beta":false,"boss_relics":[{"not_picked":["Calling Bell","Empty Cage"],"picked":"Cursed Key"}],"items_purged_floors":[],"is_endless":false,"potions_floor_spawned":[9,10,14,15,16,19,20],"killed_by":"Gremlin Leader","ascension_level":0}}