{"host":"6drv1qzpbnls60z2","time":1612605463,"event":{"mods":["ATMod(°¢èªMod)","Act Like it!","Arknights","BaseMod","Hallownest","Jedi Mod","Minty Spire (QoL Compilation)","Reliquary","Replay The Spire","Shop Mod","Spicy Shops","StSLib","Uncapped","¡¾ÒÅÎï¿¨ÅÆ¡¿REMEMod","²ÐÁôÖ®Îï","óô»ðÖ¸ÄÏ"],"gold_per_floor":[118,118,138,25,44,44,76,76,76,76,76,102,21,55,165,261,261,284,284,304,12,12,12],"floor_reached":22,"language":"ZHS","playtime":1131,"items_purged":[],"score":584,"play_id":"bbf82631-9e9e-48b4-9ae6-e7e9be0afa4f","local_time":"20210206175743","daily_mods":["SealedDeck","Heirloom","Time Dilation","Flight"],"is_ascension_mode":true,"campfire_choices":[{"data":"ats:Composite Medical Shells","floor":6,"key":"SMITH"},{"floor":10,"key":"REST"}],"circlet_count":0,"master_deck":["AscendersBane","AT_KneejerkReflex","REME_Shoggoth","ats:Sword Rain","ats:Powerful Strike","ats:Part Time Job","ats:Poison Spread","ats:Support Order","ats:Assault Order","ats:Poison Spread","ats:Closed Bolt Burst Fire","ats:Poison Spread","ats:Hook Shot","ats:Rapid Magazine+1","ats:Explosion Area Strengthen","ats:Composite Medical Shells+1","ats:Thermite Blade","ats:Revitalization","Injury","ats:Apocalypse","ats:Ambush","ats:Powerful Strike","ats:Healing Drone","ats:Shell Defense","ats:Explosion Area Strengthen"],"relics":["ats:Sanity","AT_ATBox","REME_ComplimentaryCards","Peace Pipe","ats:Originium","Orichalcum","ReplayTheSpireMod:Shallot","reliquary:SilkGlove","Golden Idol","Vajra","PreservedInsect","Akabeko","PlaceholderMod:LiveLive","AT_TrinityForce","REME_HandOfSuture","jedi:ominousloannote","MerchantsRug","Blood Vial","Replay:Multitool"],"acts_visited":["Exordium","Hallownest:CityofTears"],"potions_floor_usage":[7,16],"damage_taken":[{"damage":12,"enemies":"Jaw Worm","floor":1,"turns":2},{"damage":10,"enemies":"Small Slimes","floor":3,"turns":3},{"damage":0,"enemies":"2 Louse","floor":5,"turns":2},{"damage":40,"enemies":"3 Sentries","floor":7,"turns":6},{"damage":13,"enemies":"Lagavulin","floor":14,"turns":4},{"damage":16,"enemies":"The Guardian","floor":16,"turns":6},{"damage":27,"enemies":"Hallownest:2_Mistakes","floor":18,"turns":4},{"damage":12,"enemies":"Hallownest:Guard_and_Sentry","floor":20,"turns":3},{"damage":20,"enemies":"Hallownest:Master_and_Novice","floor":22,"turns":4}],"seed_played":"-3720108090588003601","potions_obtained":[{"floor":1,"key":"BlessingOfTheForge"},{"floor":14,"key":"PowerPotion"},{"floor":16,"key":"PowerPotion"}],"is_trial":true,"path_per_floor":["M","?","M","$","M","R","E","T","T","R","?","T","$","E","R","B",null,"M","?","M","$","M"],"character_chosen":"DOCTOR_CLASS","items_purchased":["ats:Composite Medical Shells","PreservedInsect","REME_HandOfSuture","jedi:ominousloannote","MerchantsRug","Blood Vial","Replay:Multitool","ats:Shell Defense"],"campfire_rested":1,"item_purchase_floors":[4,13,21,21,21,21,21,21],"current_hp_per_floor":[53,53,43,43,46,46,12,12,12,33,33,33,33,29,29,28,61,49,44,34,34,21,21],"gold":12,"neow_bonus":"","is_daily":false,"chose_seed":false,"campfire_upgraded":1,"win_rate":0.0,"timestamp":1612605463,"path_taken":["M","?","M","$","M","R","E","?","T","R","?","?","$","E","R","BOSS","M","?","M","$","?"],"items_purchased_type":["Card","Relic","Relic","Relic","Relic","Relic","Relic","Card"],"build_version":"2020-12-22","purchased_purges":0,"victory":false,"max_hp_per_floor":[72,72,72,72,72,72,72,72,72,72,72,72,72,72,72,72,72,72,44,44,44,44,44],"card_choices":[{"not_picked":["ats:Part Time Job","ats:Demon Strength"],"picked":"ats:Rapid Magazine","floor":1},{"not_picked":["ats:Blood Oath","ats:Guardian Obelisk"],"picked":"ats:Explosion Area Strengthen","floor":3},{"not_picked":["ats:Closed Bolt Burst Fire","ats:Hammer On"],"picked":"ats:Thermite Blade","floor":5},{"not_picked":["ats:Leaping Hammer","ats:Shadow Raid"],"picked":"ats:Revitalization","floor":7},{"not_picked":["ats:Shadow Raid","ats:Burning Ground"],"picked":"ats:Apocalypse","floor":14},{"not_picked":["ats:Soul Rend","ats:True Silver Slash"],"picked":"ats:Ambush","floor":16},{"not_picked":["ats:Curse Doll","ats:Composite Medical Shells"],"picked":"ats:Powerful Strike","floor":18},{"not_picked":["ats:Curse Doll","ats:Demon Strength"],"picked":"ats:Healing Drone","floor":20},{"not_picked":["ats:Absolute Focus","ats:Very Hot Blade"],"picked":"ats:Explosion Area Strengthen","floor":22}],"player_experience":194671,"relics_obtained":[{"floor":7,"key":"ats:Originium"},{"floor":7,"key":"Orichalcum"},{"floor":8,"key":"ReplayTheSpireMod:Shallot"},{"floor":9,"key":"reliquary:SilkGlove"},{"floor":12,"key":"Vajra"},{"floor":14,"key":"ats:Originium"},{"floor":14,"key":"Akabeko"}],"event_choices":[{"damage_healed":0,"gold_gain":0,"player_choice":"Grow","damage_taken":0,"max_hp_gain":0,"max_hp_loss":0,"event_name":"Living Wall","floor":2,"gold_loss":0,"cards_upgraded":["ats:Rapid Magazine"]},{"damage_healed":0,"gold_gain":0,"player_choice":"Take Wound","damage_taken":0,"relics_obtained":["Golden Idol"],"max_hp_gain":0,"max_hp_loss":0,"event_name":"Golden Idol","floor":11,"gold_loss":0,"cards_obtained":["Injury"]}],"is_beta":false,"boss_relics":[{"not_picked":["Philosopher\u0027s Stone","reliquary:WritOfMandamus"],"picked":"PlaceholderMod:LiveLive"}],"items_purged_floors":[],"is_endless":true,"potions_floor_spawned":[1,14,16],"killed_by":"Hallownest:Master_and_Novice","ascension_level":20}}