{"host":"rlwsj8oje50c4na7","time":1612592481,"event":{"mods":["2.2 Compatiblity","Act Like it!","Arknights","Aspiration","BaseMod","Beaked The Cultist","Bestiary","Better Altar","Better Match","Better Note","Better Sensory Stone","Better Skull","Better Third Choice","Better Vampires","BetterRewards","Bossed Relics","Colored Map","Colored Powertips","Conspire","Defuse TimeMaze Blight","Energized Spire","Friendly Minions","Gensokyo","GifTheSpireLib","GungeonMod","Halation","Hallownest","Hermit","Highlight Path","Hubris","Infinite Spire","Ironclad Rager","Jedi Mod","JesterMod","Jorbs\u0027s Wanderer Trilogy","Mad Scientist","Minty Spire (QoL Compilation)","Pale of the Ancients","Quick Restart","Random Character Button","Relic Filter","Relic Stats","Reliquary","Reorder Act Four","Replay The Spire","Retaliation","Shade Mod","Shop Mod","Spicy Shops","StSLib","Stuff the Spire","The Administrix","The Blackbeard","The Bladedancer","The Blue Laboratory","The Bug Knight","The Clintock","The Construct","The Cursed","The Disciple","The Exalted","The Forsaken","The Hierophant","The IronCluck","The Judge","The Kombatant","The Marked","The Mystic","The Necromancer","The Runesmith","The Servant 0.9.4","TheSwordswoman","Waifu the Spire","everything is the same but u backflip on backflip","slay the spire mod where everything is the same but ironclad has a cowboy hat"],"gold_per_floor":[110,123,73,112,37,37,80,122,122,150,150,168,223,250,250,363,363,403,417,417,417,167,167,187,202,202,202,232,249,280,288,288,411,411,439,439,460,466,493,493,528,528,552,552,578,913,913,913,913,919,919,976,976,976,976],"floor_reached":56,"language":"ENG","playtime":14566,"items_purged":["beaked:Strike_Y","beaked:Strike_Y","Pride"],"score":1211,"play_id":"9749da6b-29c1-473b-9f4a-e42fd6d4542f","local_time":"20210206082121","is_ascension_mode":false,"campfire_choices":[{"floor":6.0,"key":"RECALL"},{"data":"beaked:Ceremony","floor":11.0,"key":"SMITH"},{"data":"beaked:RitualOfBody","floor":23.0,"key":"SMITH"},{"data":"beaked:Ceremony","floor":32.0,"key":"SMITH"},{"data":"beaked:AwakenedForm","floor":40.0,"key":"SMITH"},{"data":"beaked:TuckingFeathers","floor":49.0,"key":"SMITH"},{"data":"beaked:Insight","floor":53.0,"key":"SMITH"}],"circlet_count":0,"master_deck":["beaked:Strike_Y","beaked:Strike_Y","beaked:Strike_Y","beaked:Defend_Y","beaked:Defend_Y","beaked:Defend_Y","beaked:Defend_Y","beaked:Ceremony+1","beaked:Ceremony","beaked:Ceremony+1","beaked:RitualOfBody+1","beaked:TuckingFeathers+1","beaked:Redirect","beaked:BraceForImpact+1","beaked:Redirect+1","beaked:Resilience","beaked:Insight+1","ReplayTheSpireMod:Prepare the Ceremony+1","beaked:AwakenedForm+1","Bandage Up","beaked:WarriorEssence","beaked:DigDeeper+1","infinitespire:Starlight","infinitespire:Fortify+1","infinitespire:Gouge+1","Replay:Fractal Strike","beaked:Evade+1","beaked:WarriorSpirit","beaked:MachineSpirit","Hallownest:attackAdjustingAction","beaked:Tweet","beaked:ScreechingChant","beaked:Redirect","StuffTheSpire:Vigor"],"relics":["beaked:MendingPlumage","DemoMod:MonsterBlood","reliquary:IridiumChain","Astrolabe","hubris:Icosahedron","Hallownest:UnbreakableCardRelic","hubris:DeckOfHolding","infinitespire:Midas Blood","aspiration:MobileForge","energizedSpire:MagnifyingGlass","Old Coin","reliquary:SilkGlove","jedi:ominousloannote","jedi:Pinwheel","Replay:Baseball"],"acts_visited":["Hallownest:Greenpath","Hallownest:CityofTears","Hallownest:KingdomsEdge","TheEnding"],"potions_floor_usage":[54,54,55,55],"damage_taken":[{"damage":9.0,"enemies":"Hallownest:2_Baldur","floor":1.0,"turns":4.0},{"damage":8.0,"enemies":"2_ Uuma","floor":2.0,"turns":8.0},{"damage":10.0,"enemies":"Hallownest:monsterHuskWarrior","floor":4.0,"turns":7.0},{"damage":66.0,"enemies":"Hallownest:eliteCrystalGuardian","floor":7.0,"turns":17.0},{"damage":25.0,"enemies":"Hallownest:Guard_and_Warrior","floor":8.0,"turns":9.0},{"damage":0.0,"enemies":"Hallownest:monsterMossCharger","floor":10.0,"turns":11.0},{"damage":18.0,"enemies":"Hallownest:monsterFoolEater","floor":12.0,"turns":5.0},{"damage":16.0,"enemies":"Hallownest:eliteVengeflyKing","floor":13.0,"turns":13.0},{"damage":17.0,"enemies":"Hallownest:Guard_and_Warrior","floor":14.0,"turns":12.0},{"damage":87.0,"enemies":"Hallownest:BossBrokenVessel","floor":16.0,"turns":24.0},{"damage":35.0,"enemies":"Hallownest:2_Mistakes","floor":18.0,"turns":15.0},{"damage":50.0,"enemies":"Hallownest:Guard_and_Sentry","floor":19.0,"turns":7.0},{"damage":34.0,"enemies":"Hallownest:2_Husk_Sentries","floor":24.0,"turns":8.0},{"damage":41.0,"enemies":"Hallownest:3_Mistakes","floor":25.0,"turns":18.0},{"damage":38.0,"enemies":"Hallownest:eliteWatcherKnight","floor":28.0,"turns":12.0},{"damage":11.0,"enemies":"Hallownest:monsterShrumalOgre","floor":29.0,"turns":6.0},{"damage":55.0,"enemies":"Hallownest:2_Husk_Sentries","floor":30.0,"turns":7.0},{"damage":28.0,"enemies":"Hallownest:monsterMisterMushroom","floor":31.0,"turns":9.0},{"damage":46.0,"enemies":"Hallownest:BossMantisLord","floor":33.0,"turns":5.0},{"damage":64.0,"enemies":"Hallownest:2_Littles","floor":35.0,"turns":6.0},{"damage":24.0,"enemies":"Hallownest:3_Siblings","floor":37.0,"turns":4.0},{"damage":26.0,"enemies":"Hallownest:2_Great","floor":39.0,"turns":11.0},{"damage":49.0,"enemies":"Hallownest:2_Wandering_and_1_Horned","floor":41.0,"turns":9.0},{"damage":43.0,"enemies":"Hallownest:Shield_Sturdy","floor":45.0,"turns":7.0},{"damage":22.0,"enemies":"Hallownest:eliteHiveKnight","floor":46.0,"turns":7.0},{"damage":23.0,"enemies":"Hallownest:Radiance","floor":50.0,"turns":4.0},{"damage":51,"enemies":"Shield and Spear","floor":54,"turns":5},{"damage":100,"enemies":"The Heart","floor":55,"turns":6}],"seed_played":"-6570988182889581449","potions_obtained":[{"floor":4.0,"key":"LiquidBronze"},{"floor":7.0,"key":"blueLaboratory:SavagePotion"},{"floor":8.0,"key":"EssenceOfSteel"},{"floor":12.0,"key":"blueLaboratory:PhilterOfMotion"},{"floor":13.0,"key":"Explosive Potion"},{"floor":24.0,"key":"Reflective Coating"},{"floor":25.0,"key":"PowerPotion"},{"floor":30.0,"key":"blueLaboratory:HorrorPotion"},{"floor":33.0,"key":"blueLaboratory:BottledHope"},{"floor":39.0,"key":"blueLaboratory:RecallPotion"},{"floor":45.0,"key":"Weak Potion"},{"floor":46.0,"key":"BlessingOfTheForge"},{"floor":54,"key":"SpeedPotion"}],"is_trial":false,"path_per_floor":["M","M","?","M","?","R","E","M","T","M","R","M","E","M","R_BF","B",null,"M","M","?","AVR","?","R","M","M","T","?","E","M","M","M","R","B",null,"M","?","M","?","M","R","M","AVR","T","?","M","E","?","T","R","B",null,"$","R","E","B",null],"character_chosen":"BEAKED_THE_CULTIST","items_purchased":["jedi:ominousloannote","jedi:Pinwheel","SpeedPotion"],"campfire_rested":0,"item_purchase_floors":[52,52,52],"current_hp_per_floor":[49,50,50,50,50,50,41,43,43,57,57,46,57,57,57,57,57,57,36,36,36,36,36,49,57,57,47,57,57,52,57,57,57,57,37,52,57,38,57,57,57,57,57,57,57,53,53,53,53,56,57,57,57,57,57],"gold":976,"neow_bonus":"REMOVE_CARD","is_daily":false,"chose_seed":false,"campfire_upgraded":6,"win_rate":0.0,"timestamp":1612592481,"path_taken":["M","M","?","M","?","R","E","M","T","M","R","M","E","M","R_BF","BOSS","M","M","?","AVR","?","R","M","?","T","?","E","?","?","M","R","BOSS","M","?","M","?","M","R","?","AVR","T","?","M","E","?","?","R","BOSS","$","R","E","BOSS"],"items_purchased_type":["Relic","Relic","Potion"],"build_version":"2020-12-22","purchased_purges":3,"victory":true,"max_hp_per_floor":[50,50,50,50,50,50,57,57,57,57,57,57,57,57,57,57,57,57,57,57,57,57,57,57,57,57,57,57,57,57,57,57,57,57,57,57,57,57,57,57,57,57,57,57,57,57,57,57,57,57,57,57,57,57,57],"relic_stats":{"counters":[28,256],"Astrolabe":[],"obtain_stats":[{"reliquary:SilkGlove":48,"Astrolabe":17,"Hallownest:UnbreakableCardRelic":22,"DemoMod:GlassGuonStoneRelic":7,"jedi:Pinwheel":52,"reliquary:IridiumChain":13,"Old Coin":46,"Replay:Baseball":54,"hubris:Icosahedron":20,"DemoMod:MonsterBlood":7,"aspiration:MobileForge":34,"jedi:ominousloannote":52,"hubris:DeckOfHolding":26,"MealTicket":43,"energizedSpire:MagnifyingGlass":42,"beaked:MendingPlumage":0,"infinitespire:Midas Blood":28},{"reliquary:SilkGlove":25,"Astrolabe":10,"Hallownest:UnbreakableCardRelic":12,"DemoMod:GlassGuonStoneRelic":4,"jedi:Pinwheel":26,"reliquary:IridiumChain":8,"Old Coin":25,"Replay:Baseball":27,"hubris:Icosahedron":12,"DemoMod:MonsterBlood":4,"aspiration:MobileForge":19,"jedi:ominousloannote":26,"hubris:DeckOfHolding":14,"MealTicket":23,"energizedSpire:MagnifyingGlass":23,"beaked:MendingPlumage":0,"infinitespire:Midas Blood":15},{"reliquary:SilkGlove":241,"Astrolabe":110,"Hallownest:UnbreakableCardRelic":132,"DemoMod:GlassGuonStoneRelic":36,"jedi:Pinwheel":245,"reliquary:IridiumChain":74,"Old Coin":241,"Replay:Baseball":250,"hubris:Icosahedron":132,"DemoMod:MonsterBlood":36,"aspiration:MobileForge":197,"jedi:ominousloannote":245,"hubris:DeckOfHolding":158,"MealTicket":227,"energizedSpire:MagnifyingGlass":227,"beaked:MendingPlumage":0,"infinitespire:Midas Blood":170}]},"card_choices":[{"not_picked":["beaked:WarriorEssence","beaked:SacrificialDive"],"picked":"beaked:RitualOfBody","floor":1.0},{"not_picked":["beaked:Struggle","beaked:RuinSticks"],"picked":"beaked:TuckingFeathers","floor":2.0},{"not_picked":["beaked:BounceBack","beaked:Daydream"],"picked":"beaked:Redirect","floor":4.0},{"not_picked":["beaked:Redirect+1","beaked:DigDeep+1"],"picked":"beaked:BraceForImpact+1","floor":5.0},{"not_picked":["beaked:BraceForImpact+1","beaked:Daydream+1"],"picked":"beaked:Redirect+1","floor":5.0},{"not_picked":["beaked:Daydream","beaked:Molting"],"picked":"beaked:Resilience","floor":7.0},{"not_picked":["beaked:TuckingFeathers","beaked:Redirect"],"picked":"beaked:Insight","floor":8.0},{"not_picked":["beaked:Roost","beaked:MimicMachine","beaked:MimicWarrior"],"picked":"SKIP","floor":10.0},{"not_picked":["beaked:Redirect","beaked:Tweet"],"picked":"ReplayTheSpireMod:Prepare the Ceremony","floor":12.0},{"not_picked":["beaked:Poke","beaked:TuckingFeathers"],"picked":"beaked:AwakenedForm","floor":13.0},{"not_picked":["beaked:TuckingFeathers","beaked:Daydream","beaked:CursingBlood"],"picked":"SKIP","floor":14.0},{"not_picked":["beaked:TuckingFeathers","beaked:Daydream","beaked:CursingBlood"],"picked":"SKIP","floor":14.0},{"not_picked":["Secret Weapon","Replay:Sssssssssshield"],"picked":"Bandage Up","floor":15.0},{"not_picked":["beaked:Tweet","beaked:Daydream+1"],"picked":"beaked:WarriorEssence","floor":18.0},{"not_picked":["beaked:BarbedWire","beaked:DesperateSwing"],"picked":"beaked:DigDeeper+1","floor":19.0},{"not_picked":["beaked:RuinSticks","beaked:Cower"],"picked":"beaked:Evade+1","floor":24.0},{"not_picked":["beaked:RitualOfBody","beaked:Poke+1","beaked:Daydream"],"picked":"SKIP","floor":25.0},{"not_picked":["beaked:CursingBlood+1","beaked:RitualOfBody+1"],"picked":"beaked:WarriorSpirit","floor":28.0},{"not_picked":["beaked:Resilience","beaked:Daydream+1","beaked:DarkPact"],"picked":"SKIP","floor":29.0},{"not_picked":["beaked:Windmill","beaked:SurvivalInstinct"],"picked":"beaked:MachineSpirit","floor":30.0},{"not_picked":["beaked:CursingBlood","beaked:TuckingFeathers"],"picked":"beaked:Tweet","floor":31.0},{"not_picked":["beaked:DarkTribute","beaked:VolatileMisfortune"],"picked":"beaked:ScreechingChant","floor":33.0},{"not_picked":["beaked:BloodForTheGods+1","beaked:Negation+1"],"picked":"beaked:Redirect","floor":35.0},{"not_picked":["beaked:DigDeep+1","beaked:Overexert","beaked:WarriorEssence+1"],"picked":"SKIP","floor":37.0},{"not_picked":["beaked:MimicWarrior","beaked:Daydream+1","beaked:Evade"],"picked":"SKIP","floor":39.0},{"not_picked":["beaked:Tradeoff+1","beaked:Daydream+1","beaked:MimicHuntress"],"picked":"SKIP","floor":41.0},{"not_picked":["StuffTheSpire:Harmony","StuffTheSpire:Innocence"],"picked":"StuffTheSpire:Vigor","floor":44.0},{"not_picked":["beaked:WindBringer+1","beaked:CursingBlood","beaked:Poke"],"picked":"SKIP","floor":45.0},{"not_picked":["beaked:MimicHuntress","beaked:SacrificialAttack+1","beaked:TuckingFeathers"],"picked":"SKIP","floor":46.0},{"not_picked":["beaked:Overpower+1","beaked:BraceForImpact+1","beaked:MimicMachine"],"picked":"SKIP","floor":54}],"player_experience":1018941,"relics_obtained":[{"floor":7.0,"key":"DemoMod:MonsterBlood"},{"floor":13.0,"key":"reliquary:IridiumChain"},{"floor":26.0,"key":"hubris:DeckOfHolding"},{"floor":28.0,"key":"infinitespire:Midas Blood"},{"floor":43.0,"key":"MealTicket"},{"floor":46.0,"key":"Old Coin"},{"floor":48.0,"key":"reliquary:SilkGlove"},{"floor":54,"key":"Replay:Baseball"}],"event_choices":[{"damage_healed":0.0,"max_hp_gain":0.0,"max_hp_loss":0.0,"gold_gain":0.0,"event_name":"conspire:Investor","player_choice":"Invest 1","floor":3.0,"gold_loss":0.0,"damage_taken":0.0},{"damage_healed":0.0,"max_hp_gain":0.0,"max_hp_loss":0.0,"gold_gain":0.0,"event_name":"betterMatch:BetterMatch","player_choice":"2","floor":5.0,"gold_loss":0.0,"damage_taken":0.0,"cards_obtained":["betterMatch:CommonCard","betterMatch:CommonCard"]},{"damage_healed":0.0,"max_hp_gain":0.0,"max_hp_loss":0.0,"gold_gain":1.0,"event_name":"betterStone:BetterStone","player_choice":"1","floor":15.0,"gold_loss":0.0,"damage_taken":0.0},{"damage_healed":0.0,"max_hp_gain":0.0,"max_hp_loss":0.0,"gold_gain":0.0,"event_name":"betterSkull:BetterSkull","player_choice":"UP ","floor":27.0,"gold_loss":0.0,"damage_taken":12.0,"cards_upgraded":["infinitespire:Gouge"],"relics_obtained":[]},{"damage_healed":0.0,"max_hp_gain":0.0,"max_hp_loss":0.0,"gold_gain":0.0,"event_name":"betterSkull:BetterSkull","player_choice":"UP UP ","floor":38.0,"gold_loss":0.0,"damage_taken":23.0,"cards_upgraded":["ReplayTheSpireMod:Prepare the Ceremony","infinitespire:Fortify"],"relics_obtained":[]}],"is_beta":false,"boss_relics":[{"not_picked":["halation:Risk","aspiration:RitualDagger"],"picked":"Astrolabe"},{"not_picked":["halation:HeavySnake","Bromod:ArcaneEnergize"],"picked":"aspiration:MobileForge"}],"items_purged_floors":[21,42,52],"is_endless":false,"potions_floor_spawned":[4,7,8,12,13,24,25,30,33,39,45,46,54],"ascension_level":0}}