{"host":"p0hktren06injwdf","time":1612613643,"event":{"mods":["AchievementEnabler","BaseMod","Colored Map","DeckTracker","Minty Spire (QoL Compilation)","Permanent Neow","StSLib","SuperFastMode"],"gold_per_floor":[109,109,125,140,160,160,195,195,195,195,211,35,35,35,35,125,125,138,63,88,88,88,128,148,48,48,79,97,110,110,110],"floor_reached":30,"language":"KOR","playtime":526,"items_purged":["DevaForm+1","Defend_P"],"score":640,"play_id":"517d7e72-9897-4f66-a667-bfb85161e457","local_time":"20210206211403","is_ascension_mode":true,"campfire_choices":[{"data":"Consecrate","floor":6.0,"key":"SMITH"},{"floor":8.0,"key":"REST"},{"data":"Tantrum","floor":10.0,"key":"SMITH"},{"floor":15.0,"key":"REST"}],"circlet_count":0,"master_deck":["AscendersBane","Defend_P","Defend_P","Eruption+1","Vigilance","Consecrate+1","FlurryOfBlows","Tantrum+1","Sanctity","Study+1","Scrawl+1","FearNoEvil","LessonLearned+1","Indignation+1","SignatureMove+1","EmptyFist+1","Wallop","CutThroughFate+1","Halt"],"relics":["PureWater","Centennial Puzzle","Dream Catcher","Golden Idol","Question Card","Astrolabe","Eternal Feather","Thread and Needle","Bottled Tornado","Nunchaku"],"acts_visited":["Exordium","TheCity"],"potions_floor_usage":[23,23,30],"damage_taken":[{"damage":0.0,"enemies":"Small Slimes","floor":1.0,"turns":2.0},{"damage":4.0,"enemies":"2 Louse","floor":3.0,"turns":2.0},{"damage":0.0,"enemies":"Cultist","floor":4.0,"turns":2.0},{"damage":4.0,"enemies":"3 Louse","floor":5.0,"turns":2.0},{"damage":34.0,"enemies":"Lagavulin","floor":7.0,"turns":6.0},{"damage":0.0,"enemies":"Exordium Wildlife","floor":11.0,"turns":2.0},{"damage":0.0,"enemies":"Slime Boss","floor":16.0,"turns":5.0},{"damage":0.0,"enemies":"Spheric Guardian","floor":18.0,"turns":3.0},{"damage":0.0,"enemies":"Chosen","floor":20.0,"turns":2.0},{"damage":14,"enemies":"Book of Stabbing","floor":23,"turns":2},{"damage":11,"enemies":"Snake Plant","floor":24,"turns":3},{"damage":18,"enemies":"Gremlin Leader","floor":27,"turns":4},{"damage":0,"enemies":"Cultist and Chosen","floor":28,"turns":3},{"damage":0,"enemies":"3 Cultists","floor":29,"turns":3},{"damage":20,"enemies":"Snecko","floor":30,"turns":2}],"seed_played":"-7508193698220711509","potions_obtained":[{"floor":3.0,"key":"Weak Potion"},{"floor":5.0,"key":"SpeedPotion"},{"floor":16.0,"key":"StancePotion"},{"floor":18.0,"key":"Strength Potion"},{"floor":27,"key":"Energy Potion"},{"floor":28,"key":"Strength Potion"}],"is_trial":false,"path_per_floor":["M","?","M","M","M","R","E","R","T","R","M","$","?","?","R","B",null,"M","$","M","T","?","E","M","$","T","E","M","M","M"],"character_chosen":"WATCHER","items_purchased":["Scrawl","FearNoEvil"],"campfire_rested":2,"item_purchase_floors":[12,12],"current_hp_per_floor":[61,61,57,57,53,53,19,37,37,37,37,37,37,37,53,53,55,55,55,55,55,55,41,30,30,30,12,12,12,0,0],"gold":110,"neow_bonus":"REMOVE_TWO","is_daily":false,"chose_seed":false,"campfire_upgraded":2,"win_rate":0.0,"timestamp":1612613643,"path_taken":["M","?","M","M","M","R","E","R","T","R","M","$","?","?","R","BOSS","M","$","M","?","?","E","M","$","T","E","?","?","M"],"items_purchased_type":["Card","Card"],"build_version":"2020-12-22","purchased_purges":2,"victory":false,"max_hp_per_floor":[62,62,62,62,62,62,62,62,62,62,62,62,56,56,56,56,56,56,56,56,56,56,56,56,56,56,56,56,56,56,56],"card_choices":[{"not_picked":["Evaluate","SashWhip"],"picked":"Consecrate","floor":1.0},{"not_picked":["FollowUp","BowlingBash"],"picked":"FlurryOfBlows","floor":3.0},{"not_picked":["Wireheading","SashWhip"],"picked":"Tantrum","floor":4.0},{"not_picked":["Consecrate","PathToVictory","Conclude"],"picked":"SKIP","floor":5.0},{"not_picked":["FollowUp","Swivel"],"picked":"Sanctity","floor":7.0},{"not_picked":["Fasting2","LikeWater"],"picked":"Study","floor":11.0},{"not_picked":["LikeWater","CutThroughFate","EmptyBody"],"picked":"LessonLearned","floor":15.0},{"not_picked":["SashWhip","ForeignInfluence","WreathOfFlame"],"picked":"EmptyFist+1","floor":18.0},{"not_picked":["ClearTheMind","FlurryOfBlows","WreathOfFlame","Consecrate"],"picked":"SKIP","floor":20.0},{"not_picked":["Collect","ThirdEye","Consecrate","Prostrate"],"picked":"SKIP","floor":23},{"not_picked":["ClearTheMind","FlurryOfBlows+1","BowlingBash"],"picked":"Wallop","floor":24},{"not_picked":["Blasphemy","ThirdEye","FlyingSleeves"],"picked":"CutThroughFate+1","floor":27},{"not_picked":["Evaluate","JustLucky","Protect","SignatureMove"],"picked":"SKIP","floor":28},{"not_picked":["Protect","Sanctity","EmptyMind"],"picked":"Halt","floor":29}],"player_experience":1021843,"relics_obtained":[{"floor":7.0,"key":"Centennial Puzzle"},{"floor":9.0,"key":"Dream Catcher"},{"floor":21.0,"key":"Eternal Feather"},{"floor":23,"key":"Thread and Needle"},{"floor":26,"key":"Bottled Tornado"},{"floor":27,"key":"Nunchaku"}],"event_choices":[{"damage_healed":0.0,"max_hp_gain":0.0,"max_hp_loss":0.0,"gold_gain":0.0,"event_name":"Living Wall","player_choice":"Grow","floor":2.0,"gold_loss":0.0,"damage_taken":0.0,"cards_upgraded":["Eruption"]},{"damage_healed":0.0,"max_hp_gain":0.0,"max_hp_loss":6.0,"gold_gain":0.0,"event_name":"Golden Idol","player_choice":"Lose Max HP","floor":13.0,"gold_loss":0.0,"damage_taken":0.0,"relics_obtained":["Golden Idol"]},{"damage_healed":0.0,"max_hp_gain":0.0,"max_hp_loss":0.0,"gold_gain":0.0,"event_name":"WeMeetAgain","player_choice":"Gave Potion","floor":14.0,"gold_loss":0.0,"damage_taken":0.0,"relics_obtained":["Question Card"]},{"damage_healed":0.0,"max_hp_gain":0.0,"max_hp_loss":0.0,"gold_gain":0.0,"event_name":"Vampires","player_choice":"Ignored","floor":22.0,"gold_loss":0.0,"damage_taken":0.0}],"is_beta":false,"boss_relics":[{"not_picked":["Tiny House","Snecko Eye"],"picked":"Astrolabe"}],"items_purged_floors":[19,25],"is_endless":false,"potions_floor_spawned":[3,5,16,18,27,28,29],"killed_by":"Snecko","ascension_level":20}}