{"host":"qmnyg5dk1o6rw6mz","time":1612585063,"event":{"mods":["2.2 Compatiblity","AchievementEnabler","Act Like it!","Aspiration","Astrologer","BaseMod","Better Altar","Better Match","Better Note","Better Sensory Stone","Better Skull","Better Third Choice","Better Vampires","Colored Map","Colored Powertips","Defuse TimeMaze Blight","Disable Question Mark Monsters","Displayed Cursed Tome","Downfall","GifTheSpireLib","Hermit","Highlight Path","Hubris","Minty Spire (QoL Compilation)","Pale of the Ancients","Permanent Neow","Quick Restart","Relic Filter","Relic Sorter","Reliquary","Shop Mod","Spicy Shops","StSLib","Synergy Search","The Blue Laboratory","The Construct","The Disciple","Unceasing Turn Reminder","Wide Potions"],"gold_per_floor":[99,113,113,98,110,121,121,153,153,603,618,24,24,57,70,70,70,70],"floor_reached":16,"language":"ENG","playtime":553,"items_purged":[],"score":135,"play_id":"3b86083e-a7df-4e4a-809b-49a48ccd2ec0","local_time":"20210206121743","is_ascension_mode":false,"campfire_choices":[{"floor":1.0,"key":"RECALL"},{"data":"champ:Taunt","floor":13,"key":"SMITH"}],"circlet_count":0,"master_deck":["champ:Strike","champ:Strike","champ:Strike","champ:Defend","champ:Defend","champ:Defend","champ:Execute","champ:Taunt+1","champ:AdrenalArmor","champ:BringItOn","champ:FanOfKnives","downfall:Icky","downfall:Icky","downfall:Icky","champ:BerserkersShout","champ:FanOfKnives","champ:LastStand","champ:AdrenalArmor"],"relics":["champ:ChampionCrown","hubris:GlazedTorus","Du-Vu Doll","aspiration:IroncladSkillbook","Matryoshka","reliquary:Knoch","reliquary:OuijaBoard"],"acts_visited":["Exordium"],"potions_floor_usage":[8,8],"damage_taken":[{"damage":10.0,"enemies":"Jaw Worm","floor":2.0,"turns":3.0},{"damage":20.0,"enemies":"downfall:FleeingMerchant","floor":4.0,"turns":4.0},{"damage":10.0,"enemies":"2 Louse","floor":5.0,"turns":2.0},{"damage":12.0,"enemies":"Small Slimes","floor":6.0,"turns":4.0},{"damage":10,"enemies":"Lagavulin","floor":8,"turns":4},{"damage":22,"enemies":"Blue Slaver","floor":11,"turns":3},{"damage":30,"enemies":"downfall:FleeingMerchant","floor":12,"turns":4},{"damage":33,"enemies":"3 Sentries","floor":14,"turns":4},{"damage":16,"enemies":"Red Slaver","floor":15,"turns":3},{"damage":31,"enemies":"WA_ARCHETYPE_RETAIN","floor":16,"turns":4}],"seed_played":"-6590819770226733967","potions_obtained":[{"floor":2.0,"key":"hexamod:SoulburnPotion"},{"floor":6.0,"key":"Energy Potion"},{"floor":11,"key":"blueLaboratory:RememoryPotion"}],"is_trial":false,"path_per_floor":["R","M","?","$","M","M","T","E","?","?","M","$","R","E","M","B"],"character_chosen":"THE_CHAMP","items_purchased":["aspiration:IroncladSkillbook","Matryoshka","champ:FanOfKnives","reliquary:Knoch"],"campfire_rested":0,"item_purchase_floors":[12,12,12,12],"current_hp_per_floor":[63,63,63,63,63,61,61,61,61,61,49,44,44,35,28,0,0,0],"gold":70,"neow_bonus":"REMOVE_TWO","is_daily":false,"chose_seed":false,"campfire_upgraded":1,"win_rate":0.0,"timestamp":1612585063,"path_taken":["R","M","?","$","M","M","T","E","?","?","?","?","R","E","M","BOSS"],"items_purchased_type":["Relic","Relic","Card","Relic"],"build_version":"2020-12-22","purchased_purges":0,"victory":false,"max_hp_per_floor":[90,90,90,90,90,90,90,90,90,90,90,90,90,90,90,90,90,90],"card_choices":[{"not_picked":["champ:GladiatorStyle","champ:TornadoPunch"],"picked":"champ:AdrenalArmor","floor":2.0},{"not_picked":["champ:Haymaker","champ:Shatter"],"picked":"champ:BringItOn","floor":4.0},{"not_picked":["champ:FocusedDefense","champ:ShieldSlam","champ:BladeFlurry"],"picked":"SKIP","floor":5.0},{"not_picked":["champ:HoldFirm","champ:TornadoPunch"],"picked":"champ:FanOfKnives","floor":6.0},{"not_picked":["champ:Endure","champ:SetATrap","champ:PreciseThrust"],"picked":"SKIP","floor":8},{"not_picked":["champ:CalledShot","champ:AdrenalArmor"],"picked":"champ:BerserkersShout","floor":11},{"not_picked":["champ:SkillfulDodge","champ:Shatter","champ:DefensiveShout"],"picked":"SKIP","floor":12},{"not_picked":["champ:BladeFlurry","champ:SetATrap","champ:FalseCounter"],"picked":"champ:LastStand","floor":14},{"not_picked":["Wild Strike","champ:Backstep","Flame Barrier"],"picked":"champ:AdrenalArmor","floor":15}],"player_experience":173004,"relics_obtained":[{"floor":7.0,"key":"hubris:GlazedTorus"},{"floor":8,"key":"Du-Vu Doll"},{"floor":14,"key":"reliquary:OuijaBoard"}],"event_choices":[],"is_beta":false,"boss_relics":[],"items_purged_floors":[],"is_endless":false,"potions_floor_spawned":[2,6,11],"killed_by":"WA_ARCHETYPE_RETAIN","ascension_level":0}}