{"host":"rjbqai8ni6dsiu37","time":1612601984,"event":{"mods":["100% Spire Juice","BaseMod","CapriCore","GungeonMod","Marisa£¨Ùöéë¡¡Øª×âÞÞ£©","Minty Spire (QoL Compilation)","Replay The Spire","Shop Mod","StSLib","Td1madao Mod","The Cursed","The Jungle","The Poker Player","WarShipGirlsR/??á´Ò³R mod"],"gold_per_floor":[117,129,146,31,106,133,133,146,146,179,189,7,7,20,107,180,180,195,195,195,195],"floor_reached":20,"language":"KOR","playtime":862,"items_purged":[],"score":304,"play_id":"c87feb4f-84fc-4e6f-a307-a49f080c3b05","local_time":"20210206175944","is_ascension_mode":true,"campfire_choices":[{"floor":7,"key":"REST"},{"floor":13,"key":"REST"}],"circlet_count":0,"master_deck":["AscendersBane","rmod:strick","rmod:strick","rmod:strick+1","rmod:strick","rmod:defend","rmod:defend","rmod:defend","rmod:defend+1","rmod:basicallowance","rmod:maingunfire+1","rmod:highspeedmaneuver","rmod:openingtorpedo","rmod:intelligenceanalysis","CurseOfTheBell","rmod:aviationdawn+1"],"relics":["rmod:firstchargereward","DemoMod:GnawedKey","DemoMod:LamentConfigurum","DemoMod:PinkGuonStone","Kunai","MerchantsRug","Calling Bell","Simple Rune","White Beast Statue","Replay:Multitool"],"acts_visited":["Exordium","TheCity"],"potions_floor_usage":[10,10,16],"damage_taken":[{"damage":0,"enemies":"Cultist","floor":1,"turns":3},{"damage":0,"enemies":"Small Slimes","floor":2,"turns":2},{"damage":6,"enemies":"Jaw Worm","floor":3,"turns":3},{"damage":44,"enemies":"3 Sentries","floor":6,"turns":10},{"damage":13,"enemies":"Gremlin Gang","floor":8,"turns":5},{"damage":15,"enemies":"Lagavulin","floor":10,"turns":6},{"damage":0,"enemies":"3 Louse","floor":11,"turns":4},{"damage":0,"enemies":"Looter","floor":14,"turns":3},{"damage":30,"enemies":"The Guardian","floor":16,"turns":15},{"damage":25,"enemies":"Spheric Guardian","floor":18,"turns":6},{"damage":4,"enemies":"Shell Parasite","floor":20,"turns":3}],"seed_played":"2056246810011083788","potions_obtained":[{"floor":3,"key":"FearPotion"},{"floor":8,"key":"Energy Potion"},{"floor":10,"key":"SkillPotion"},{"floor":14,"key":"AttackPotion"},{"floor":16,"key":"Elixir"},{"floor":18,"key":"GamblersBrew"}],"is_trial":false,"path_per_floor":["M","M","M","$","?","E","R","M","T","E","M","$","R","M","R","B",null,"M","?","M"],"character_chosen":"PRAEFECT","items_purchased":["DemoMod:GnawedKey","MerchantsRug","rmod:intelligenceanalysis"],"campfire_rested":2,"item_purchase_floors":[4,12,12],"current_hp_per_floor":[68,68,62,62,51,7,29,16,23,8,8,8,32,32,32,2,62,37,37,33,33],"gold":195,"neow_bonus":"RANDOM_EVENT","is_daily":false,"chose_seed":false,"campfire_upgraded":0,"win_rate":0.0,"timestamp":1612601984,"path_taken":["M","M","M","$","?","E","R","M","T","E","M","$","R","M","R","BOSS","M","?","?"],"items_purchased_type":["Relic","Relic","Card"],"build_version":"2020-12-22","purchased_purges":0,"victory":false,"max_hp_per_floor":[75,75,75,75,75,75,75,75,82,82,82,82,82,82,82,82,82,82,82,82,82],"card_choices":[{"not_picked":["rmod:aluminumsupply","rmod:spoils","rmod:chargemoney"],"picked":"SKIP","floor":1},{"not_picked":["rmod:overbreakdown","rmod:maintain","rmod:supportescort"],"picked":"SKIP","floor":2},{"not_picked":["rmod:concentratefire","rmod:fletcherpendant","rmod:tearstotiara"],"picked":"SKIP","floor":3},{"not_picked":["rmod:maintain","rmod:seals","rmod:spoils"],"picked":"SKIP","floor":6},{"not_picked":["rmod:diamondstrike","rmod:firesupport","rmod:robin"],"picked":"SKIP","floor":8},{"not_picked":["rmod:tearstotiara","rmod:wife"],"picked":"rmod:highspeedmaneuver","floor":10},{"not_picked":["rmod:highspeedshooting","rmod:supportescort"],"picked":"rmod:openingtorpedo","floor":11},{"not_picked":["rmod:victimresponsibility","rmod:tearstotiara","rmod:unsinkable"],"picked":"SKIP","floor":14},{"not_picked":["rmod:slowdown","rmod:supriseattacks"],"picked":"rmod:aviationdawn+1","floor":18}],"player_experience":231267,"relics_obtained":[{"floor":6,"key":"DemoMod:LamentConfigurum"},{"floor":9,"key":"DemoMod:PinkGuonStone"},{"floor":10,"key":"Kunai"},{"floor":17,"key":"Simple Rune"},{"floor":17,"key":"White Beast Statue"},{"floor":17,"key":"Replay:Multitool"}],"event_choices":[{"damage_healed":0,"gold_gain":75,"player_choice":"Gather Gold","damage_taken":11,"max_hp_gain":0,"max_hp_loss":0,"event_name":"World of Goop","floor":5,"gold_loss":0},{"damage_healed":0,"gold_gain":0,"player_choice":"Bought 0 Potions","damage_taken":0,"max_hp_gain":0,"max_hp_loss":0,"event_name":"The Woman in Blue","floor":19,"gold_loss":0}],"is_beta":false,"boss_relics":[{"not_picked":["Busted Crown","Replay:Drink Me"],"picked":"Calling Bell"}],"items_purged_floors":[],"is_endless":false,"potions_floor_spawned":[3,8,10,14,16,18],"killed_by":"Shell Parasite","ascension_level":13}}