{"host":"9v3x998ddbx8o276","time":1612647106,"event":{"mods":["AchievementEnabler","BaseMod","Colored Map","Colored Powertips","Highlight Path","Minty Spire (QoL Compilation)","Quick Restart","Rare Cards Sparkle"],"gold_per_floor":[119,171,190,206,206,231,6,34,34,34,34],"floor_reached":10,"language":"ENG","playtime":237,"items_purged":["Strike_B"],"score":152,"play_id":"42b9bf4e-e764-43bf-aa50-372f3b9e9e17","local_time":"20210207080146","is_ascension_mode":true,"campfire_choices":[],"circlet_count":0,"master_deck":["AscendersBane","Strike_B","Strike_B","Defend_B","Defend_B","Defend_B","Defend_B","Zap","Dualcast","Streamline","Sweeping Beam","Sunder","Compile Driver","Static Discharge","Fission"],"relics":["Cracked Core","NeowsBlessing","Regal Pillow","Membership Card","HornCleat","Pen Nib"],"acts_visited":["Exordium"],"potions_floor_usage":[8,10],"damage_taken":[{"damage":0,"enemies":"Jaw Worm","floor":1,"turns":1},{"damage":0,"enemies":"2 Louse","floor":3,"turns":1},{"damage":0,"enemies":"Cultist","floor":4,"turns":1},{"damage":32,"enemies":"Gremlin Nob","floor":6,"turns":4},{"damage":27,"enemies":"Lagavulin","floor":8,"turns":6},{"damage":5,"enemies":"3 Sentries","floor":10,"turns":3}],"seed_played":"-2467450839379761384","potions_obtained":[{"floor":3,"key":"GamblersBrew"},{"floor":6,"key":"BlessingOfTheForge"}],"is_trial":false,"path_per_floor":["M","?","M","M","?","E","$","E","T","E"],"character_chosen":"DEFECT","items_purchased":["Membership Card","Static Discharge"],"campfire_rested":0,"item_purchase_floors":[7,7],"current_hp_per_floor":[64,64,64,64,64,32,32,5,5,0,0],"gold":34,"neow_bonus":"THREE_ENEMY_KILL","is_daily":false,"chose_seed":false,"campfire_upgraded":0,"win_rate":0.0,"timestamp":1612647106,"path_taken":["M","?","M","M","?","E","$","E","T","E"],"items_purchased_type":["Relic","Card"],"build_version":"2020-12-22","purchased_purges":1,"victory":false,"max_hp_per_floor":[71,71,71,71,71,71,71,71,71,71,71],"card_choices":[{"not_picked":["Hologram","Stack"],"picked":"Streamline","floor":1},{"not_picked":["Barrage","Compile Driver"],"picked":"Sweeping Beam","floor":3},{"not_picked":["Melter","White Noise"],"picked":"Sunder","floor":4},{"not_picked":["Redo","Stack"],"picked":"Compile Driver","floor":6},{"not_picked":["Recycle","Chaos"],"picked":"Fission","floor":8}],"player_experience":2222037,"relics_obtained":[{"floor":6,"key":"Regal Pillow"},{"floor":8,"key":"HornCleat"},{"floor":9,"key":"Pen Nib"}],"event_choices":[{"damage_healed":0,"gold_gain":52,"player_choice":"Gained Gold","damage_taken":0,"max_hp_gain":0,"max_hp_loss":0,"event_name":"Golden Wing","floor":2,"gold_loss":0},{"cards_removed":["Strike_B"],"damage_healed":0,"gold_gain":0,"player_choice":"Offered Basic","damage_taken":0,"max_hp_gain":0,"max_hp_loss":0,"event_name":"Bonfire Elementals","floor":5,"gold_loss":0}],"is_beta":false,"boss_relics":[],"items_purged_floors":[7],"is_endless":false,"potions_floor_spawned":[3,6],"killed_by":"3 Sentries","ascension_level":20}}