{"host":"sav7uxregyirlf69","time":1612601962,"event":{"mods":["AchievementEnabler","BaseMod","Colored Map","DeckTracker","Keyboard Shortcuts","Minty Spire (QoL Compilation)","READ ME - Guardian Mod","StSLib","SuperFastMode"],"gold_per_floor":[109,124,137,147,147,147,197,197,197,197,230,248,262,276,276,349,349,363,236,250,250,175,205,217,59,114,134,149,164,193,204,204,204,204],"floor_reached":33,"language":"KOR","playtime":713,"items_purged":["Strike_R","Anger"],"score":586,"play_id":"7949e08f-2f1d-43f5-9a35-ed092c604ddd","local_time":"20210206175922","is_ascension_mode":true,"campfire_choices":[{"data":"Rage","floor":6.0,"key":"SMITH"},{"floor":8.0,"key":"REST"},{"data":"Anger","floor":10.0,"key":"SMITH"},{"data":"Inflame","floor":15.0,"key":"SMITH"},{"data":"Pommel Strike","floor":32,"key":"SMITH"}],"circlet_count":0,"master_deck":["AscendersBane","Strike_R+1","Defend_R+1","Defend_R","Defend_R","Bash","Anger+1","Rage+1","Fiend Fire","Pommel Strike+1","Intimidate+1","Inflame+1","Reaper","Warcry+1","Armaments+1","Flame Barrier+1","Bludgeon","Flex+1","Shrug It Off+1"],"relics":["Burning Blood","HornCleat","Toxic Egg 2","Busted Crown","Anchor","Oddly Smooth Stone","Torii"],"acts_visited":["Exordium","TheCity"],"potions_floor_usage":[27,30],"damage_taken":[{"damage":6.0,"enemies":"Cultist","floor":1.0,"turns":3.0},{"damage":12.0,"enemies":"Jaw Worm","floor":2.0,"turns":3.0},{"damage":8.0,"enemies":"2 Louse","floor":3.0,"turns":3.0},{"damage":23.0,"enemies":"Gremlin Gang","floor":4.0,"turns":7.0},{"damage":25.0,"enemies":"Lagavulin","floor":11.0,"turns":7.0},{"damage":4.0,"enemies":"Large Slime","floor":12.0,"turns":6.0},{"damage":6.0,"enemies":"Looter","floor":13.0,"turns":3.0},{"damage":1.0,"enemies":"3 Louse","floor":14.0,"turns":3.0},{"damage":12.0,"enemies":"The Guardian","floor":16.0,"turns":8.0},{"damage":18,"enemies":"Chosen","floor":18,"turns":5},{"damage":7,"enemies":"3 Byrds","floor":20,"turns":7},{"damage":49,"enemies":"Gremlin Leader","floor":23,"turns":7},{"damage":0,"enemies":"Shelled Parasite and Fungi","floor":24,"turns":3},{"damage":6,"enemies":"Sentry and Sphere","floor":27,"turns":5},{"damage":19,"enemies":"Cultist and Chosen","floor":28,"turns":7},{"damage":17,"enemies":"Shelled Parasite and Fungi","floor":29,"turns":6},{"damage":23,"enemies":"Book of Stabbing","floor":30,"turns":6},{"damage":13,"enemies":"Centurion and Healer","floor":31,"turns":7},{"damage":102,"enemies":"Automaton","floor":33,"turns":8}],"seed_played":"6604638179377281991","potions_obtained":[{"floor":2.0,"key":"FairyPotion"},{"floor":4.0,"key":"CultistPotion"},{"floor":16.0,"key":"Block Potion"},{"floor":24,"key":"BloodPotion"},{"floor":27,"key":"Dexterity Potion"},{"floor":31,"key":"FearPotion"}],"is_trial":false,"path_per_floor":["M","M","M","M","?","R","?","R","T","R","E","M","M","M","R","B",null,"M","$","M","?","?","E","M","$","T","M","M","M","E","M","R","B"],"character_chosen":"IRONCLAD","items_purchased":["Armaments+1","Shrug It Off+1"],"campfire_rested":1,"item_purchase_floors":[19,25],"current_hp_per_floor":[75,69,67,50,25,25,17,41,41,41,22,24,24,29,29,23,67,62,62,68,68,68,30,36,36,36,52,39,40,23,30,30,0,0],"gold":204,"neow_bonus":"TEN_PERCENT_HP_BONUS","is_daily":false,"chose_seed":false,"campfire_upgraded":4,"win_rate":0.0,"timestamp":1612601962,"path_taken":["M","?","M","M","?","R","?","R","T","R","E","M","M","M","R","BOSS","M","$","M","?","?","E","M","$","T","M","M","M","E","M","R","BOSS"],"items_purchased_type":["Card","Card"],"build_version":"2020-12-22","purchased_purges":2,"victory":false,"max_hp_per_floor":[82,82,82,82,82,82,82,82,82,82,82,82,82,82,82,82,82,82,82,82,82,82,82,82,82,82,82,82,82,82,82,82,82,82],"card_choices":[{"not_picked":["Clothesline","Heavy Blade"],"picked":"Anger","floor":1.0},{"not_picked":["Thunderclap","Heavy Blade"],"picked":"Rage","floor":2.0},{"not_picked":["Sword Boomerang","Clash","Anger"],"picked":"SKIP","floor":3.0},{"not_picked":["Anger","Seeing Red","Bloodletting"],"picked":"SKIP","floor":4.0},{"not_picked":["Twin Strike","Headbutt"],"picked":"Fiend Fire","floor":11.0},{"not_picked":["Iron Wave","Hemokinesis"],"picked":"Pommel Strike","floor":12.0},{"not_picked":["Perfected Strike","Heavy Blade"],"picked":"Intimidate+1","floor":13.0},{"not_picked":["Warcry+1","Flex+1"],"picked":"Inflame","floor":14.0},{"not_picked":["Immolate","Limit Break+1"],"picked":"Reaper","floor":16.0},{"not_picked":[],"picked":"Warcry+1","floor":18},{"not_picked":["Warcry+1"],"picked":"SKIP","floor":20},{"not_picked":["Clash"],"picked":"SKIP","floor":23},{"not_picked":["Flex+1"],"picked":"SKIP","floor":24},{"not_picked":["Wild Strike"],"picked":"SKIP","floor":27},{"not_picked":["Thunderclap"],"picked":"SKIP","floor":28},{"not_picked":["Power Through+1"],"picked":"SKIP","floor":29},{"not_picked":["Anger"],"picked":"SKIP","floor":30},{"not_picked":["Sword Boomerang"],"picked":"SKIP","floor":31}],"player_experience":1508316,"relics_obtained":[{"floor":9.0,"key":"HornCleat"},{"floor":11.0,"key":"Toxic Egg 2"},{"floor":23,"key":"Anchor"},{"floor":26,"key":"Oddly Smooth Stone"},{"floor":30,"key":"Torii"}],"event_choices":[{"damage_healed":0.0,"max_hp_gain":0.0,"max_hp_loss":0.0,"gold_gain":0.0,"event_name":"Shining Light","player_choice":"Entered Light","floor":5.0,"gold_loss":0.0,"damage_taken":25.0,"cards_upgraded":["Defend_R","Strike_R"]},{"damage_healed":0.0,"max_hp_gain":0.0,"max_hp_loss":0.0,"gold_gain":50.0,"event_name":"FaceTrader","player_choice":"Touch","floor":7.0,"gold_loss":0.0,"damage_taken":8.0},{"damage_healed":0,"gold_gain":0,"cards_transformed":["Strike_R","Strike_R"],"player_choice":"Became Test Subject","damage_taken":0,"max_hp_gain":0,"max_hp_loss":0,"event_name":"Drug Dealer","floor":21,"gold_loss":0,"cards_obtained":["Flame Barrier","Bludgeon"]},{"damage_healed":0,"gold_gain":0,"cards_transformed":["Strike_R","Defend_R"],"player_choice":"Transformed Cards","damage_taken":0,"max_hp_gain":0,"max_hp_loss":0,"event_name":"Designer","floor":22,"gold_loss":75,"cards_obtained":["Flex","Anger"]}],"is_beta":false,"boss_relics":[{"not_picked":["Empty Cage","Calling Bell"],"picked":"Busted Crown"}],"items_purged_floors":[19,25],"is_endless":false,"potions_floor_spawned":[2,4,16,24,27,28,29,31],"killed_by":"Automaton","ascension_level":20}}