{"host":"mnlj73t2ynwgq04b","time":1612621501,"event":{"mods":["100% Spire Juice","Act Like it!","AlwaysNeverKeys","BaseMod","CapriCore","Colored Map","Colored Powertips","FoggyMod","Gensokyo","GifTheSpireLib","Googly Eyes","HexUI Lib","KinomotoSakuraMod(ƒæ÷Æ±æ”£)","Marisa£®ÏF”Í°°ƒß¿Ì…≥£©","Minty Spire (QoL Compilation)","MostiFishMod","Permanent Neow","Quick Restart","Rare Cards Sparkle","Red Circlet Mod","Reimu£®≤©¿ˆ¡È√Œ£©","Relic Filter Mod","Remilia£®¿Ÿ√◊¿Ú—«£©","Shop Mod","Spicy Shops","StSLib","The Immortal","The Senshi","Yakumo Yukari mod","°æπ¶ƒ‹Mod°øªÏ„Á÷Æª∑–ﬁ∏¥≤π∂°","ÛÙª÷∏ƒœ"],"gold_per_floor":[98,117,117,117,117,117,91,91,117,117,17,45,55,55,55,155,35,55,15,15,15,31,31,84,84,131,163,163,217,217,217,217],"floor_reached":31,"language":"ZHS","playtime":1073,"items_purged":[],"score":280,"play_id":"121472d8-b164-4cd2-b0dc-85740dc38bb4","local_time":"20210206222501","is_ascension_mode":false,"campfire_choices":[{"data":"Moonworks:Bloodlust","floor":6,"key":"SMITH"},{"data":"Moonworks:EvilSpyWorkPreparation","floor":8,"key":"SMITH"},{"data":"Moonworks:NicePresent","floor":10,"key":"SMITH"},{"floor":15,"key":"REST"},{"data":"Moonworks:CrystalBarrier","floor":23,"key":"SMITH"},{"data":"Moonworks:Accelerator","floor":28,"key":"SMITH"}],"circlet_count":0,"master_deck":["Moonworks:Strike","Moonworks:Strike","Moonworks:Strike","Moonworks:Strike","Moonworks:Defend","Moonworks:Defend","Moonworks:Defend","Moonworks:Defend+1","Moonworks:Ambush+1","Moonworks:LongDistanceShot","Moonworks:Bloodlust+1","Moonworks:NicePresent+1","Moonworks:EvilSpyWorkPreparation+1","Moonworks:JonathanRush+1","Moonworks:MiracleRedBeanIceCream+1","Moonworks:CrystalBarrier+1","Moonworks:BackdoorTrade+1","Shame","Gensokyo:HAARP","Clumsy","Moonworks:Accelerator+1","Gensokyo:AllTheWorldsEvil"],"relics":["Moonworks:BrokenBomb","Moonworks:Homemark","DaveBox","xbg","SynthV:TestCard","Pear","Strawberry","Old Coin","Vajra","Molten Egg 2","CombinedTypeHook","Cursed Key","Gensokyo:ChorusOfJoy","Pen Nib","Akabeko","War Paint","Art of War","Gensokyo:RedStar"],"acts_visited":["Gensokyo:Gensokyo","Gensokyo:Gensokyoer"],"potions_floor_usage":[],"damage_taken":[{"damage":6,"enemies":"Gensokyo:Gryphon","floor":1,"turns":3},{"damage":8,"enemies":"Gensokyo:3_Fairies","floor":2,"turns":4},{"damage":48,"enemies":"Gensokyo:Cirno","floor":7,"turns":7},{"damage":4,"enemies":"Gensokyo:Aya","floor":12,"turns":2},{"damage":8,"enemies":"Gensokyo:2_Kodama","floor":13,"turns":2},{"damage":56,"enemies":"Gensokyo:Kokoro","floor":16,"turns":7},{"damage":26,"enemies":"Gensokyo:AngelMirror","floor":18,"turns":3},{"damage":10,"enemies":"Gensokyo:CosmicMonolith","floor":22,"turns":3},{"damage":37,"enemies":"Gensokyo:Koishi","floor":27,"turns":5},{"damage":53,"enemies":"Gensokyo:Tenshi","floor":31,"turns":1}],"seed_played":"-3268571992653148858","potions_obtained":[{"floor":1,"key":"Weak Potion"},{"floor":12,"key":"SteroidPotion"},{"floor":13,"key":"CultistPotion"}],"is_trial":false,"path_per_floor":["M","M","?","?","T","R","E","R","T","R","?","E","M","?","R","B",null,"M","?","?","?","M","R","T","?","T","E","R","T","?","E"],"character_chosen":"THE_STARBREAKER","items_purchased":[],"campfire_rested":1,"item_purchase_floors":[],"current_hp_per_floor":[54,58,58,53,60,60,32,32,32,32,32,36,32,25,48,17,77,72,72,72,72,70,70,70,70,70,42,42,42,42,0,0],"gold":217,"neow_bonus":"HUNDRED_GOLD","is_daily":false,"chose_seed":false,"campfire_upgraded":5,"win_rate":0.0,"timestamp":1612621501,"path_taken":["M","?","?","?","?","R","E","R","T","R","?","E","?","?","R","BOSS","M","?","?","?","?","R","?","?","T","E","R","?","?","E"],"items_purchased_type":[],"build_version":"2020-12-22","purchased_purges":0,"victory":false,"max_hp_per_floor":[60,60,60,70,77,77,77,77,77,77,77,77,77,77,77,77,77,77,77,77,77,77,77,77,70,70,70,70,70,70,70,70],"card_choices":[{"not_picked":["Moonworks:BackdoorTrade","Moonworks:DeployBits"],"picked":"Moonworks:Bloodlust","floor":1},{"not_picked":["Moonworks:Bloodlust","Moonworks:FullSpeedAlicianrone","Moonworks:LulusLuckyEgg","Moonworks:Assault"],"picked":"Moonworks:NicePresent","floor":2},{"not_picked":["Moonworks:CookingTime","Moonworks:BigBangBell","Moonworks:NicePresent","Moonworks:LulusLuckyEgg"],"picked":"Moonworks:EvilSpyWorkPreparation","floor":7},{"not_picked":["Moonworks:DevilHand+1","Moonworks:IndiscriminateFireSupport+1","Moonworks:LulusLuckyEgg","Moonworks:IntelligenceOfficer"],"picked":"Moonworks:JonathanRush+1","floor":12},{"not_picked":["Moonworks:DeployBits","Moonworks:Assault+1","Moonworks:DevilHand+1","Moonworks:BigMagnum"],"picked":"Moonworks:MiracleRedBeanIceCream","floor":13},{"not_picked":["Moonworks:ShieldCounter","Moonworks:GoAway","Moonworks:SubspaceTunnel","Moonworks:AnotherUltimateWeapon"],"picked":"Moonworks:CrystalBarrier","floor":16},{"not_picked":["Moonworks:Assault+1","Moonworks:JonathanRush+1","Moonworks:RedAndBlue+1","Moonworks:IndiscriminateFireSupport+1"],"picked":"Moonworks:BackdoorTrade","floor":18},{"not_picked":["Moonworks:BigMagnum+1","Moonworks:LulusLuckyEgg","Moonworks:EvilSpyWorkPreparation","Moonworks:DeployBits","Moonworks:SakisCookie"],"picked":"SKIP","floor":22},{"not_picked":["Gensokyo:MenInBlack","Gensokyo:EightFeetTall","Gensokyo:Apocalypse+1","Gensokyo:ManorOfTheDishes"],"picked":"Gensokyo:HAARP","floor":25},{"not_picked":["Moonworks:OutOfAmmo","Moonworks:SealedMemories","Moonworks:DeployBits+1","Moonworks:Assault+1"],"picked":"Moonworks:Accelerator","floor":27}],"player_experience":74640,"relics_obtained":[{"floor":1,"key":"SynthV:TestCard"},{"floor":5,"key":"Strawberry"},{"floor":7,"key":"Old Coin"},{"floor":9,"key":"Vajra"},{"floor":12,"key":"CombinedTypeHook"},{"floor":24,"key":"Pen Nib"},{"floor":26,"key":"Akabeko"},{"floor":27,"key":"War Paint"},{"floor":29,"key":"Art of War"}],"event_choices":[],"is_beta":false,"boss_relics":[{"not_picked":["Runic Pyramid","Velvet Choker"],"picked":"Cursed Key"}],"items_purged_floors":[],"is_endless":false,"potions_floor_spawned":[1,12,13,18,22],"killed_by":"Gensokyo:Tenshi","ascension_level":0}}