{"host":"0srjqcvl8k9r4fi9","time":1612593291,"event":{"mods":["AchievementEnabler","BaseMod","Minty Spire (QoL Compilation)"],"gold_per_floor":[113,288,363,383,188,188,200,229,255,279,320,320,347,370,370,484,484,495,495,355,368,387,387,429,429,429],"floor_reached":25,"language":"ENG","playtime":1090,"items_purged":["Doubt","Strike_R"],"score":312,"play_id":"ec48dca4-ca60-4e5d-8137-64b64edad5a0","local_time":"20210206003451","is_ascension_mode":true,"campfire_choices":[{"data":"Havoc","floor":6,"key":"SMITH"},{"data":"Juggernaut","floor":12,"key":"SMITH"},{"floor":15,"key":"REST"},{"data":"Demon Form","floor":23,"key":"SMITH"}],"circlet_count":0,"master_deck":["Strike_R","Strike_R","Strike_R","Strike_R","Defend_R","Defend_R","Defend_R","Defend_R","Bash","Juggernaut+1","Body Slam","Metallicize","Havoc+1","Offering","Shrug It Off+1","Headbutt","Entrench+1","Demon Form+1","Pommel Strike","Metallicize"],"relics":["Burning Blood","Strawberry","Regal Pillow","CeramicFish","Toxic Egg 2","Sozu","MutagenicStrength","PreservedInsect"],"acts_visited":["Exordium","TheCity"],"potions_floor_usage":[8,13,13,24],"damage_taken":[{"damage":10,"enemies":"2 Louse","floor":1,"turns":4},{"damage":8,"enemies":"Jaw Worm","floor":4,"turns":5},{"damage":2,"enemies":"Cultist","floor":7,"turns":4},{"damage":21,"enemies":"Gremlin Nob","floor":8,"turns":5},{"damage":24,"enemies":"Lagavulin","floor":11,"turns":7},{"damage":8,"enemies":"Exordium Thugs","floor":13,"turns":4},{"damage":9,"enemies":"Blue Slaver","floor":14,"turns":3},{"damage":33,"enemies":"Hexaghost","floor":16,"turns":10},{"damage":10,"enemies":"3 Byrds","floor":18,"turns":4},{"damage":9,"enemies":"Spheric Guardian","floor":21,"turns":4},{"damage":30,"enemies":"Snake Plant","floor":22,"turns":4},{"damage":41,"enemies":"Book of Stabbing","floor":24,"turns":5},{"damage":26,"enemies":"Snecko","floor":25,"turns":4}],"seed_played":"-7204781730928009088","potions_obtained":[{"floor":1,"key":"Dexterity Potion"},{"floor":4,"key":"Weak Potion"},{"floor":7,"key":"Explosive Potion"},{"floor":16,"key":"BloodPotion"}],"is_trial":false,"path_per_floor":["M","?","?","M","$","R","M","E","T","T","E","R","M","M","R","B",null,"M","?","$","M","M","R","E","M"],"character_chosen":"IRONCLAD","items_purchased":["Metallicize","Havoc","Pommel Strike"],"campfire_rested":1,"item_purchase_floors":[5,5,20],"current_hp_per_floor":[47,47,36,34,34,34,38,30,30,30,12,12,10,7,48,21,71,67,67,67,64,40,40,22,0,0],"gold":429,"neow_bonus":"THREE_RARE_CARDS","is_daily":false,"chose_seed":false,"campfire_upgraded":3,"win_rate":0.0,"timestamp":1612593291,"path_taken":["M","?","?","M","$","R","M","E","T","?","E","R","?","M","R","BOSS","M","?","$","M","M","R","E","M"],"items_purchased_type":["Card","Card","Card"],"build_version":"2020-12-22","purchased_purges":2,"victory":false,"max_hp_per_floor":[80,80,80,80,80,80,80,87,87,87,87,87,87,87,87,87,87,87,87,87,87,87,87,87,87,87],"card_choices":[{"not_picked":["Immolate","Limit Break"],"picked":"Juggernaut","floor":0},{"not_picked":["Dark Embrace","Clash","Dropkick"],"picked":"SKIP","floor":1},{"not_picked":["Thunderclap","Rampage"],"picked":"Body Slam","floor":4},{"not_picked":["Whirlwind","Perfected Strike","Searing Blow"],"picked":"SKIP","floor":7},{"not_picked":["Cleave","Pommel Strike"],"picked":"Offering","floor":8},{"not_picked":["Dual Wield+1","Clash"],"picked":"Shrug It Off+1","floor":11},{"not_picked":["Inflame","Flex+1"],"picked":"Headbutt","floor":13},{"not_picked":["Twin Strike","Flex+1"],"picked":"Entrench+1","floor":14},{"not_picked":["Fiend Fire","Corruption"],"picked":"Demon Form","floor":16},{"not_picked":["Rampage","Cleave","Anger"],"picked":"SKIP","floor":18},{"not_picked":["Iron Wave+1","True Grit+1","Heavy Blade+1"],"picked":"SKIP","floor":21},{"not_picked":["Warcry+1","Sword Boomerang","Iron Wave+1"],"picked":"SKIP","floor":22},{"not_picked":["Impervious+1","Clash"],"picked":"Metallicize","floor":24}],"player_experience":341695,"relics_obtained":[{"floor":8,"key":"Strawberry"},{"floor":9,"key":"Regal Pillow"},{"floor":10,"key":"CeramicFish"},{"floor":11,"key":"Toxic Egg 2"},{"floor":24,"key":"PreservedInsect"}],"event_choices":[{"damage_healed":0,"gold_gain":175,"player_choice":"AGREE","damage_taken":0,"max_hp_gain":0,"max_hp_loss":0,"event_name":"Liars Game","floor":2,"gold_loss":0,"cards_obtained":["Doubt"]},{"damage_healed":0,"gold_gain":75,"player_choice":"Gather Gold","damage_taken":11,"max_hp_gain":0,"max_hp_loss":0,"event_name":"World of Goop","floor":3,"gold_loss":0},{"damage_healed":0,"gold_gain":0,"player_choice":"Inject Mutagens","damage_taken":0,"relics_obtained":["MutagenicStrength"],"max_hp_gain":0,"max_hp_loss":0,"event_name":"Drug Dealer","floor":19,"gold_loss":0}],"is_beta":false,"boss_relics":[{"not_picked":["Runic Dome","Empty Cage"],"picked":"Sozu"}],"items_purged_floors":[5,20],"is_endless":false,"potions_floor_spawned":[1,4,7,16],"killed_by":"Snecko","ascension_level":7}}