{"host":"3asmp5aovk69ekg9","time":1612590127,"event":{"mods":["100% Spire Juice","BaseMod","BetterRewards","Colored Map","Colored Powertips","Dark Map","Hermit","Koishi","Magitek Elite","Minty Spire (QoL Compilation)","Permanent Neow","Remove Card Discount Mod","Shade Mod","StSLib","The Alterego","The Cursed","The Death Knight","The Fake Hero","The IronCluck","The Marked","The Senshi","The Wild Card"],"gold_per_floor":[134,134,172,172,252,303,303,359,359,359,412,412,457,497,497,623,623,647,670,945,252,270,331,331,374,374,435,448,481,481,495,495,624,624,642,343,676,693,693,723,743,760,760,598,598,629,478,478,478,478,478,478,72,99,99],"floor_reached":56,"language":"ENG","playtime":8091,"items_purged":["Shade:Defend_Shade","Shade:Strike_Shade","Shade:Strike_Shade","Shade:Defend_Shade","Shade:Strike_Shade","Shade:Strike_Shade","Shade:Defend_Shade","Regret","Injury","Shade:CarefulCut","Shade:Excise","Shade:FingerOfDeath","Shade:PressTheAttack","Shade:AnimateDead+1","Shade:FreshBones","HandOfGreed+1","Shade:FeralStrike","Shade:FeralStrike","Madness+1","Madness+1","Shade:GraveStillness","Shade:GraveStillness"],"score":2050,"play_id":"d28cce7e-3bc0-491a-8164-4deb90d8dfe5","local_time":"20210205214207","is_ascension_mode":true,"campfire_choices":[{"floor":10.0,"key":"REST"},{"data":"HandOfGreed","floor":12.0,"key":"SMITH"},{"data":"Shade:AnimateDead","floor":15.0,"key":"SMITH"},{"floor":24.0,"key":"RECALL"},{"floor":30.0,"key":"REST"},{"floor":32.0,"key":"REST"},{"floor":45.0,"key":"REST"},{"floor":49.0,"key":"REST"},{"floor":52,"key":"REST"}],"circlet_count":0,"master_deck":["Shade:FleshToFlesh","Shade:Carnophage","Shade:SoulPierce+1","Panache+1","Panacea","Shade:StitchTogether+1","Shade:FeralStrike","Shade:AuraOfUnlife+1","Shade:Trample","Shade:StitchTogether+1","Shade:Haruspicy","Shade:OfferingToTheBeyond+1","Shade:Trample","Shade:Putrefaction+1","Sadistic Nature+1","Shade:FeralStrike","Shade:OfferingToTheBeyond+1","Shade:FleshToFlesh","Shade:Premonition+1","Shade:AuraOfUnlife+1","Shade:GraveStillness+1","Shade:UnbarTheGrave+1","Shade:FuneraryJewels+1","Shade:AuraOfUnlife+1","Shade:UnbarTheGrave+1","Shade:Premonition+1","Shade:GraveStillness+1","Shade:AuraOfUnlife+1","Shade:Carnophage+1","Sadistic Nature+1","Shade:SoulPierce+1"],"relics":["Shade:YorickSkull","Frozen Egg 2","Strawberry","Medical Kit","Mummified Hand","Pantograph","Darkstone Periapt","Ice Cream","Letter Opener","Fusion Hammer","HandDrill","Toy Ornithopter","theSenshi:FeatherClipsRelic","Ancient Tea Set","Matryoshka","Toxic Egg 2","TungstenRod","Gem_Box","Membership Card","Unceasing Top","Bronze Scales","Eternal Feather","White Beast Statue","Meat on the Bone","Potion Belt","Sling","Boot","Molten Egg 2","DollysMirror","DeathKnight:SindragosasSkull","Kunai"],"acts_visited":["Exordium","TheCity","TheBeyond","TheEnding"],"potions_floor_usage":[50,50],"damage_taken":[{"damage":0.0,"enemies":"Small Slimes","floor":1.0,"turns":3.0},{"damage":2.0,"enemies":"Cultist","floor":3.0,"turns":4.0},{"damage":13.0,"enemies":"3 Sentries","floor":6.0,"turns":7.0},{"damage":12.0,"enemies":"Gremlin Nob","floor":8.0,"turns":4.0},{"damage":4.0,"enemies":"Lagavulin","floor":11.0,"turns":6.0},{"damage":0.0,"enemies":"2 Louse","floor":13.0,"turns":4.0},{"damage":0.0,"enemies":"3 Sentries","floor":14.0,"turns":5.0},{"damage":0.0,"enemies":"Slime Boss","floor":16.0,"turns":6.0},{"damage":0.0,"enemies":"Shell Parasite","floor":18.0,"turns":7.0},{"damage":4.0,"enemies":"2 Thieves","floor":19.0,"turns":2.0},{"damage":16.0,"enemies":"Snake Plant","floor":22.0,"turns":3.0},{"damage":33.0,"enemies":"Book of Stabbing","floor":23.0,"turns":7.0},{"damage":0.0,"enemies":"Gremlin Leader","floor":25.0,"turns":6.0},{"damage":13.0,"enemies":"Slavers","floor":27.0,"turns":4.0},{"damage":2.0,"enemies":"Centurion and Healer","floor":28.0,"turns":3.0},{"damage":15.0,"enemies":"Gremlin Leader","floor":29.0,"turns":5.0},{"damage":1.0,"enemies":"Shelled Parasite and Fungi","floor":31.0,"turns":3.0},{"damage":20.0,"enemies":"Automaton","floor":33.0,"turns":9.0},{"damage":2.0,"enemies":"3 Shapes","floor":35.0,"turns":4.0},{"damage":0.0,"enemies":"Orb Walker","floor":38.0,"turns":2.0},{"damage":0.0,"enemies":"Giant Head","floor":40.0,"turns":6.0},{"damage":0.0,"enemies":"Maw","floor":41.0,"turns":4.0},{"damage":0.0,"enemies":"Writhing Mass","floor":42.0,"turns":3.0},{"damage":0.0,"enemies":"Reptomancer","floor":46.0,"turns":2.0},{"damage":21,"enemies":"Time Eater","floor":50,"turns":5},{"damage":0,"enemies":"Shield and Spear","floor":54,"turns":3},{"damage":0,"enemies":"The Heart","floor":55,"turns":6}],"seed_played":"6744924978567321258","potions_obtained":[{"floor":6.0,"key":"EntropicBrew"},{"floor":8.0,"key":"PowerPotion"},{"floor":14.0,"key":"Weak Potion"},{"floor":16.0,"key":"Explosive Potion"},{"floor":18.0,"key":"Swift Potion"},{"floor":23.0,"key":"SteroidPotion"},{"floor":28.0,"key":"Strength Potion"},{"floor":29.0,"key":"DuplicationPotion"},{"floor":41.0,"key":"Explosive Potion"}],"is_trial":false,"path_per_floor":["M","?","M","?","?","E","T","E","T","R","E","R","M","E","R","B",null,"M","M","?","$","M","E","R","E","T","E","M","E","R","M","R","B",null,"M","$","?","M","?","E","M","M","T","$","R","E","$","T","R","B",null,"R","$","E","B",null],"character_chosen":"SHADE","items_purchased":["Shade:FleshToFlesh","Shade:Carnophage","Shade:PressTheAttack","Frozen Egg 2","Strawberry","Medical Kit","HandOfGreed","Shade:SoulPierce+1","Panache+1","Panacea","Shade:GraveStillness","Shade:StitchTogether+1","Shade:FeralStrike","Shade:FingerOfDeath","Shade:FreshBones","Explosive Potion","Shade:Putrefaction+1","Sadistic Nature+1","HandDrill","Toy Ornithopter","Shade:FeralStrike","Membership Card","Shade:AuraOfUnlife+1","Shade:UnbarTheGrave+1","Swift Potion","Shade:GraveStillness+1","White Beast Statue","Potion Belt","Sling","Shade:Carnophage+1","Sadistic Nature+1","DollysMirror","DeathKnight:SindragosasSkull","Block Potion","DeathKnight:RimePotion","Weak Potion"],"campfire_rested":6,"item_purchase_floors":[0,0,0,0,0,0,0,0,0,0,0,0,0,0,0,0,21,21,21,21,21,36,36,36,36,44,44,47,47,53,53,53,53,53,53,53],"current_hp_per_floor":[25,25,33,33,33,30,30,18,18,39,55,55,72,72,72,72,72,72,72,78,78,62,49,49,75,75,68,72,63,78,78,78,67,75,78,78,78,78,69,75,78,78,78,78,78,78,78,78,78,78,78,78,78,78,78],"gold":99,"neow_bonus":"","is_daily":false,"chose_seed":false,"campfire_upgraded":2,"win_rate":0.0,"timestamp":1612590127,"path_taken":["M","?","?","?","?","E","?","E","T","R","E","R","M","E","R","BOSS","M","M","?","$","?","E","R","E","T","E","M","E","R","M","R","BOSS","M","$","?","M","?","E","M","M","T","$","R","E","?","?","R","BOSS","R","$","E","BOSS"],"items_purchased_type":["Card","Card","Card","Relic","Relic","Relic","Card","Card","Card","Card","Card","Card","Card","Card","Card","Potion","Card","Card","Relic","Relic","Card","Relic","Card","Card","Potion","Card","Relic","Relic","Relic","Card","Card","Relic","Relic","Potion","Potion","Potion"],"build_version":"2020-12-22","purchased_purges":22,"victory":true,"max_hp_per_floor":[72,72,72,72,72,72,72,72,72,72,72,72,72,72,72,72,72,72,72,78,78,78,78,78,78,78,78,78,78,78,78,78,78,78,78,78,78,78,78,78,78,78,78,78,78,78,78,78,78,78,78,78,78,78,78],"card_choices":[{"not_picked":["Shade:SkeletonArmy","Shade:CoffinDance"],"picked":"Shade:AuraOfUnlife+1","floor":1.0},{"not_picked":["Shade:SkeletonArmy","Shade:CommandSoldier"],"picked":"Shade:Trample","floor":3.0},{"not_picked":["Shade:UnbarTheGrave","Shade:FleshLikeOak"],"picked":"Shade:Excise","floor":6.0},{"not_picked":["Shade:CloudOfShrapnel","Shade:SpontaneousRitual"],"picked":"Shade:StitchTogether+1","floor":8.0},{"not_picked":["Shade:BoneShards","Shade:CommandSoldier"],"picked":"Shade:Haruspicy","floor":11.0},{"not_picked":["Shade:LyeBath","Shade:SkeletonHug"],"picked":"Shade:GraveStillness","floor":13.0},{"not_picked":["Shade:Haruspicy","Shade:SpectralStrikes+1"],"picked":"Shade:FeralStrike","floor":14.0},{"not_picked":["Shade:SoulPierce+1","Shade:MadHubris"],"picked":"Shade:OfferingToTheBeyond+1","floor":16.0},{"not_picked":["Shade:SensePrey","Shade:FreshBones"],"picked":"Shade:FeralStrike","floor":18.0},{"not_picked":["Shade:Bite_Shade","Shade:RitualOffering"],"picked":"Shade:Trample","floor":19.0},{"not_picked":["Shade:SkeletonHug","Shade:SensePrey+1"],"picked":"Shade:OfferingToTheBeyond+1","floor":22.0},{"not_picked":["Shade:PoundOfFlesh","Shade:CoffinDance","Shade:GreyBargain"],"picked":"SKIP","floor":23.0},{"not_picked":["Shade:FeralStrike","Shade:ClawBack+1"],"picked":"Shade:FleshToFlesh","floor":25.0},{"not_picked":["Shade:BoneShards","Shade:RitualOffering+1"],"picked":"Shade:Premonition+1","floor":27.0},{"not_picked":["Shade:ClawBack","Shade:FuneraryArmor+1","Shade:CoffinDance"],"picked":"SKIP","floor":28.0},{"not_picked":["Shade:SpontaneousRitual+1","Shade:RitualOffering+1"],"picked":"Shade:AuraOfUnlife+1","floor":29.0},{"not_picked":["Shade:SoulToxin+1","Shade:SpontaneousRitual"],"picked":"Shade:GraveStillness+1","floor":31.0},{"not_picked":["Shade:SelfBurial+1","Shade:OneIsEnough"],"picked":"Shade:UnbarTheGrave+1","floor":33.0},{"not_picked":["Shade:ScuttlingHand+1","Shade:ExtraLimbs+1"],"picked":"Shade:FuneraryJewels+1","floor":35.0},{"not_picked":["Shade:Frenzy+1","Shade:CoffinDance","Shade:CommandSoldier+1"],"picked":"SKIP","floor":38.0},{"not_picked":["Shade:Asphyxiate","Shade:LastGasp+1","Shade:WallOfFlesh+1"],"picked":"SKIP","floor":40.0},{"not_picked":["Shade:SpontaneousRitual","Shade:ExtraLimbs+1"],"picked":"Shade:Premonition+1","floor":41.0},{"not_picked":["Shade:WallOfFlesh+1","Shade:FingerOfDeath","Shade:Trample"],"picked":"SKIP","floor":42.0},{"not_picked":["Shade:AncientSpear","Shade:OminousRitual"],"picked":"Shade:AuraOfUnlife+1","floor":46.0},{"not_picked":["Shade:GreyBargain+1","Shade:ScuttlingHand+1","Shade:SoulToxin+1"],"picked":"SKIP","floor":54}],"player_experience":1301598,"relics_obtained":[{"floor":6.0,"key":"Mummified Hand"},{"floor":8.0,"key":"Pantograph"},{"floor":9.0,"key":"Darkstone Periapt"},{"floor":11.0,"key":"Ice Cream"},{"floor":14.0,"key":"Letter Opener"},{"floor":23.0,"key":"theSenshi:FeatherClipsRelic"},{"floor":25.0,"key":"Ancient Tea Set"},{"floor":26.0,"key":"Matryoshka"},{"floor":27.0,"key":"Toxic Egg 2"},{"floor":29.0,"key":"TungstenRod"},{"floor":40.0,"key":"Unceasing Top"},{"floor":43.0,"key":"Bronze Scales"},{"floor":43.0,"key":"Eternal Feather"},{"floor":46.0,"key":"Meat on the Bone"},{"floor":48.0,"key":"Boot"},{"floor":48.0,"key":"Molten Egg 2"},{"floor":54,"key":"Kunai"}],"event_choices":[{"cards_removed":["Shade:Defend_Shade"],"damage_healed":0.0,"max_hp_gain":0.0,"max_hp_loss":0.0,"gold_gain":0.0,"event_name":"Purifier","player_choice":"Purged","floor":2.0,"gold_loss":0.0,"damage_taken":0.0},{"damage_healed":0.0,"max_hp_gain":0.0,"max_hp_loss":0.0,"gold_gain":0.0,"event_name":"Golden Idol","player_choice":"Take Wound","floor":4.0,"gold_loss":0.0,"damage_taken":0.0,"relics_obtained":["Golden Idol"],"cards_obtained":["Injury"]},{"damage_healed":0.0,"max_hp_gain":0.0,"max_hp_loss":0.0,"gold_gain":80.0,"event_name":"Golden Wing","player_choice":"Gained Gold","floor":5.0,"gold_loss":0.0,"damage_taken":0.0},{"damage_healed":0.0,"max_hp_gain":0.0,"max_hp_loss":0.0,"gold_gain":275.0,"event_name":"Golden Shrine","player_choice":"Desecrate","floor":20.0,"gold_loss":0.0,"damage_taken":0.0,"cards_obtained":["Regret"]},{"damage_healed":0.0,"max_hp_gain":0.0,"max_hp_loss":0.0,"gold_gain":333.0,"event_name":"The Moai Head","player_choice":"Gave Idol","floor":37.0,"relics_lost":["Golden Idol"],"gold_loss":0.0,"damage_taken":0.0},{"damage_healed":0.0,"max_hp_gain":0.0,"max_hp_loss":0.0,"gold_gain":0.0,"event_name":"Winding Halls","player_choice":"Embrace Madness","floor":39.0,"gold_loss":0.0,"damage_taken":10.0,"cards_obtained":["Madness","Madness"]}],"is_beta":false,"boss_relics":[{"not_picked":["theSenshi:MoonKaleidoScopeRelic","Tiny House"],"picked":"Fusion Hammer"},{"not_picked":["Snecko Eye","Velvet Choker"],"picked":"Gem_Box"}],"items_purged_floors":[0,0,0,0,0,0,21,21,21,21,21,21,36,36,36,36,44,44,44,44,44,44],"is_endless":false,"potions_floor_spawned":[6,8,14,16,18,23,28,29,41,46,54],"ascension_level":7}}