{"host":"uld0x1f6or5rl385","time":1612596738,"event":{"mods":["BaseMod","Minty Spire (QoL Compilation)","Quick Restart","StSLib","Unceasing Turn Reminder"],"gold_per_floor":[119,138,138,138,191,217,230,244,244,255,272,272,272,291,291,388,388,404,319,319,336,349,274,274,254,254,269,296,310,310,328,328,431,431,441,491,491,491,509,509,524,551,551,565,48,68,68,81,81,81],"floor_reached":51,"language":"ZHS","playtime":1541,"items_purged":["Strike_G"],"score":803,"play_id":"4fb69577-af0b-4f06-bb53-fe80c552454d","local_time":"20210206153218","is_ascension_mode":false,"campfire_choices":[{"data":"Footwork","floor":13,"key":"SMITH"},{"data":"Blade Dance","floor":15,"key":"SMITH"},{"data":"Accuracy","floor":24,"key":"SMITH"},{"data":"Deflect","floor":32,"key":"SMITH"},{"data":"A Thousand Cuts","floor":40,"key":"SMITH"},{"floor":49,"key":"REST"}],"circlet_count":0,"master_deck":["Strike_G","Strike_G","Strike_G","Strike_G+1","Defend_G","Defend_G+1","Defend_G+1","Defend_G","Survivor+1","Neutralize","Leg Sweep","Quick Slash","Choke","Flying Knee","Well Laid Plans","Footwork+1","Blade Dance+1","Bullet Time","Dagger Spray+1","Deflect+1","Accuracy+1","Blade Dance+1","Riddle With Holes","J.A.X.","Backstab","A Thousand Cuts+1","Blade Dance","Blade Dance+1","Madness","Madness","Accuracy","Backflip+1","Expertise+1"],"relics":["Ring of the Snake","NeowsBlessing","War Paint","Omamori","Shuriken","Eternal Feather","Cursed Key","HornCleat","Prayer Wheel","Tough Bandages","Busted Crown","Shovel","Paper Crane","Meat on the Bone","ClockworkSouvenir","CaptainsWheel"],"acts_visited":["Exordium","TheCity","TheBeyond"],"potions_floor_usage":[42,50,50,50],"damage_taken":[{"damage":0,"enemies":"Cultist","floor":1,"turns":1},{"damage":0,"enemies":"2 Louse","floor":2,"turns":1},{"damage":0,"enemies":"Gremlin Nob","floor":6,"turns":1},{"damage":0,"enemies":"Small Slimes","floor":7,"turns":3},{"damage":0,"enemies":"Blue Slaver","floor":8,"turns":5},{"damage":0,"enemies":"3 Louse","floor":10,"turns":4},{"damage":0,"enemies":"Large Slime","floor":11,"turns":5},{"damage":0,"enemies":"Looter","floor":14,"turns":3},{"damage":20,"enemies":"The Guardian","floor":16,"turns":11},{"damage":10,"enemies":"Spheric Guardian","floor":18,"turns":4},{"damage":0,"enemies":"Shell Parasite","floor":21,"turns":4},{"damage":0,"enemies":"Centurion and Healer","floor":22,"turns":5},{"damage":0,"enemies":"Chosen and Byrds","floor":27,"turns":6},{"damage":0,"enemies":"Gremlin Leader","floor":28,"turns":5},{"damage":0,"enemies":"3 Cultists","floor":29,"turns":3},{"damage":9,"enemies":"Shelled Parasite and Fungi","floor":31,"turns":4},{"damage":14,"enemies":"Collector","floor":33,"turns":7},{"damage":0,"enemies":"Orb Walker","floor":35,"turns":3},{"damage":3,"enemies":"Mind Bloom Boss Battle","floor":36,"turns":4},{"damage":23,"enemies":"3 Shapes","floor":39,"turns":3},{"damage":14,"enemies":"Writhing Mass","floor":41,"turns":6},{"damage":25,"enemies":"Nemesis","floor":42,"turns":5},{"damage":0,"enemies":"Maw","floor":44,"turns":7},{"damage":0,"enemies":"Jaw Worm Horde","floor":46,"turns":2},{"damage":0,"enemies":"Transient","floor":48,"turns":5},{"damage":52,"enemies":"Donu and Deca","floor":50,"turns":7}],"seed_played":"9083702179140021208","potions_obtained":[{"floor":1,"key":"EssenceOfSteel"},{"floor":14,"key":"Regen Potion"},{"floor":22,"key":"Poison Potion"},{"floor":25,"key":"Regen Potion"},{"floor":27,"key":"FearPotion"},{"floor":42,"key":"Explosive Potion"}],"is_trial":false,"path_per_floor":["M","M","?","?","T","E","M","M","T","M","M","?","R","M","R","B",null,"M","?","?","M","M","?","R","?","T","M","E","M","?","M","R","B",null,"M","?","?","?","M","R","M","E","T","M","$","M","$","M","R","B",null],"character_chosen":"THE_SILENT","items_purchased":["ClockworkSouvenir","CaptainsWheel"],"campfire_rested":1,"item_purchase_floors":[45,45],"current_hp_per_floor":[70,70,63,49,49,49,49,49,49,49,49,49,58,58,67,47,70,60,60,60,60,60,60,70,70,70,70,70,70,70,61,70,56,70,70,67,58,70,47,65,51,40,40,40,40,40,40,40,70,41],"gold":81,"neow_bonus":"THREE_ENEMY_KILL","is_daily":false,"chose_seed":false,"campfire_upgraded":5,"win_rate":0.0,"timestamp":1612596738,"path_taken":["M","?","?","?","?","E","M","M","T","M","M","?","R","M","R","BOSS","M","?","?","M","M","?","R","?","T","?","E","M","?","M","R","BOSS","M","?","?","?","?","R","M","E","T","M","$","M","$","?","R","BOSS"],"items_purchased_type":["Relic","Relic"],"build_version":"2020-12-22","purchased_purges":1,"victory":true,"max_hp_per_floor":[70,70,70,70,70,70,70,70,70,70,70,70,70,70,70,70,70,70,70,70,70,70,70,70,70,70,70,70,70,70,70,70,70,70,70,70,70,70,70,70,70,70,70,70,70,70,70,70,70,70],"card_choices":[{"not_picked":["Endless Agony","Poisoned Stab"],"picked":"Leg Sweep","floor":1},{"not_picked":["Dagger Throw","Tactician"],"picked":"Quick Slash","floor":2},{"not_picked":["Quick Slash","Crippling Poison"],"picked":"Choke","floor":6},{"not_picked":["Slice","Choke"],"picked":"Flying Knee","floor":7},{"not_picked":["Skewer","PiercingWail"],"picked":"Well Laid Plans","floor":8},{"not_picked":["Bane","Calculated Gamble","Expertise"],"picked":"SKIP","floor":10},{"not_picked":["Accuracy","Dagger Throw"],"picked":"Footwork","floor":11},{"not_picked":["Backflip","Prepared"],"picked":"Blade Dance","floor":14},{"not_picked":["Storm of Steel","Night Terror"],"picked":"Bullet Time","floor":16},{"not_picked":["Distraction+1","Bane+1"],"picked":"Dagger Spray+1","floor":18},{"not_picked":["Outmaneuver","Finisher"],"picked":"Deflect","floor":21},{"not_picked":["Prepared","Sucker Punch+1"],"picked":"Accuracy","floor":22},{"not_picked":["Wraith Form v2","Dagger Spray+1"],"picked":"Blade Dance+1","floor":27},{"not_picked":["Flying Knee+1","Deadly Poison","Leg Sweep"],"picked":"SKIP","floor":27},{"not_picked":["Dash","Finisher"],"picked":"Riddle With Holes","floor":28},{"not_picked":["Prepared","Deadly Poison+1","Dagger Spray"],"picked":"SKIP","floor":29},{"not_picked":["Dodge and Roll","Calculated Gamble","Deadly Poison+1"],"picked":"SKIP","floor":29},{"not_picked":["Outmaneuver+1","Caltrops"],"picked":"Backstab","floor":31},{"not_picked":["Deadly Poison","Catalyst","Wraith Form v2"],"picked":"SKIP","floor":31},{"not_picked":["Phantasmal Killer","Storm of Steel"],"picked":"A Thousand Cuts","floor":33},{"not_picked":[],"picked":"Blade Dance","floor":35},{"not_picked":[],"picked":"Distraction+1","floor":35},{"not_picked":[],"picked":"Blade Dance+1","floor":36},{"not_picked":["PiercingWail+1"],"picked":"SKIP","floor":39},{"not_picked":["Sucker Punch+1"],"picked":"SKIP","floor":39},{"not_picked":["Concentrate"],"picked":"SKIP","floor":41},{"not_picked":["Flying Knee+1"],"picked":"SKIP","floor":41},{"not_picked":[],"picked":"Accuracy","floor":42},{"not_picked":[],"picked":"Backflip+1","floor":44},{"not_picked":[],"picked":"Expertise+1","floor":44},{"not_picked":["Quick Slash"],"picked":"SKIP","floor":46},{"not_picked":["Dagger Spray+1"],"picked":"SKIP","floor":46},{"not_picked":["Quick Slash"],"picked":"SKIP","floor":48},{"not_picked":["Cloak And Dagger"],"picked":"SKIP","floor":48}],"player_experience":353503,"relics_obtained":[{"floor":5,"key":"Omamori"},{"floor":6,"key":"Shuriken"},{"floor":9,"key":"Eternal Feather"},{"floor":26,"key":"Prayer Wheel"},{"floor":28,"key":"Tough Bandages"},{"floor":36,"key":"Shovel"},{"floor":42,"key":"Paper Crane"},{"floor":43,"key":"Meat on the Bone"}],"event_choices":[{"damage_healed":0,"gold_gain":0,"player_choice":"Success","damage_taken":7,"relics_obtained":["War Paint"],"max_hp_gain":0,"max_hp_loss":0,"event_name":"Scrap Ooze","floor":3,"gold_loss":0},{"damage_healed":0,"gold_gain":0,"player_choice":"Entered Light","damage_taken":14,"max_hp_gain":0,"max_hp_loss":0,"event_name":"Shining Light","floor":4,"gold_loss":0,"cards_upgraded":["Strike_G","Survivor"]},{"damage_healed":0,"gold_gain":0,"player_choice":"Ignored","damage_taken":0,"max_hp_gain":0,"max_hp_loss":0,"event_name":"Liars Game","floor":12,"gold_loss":0},{"damage_healed":0,"gold_gain":0,"player_choice":"Obtained Relic","damage_taken":0,"relics_obtained":["HornCleat"],"max_hp_gain":0,"max_hp_loss":0,"event_name":"Addict","floor":19,"gold_loss":85},{"damage_healed":0,"gold_gain":0,"player_choice":"Ignored","damage_taken":0,"max_hp_gain":0,"max_hp_loss":0,"event_name":"Ghosts","floor":20,"gold_loss":0},{"cards_removed":["Defend_G"],"damage_healed":0,"gold_gain":0,"player_choice":"Gave Gold","damage_taken":0,"max_hp_gain":0,"max_hp_loss":0,"event_name":"Beggar","floor":23,"gold_loss":75},{"damage_healed":0,"gold_gain":0,"player_choice":"Bought 1 Potion","damage_taken":0,"max_hp_gain":0,"max_hp_loss":0,"event_name":"The Woman in Blue","floor":25,"gold_loss":0},{"damage_healed":0,"gold_gain":0,"player_choice":"Obtain J.A.X.","damage_taken":0,"max_hp_gain":0,"max_hp_loss":0,"event_name":"Drug Dealer","floor":30,"gold_loss":0,"cards_obtained":["J.A.X."]},{"damage_healed":0,"gold_gain":0,"player_choice":"Fight","damage_taken":0,"max_hp_gain":0,"max_hp_loss":0,"event_name":"MindBloom","floor":36,"gold_loss":0},{"damage_healed":0,"gold_gain":0,"player_choice":"Embrace Madness","damage_taken":9,"max_hp_gain":0,"max_hp_loss":0,"event_name":"Winding Halls","floor":37,"gold_loss":0,"cards_obtained":["Madness","Madness"]},{"cards_removed":["Distraction"],"damage_healed":12,"gold_gain":0,"player_choice":"Offered Uncommon","damage_taken":0,"max_hp_gain":0,"max_hp_loss":0,"event_name":"Bonfire Elementals","floor":38,"gold_loss":0}],"is_beta":false,"boss_relics":[{"not_picked":["SlaversCollar","Coffee Dripper"],"picked":"Cursed Key"},{"not_picked":["Snecko Eye","Velvet Choker"],"picked":"Busted Crown"}],"items_purged_floors":[45],"is_endless":false,"potions_floor_spawned":[1,14,22,27,33,39,42,46],"ascension_level":0}}