{"host":"etlpbc8hfvwl9xjt","time":1612590056,"event":{"mods":["2.2 Compatiblity","Act Like it!","BaseMod","Colored Map","Conspire","Downfall","Hallownest","Hermit","Minty Spire (QoL Compilation)","Replay The Spire","StSLib","The Bug Knight","Weighted Paths"],"gold_per_floor":[113,196,121,141,159,159,191,191,191,191,206,237,187,224,224,343,343,380,746,780,789,833,863,783,783,783,372,441,482,512,544,544,658,658,685,84,108,151,171,200,200,115,115,115,115,160,179,191,191,191],"floor_reached":51,"language":"ENG","playtime":5918,"items_purged":["Strike_P","Defend_P"],"score":806,"play_id":"a9ef38f7-f512-48d1-9498-d104c665f49c","local_time":"20210205224056","is_ascension_mode":false,"campfire_choices":[{"data":"Eruption","floor":6,"key":"SMITH"},{"data":"Wallop","floor":8,"key":"SMITH"},{"data":"TalkToTheHand","floor":15,"key":"SMITH"},{"floor":32,"key":"REST"}],"circlet_count":0,"master_deck":["Strike_P+1","Strike_P+1","Defend_P+1","Defend_P+1","Eruption+1","Vigilance+1","Wallop+1","Consecrate+1","Protect+1","Judgement+1","FearNoEvil","BattleHymn","conspire:SpireCoStock+1","TalkToTheHand+1","LessonLearned+1","CutThroughFate+1","Wallop+1","Meditate","Halt+1","Hallownest:skillCityofTearsMap+1","Hallownest:attackMasterCycloneSlash","JustLucky+1","Brilliance","FollowUp","LikeWater+1","SashWhip","Scrawl+1","TalkToTheHand","Tantrum","Hallownest:skillKingdomsEdgeMap","Pray+1","Hallownest:curseDreamersLament"],"relics":["PureWater","NeowsBlessing","Vajra","Hallownest:BankAccountRelic","Damaru","Anchor","Fusion Hammer","Divine Protection","Regal Pillow","HollowMod:LifeEnderRelic","The Courier","Cursed Key","Bottled Lightning","InkBottle","Omamori","War Paint","Chameleon Ring","Question Card","Hallownest:BeastSealRelic"],"acts_visited":["Hallownest:Greenpath","Hallownest:CityofTears","Hallownest:KingdomsEdge"],"potions_floor_usage":[16,40,48,50,50],"damage_taken":[{"damage":0,"enemies":"Hallownest:monsterHuskWarrior","floor":1,"turns":1},{"damage":0,"enemies":"2_ Uuma","floor":4,"turns":1},{"damage":0,"enemies":"Hallownest:monsterHuskGuard","floor":5,"turns":1},{"damage":8,"enemies":"Hallownest:eliteVengeflyKing","floor":7,"turns":5},{"damage":0,"enemies":"Hallownest:monsterMarmu","floor":10,"turns":3},{"damage":0,"enemies":"Hallownest:2_Tiktiks_1_Baldur_1_Crawlid","floor":11,"turns":2},{"damage":12,"enemies":"Hallownest:eliteCrystalGuardian","floor":12,"turns":5},{"damage":0,"enemies":"Hallownest:Wandering_and_Horned","floor":14,"turns":3},{"damage":28,"enemies":"Hallownest:BossBrokenVessel","floor":16,"turns":10},{"damage":0,"enemies":"Hallownest:3_Youths","floor":18,"turns":5},{"damage":0,"enemies":"Hallownest:2_Mistakes","floor":20,"turns":6},{"damage":0,"enemies":"Hallownest:monsterShrumalOgre","floor":21,"turns":3},{"damage":0,"enemies":"Hallownest:monsterMisterMushroom","floor":22,"turns":7},{"damage":1,"enemies":"Hallownest:eliteSoulWarrior","floor":23,"turns":7},{"damage":0,"enemies":"Hallownest:Glutton_and_Coward","floor":28,"turns":5},{"damage":0,"enemies":"Hallownest:3_Mistakes","floor":29,"turns":8},{"damage":0,"enemies":"Hallownest:Nosk","floor":30,"turns":5},{"damage":0,"enemies":"Hallownest:2_Flukemon","floor":31,"turns":4},{"damage":0,"enemies":"Hallownest:BossGrimm","floor":33,"turns":9},{"damage":0,"enemies":"Hallownest:Shield_Heavy","floor":35,"turns":5},{"damage":0,"enemies":"Hallownest:2_Littles","floor":38,"turns":5},{"damage":0,"enemies":"Hallownest:2_Wandering_and_1_Horned","floor":39,"turns":6},{"damage":0,"enemies":"Hallownest:eliteHiveKnight","floor":40,"turns":4},{"damage":1,"enemies":"Hallownest:Xero_Hu_Marmu","floor":46,"turns":10},{"damage":0,"enemies":"Hallownest:Slobbering_and_Violent","floor":47,"turns":3},{"damage":2,"enemies":"Hallownest:2_Wandering_and_1_Horned","floor":48,"turns":3},{"damage":17,"enemies":"Hallownest:BossHollowKnight","floor":50,"turns":4}],"seed_played":"-2320287952126827468","potions_obtained":[{"floor":1,"key":"PowerPotion"},{"floor":11,"key":"Strength Potion"},{"floor":14,"key":"Regen Potion"},{"floor":16,"key":"Milkshake"},{"floor":23,"key":"Energy Potion"},{"floor":31,"key":"SkillPotion"},{"floor":40,"key":"Reflective Coating"},{"floor":41,"key":"Death Potion"}],"is_trial":false,"path_per_floor":["M","?","?","M","M","R","E","R","T","?","M","E","?","M","R","B",null,"M","?","M","M","M","E","?","?","T","$","M","M","E","M","R","B",null,"M","$","T","M","M","E","R","?","T","?","?","M","M","M","R_BF","B",null],"character_chosen":"WATCHER","items_purchased":["HollowMod:LifeEnderRelic","JustLucky","Brilliance","TalkToTheHand","Bottled Lightning","InkBottle","Omamori"],"campfire_rested":1,"item_purchase_floors":[27,27,27,36,36,36,36],"current_hp_per_floor":[72,54,54,54,54,54,46,46,46,46,46,34,34,34,34,6,72,72,72,72,72,72,71,71,71,71,71,71,71,71,71,72,72,72,72,72,72,72,72,72,72,72,72,72,72,71,71,69,69,52],"gold":191,"neow_bonus":"THREE_ENEMY_KILL","is_daily":false,"chose_seed":false,"campfire_upgraded":3,"win_rate":0.0,"timestamp":1612590056,"path_taken":["M","?","?","M","M","R","E","R","T","?","M","E","?","M","R","BOSS","M","?","?","M","M","E","?","?","T","$","M","M","E","M","R","BOSS","M","$","?","M","M","E","R","?","T","?","?","M","M","?","R_BF","BOSS"],"items_purchased_type":["Relic","Card","Card","Card","Relic","Relic","Relic"],"build_version":"2020-12-22","purchased_purges":2,"victory":true,"max_hp_per_floor":[72,72,72,72,72,72,72,72,72,72,72,72,72,72,72,72,72,72,72,72,72,72,72,72,72,72,72,72,72,72,72,72,72,72,72,72,72,72,72,72,72,72,72,72,72,72,72,72,72,72],"card_choices":[{"not_picked":["CutThroughFate","CrushJoints"],"picked":"Wallop","floor":1},{"not_picked":["ThirdEye","Protect"],"picked":"Consecrate","floor":2},{"not_picked":["Collect","SignatureMove"],"picked":"Protect","floor":2},{"not_picked":["JustLucky","Evaluate","SashWhip"],"picked":"SKIP","floor":4},{"not_picked":["Omniscience","Protect","Evaluate"],"picked":"SKIP","floor":5},{"not_picked":["EmptyMind","BowlingBash"],"picked":"Judgement","floor":7},{"not_picked":["Replay:BluntJabs","Wallop"],"picked":"FearNoEvil","floor":11},{"not_picked":["Weave","PathToVictory"],"picked":"BattleHymn","floor":12},{"not_picked":["Evaluate","SashWhip"],"picked":"TalkToTheHand","floor":14},{"not_picked":["Replay:LoomingThreat","MasterReality"],"picked":"LessonLearned","floor":16},{"not_picked":["Replay:BluntJabs","EmptyMind","ThirdEye+1"],"picked":"SKIP","floor":18},{"not_picked":["Consecrate","DeceiveReality"],"picked":"CutThroughFate","floor":20},{"not_picked":["Consecrate","Evaluate"],"picked":"Wallop","floor":21},{"not_picked":["FearNoEvil","Replay:BluntJabs"],"picked":"Meditate","floor":22},{"not_picked":["Evaluate+1","Replay:ManipulateFuture"],"picked":"Halt","floor":23},{"not_picked":["EmptyBody","CutThroughFate"],"picked":"FollowUp","floor":28},{"not_picked":["PathToVictory","Brilliance"],"picked":"LikeWater","floor":29},{"not_picked":["Replay:ManipulateFuture","CutThroughFate","DeceiveReality"],"picked":"SKIP","floor":30},{"not_picked":["Protect","CutThroughFate"],"picked":"SashWhip","floor":31},{"not_picked":["DeusExMachina","Replay:AllIn"],"picked":"Scrawl","floor":33},{"not_picked":["ReachHeaven","Consecrate","Weave+1"],"picked":"SKIP","floor":35},{"not_picked":["Protect","EmptyFist"],"picked":"Tantrum","floor":38},{"not_picked":["Wallop+1","Halt+1","FlyingSleeves"],"picked":"SKIP","floor":39},{"not_picked":["Halt+1","CrushJoints","FlyingSleeves+1"],"picked":"SKIP","floor":40},{"not_picked":["ThirdEye","Replay:ManipulateFuture","Wallop"],"picked":"Pray+1","floor":46},{"not_picked":["Protect","Replay:AtTheReady","FearNoEvil","BowlingBash+1"],"picked":"SKIP","floor":47},{"not_picked":["SashWhip","ThirdEye+1","Protect+1","Replay:BluntJabs+1"],"picked":"SKIP","floor":48}],"player_experience":447374,"relics_obtained":[{"floor":2,"key":"Vajra"},{"floor":7,"key":"Damaru"},{"floor":9,"key":"Darkstone Periapt"},{"floor":12,"key":"Anchor"},{"floor":23,"key":"Divine Protection"},{"floor":26,"key":"Regal Pillow"},{"floor":30,"key":"The Courier"},{"floor":37,"key":"War Paint"},{"floor":40,"key":"Chameleon Ring"},{"floor":43,"key":"Question Card"}],"event_choices":[{"damage_healed":0,"gold_gain":0,"player_choice":"Invest 1","damage_taken":0,"max_hp_gain":0,"max_hp_loss":0,"event_name":"conspire:Investor","floor":13,"gold_loss":0}],"is_beta":false,"boss_relics":[{"not_picked":["conspire:SpecialSausage","conspire:RoyalGoblet"],"picked":"Fusion Hammer"},{"not_picked":["Velvet Choker","SacredBark"],"picked":"Cursed Key"}],"items_purged_floors":[27,36],"is_endless":false,"potions_floor_spawned":[1,10,11,14,16,20,23,29,31,33,35,40,47],"ascension_level":0}}