{"host":"rn4c402gwd40h2z6","time":1612594544,"event":{"mods":["10 clothes from DAL","100% Spire Juice","Act Like it!","BaseMod","Better Synergies","CapriCore","Card Forge","DNKmod","Data Control","Decade(王小明)","FoggyMod","Friendly Minions","Good Game Mod","HololiveMod","KinomotoSakuraMod(木之本樱)","Kiyohime（清姬）","LagranYue(拉格朗・月)","Library of Ruina","Library of Ruina Extra","Luminous","Minty Spire (QoL Compilation)","Pale of the Ancients","Permanent Neow","Quick Restart","Railgun Mod","Random Character Button","Relic Filter Mod","Remilia（蕾米莉亚）","RumiaBox-露米娅的神秘盒子","Spicy Shops","StSLib","Td1madao Mod","The Animator","The Blue Laboratory","The IronCluck","The Saiyan","The Senshi","The Servant 0.9.4","The Wild Card","WarShipGirlsR/战舰少女R mod","Yuri Mod","noobMod","slay the spire mod where everything is the same but ironclad has a cowboy hat","【功能Mod】混沌之环修复补丁","【功能Mod】精心准备","【遗物Mod】死灵法师NEW","老伊莉雅"],"gold_per_floor":[213,228,228,138,148,148,148,148,148,148,209,221,235,161,161,264,264,275,0,0,0,0,0,26,26,26,41,54,54,81,81,81,181,181,191,191,0,0,16,48,48,118,118,144,144,156,185,185,185,185,185,185,185,1,1],"floor_reached":56,"language":"ZHS","playtime":5979,"items_purged":[],"score":1542,"play_id":"58255b54-1f98-449f-8355-d450d1463732","local_time":"20210206145544","is_ascension_mode":false,"campfire_choices":[{"floor":6.0,"key":"RECALL"},{"floor":15.0,"key":"REST"},{"data":"PrismaMod:IllyaUncommonAttack","floor":23.0,"key":"SMITH"},{"data":"PrismaMod:IllyaPoisonBomb","floor":29.0,"key":"SMITH"},{"data":"PrismaMod:IllyaDevil","floor":32.0,"key":"SMITH"},{"data":"PrismaMod:IllyaPoisonTippedWeapons","floor":49.0,"key":"SMITH"},{"data":"PrismaMod:IllyaMinorReinForce","floor":53,"key":"SMITH"}],"circlet_count":1,"master_deck":["PrismaMod:IllyaCommonDefend+1","PrismaMod:IllyaCommonDefend+1","PrismaMod:IllyaCommonDefend+1","PrismaMod:IllyaCommonDefend+1","PrismaMod:IllyaCommonDefend+1","PrismaMod:IllyaUncommonAttack+1","PrismaMod:IllyaUncommonDefend+1","PrismaMod:ChloeAnyRareTrace+1","PrismaMod:IllyaDevil+1","PrismaMod:IllyaGrailKun+1","PrismaMod:IllyaBride+1","PrismaMod:IllyaGun+1","PrismaMod:IllyaGrail+1","PrismaMod:IllyaCheapChannelPoison+1","PrismaMod:IllyaBoysLove+1","PrismaMod:IllyaFeed+1","PrismaMod:IllyaFeed+1","PrismaMod:IllyaFeed+1","PrismaMod:IllyaPartialInstallAssassin+1","PrismaMod:IllyaBerserCAR+1","PrismaMod:IllyaGun+1","PrismaMod:IllyaBride+1","PrismaMod:IllyaInstallLancer","PrismaMod:IllyaMinorReinForce+1","PrismaMod:IllyaDevil+1","Bite+1","Bite+1","Bite+1","Bite+1","Bite+1","PrismaMod:IllyaAOECommonAttack+1","Ghostly+1","Ghostly+1","Ghostly+1","Ghostly+1","Ghostly+1","PrismaMod:IllyaPoisonBomb+1","PrismaMod:IllyaPoisonBomb+1","PrismaMod:IllyaGrail+1","Master of Strategy+1","Flash of Steel+1","PrismaMod:IllyaBerserCAR+1","PrismaMod:IllyaInstallRuler","PrismaMod:IllyaMinorReinForce+1","PrismaMod:IllyaPoisonTippedWeapons+1","PrismaMod:IllyaGrailKun"],"relics":["PrismaMod:PrismaRuby","Hammer of Thor","Seething Fire","Anvil of the Gods","ice","Circlet","Baka2","PageOfPorccubus","Bird Faced Urn","Frozen Eye","PageOfBlackSwan","Membership Card","PageOfWizard","MagicDraw4","PreservedInsect","Tiny Chest","SoulBox","Mango","Tiny Chest","Red Mask","DALC_WAN","Boot","Mark of the Bloom","Darkstone Periapt","Whetstone","Ancient Tea Set","ScarletDevilRocket","theSenshi:SailorFukuRelic"],"acts_visited":["Exordium","TheCity","TheBeyond","TheEnding"],"potions_floor_usage":[],"damage_taken":[{"damage":0.0,"enemies":"Cultist","floor":1.0,"turns":3.0},{"damage":0.0,"enemies":"Jaw Worm","floor":2.0,"turns":3.0},{"damage":0.0,"enemies":"2 Louse","floor":5.0,"turns":1.0},{"damage":0.0,"enemies":"3 Sentries","floor":11.0,"turns":2.0},{"damage":7.0,"enemies":"2 Fungi Beasts","floor":12.0,"turns":3.0},{"damage":13.0,"enemies":"Gremlin Gang","floor":13.0,"turns":3.0},{"damage":17.0,"enemies":"Slime Boss","floor":16.0,"turns":7.0},{"damage":13.0,"enemies":"Spheric Guardian","floor":18.0,"turns":4.0},{"damage":0.0,"enemies":"Gremlin Leader","floor":24.0,"turns":2.0},{"damage":1.0,"enemies":"2 Thieves","floor":27.0,"turns":3.0},{"damage":0.0,"enemies":"Sentry and Sphere","floor":28.0,"turns":4.0},{"damage":7.0,"enemies":"RedHoodMercenary","floor":33.0,"turns":6.0},{"damage":0.0,"enemies":"Orb Walker","floor":35.0,"turns":3.0},{"damage":4.0,"enemies":"3 Darklings","floor":39.0,"turns":5.0},{"damage":1.0,"enemies":"Reptomancer","floor":40.0,"turns":2.0},{"damage":3.0,"enemies":"Maw","floor":46.0,"turns":4.0},{"damage":3.0,"enemies":"Nemesis","floor":47.0,"turns":4.0},{"damage":0.0,"enemies":"Donu and Deca","floor":50.0,"turns":1.0},{"damage":13,"enemies":"The Heart","floor":55,"turns":7}],"seed_played":"-444976792544631626","potions_obtained":[{"floor":5.0,"key":"FearPotion"},{"floor":12.0,"key":"Swift Potion"},{"floor":18.0,"key":"LiquidBronze"},{"floor":28.0,"key":"blueLaboratory:BottleOfVodka"}],"is_trial":false,"path_per_floor":["M","M","?","$","M","R","T","?","T","?","E","M","M","$","R","B",null,"M","$","?","?","?","R","E","?","T","M","M","R","T","?","R","B",null,"M","?","?","T","M","E","?","T","T","T","?","M","E","?","R","B",null,null,"R","$","B",null],"character_chosen":"ILLYA","items_purchased":["PrismaMod:IllyaBride","PrismaMod:IllyaGun","Frozen Eye","Membership Card","PageOfWizard","PrismaMod:IllyaGrailKun","ScarletDevilRocket","theSenshi:SailorFukuRelic"],"campfire_rested":1,"item_purchase_floors":[4,4,14,19,19,54,54,54],"current_hp_per_floor":[1000,1000,1000,1000,1000,1000,1000,1000,1000,1000,1000,998,991,991,1000,992,1000,1000,1000,1000,702,702,702,702,351,351,351,351,351,351,351,351,348,351,365,355,355,355,364,365,365,365,365,365,365,362,359,359,359,359,344,344,344,344,331],"gold":1,"neow_bonus":"HUNDRED_GOLD","is_daily":false,"chose_seed":false,"campfire_upgraded":5,"win_rate":0.0,"timestamp":1612594544,"path_taken":["M","?","?","$","?","R","?","?","T","?","E","?","?","?","R","BOSS","M","$","?","?","?","R","E","?","T","?","?","R","?","?","R","BOSS","M","?","?","?","?","E","?","?","T","?","?","?","E","?","R","BOSS","R","$","BOSS"],"items_purchased_type":["Card","Card","Relic","Relic","Relic","Card","Relic","Relic"],"build_version":"2020-12-22","purchased_purges":0,"victory":true,"max_hp_per_floor":[1000,1000,1000,1000,1000,1000,1000,1000,1000,1000,1000,1000,1000,1000,1000,1000,1000,1003,1003,1003,702,702,702,702,351,351,351,351,351,351,351,351,351,351,365,365,365,365,365,365,365,365,365,365,365,365,365,365,365,365,365,365,365,365,365],"card_choices":[{"not_picked":["PrismaMod:IllyaAOECommonAttack","PrismaMod:IllyaCommonEvoke"],"picked":"PrismaMod:IllyaDevil","floor":1.0},{"not_picked":["PrismaMod:IllyaRussianRoulette","PrismaMod:IllyaMaid"],"picked":"PrismaMod:IllyaGrailKun","floor":2.0},{"not_picked":["PrismaMod:IllyaBoysLove","PrismaMod:IllyaRussianRoulette"],"picked":"PrismaMod:IllyaGrail","floor":5.0},{"not_picked":["PrismaMod:IllyaRubysPotion","PrismaMod:IllyaHassanGift"],"picked":"PrismaMod:IllyaPartialInstallAssassin","floor":11.0},{"not_picked":["PrismaMod:IllyaCheapChannelDefend","PrismaMod:IllyaPartialInstallAssassin"],"picked":"PrismaMod:IllyaBerserCAR","floor":12.0},{"not_picked":["PrismaMod:IllyaAssassinRevenge","PrismaMod:IllyaBlindPoisonToss"],"picked":"PrismaMod:IllyaBride","floor":13.0},{"not_picked":["PrismaMod:IllyaInstallBerserker","PrismaMod:IllyaInstallAssassin"],"picked":"PrismaMod:IllyaInstallLancer","floor":16.0},{"not_picked":["PrismaMod:IllyaCommonEvoke+1","PrismaMod:IllyaGrailKun"],"picked":"PrismaMod:IllyaMinorReinForce","floor":18.0},{"not_picked":["PrismaMod:IllyaMaid","PrismaMod:IllyaCheapChannelPoison"],"picked":"PrismaMod:IllyaAOECommonAttack","floor":24.0},{"not_picked":["PrismaMod:IllyaUberPoisonChannel","PrismaMod:IllyaMinorReinForce+1"],"picked":"PrismaMod:IllyaPoisonBomb","floor":27.0},{"not_picked":["PrismaMod:IllyaSaphire","PrismaMod:IllyaBoysLove","PrismaMod:IllyaPartialInstallAssassin"],"picked":"SKIP","floor":28.0},{"not_picked":["PrismaMod:IllyaSaphire","PrismaMod:IllyaBoysLove","PrismaMod:IllyaPartialInstallAssassin"],"picked":"SKIP","floor":28.0},{"not_picked":["PrismaMod:IllyaInstallMoonCancer","PrismaMod:IllyaCarnivalDefend"],"picked":"PrismaMod:IllyaInstallRuler","floor":33.0},{"not_picked":["PrismaMod:IllyaRubysPotion","PrismaMod:IllyaUpgradeOrbs+1"],"picked":"PrismaMod:IllyaGrail+1","floor":35.0},{"not_picked":["Dramatic Entrance","PanicButton"],"picked":"Master of Strategy","floor":36.0},{"not_picked":["Discovery","Blind"],"picked":"Flash of Steel","floor":36.0},{"not_picked":["PrismaMod:IllyaSaphire","PrismaMod:IllyaCheapDefend","PrismaMod:IllyaCheapChannelAttack"],"picked":"SKIP","floor":39.0},{"not_picked":["PrismaMod:IllyaCommandSeal+1","PrismaMod:IllyaRubysPotion"],"picked":"PrismaMod:IllyaBerserCAR+1","floor":40.0},{"not_picked":[],"picked":"PrismaMod:IllyaInstallRuler","floor":45.0},{"not_picked":["PrismaMod:IllyaRapidFire+1","PrismaMod:IllyaRussianRoulette+1"],"picked":"PrismaMod:IllyaMinorReinForce","floor":46.0},{"not_picked":["PrismaMod:IllyaCheapChannelAttack+1","PrismaMod:IllyaAssassinRevenge"],"picked":"PrismaMod:IllyaPoisonTippedWeapons","floor":47.0}],"player_experience":98279,"relics_obtained":[{"floor":1.0,"key":"Baka"},{"floor":2.0,"key":"Baka2"},{"floor":7.0,"key":"PageOfPorccubus"},{"floor":11.0,"key":"Bird Faced Urn"},{"floor":24.0,"key":"MagicDraw4"},{"floor":26.0,"key":"PreservedInsect"},{"floor":30.0,"key":"Tiny Chest"},{"floor":35.0,"key":"Mango"},{"floor":35.0,"key":"Tiny Chest"},{"floor":38.0,"key":"DALC_WAN"},{"floor":40.0,"key":"Boot"},{"floor":43.0,"key":"Darkstone Periapt"},{"floor":44.0,"key":"Whetstone"},{"floor":47.0,"key":"Ancient Tea Set"}],"event_choices":[{"damage_healed":0.0,"max_hp_gain":0.0,"max_hp_loss":0.0,"gold_gain":0.0,"event_name":"Accursed Blacksmith","player_choice":"Forge","floor":3.0,"gold_loss":0.0,"damage_taken":0.0,"cards_upgraded":["PrismaMod:IllyaDevil"]},{"damage_healed":0.0,"max_hp_gain":0.0,"max_hp_loss":0.0,"gold_gain":0.0,"event_name":"Upgrade Shrine","player_choice":"Upgraded","floor":10.0,"gold_loss":0.0,"damage_taken":0.0,"cards_upgraded":["PrismaMod:IllyaCommonAttack"]},{"damage_healed":0.0,"max_hp_gain":0.0,"max_hp_loss":0.0,"gold_gain":0.0,"event_name":"The Library","player_choice":"Read","floor":20.0,"gold_loss":0.0,"damage_taken":0.0,"cards_obtained":["PrismaMod:IllyaDevil"]},{"damage_healed":0.0,"max_hp_gain":0.0,"max_hp_loss":301.0,"gold_gain":0.0,"event_name":"Vampires","player_choice":"Became a vampire","floor":21.0,"gold_loss":0.0,"damage_taken":0.0,"cards_obtained":["Bite","Bite","Bite","Bite","Bite"]},{"damage_healed":0.0,"max_hp_gain":0.0,"max_hp_loss":0.0,"gold_gain":0.0,"event_name":"爱的神圣花园","player_choice":"Choice 1","floor":22.0,"gold_loss":0.0,"damage_taken":0.0,"relics_obtained":["alterego_mod:FleetingLove"]},{"damage_healed":0.0,"max_hp_gain":0.0,"max_hp_loss":351.0,"gold_gain":0.0,"event_name":"Ghosts","player_choice":"Became a Ghost","floor":25.0,"gold_loss":0.0,"damage_taken":0.0,"cards_obtained":["Ghostly","Ghostly","Ghostly","Ghostly","Ghostly"]},{"damage_healed":0.0,"max_hp_gain":0.0,"max_hp_loss":0.0,"gold_gain":0.0,"event_name":"Back to Basics","player_choice":"Simplicity","floor":31.0,"gold_loss":0.0,"damage_taken":0.0,"cards_upgraded":["PrismaMod:IllyaCommonDefend","PrismaMod:IllyaCommonDefend","PrismaMod:IllyaCommonDefend","PrismaMod:IllyaCommonDefend","PrismaMod:IllyaCommonDefend"]},{"damage_healed":0.0,"max_hp_gain":0.0,"max_hp_loss":0.0,"gold_gain":0.0,"event_name":"SensoryStone","player_choice":"Memory 3","floor":36.0,"gold_loss":0.0,"damage_taken":10.0},{"damage_healed":0.0,"max_hp_gain":0.0,"max_hp_loss":0.0,"gold_gain":0.0,"event_name":"Tomb of Lord Red Mask","player_choice":"Paid","floor":37.0,"gold_loss":191.0,"damage_taken":0.0,"relics_obtained":["Red Mask"]},{"damage_healed":0.0,"max_hp_gain":0.0,"max_hp_loss":0.0,"gold_gain":0.0,"event_name":"MindBloom","player_choice":"Upgrade","floor":41.0,"gold_loss":0.0,"damage_taken":0.0,"cards_upgraded":["PrismaMod:IllyaUncommonDefend","PrismaMod:ChloeAnyRareTrace","PrismaMod:IllyaGrailKun","PrismaMod:IllyaBride","PrismaMod:IllyaGun","PrismaMod:IllyaGrail","PrismaMod:IllyaCheapChannelPoison","PrismaMod:IllyaBoysLove","PrismaMod:IllyaFeed","PrismaMod:IllyaFeed","PrismaMod:IllyaFeed","PrismaMod:IllyaPartialInstallAssassin","PrismaMod:IllyaBerserCAR","PrismaMod:IllyaGun","PrismaMod:IllyaBride","PrismaMod:IllyaMinorReinForce","Bite","Bite","Bite","Bite","Bite","PrismaMod:IllyaAOECommonAttack","Ghostly","Ghostly","Ghostly","Ghostly","Ghostly","Master of Strategy","Flash of Steel"],"relics_obtained":["Mark of the Bloom"]},{"cards_removed":["PrismaMod:IllyaInstallRuler"],"damage_healed":0.0,"max_hp_gain":0.0,"max_hp_loss":0.0,"gold_gain":0.0,"event_name":"Falling","player_choice":"Removed Power","floor":48.0,"gold_loss":0.0,"damage_taken":0.0}],"is_beta":false,"boss_relics":[{"not_picked":["Runic Dome","Runic Pyramid"],"picked":"PageOfBlackSwan"},{"not_picked":["Tiny House","Sozu"],"picked":"SoulBox"}],"items_purged_floors":[],"is_endless":false,"potions_floor_spawned":[5,12,18,28,47],"ascension_level":0}}