{"host":"3twtdwjpiqhvvn5s","time":1612611072,"event":{"mods":["AchievementEnabler","Act Like it!","Aspiration","BaseMod","BetterRewards","Colored Map","Colored Powertips","Downfall","Duelist Mod","Friendly Minions","GifTheSpireLib","Hallownest","Hermit","Hubris","Infinite Spire","Jorbs\u0027s Wanderer Trilogy","Koishi","KomeijiMod","Marisa????????","Minty Spire (QoL Compilation)","Quick Restart","Rare Cards Sparkle","Replay The Spire","Shop Mod","StSLib","Td1madao Mod","The Administrix","The Animator","The Bug Knight","The Caster","The Cursed","The Disciple","The Hierophant","The Necromancer","The Poker Player","The Runesmith","The Servant 0.9.4"],"gold_per_floor":[174,7,7,7,7,41,41,41,41],"floor_reached":8,"language":"ENG","playtime":32180,"items_purged":["Strike_Remiria"],"score":52,"play_id":"36c6d1ed-6d97-4565-bf7e-95533c76389e","local_time":"20210206053112","daily_mods":["Binary"],"is_ascension_mode":false,"campfire_choices":[],"circlet_count":0,"master_deck":["Strike_Remiria","Strike_Remiria","Defend_Remirira","Defend_Remirira","Defend_Remirira","Defend_Remirira","Absorbed","Scratch","Deep Breath","hubris:InfiniteBlow","OortCloud"],"relics":["ThirstyCrossSpe","Busted Crown","Centennial Puzzle"],"acts_visited":["Exordium"],"potions_floor_usage":[6],"damage_taken":[{"damage":0,"enemies":"Cultist","floor":1,"turns":3},{"damage":26,"enemies":"3 Sentries","floor":6,"turns":13},{"damage":49,"enemies":"Gremlin Nob","floor":8,"turns":5}],"seed_played":"-8979551289640911948","potions_obtained":[{"floor":1,"key":"EssenceOfSteel"}],"is_trial":true,"path_per_floor":["M","$","?","?","$","E","$","E"],"character_chosen":"RemiriaScarlet","items_purchased":["Deep Breath"],"campfire_rested":0,"item_purchase_floors":[2],"current_hp_per_floor":[100,100,75,75,75,49,49,0,0],"gold":41,"neow_bonus":"","is_daily":false,"chose_seed":false,"campfire_upgraded":0,"win_rate":0.0,"timestamp":1612611072,"path_taken":["M","$","?","?","$","E","$","E"],"items_purchased_type":["Card"],"build_version":"2020-12-22","purchased_purges":1,"victory":false,"max_hp_per_floor":[100,100,100,100,100,100,100,100,100],"card_choices":[{"not_picked":["ReplayTheSpireMod:Book of Names","infinitespire:Oblivion"],"picked":"hubris:InfiniteBlow","floor":3}],"player_experience":2690264,"relics_obtained":[{"floor":6,"key":"Centennial Puzzle"}],"event_choices":[{"cards_removed":["Strike_Remiria"],"damage_healed":0,"gold_gain":0,"player_choice":"Took Card","damage_taken":0,"max_hp_gain":0,"max_hp_loss":0,"event_name":"NoteForYourself","floor":4,"gold_loss":0,"cards_obtained":["OortCloud"]}],"is_beta":false,"boss_relics":[],"items_purged_floors":[2],"is_endless":false,"potions_floor_spawned":[1],"killed_by":"Gremlin Nob","ascension_level":0}}