{"host":"e5ydbbdshmac12xb","time":1612644177,"event":{"mods":["2.2 Compatiblity","Aspiration","BaseMod","Beaked The Cultist","Better Altar","BetterRewards","Clockwork Mod","Colored Map","Conspire","Downfall","Hermit","Highlight Path","Hubris","Infinite Spire","Jedi Mod","Jorbs\u0027s Wanderer Trilogy","Mad Scientist","Minty Spire (QoL Compilation)","READ ME - Guardian Mod","Reliquary","Replay The Spire","Shop Mod","Spikes Relics","StSLib","The Bladedancer","The Construct","The Cursed","The Disciple","The Druid","The Jungle","The Mystic","The Necromancer","The Runesmith","The Senshi","The Servant 0.9.4","Trackpad"],"gold_per_floor":[99,111,129,129,129,147,193,93,93,93,93,108,108,121,136,235,235,235,251,266,266,286,286,286,286,313,213,241,241,268,268,279,384,384,384,397,397,397,466,490,490,540,440,491,491,537,537,582,643,643,643],"floor_reached":49,"language":"ENG","playtime":6224,"items_purged":["hexamod:Defend"],"score":753,"play_id":"ee5941fb-ce3c-4d84-9602-031d2fb140b8","local_time":"20210206204257","is_ascension_mode":false,"campfire_choices":[{"floor":1.0,"key":"RECALL"},{"data":"hexamod:GhostOfSpireFuture","floor":8.0,"key":"SMITH"},{"data":"hexamod:GhostLash","floor":11.0,"key":"SMITH"},{"data":"hexamod:HauntingEcho","floor":13.0,"key":"SMITH"},{"data":"hexamod:Strike","floor":18.0,"key":"PURGE"},{"floor":27.0,"key":"DIG"},{"floor":35.0,"key":"DIG"},{"floor":43.0,"key":"DIG"},{"floor":45.0,"key":"REST"},{"floor":47.0,"key":"DIG"}],"circlet_count":0,"master_deck":["hexamod:Strike","hexamod:Strike+1","hexamod:Strike+1","hexamod:Defend","hexamod:Defend","hexamod:Sear","hexamod:Float","hexamod:GhostOfSpireFuture+1","hexamod:EtherealExpedition+1","hexamod:GhostLash+1","hexamod:AdvancingGuard+1","hexamod:HauntingEcho+1","hexamod:ExtraCrispy","hexamod:InspiringFlames","hexamod:UnlimitedPower","hexamod:Firestarter+1","hexamod:SkipABeat","hexamod:SoulSteal+1","hexamod:Hexaguard+1","hexamod:TimeOfNeed","hexamod:SecondSeal","hexamod:HeatMetal+2","infinitespire:Collect","hexamod:RadiantFlame+1","hexamod:SixthSeal","hexamod:InspiringFlames+1","ReplayTheSpireMod:Chaos Vortex+1","Decay","hexamod:EtherealExpedition+1","hexamod:ChargedBarrage+1","hexamod:FourthSeal","hexamod:SpectersWail","hexamod:GhostOfSpireFuture+1"],"relics":["hexamod:SpiritBrand","hubris:Icosahedron","PreservedInsect","downfall:HeartBlessingRed","Runesmith:AutoHammer","aspiration:FutureDiary","Shovel","theJungle:WildPear","hubris:Towel","Matryoshka","downfall:HeartBlessingBlue","aspiration:ChemicalBlood","Ancient Tea Set","construct:ClawGrip","conspire:InfiniteJournal","jedi:paperlyon","Bottled Flame","ReplayTheSpireMod:Ring of Challenge","ReplayTheSpireMod:Ring of Exchange","trackpad:AdjectivePendant","reliquary:PurpleTingedLeaf","Whetstone","Replay:Bandana","reliquary:WeakTea","downfall:HeartBlessingGreen","Mango","hubris:GlazedTorus","Peace Pipe","Turnip"],"acts_visited":["Exordium","Exordium","TheBeyond"],"potions_floor_usage":[49],"damage_taken":[{"damage":0.0,"enemies":"2 Louse","floor":2.0,"turns":2.0},{"damage":5.0,"enemies":"Small Slimes","floor":3.0,"turns":3.0},{"damage":1.0,"enemies":"Jaw Worm","floor":6.0,"turns":3.0},{"damage":6.0,"enemies":"Lots of Slimes","floor":12.0,"turns":4.0},{"damage":0.0,"enemies":"Large Slime","floor":14.0,"turns":3.0},{"damage":7.0,"enemies":"3 Louse","floor":15.0,"turns":4.0},{"damage":0.0,"enemies":"SI_SHIV_ARCHETYPE","floor":16.0,"turns":5.0},{"damage":7.0,"enemies":"Shell Parasite","floor":19.0,"turns":4.0},{"damage":4.0,"enemies":"theJungle:Flameango_and_Byrd","floor":20.0,"turns":5.0},{"damage":11.0,"enemies":"theJungle:2_Snecko_Cultists","floor":22.0,"turns":5.0},{"damage":0.0,"enemies":"theJungle:MamaSnecko","floor":26.0,"turns":5.0},{"damage":0.0,"enemies":"theJungle:2_Phrogs","floor":28.0,"turns":6.0},{"damage":13.0,"enemies":"theJungle:SlimyTreeVines","floor":30.0,"turns":11.0},{"damage":7.0,"enemies":"theJungle:Snecko_Cultist_And_Trap","floor":32.0,"turns":5.0},{"damage":12.0,"enemies":"WA_ARCHETYPE_CALM","floor":33.0,"turns":9.0},{"damage":5.0,"enemies":"3 Shapes","floor":36.0,"turns":3.0},{"damage":0.0,"enemies":"3 Darklings","floor":40.0,"turns":4.0},{"damage":40.0,"enemies":"Reptomancer","floor":42.0,"turns":5.0},{"damage":7.0,"enemies":"Nemesis","floor":44.0,"turns":6.0},{"damage":7.0,"enemies":"Nightmare","floor":46.0,"turns":6.0},{"damage":23.0,"enemies":"Writhing Mass","floor":48.0,"turns":6.0},{"damage":48,"enemies":"Transient","floor":49,"turns":5}],"seed_played":"4334326057899641963","potions_obtained":[{"floor":3.0,"key":"Explosive Potion"},{"floor":6.0,"key":"Swift Potion"},{"floor":15.0,"key":"PowerPotion"},{"floor":20.0,"key":"Dexterity Potion"},{"floor":36.0,"key":"Slimebound:ThreeZeroPotion"},{"floor":40.0,"key":"LiquidMemories"},{"floor":46.0,"key":"DuplicationPotion"},{"floor":48,"key":"Explosive Potion"}],"is_trial":false,"path_per_floor":["R","M","M","?","?","M","T","R","?","?","R","M","R","M","M","B",null,"R_BF","M","M","?","M","?","T","?","E","R","E","?","M","AVR","M","B",null,"R","M","?","?","T","M","T","E","R","E","R","NM","R","M","M"],"character_chosen":"THE_SPIRIT","items_purchased":[],"campfire_rested":1,"item_purchase_floors":[],"current_hp_per_floor":[77,77,72,72,72,71,71,71,71,71,71,65,65,65,58,58,77,77,70,66,54,43,53,53,53,53,63,63,63,56,56,49,37,97,97,92,69,69,69,70,70,30,44,38,71,65,65,43,0,0,0],"gold":643,"neow_bonus":"TEN_PERCENT_HP_BONUS","is_daily":false,"chose_seed":false,"campfire_upgraded":3,"win_rate":0.0,"timestamp":1612644177,"path_taken":["R","M","M","?","?","M","T","R","?","?","R","?","R","?","M","BOSS","R_BF","M","M","?","M","?","T","?","E","R","E","?","M","AVR","M","BOSS","R","M","?","?","?","M","T","E","R","E","R","NM","R","?","M"],"items_purchased_type":[],"build_version":"2020-12-22","purchased_purges":1,"victory":false,"max_hp_per_floor":[77,77,77,77,77,77,77,77,77,77,77,77,77,77,77,77,77,77,77,77,77,77,87,87,87,87,97,97,97,97,97,97,97,97,97,97,97,97,97,97,97,97,111,111,111,111,111,111,111,111,111],"card_choices":[{"not_picked":["hexamod:CatchUp","hexamod:HeatMetal"],"picked":"hexamod:GhostOfSpireFuture","floor":2.0},{"not_picked":["hexamod:ShieldOfDarkness","hexamod:FastForward"],"picked":"hexamod:EtherealExpedition","floor":3.0},{"not_picked":["hexamod:HeatShield","hexamod:GhostShield"],"picked":"hexamod:GhostLash","floor":6.0},{"not_picked":["hexamod:ShieldOfDarkness","hexamod:BurningTouch"],"picked":"hexamod:HauntingEcho","floor":12.0},{"not_picked":["hexamod:Firestarter","hexamod:NecessarySacrifice"],"picked":"hexamod:ExtraCrispy","floor":14.0},{"not_picked":["hexamod:HeatCrush","hexamod:GhostLash"],"picked":"hexamod:InspiringFlames","floor":15.0},{"not_picked":["hexamod:TurnItUp","hexamod:ForkedFlame"],"picked":"hexamod:UnlimitedPower","floor":16.0},{"not_picked":["hexamod:Hexaguard","hexamod:InspiringFlames"],"picked":"hexamod:Firestarter+1","floor":19.0},{"not_picked":["hexamod:NecessarySacrifice","hexamod:SpectersWail"],"picked":"hexamod:SkipABeat","floor":20.0},{"not_picked":["hexamod:Hexaguard","hexamod:PhantomFireball+1"],"picked":"hexamod:SoulSteal+1","floor":22.0},{"not_picked":["hexamod:PhantomFireball","hexamod:SwordOfDarkness+1"],"picked":"hexamod:Hexaguard+1","floor":26.0},{"not_picked":["hexamod:BacktrackSmack+1","hexamod:ExtraCrispy+1"],"picked":"hexamod:TimeOfNeed","floor":28.0},{"not_picked":["hexamod:Firestarter","hexamod:NightmareGuise"],"picked":"hexamod:HeatMetal","floor":30.0},{"not_picked":["hexamod:HeatShield+1","hexamod:SoulSteal"],"picked":"hexamod:RadiantFlame","floor":32.0},{"not_picked":["hexamod:SearingWound","hexamod:UnlimitedPower"],"picked":"hexamod:SixthSeal","floor":33.0},{"not_picked":["hexamod:GhostLash","hexamod:HeatMetal"],"picked":"hexamod:InspiringFlames+1","floor":36.0},{"not_picked":["hubris:InfiniteBlow+68806","ReplayTheSpireMod:Black Plague"],"picked":"ReplayTheSpireMod:Chaos Vortex","floor":37.0},{"not_picked":["hexamod:HeatCrush","hexamod:HeatMetal+1"],"picked":"hexamod:EtherealExpedition+1","floor":40.0},{"not_picked":["hexamod:GhostShield+1","hexamod:PhantomFireball"],"picked":"hexamod:ChargedBarrage+1","floor":42.0},{"not_picked":["hexamod:PhantomCloak+1","hexamod:ExtraCrispy"],"picked":"hexamod:FourthSeal","floor":44.0},{"not_picked":["hexamod:HauntingEcho+1","hexamod:SwordOfDarkness"],"picked":"hexamod:SpectersWail","floor":46.0},{"not_picked":["hexamod:GhostOfSpirePast+1","hexamod:RetreatToShadows"],"picked":"hexamod:GhostOfSpireFuture+1","floor":48}],"player_experience":489427,"relics_obtained":[{"floor":7.0,"key":"PreservedInsect"},{"floor":10.0,"key":"Runesmith:AutoHammer"},{"floor":26.0,"key":"Matryoshka"},{"floor":27.0,"key":"aspiration:ChemicalBlood"},{"floor":28.0,"key":"Ancient Tea Set"},{"floor":35.0,"key":"Bottled Flame"},{"floor":38.0,"key":"ReplayTheSpireMod:Ring of Challenge"},{"floor":38.0,"key":"ReplayTheSpireMod:Ring of Exchange"},{"floor":39.0,"key":"trackpad:AdjectivePendant"},{"floor":39.0,"key":"reliquary:PurpleTingedLeaf"},{"floor":41.0,"key":"Whetstone"},{"floor":41.0,"key":"Replay:Bandana"},{"floor":42.0,"key":"reliquary:WeakTea"},{"floor":43.0,"key":"Mango"},{"floor":44.0,"key":"hubris:GlazedTorus"},{"floor":46.0,"key":"Peace Pipe"},{"floor":47.0,"key":"Turnip"}],"event_choices":[],"is_beta":false,"boss_relics":[{"not_picked":["reliquary:KinkedSpring","Ring of Chaos"],"picked":"aspiration:FutureDiary"},{"not_picked":["hubris:Backtick","conspire:RunicOctahedron"],"picked":"jedi:paperlyon"}],"items_purged_floors":[31],"is_endless":true,"potions_floor_spawned":[3,6,15,20,26,30,32,36,40],"killed_by":"Transient","ascension_level":0}}