{"host":"9slw7l0ws16384qq","time":1612621520,"event":{"mods":["A Penny For Your Troubles","BaseMod","Colored Map","Downfall","Evolution","Hubris","Minty Spire (QoL Compilation)","Replay The Spire","StS++","StSLib"],"gold_per_floor":[0,18,37,37,137,137,137,168,168,198,211,111,128,158,174,174,174,174],"floor_reached":16,"language":"FRA","playtime":504,"items_purged":[],"score":217,"play_id":"034ce890-c798-4167-8334-962453aebc9f","local_time":"20210206152520","is_ascension_mode":true,"campfire_choices":[{"data":"Guardian:PrimingBeam","floor":1,"key":"SMITH"},{"data":"Guardian:PrimingBeam","floor":6,"key":"SMITH"},{"data":"Guardian:PrimingBeam","floor":12,"key":"SMITH"}],"circlet_count":0,"master_deck":["AscendersBane","Guardian:PrimingBeam+1","Guardian:PrimingBeam+1","Guardian:PrimingBeam+1","Guardian:PrimingBeam","Guardian:Defend_Guardian","Guardian:Defend_Guardian","Guardian:CurlUp","Guardian:TwinSlam","Guardian:Gem_Red"],"relics":["Guardian:ModeShifter","EVO:Axolotl","Nunchaku","Guardian:PickAxe","StSpp:TwinEgg","downfall:HeartBlessingBlue","Dream Catcher"],"acts_visited":["Exordium"],"potions_floor_usage":[14,16,16],"damage_taken":[{"damage":0,"enemies":"Cultist","floor":2,"turns":2},{"damage":3,"enemies":"Small Slimes","floor":3,"turns":3},{"damage":15,"enemies":"Lagavulin","floor":8,"turns":5},{"damage":18,"enemies":"Replay:BlueRogue","floor":10,"turns":5},{"damage":7,"enemies":"Jaw Worm","floor":11,"turns":3},{"damage":3,"enemies":"Blue Slaver","floor":13,"turns":2},{"damage":6,"enemies":"Gremlin Nob","floor":14,"turns":3},{"damage":0,"enemies":"2 Fungi Beasts","floor":15,"turns":3},{"damage":18,"enemies":"IC_STATUS_ARCHETYPE","floor":16,"turns":8}],"seed_played":"-3127516917269392813","potions_obtained":[{"floor":2,"key":"champ:CounterPotion"},{"floor":10,"key":"FearPotion"},{"floor":14,"key":"champ:CounterPotion"}],"is_trial":false,"path_per_floor":["R","M","M","?","?","R","T","E","?","E","M","R","M","E","M","B"],"character_chosen":"GUARDIAN","items_purchased":[],"campfire_rested":0,"item_purchase_floors":[],"current_hp_per_floor":[72,72,69,69,69,69,69,54,42,24,17,27,24,18,18,0,0,0],"gold":174,"neow_bonus":"REMOVE_TWO","is_daily":false,"chose_seed":false,"campfire_upgraded":3,"win_rate":0.0,"timestamp":1612621520,"path_taken":["R","M","M","?","?","R","T","E","?","E","M","R","?","E","M","BOSS"],"items_purchased_type":[],"build_version":"2020-12-22","purchased_purges":0,"victory":false,"max_hp_per_floor":[80,80,80,80,80,80,80,80,80,80,80,90,90,90,90,90,90,90],"card_choices":[{"not_picked":["Guardian:TimeBomb","Guardian:Suspension","Guardian:RollAttack"],"picked":"SKIP","floor":2},{"not_picked":["Guardian:Incinerate","Guardian:BodySlam"],"picked":"Guardian:Gem_Red","floor":3},{"not_picked":["Guardian:FloatingOrbs","Guardian:ChargeCore","Guardian:TimeBomb"],"picked":"SKIP","floor":8},{"not_picked":["Guardian:Recover","Guardian:Gem_Lightblue","Guardian:PrismaticBeam"],"picked":"SKIP","floor":10},{"not_picked":["Guardian:Reroute","Guardian:ShieldCharger","Guardian:Recover"],"picked":"SKIP","floor":11},{"not_picked":["Guardian:Gem_Green","Guardian:PrismaticBeam","Guardian:HyperBeam_Guardian"],"picked":"SKIP","floor":13},{"not_picked":["Guardian:Incinerate","Guardian:PrimingBeam","Guardian:WalkerClaw"],"picked":"SKIP","floor":14},{"not_picked":["Guardian:Incinerate","Guardian:Gem_Green","Guardian:ShieldCharger"],"picked":"SKIP","floor":15}],"player_experience":1627703,"relics_obtained":[{"floor":8,"key":"Nunchaku"},{"floor":10,"key":"StSpp:TwinEgg"},{"floor":14,"key":"Dream Catcher"}],"event_choices":[{"damage_healed":0,"gold_gain":0,"player_choice":"Success","damage_taken":12,"relics_obtained":["Guardian:PickAxe"],"max_hp_gain":0,"max_hp_loss":0,"event_name":"Scrap Ooze","floor":9,"gold_loss":0}],"is_beta":false,"boss_relics":[],"items_purged_floors":[],"is_endless":false,"potions_floor_spawned":[2,10,11,14],"killed_by":"IC_STATUS_ARCHETYPE","ascension_level":12}}