{"host":"mydft8i2zzydgggw","time":1612600497,"event":{"mods":["AchievementEnabler","BaseMod","BetterRewards","Colored Map","Colored Powertips","DeckTracker","Keyboard Shortcuts","Minty Spire (QoL Compilation)","Rare Cards Sparkle","StSLib","SuperFastMode","everything is the same but u backflip on backflip"],"gold_per_floor":[365,380,5,5,30,30,57,57,57,57,57,57],"floor_reached":11,"language":"KOR","playtime":113,"items_purged":[],"score":93,"play_id":"cea82014-ebc8-446f-b0ae-749cc10593d3","local_time":"20210206173457","is_ascension_mode":true,"campfire_choices":[{"data":"Perfected Strike","floor":6,"key":"SMITH"},{"floor":8,"key":"REST"}],"circlet_count":0,"master_deck":["Strike_R","Strike_R","Strike_R","Strike_R","Strike_R","Defend_R","Defend_R","Defend_R","Defend_R","Bash","Perfected Strike+1","Flame Barrier","Entrench"],"relics":["Burning Blood","Ice Cream","Blood Vial","Frozen Egg 2","Potion Belt","Regal Pillow"],"acts_visited":["Exordium"],"potions_floor_usage":[7],"damage_taken":[{"damage":3,"enemies":"Jaw Worm","floor":1,"turns":5},{"damage":8,"enemies":"Small Slimes","floor":2,"turns":3},{"damage":61,"enemies":"Lagavulin","floor":7,"turns":8},{"damage":25,"enemies":"3 Sentries","floor":11,"turns":6}],"seed_played":"5391821409610294932","potions_obtained":[{"floor":2,"key":"SteroidPotion"}],"is_trial":false,"path_per_floor":["M","M","$","?","T","R","E","R","T","?","E"],"character_chosen":"IRONCLAD","items_purchased":["Ice Cream","Flame Barrier"],"campfire_rested":1,"item_purchase_floors":[3,3],"current_hp_per_floor":[72,70,70,70,70,70,17,38,38,20,0,0],"gold":57,"neow_bonus":"TWO_FIFTY_GOLD","is_daily":false,"chose_seed":false,"campfire_upgraded":1,"win_rate":0.0,"timestamp":1612600497,"path_taken":["M","M","$","?","?","R","E","R","T","?","E"],"items_purchased_type":["Relic","Card"],"build_version":"2020-12-22","purchased_purges":0,"victory":false,"max_hp_per_floor":[72,72,72,72,72,72,72,72,72,72,72,72],"card_choices":[{"not_picked":["Iron Wave","Rage","Pommel Strike"],"picked":"SKIP","floor":1},{"not_picked":["Heavy Blade","Headbutt"],"picked":"Perfected Strike","floor":2},{"not_picked":["Warcry","Disarm"],"picked":"Entrench","floor":7}],"player_experience":236402,"relics_obtained":[{"floor":5,"key":"Blood Vial"},{"floor":7,"key":"Frozen Egg 2"},{"floor":9,"key":"Potion Belt"}],"event_choices":[{"damage_healed":0,"gold_gain":0,"player_choice":"Ignored","damage_taken":0,"max_hp_gain":0,"max_hp_loss":0,"event_name":"Liars Game","floor":4,"gold_loss":0},{"damage_healed":0,"gold_gain":0,"player_choice":"Success","damage_taken":18,"relics_obtained":["Regal Pillow"],"max_hp_gain":0,"max_hp_loss":0,"event_name":"Scrap Ooze","floor":10,"gold_loss":0}],"is_beta":false,"boss_relics":[],"items_purged_floors":[],"is_endless":false,"potions_floor_spawned":[2],"killed_by":"3 Sentries","ascension_level":7}}