{"host":"at0t1xvvdwuey7rt","time":1612579165,"event":{"mods":["BaseMod","Downfall","Minty Spire (QoL Compilation)","StSLib"],"gold_per_floor":[119,129,129,7,25,25,40,57,57,86,161,161,174,233,233,337,337,347,347,361,361,361,396,5,5,5,19,44,44,76,86,86,183,183,199,199,215,231,7,37,47,47,93,103,103,123,142,160,160,160,160],"floor_reached":50,"language":"ENG","playtime":3177,"items_purged":[],"score":741,"play_id":"c19a19b5-50cb-42b0-83f5-68cc2947b178","local_time":"20210205203925","daily_mods":["Heirloom"],"is_ascension_mode":false,"campfire_choices":[{"data":"Thunderclap","floor":6,"key":"SMITH"},{"data":"Shockwave","floor":15,"key":"SMITH"},{"data":"Dramatic Entrance","floor":25,"key":"SMITH"},{"floor":32,"key":"REST"},{"floor":42,"key":"REST"},{"floor":49,"key":"REST"}],"circlet_count":0,"master_deck":["Strike_R","Strike_R","Strike_R","Strike_R","Strike_R","Defend_R","Defend_R","Defend_R","Defend_R","Bash","Burning Pact","Clash","Metallicize","Blood for Blood","Thunderclap+1","Shockwave+1","Rampage","Twin Strike","Brutality","Power Through","Offering","Fire Breathing+1","Thunderclap+1","Immolate","Writhe","Battle Trance","Dramatic Entrance+1","Metallicize","Shame","Cleave","Fire Breathing","Reaper","Uppercut+1","Apotheosis","Anger","Parasite","Demon Form","Bandage Up","Iron Wave","Cleave","Twin Strike+1","Seeing Red","Rupture"],"relics":["Burning Blood","Thread and Needle","Strawberry","MealTicket","Gremlin Horn","Mark of Pain","Slimebound:StickyStick","Tiny Chest","Potion Belt","Lee\u0027s Waffle","Centennial Puzzle","Akabeko","Kunai","Singing Bowl","Velvet Choker","Mummified Hand","Dream Catcher","Regal Pillow"],"acts_visited":["Exordium","TheCity","TheBeyond"],"potions_floor_usage":[2,7,10,10,10,27,31,33,33,37,38,41,46,47],"damage_taken":[{"damage":0,"enemies":"Small Slimes","floor":1,"turns":4},{"damage":10,"enemies":"2 Louse","floor":2,"turns":3},{"damage":2,"enemies":"Cultist","floor":5,"turns":3},{"damage":11,"enemies":"Lots of Slimes","floor":7,"turns":5},{"damage":4,"enemies":"Blue Slaver","floor":8,"turns":4},{"damage":0,"enemies":"3 Sentries","floor":10,"turns":3},{"damage":5,"enemies":"Looter","floor":13,"turns":4},{"damage":7,"enemies":"3 Sentries","floor":14,"turns":6},{"damage":18,"enemies":"Slime Boss","floor":16,"turns":10},{"damage":10,"enemies":"3 Byrds","floor":18,"turns":5},{"damage":8,"enemies":"2 Thieves","floor":20,"turns":4},{"damage":10,"enemies":"Gremlin Leader","floor":23,"turns":4},{"damage":7,"enemies":"Snecko","floor":27,"turns":3},{"damage":42,"enemies":"Book of Stabbing","floor":30,"turns":6},{"damage":23,"enemies":"Snake Plant","floor":31,"turns":3},{"damage":45,"enemies":"Collector","floor":33,"turns":8},{"damage":21,"enemies":"Orb Walker","floor":35,"turns":4},{"damage":12,"enemies":"3 Shapes","floor":37,"turns":1},{"damage":23,"enemies":"Writhing Mass","floor":38,"turns":5},{"damage":61,"enemies":"Reptomancer","floor":40,"turns":5},{"damage":12,"enemies":"Jaw Worm Horde","floor":41,"turns":3},{"damage":10,"enemies":"Sphere and 2 Shapes","floor":44,"turns":4},{"damage":21,"enemies":"3 Darklings","floor":46,"turns":3},{"damage":45,"enemies":"Writhing Mass","floor":47,"turns":4},{"damage":26,"enemies":"Transient","floor":48,"turns":5},{"damage":71,"enemies":"Time Eater","floor":50,"turns":6}],"seed_played":"-3135764093190144242","potions_obtained":[{"floor":2,"key":"EntropicBrew"},{"floor":7,"key":"SkillPotion"},{"floor":8,"key":"AttackPotion"},{"floor":16,"key":"SteroidPotion"},{"floor":23,"key":"Regen Potion"},{"floor":30,"key":"Regen Potion"},{"floor":31,"key":"EssenceOfSteel"},{"floor":33,"key":"Explosive Potion"},{"floor":35,"key":"FearPotion"},{"floor":40,"key":"SkillPotion"},{"floor":41,"key":"Guardian:BlockOnCardUsePotion"},{"floor":46,"key":"champ:CounterPotion"}],"is_trial":true,"path_per_floor":["M","M","?","$","M","R","M","M","T","E","?","?","M","?","R","B",null,"M","?","M","?","?","E","$","R","T","M","T","?","E","M","R","B",null,"M","?","M","M","$","E","M","R","T","M","T","M","M","M","R","B"],"character_chosen":"IRONCLAD","items_purchased":["Metallicize","Blood for Blood","Potion Belt","Lee\u0027s Waffle","Dramatic Entrance","Demon Form","Bandage Up"],"campfire_rested":3,"item_purchase_floors":[4,4,24,24,24,39,39],"current_hp_per_floor":[80,76,76,76,80,80,75,77,84,87,76,76,77,76,76,64,87,83,83,81,81,81,77,94,94,94,93,93,93,57,49,77,53,94,81,81,75,60,75,24,34,62,62,62,62,67,28,10,55,0,0],"gold":160,"neow_bonus":"","is_daily":false,"chose_seed":false,"campfire_upgraded":3,"win_rate":0.0,"timestamp":1612579165,"path_taken":["M","M","?","$","M","R","M","M","T","E","?","?","M","?","R","BOSS","M","?","M","?","?","E","$","R","T","M","?","?","E","M","R","BOSS","M","?","M","M","$","E","M","R","T","M","?","M","?","M","R","BOSS"],"items_purchased_type":["Card","Card","Relic","Relic","Card","Card","Card"],"build_version":"2020-12-22","purchased_purges":0,"victory":false,"max_hp_per_floor":[80,80,80,80,80,80,80,80,87,87,87,87,87,87,87,87,87,87,87,87,87,87,87,94,94,94,94,94,94,94,94,94,94,94,94,94,94,96,96,96,96,96,96,96,96,98,98,100,100,100,100],"card_choices":[{"not_picked":["Clothesline","Sword Boomerang"],"picked":"Burning Pact","floor":1},{"not_picked":["Warcry","Pommel Strike"],"picked":"Clash","floor":2},{"not_picked":["Wild Strike","Pommel Strike"],"picked":"Thunderclap","floor":5},{"not_picked":["Warcry","Wild Strike"],"picked":"Shockwave","floor":7},{"not_picked":["Shrug It Off","Sword Boomerang"],"picked":"Rampage","floor":8},{"not_picked":["Armaments","Entrench"],"picked":"Twin Strike","floor":10},{"not_picked":["Heavy Blade","Spot Weakness"],"picked":"Brutality","floor":13},{"not_picked":["Havoc","Thunderclap"],"picked":"Power Through","floor":14},{"not_picked":["Juggernaut","Impervious"],"picked":"Offering","floor":16},{"not_picked":["Headbutt","Clothesline"],"picked":"Fire Breathing+1","floor":18},{"not_picked":["Sever Soul+1","Havoc"],"picked":"Thunderclap+1","floor":20},{"not_picked":["Clothesline","Warcry"],"picked":"Battle Trance","floor":23},{"not_picked":["Flex","Clothesline"],"picked":"Metallicize","floor":27},{"not_picked":["Brutality","Intimidate"],"picked":"Cleave","floor":30},{"not_picked":["Heavy Blade","Clothesline"],"picked":"Fire Breathing","floor":31},{"not_picked":["Impervious","Offering"],"picked":"Reaper","floor":33},{"not_picked":["Flex","Thunderclap+1"],"picked":"Uppercut+1","floor":35},{"not_picked":["Mind Blast","Flash of Steel"],"picked":"Apotheosis","floor":36},{"not_picked":["Armaments+1","Headbutt+1"],"picked":"Anger","floor":37},{"not_picked":["Evolve","Headbutt","Burning Pact"],"picked":"Singing Bowl","floor":38},{"not_picked":["Hemokinesis","Offering"],"picked":"Iron Wave","floor":40},{"not_picked":["Disarm","Twin Strike"],"picked":"Cleave","floor":41},{"not_picked":["Havoc","Shrug It Off"],"picked":"Twin Strike+1","floor":44},{"not_picked":["Offering","Cleave","Warcry+1"],"picked":"Singing Bowl","floor":46},{"not_picked":["Heavy Blade+1","Clothesline+1"],"picked":"Seeing Red","floor":47},{"not_picked":["Heavy Blade","Headbutt","Clothesline+1"],"picked":"Singing Bowl","floor":48},{"not_picked":["Pommel Strike","Body Slam+1"],"picked":"Rupture","floor":49}],"player_experience":128827,"relics_obtained":[{"floor":9,"key":"Strawberry"},{"floor":10,"key":"MealTicket"},{"floor":14,"key":"Gremlin Horn"},{"floor":23,"key":"Tiny Chest"},{"floor":26,"key":"Centennial Puzzle"},{"floor":28,"key":"Akabeko"},{"floor":30,"key":"Singing Bowl"},{"floor":40,"key":"Mummified Hand"},{"floor":43,"key":"Dream Catcher"},{"floor":45,"key":"Regal Pillow"}],"event_choices":[{"damage_healed":0,"gold_gain":0,"player_choice":"Ignored","damage_taken":0,"max_hp_gain":0,"max_hp_loss":0,"event_name":"Liars Game","floor":3,"gold_loss":0},{"damage_healed":0,"gold_gain":75,"player_choice":"Gather Gold","damage_taken":11,"max_hp_gain":0,"max_hp_loss":0,"event_name":"World of Goop","floor":11,"gold_loss":0},{"damage_healed":0,"gold_gain":0,"player_choice":"Ignored","damage_taken":0,"max_hp_gain":0,"max_hp_loss":0,"event_name":"Golden Idol","floor":12,"gold_loss":0},{"damage_healed":0,"gold_gain":0,"player_choice":"Searched \u00271\u0027 times","damage_taken":0,"max_hp_gain":0,"max_hp_loss":0,"event_name":"Dead Adventurer","floor":14,"gold_loss":0},{"damage_healed":0,"gold_gain":0,"player_choice":"Read","damage_taken":0,"max_hp_gain":0,"max_hp_loss":0,"event_name":"The Library","floor":21,"gold_loss":0,"cards_obtained":["Immolate"]},{"damage_healed":0,"gold_gain":0,"player_choice":"Opened","damage_taken":0,"relics_obtained":["Slimebound:StickyStick"],"max_hp_gain":0,"max_hp_loss":0,"event_name":"The Mausoleum","floor":22,"gold_loss":0,"cards_obtained":["Writhe"]},{"damage_healed":0,"gold_gain":0,"player_choice":"Stole Relic","damage_taken":0,"relics_obtained":["Kunai"],"max_hp_gain":0,"max_hp_loss":0,"event_name":"Addict","floor":29,"gold_loss":0,"cards_obtained":["Shame"]},{"damage_healed":0,"gold_gain":0,"player_choice":"Memory 1","damage_taken":0,"max_hp_gain":0,"max_hp_loss":0,"event_name":"SensoryStone","floor":36,"gold_loss":0}],"is_beta":false,"boss_relics":[{"not_picked":["Philosopher\u0027s Stone","Fusion Hammer"],"picked":"Mark of Pain"},{"not_picked":["Cursed Key","SlaversCollar"],"picked":"Velvet Choker"}],"items_purged_floors":[],"is_endless":true,"potions_floor_spawned":[2,7,8,16,23,30,31,33,35,40,41,46],"killed_by":"Time Eater","ascension_level":0}}