{"host":"og2dufvjgkards7m","time":1612639128,"event":{"mods":["AchievementEnabler","BaseMod","Better Match","Better Note","Better Sensory Stone","Block Reminder","Colored Map","Colored Powertips","DeckTracker","Highlight Path","Minty Spire (QoL Compilation)","Rare Cards Sparkle","Relic Sorter","StSLib","SuperFastMode"],"gold_per_floor":[109,74,85,10,85,85,113,140,140,140,168,193,231,308,320,332,332],"floor_reached":16,"language":"SPA","playtime":547,"items_purged":["Strike_P"],"score":208,"play_id":"17422c01-c515-4bee-9ae9-7fa8a3d2d19b","local_time":"20210206111848","is_ascension_mode":true,"campfire_choices":[{"data":"ForeignInfluence","floor":6.0,"key":"SMITH"},{"data":"Thinking Ahead","floor":15,"key":"SMITH"}],"circlet_count":0,"master_deck":["Strike_P","Strike_P","Strike_P","Defend_P","Defend_P","Defend_P","Defend_P","Eruption","Vigilance","ForeignInfluence+1","Conclude","Weave","Blasphemy","Thinking Ahead+1","WindmillStrike","ReachHeaven","Vault","WaveOfTheHand"],"relics":["PureWater","NeowsBlessing","Orichalcum","PreservedInsect","MawBank","Meat on the Bone","The Courier"],"acts_visited":["Exordium"],"potions_floor_usage":[14],"damage_taken":[{"damage":0.0,"enemies":"Small Slimes","floor":1.0,"turns":1.0},{"damage":0.0,"enemies":"Jaw Worm","floor":3.0,"turns":1.0},{"damage":0.0,"enemies":"Lagavulin","floor":7.0,"turns":1.0},{"damage":10,"enemies":"3 Sentries","floor":11,"turns":3},{"damage":0,"enemies":"2 Louse","floor":12,"turns":2},{"damage":0,"enemies":"Lagavulin","floor":13,"turns":3},{"damage":100015,"enemies":"3 Sentries","floor":14,"turns":4},{"damage":99999,"enemies":"Slime Boss","floor":16,"turns":2}],"seed_played":"-370714224141767340","potions_obtained":[{"floor":1.0,"key":"Block Potion"},{"floor":11,"key":"DistilledChaos"},{"floor":12,"key":"FairyPotion"}],"is_trial":false,"path_per_floor":["M","$","M","$","?","R","E","T","T","?","E","M","E","?","R","B"],"character_chosen":"WATCHER","items_purchased":["Conclude"],"campfire_rested":0,"item_purchase_floors":[2],"current_hp_per_floor":[72,72,72,72,61,61,61,61,61,61,51,51,51,17,17,0,0],"gold":332,"neow_bonus":"THREE_ENEMY_KILL","is_daily":false,"chose_seed":false,"campfire_upgraded":2,"win_rate":0.0,"timestamp":1612639128,"path_taken":["M","$","M","$","?","R","E","?","T","?","E","M","E","?","R","BOSS"],"items_purchased_type":["Card"],"build_version":"2020-12-22","purchased_purges":1,"victory":false,"max_hp_per_floor":[72,72,72,72,72,72,72,72,72,72,72,72,72,72,72,72,72],"card_choices":[{"not_picked":["SashWhip","WaveOfTheHand"],"picked":"ForeignInfluence","floor":1.0},{"not_picked":["FollowUp","JustLucky"],"picked":"Weave","floor":3.0},{"not_picked":["Evaluate","Prostrate"],"picked":"Blasphemy","floor":7.0},{"not_picked":["Finesse","Panacea"],"picked":"Thinking Ahead","floor":10.0},{"not_picked":["SashWhip","Consecrate"],"picked":"WindmillStrike","floor":11},{"not_picked":["EmptyMind","Protect"],"picked":"ReachHeaven","floor":12},{"not_picked":["Crescendo","DeceiveReality"],"picked":"Vault","floor":13},{"not_picked":["ThirdEye","CutThroughFate"],"picked":"WaveOfTheHand","floor":14}],"player_experience":181069,"relics_obtained":[{"floor":7.0,"key":"Orichalcum"},{"floor":8.0,"key":"PreservedInsect"},{"floor":11,"key":"MawBank"},{"floor":13,"key":"Meat on the Bone"},{"floor":14,"key":"The Courier"}],"event_choices":[{"damage_healed":0.0,"max_hp_gain":0.0,"max_hp_loss":0.0,"gold_gain":75.0,"event_name":"World of Goop","player_choice":"Gather Gold","floor":5.0,"gold_loss":0.0,"damage_taken":11.0},{"damage_healed":0.0,"max_hp_gain":0.0,"max_hp_loss":0.0,"gold_gain":1.0,"event_name":"betterStone:BetterStone","player_choice":"1","floor":10.0,"gold_loss":0.0,"damage_taken":0.0},{"damage_healed":0,"gold_gain":30,"player_choice":"Searched \u00273\u0027 times","damage_taken":0,"max_hp_gain":0,"max_hp_loss":0,"event_name":"Dead Adventurer","floor":14,"gold_loss":0}],"is_beta":false,"boss_relics":[],"items_purged_floors":[4],"is_endless":false,"potions_floor_spawned":[1,11,12,13],"killed_by":"Slime Boss","ascension_level":5}}