{"host":"sxnl403xm2xmiyj1","time":1612585437,"event":{"mods":["AchievementEnabler","BaseMod","Colored Map","Keyboard Shortcuts","Minty Spire (QoL Compilation)","Quick Restart","StSLib","SuperFastMode"],"gold_per_floor":[117,134,153,164,164,192,157,183,206,236,248,85,98,129,129,129,129],"floor_reached":16,"language":"KOR","playtime":285,"items_purged":["Strike_R"],"score":209,"play_id":"5613e64d-de01-4861-87aa-58868f1b801c","local_time":"20210206132357","is_ascension_mode":true,"campfire_choices":[{"data":"Flex","floor":11.0,"key":"SMITH"},{"data":"Dropkick","floor":15.0,"key":"SMITH"}],"circlet_count":0,"master_deck":["Strike_R","Strike_R","Strike_R","Strike_R","Defend_R","Defend_R","Defend_R","Defend_R","Bash+1","Twin Strike","Flex+1","Thunderclap","Pummel","Evolve","Shrug It Off","Pommel Strike","Whirlwind","Shrug It Off","Sword Boomerang","Dropkick+1"],"relics":["Burning Blood","Champion Belt","Toy Ornithopter","Smiling Mask","Potion Belt","MawBank","Thread and Needle"],"acts_visited":["Exordium"],"potions_floor_usage":[16],"damage_taken":[{"damage":12.0,"enemies":"Jaw Worm","floor":1.0,"turns":4.0},{"damage":14.0,"enemies":"2 Louse","floor":2.0,"turns":2.0},{"damage":9.0,"enemies":"Small Slimes","floor":3.0,"turns":2.0},{"damage":8.0,"enemies":"Gremlin Gang","floor":4.0,"turns":4.0},{"damage":0.0,"enemies":"Gremlin Nob","floor":6.0,"turns":2.0},{"damage":41.0,"enemies":"Lagavulin","floor":8.0,"turns":7.0},{"damage":13.0,"enemies":"Gremlin Nob","floor":10.0,"turns":3.0},{"damage":12.0,"enemies":"2 Fungi Beasts","floor":13.0,"turns":2.0},{"damage":26.0,"enemies":"3 Sentries","floor":14.0,"turns":6.0},{"damage":23,"enemies":"Slime Boss","floor":16,"turns":8}],"seed_played":"7649622771783980330","potions_obtained":[{"floor":4.0,"key":"AttackPotion"},{"floor":8.0,"key":"DistilledChaos"},{"floor":10.0,"key":"BloodPotion"},{"floor":14.0,"key":"AttackPotion"}],"is_trial":false,"path_per_floor":["M","M","M","M","?","E","?","E","T","E","R","$","M","E","R","B"],"character_chosen":"IRONCLAD","items_purchased":["Whirlwind","Shrug It Off"],"campfire_rested":0,"item_purchase_floors":[12,12],"current_hp_per_floor":[45,37,34,32,32,38,58,23,23,21,21,21,15,16,16,0,0],"gold":129,"neow_bonus":"ONE_RARE_RELIC","is_daily":false,"chose_seed":false,"campfire_upgraded":2,"win_rate":0.0,"timestamp":1612585437,"path_taken":["M","M","M","M","?","E","?","E","T","E","R","$","M","E","R","BOSS"],"items_purchased_type":["Card","Card"],"build_version":"2020-12-22","purchased_purges":1,"victory":false,"max_hp_per_floor":[80,80,80,80,80,80,80,80,80,80,80,80,80,80,80,80,80],"card_choices":[{"not_picked":["Cleave","Pommel Strike"],"picked":"Twin Strike","floor":1.0},{"not_picked":["Carnage","Whirlwind"],"picked":"Flex","floor":2.0},{"not_picked":["Iron Wave","Dropkick"],"picked":"Thunderclap","floor":3.0},{"not_picked":["Cleave","Second Wind"],"picked":"Pummel","floor":4.0},{"not_picked":["Intimidate","Wild Strike"],"picked":"Evolve","floor":6.0},{"not_picked":["Entrench","Juggernaut"],"picked":"Shrug It Off","floor":8.0},{"not_picked":["Cleave","Evolve"],"picked":"Pommel Strike","floor":10.0},{"not_picked":["Flame Barrier","Shrug It Off"],"picked":"Sword Boomerang","floor":13.0},{"not_picked":["Entrench","Sentinel"],"picked":"Dropkick","floor":14.0}],"player_experience":190621,"relics_obtained":[{"floor":6.0,"key":"Toy Ornithopter"},{"floor":8.0,"key":"Smiling Mask"},{"floor":9.0,"key":"Potion Belt"},{"floor":10.0,"key":"MawBank"},{"floor":14.0,"key":"Thread and Needle"}],"event_choices":[{"damage_healed":0.0,"max_hp_gain":0.0,"max_hp_loss":0.0,"gold_gain":0.0,"event_name":"Living Wall","player_choice":"Grow","floor":5.0,"gold_loss":0.0,"damage_taken":0.0,"cards_upgraded":["Bash"]},{"damage_healed":20.0,"max_hp_gain":0.0,"max_hp_loss":0.0,"gold_gain":0.0,"event_name":"The Cleric","player_choice":"Healed","floor":7.0,"gold_loss":35.0,"damage_taken":0.0}],"is_beta":false,"boss_relics":[],"items_purged_floors":[12],"is_endless":false,"potions_floor_spawned":[4,8,10,14],"killed_by":"Slime Boss","ascension_level":7}}