{"host":"k7udt7atmcuzf6l0","time":1612588281,"event":{"mods":["AchievementEnabler","BaseMod","BetterRewards","Colored Map","Colored Powertips","Highlight Path","Minty Spire (QoL Compilation)","Quick Restart","Rare Cards Sparkle","Relic Stats","StSLib","UnlockEverythingMod"],"gold_per_floor":[111,130,149,62,81,81,99,99,99,115,115,131,30,55,55,158,158,173,173,183,183,199,199,199],"floor_reached":23,"language":"ZHS","playtime":495,"items_purged":[],"score":195,"play_id":"8c92b0ac-57bb-4753-adb0-06964b334271","local_time":"20210206131121","is_ascension_mode":false,"campfire_choices":[{"data":"Flex","floor":6.0,"key":"SMITH"},{"data":"Flex","floor":8.0,"key":"SMITH"},{"data":"Inflame","floor":11.0,"key":"SMITH"},{"data":"Sword Boomerang","floor":15.0,"key":"SMITH"}],"circlet_count":0,"master_deck":["Strike_R","Strike_R","Strike_R","Strike_R","Strike_R","Defend_R","Defend_R","Defend_R","Defend_R","Bash","Flex+1","Headbutt","Battle Trance","Inflame+1","Flex+1","Reaper","Twin Strike","Infernal Blade+1","Rage+1","Armaments+1","Sword Boomerang+1","Spot Weakness+1","Berserk","Anger+1","Shrug It Off+1","Shockwave+1"],"relics":["Burning Blood","NeowsBlessing","Toxic Egg 2","Strawberry","Runic Pyramid","Calipers"],"acts_visited":["Exordium","TheCity"],"potions_floor_usage":[],"damage_taken":[{"damage":0.0,"enemies":"Cultist","floor":1.0,"turns":1.0},{"damage":0.0,"enemies":"Jaw Worm","floor":2.0,"turns":1.0},{"damage":0.0,"enemies":"Small Slimes","floor":3.0,"turns":1.0},{"damage":16.0,"enemies":"Gremlin Gang","floor":5.0,"turns":5.0},{"damage":0.0,"enemies":"Large Slime","floor":7.0,"turns":3.0},{"damage":0.0,"enemies":"2 Fungi Beasts","floor":10.0,"turns":2.0},{"damage":0.0,"enemies":"3 Louse","floor":12.0,"turns":2.0},{"damage":4.0,"enemies":"3 Sentries","floor":14.0,"turns":4.0},{"damage":38.0,"enemies":"The Guardian","floor":16.0,"turns":7.0},{"damage":8,"enemies":"Chosen","floor":18,"turns":5},{"damage":17,"enemies":"Shell Parasite","floor":20,"turns":3},{"damage":49,"enemies":"Snecko","floor":22,"turns":6},{"damage":41,"enemies":"Slavers","floor":23,"turns":3}],"seed_played":"-7275276180116575551","potions_obtained":[{"floor":3.0,"key":"FairyPotion"},{"floor":5.0,"key":"SkillPotion"},{"floor":10.0,"key":"Swift Potion"}],"is_trial":false,"path_per_floor":["M","M","M","$","M","R","M","R","T","M","R","M","$","E","R","B",null,"M","?","M","?","M","E"],"character_chosen":"IRONCLAD","items_purchased":["Inflame","Flex","Armaments+1","Sword Boomerang"],"campfire_rested":0,"item_purchase_floors":[4,4,13,13],"current_hp_per_floor":[80,80,80,80,70,70,76,76,76,80,80,80,80,87,87,55,87,87,70,67,67,24,13,13],"gold":199,"neow_bonus":"THREE_ENEMY_KILL","is_daily":false,"chose_seed":false,"campfire_upgraded":4,"win_rate":0.0,"timestamp":1612588281,"path_taken":["M","M","M","$","M","R","M","R","T","M","R","M","$","E","R","BOSS","M","?","M","?","?","E"],"items_purchased_type":["Card","Card","Card","Card"],"build_version":"2020-12-22","purchased_purges":0,"victory":false,"max_hp_per_floor":[80,80,80,80,80,80,80,80,80,80,80,80,80,87,87,87,87,87,92,92,92,92,92,92],"relic_stats":{"counters":[13,43],"obtain_stats":[{"Calipers":21,"NeowsBlessing":0,"Strawberry":14,"Toxic Egg 2":9,"Burning Blood":0,"Runic Pyramid":17},{"Calipers":11,"NeowsBlessing":0,"Strawberry":8,"Toxic Egg 2":5,"Burning Blood":0,"Runic Pyramid":9},{"Calipers":34,"NeowsBlessing":0,"Strawberry":19,"Toxic Egg 2":11,"Burning Blood":0,"Runic Pyramid":26}],"Burning Blood":38},"card_choices":[{"not_picked":["Perfected Strike","Power Through"],"picked":"Flex","floor":1.0},{"not_picked":["Battle Trance","Sentinel"],"picked":"Headbutt","floor":2.0},{"not_picked":["Burning Pact","Hemokinesis"],"picked":"Battle Trance","floor":3.0},{"not_picked":["Intimidate","Rage"],"picked":"Reaper","floor":5.0},{"not_picked":["Feel No Pain","Perfected Strike"],"picked":"Twin Strike","floor":7.0},{"not_picked":["Rampage","Seeing Red+1"],"picked":"Infernal Blade+1","floor":10.0},{"not_picked":["Pommel Strike","Havoc+1"],"picked":"Rage+1","floor":12.0},{"not_picked":["Wild Strike","Perfected Strike"],"picked":"Spot Weakness+1","floor":14.0},{"not_picked":["Reaper","Corruption"],"picked":"Berserk","floor":16.0},{"not_picked":["Twin Strike","Perfected Strike+1"],"picked":"Anger+1","floor":18},{"not_picked":["Perfected Strike","Sword Boomerang"],"picked":"Shrug It Off+1","floor":20},{"not_picked":["Uppercut+1","Body Slam"],"picked":"Shockwave+1","floor":22}],"player_experience":55669,"relics_obtained":[{"floor":9.0,"key":"Toxic Egg 2"},{"floor":14.0,"key":"Strawberry"}],"event_choices":[{"damage_healed":0,"gold_gain":0,"player_choice":"Shed Blood","damage_taken":22,"max_hp_gain":5,"max_hp_loss":0,"event_name":"Forgotten Altar","floor":19,"gold_loss":0},{"damage_healed":0,"gold_gain":0,"player_choice":"Opened","damage_taken":0,"relics_obtained":["Calipers"],"max_hp_gain":0,"max_hp_loss":0,"event_name":"The Mausoleum","floor":21,"gold_loss":0}],"is_beta":false,"boss_relics":[{"not_picked":["Ectoplasm","Pandora\u0027s Box"],"picked":"Runic Pyramid"}],"items_purged_floors":[],"is_endless":false,"potions_floor_spawned":[3,5,10],"killed_by":"Slavers","ascension_level":0}}