{"host":"rn4c402gwd40h2z6","time":1612586452,"event":{"mods":["A Penny For Your Troubles","Act Like it!","Ascension Unlocker","BaseMod","CapriCore","Card Forge","Challenge The Spire","Crowbot","Data Control","Downfall","Easy Mod","FoggyMod","Gremlin Mod","GungeonMod","GungeonMod Extend","Minty Spire (QoL Compilation)","Pale of the Ancients","Permanent Neow","Quick Restart","Random Character Button","Relic Filter Mod","RumiaBox-露米娅的神秘盒子","Spicy Shops","StSLib","The Blue Laboratory","The Construct","[GremlinLeader]The Maniac","[LAZYMAN]RSMod","noobMod","theHeart","【功能Mod】混沌之环修复补丁","【功能Mod】精心准备","【功能Mod】聪明的最终Boss","【遗物卡牌】REMEMod"],"gold_per_floor":[219,230,230,246,421,421,482,492,573,597,609,624,624,654,654,750,750,760,760,760,776,66,91,91,91,91,91,91,91,126,142,142,245,245,259,259,0,0,80,80,80,320,346,346,346,365,365,335,335,336,336,336,16,47,7],"floor_reached":56,"language":"ZHS","playtime":6860,"items_purged":["theHeart:Invincibility"],"score":1385,"play_id":"4e9a3709-3540-4d3f-93c1-ebfd05abb307","local_time":"20210206124052","is_ascension_mode":true,"campfire_choices":[{"floor":6.0,"key":"REST"},{"floor":15.0,"key":"RECALL"},{"data":"theHeart:Tachycardia","floor":29,"key":"SMITH"},{"floor":32,"key":"REST"},{"data":"EasyMod:card_1","floor":40,"key":"SMITH"},{"data":"theHeart:theHeartDefend","floor":44,"key":"SMITH"},{"data":"theHeart:theHeartDefend","floor":47,"key":"SMITH"},{"data":"theHeart:theHeartDefend","floor":49,"key":"SMITH"},{"data":"EasyMod:card_1","floor":52,"key":"SMITH"}],"circlet_count":0,"master_deck":["EasyMod:card_1","theHeart:BloodDrop","theHeart:Scab","theHeart:theHeartDefend+1","theHeart:theHeartDefend+1","theHeart:theHeartDefend+1","theHeart:theHeartDefend","theHeart:theHeartCommonAttack+1","theHeart:theHeartCommonAttack","theHeart:theHeartCommonAttack","theHeart:theHeartCommonAttack+1","hexamod:WildfireWeapon","theHeart:TranquilRhythm","theHeart:Devour","dwlrmod:HiddenKnife","theHeart:Arrhythmia","dwlrmod:FeignDeath","theHeart:TranquilRhythm","theHeart:TranquilRhythm","Guardian:StasisStrike","theHeart:QuantumEntanglement","dwlrmod:DragonFury","theHeart:Tachycardia+1","theHeart:SpireGrowth+1","theHeart:Debilitate","Slimebound:CheckThePlaybook","theHeart:Devour+1","dwlrmod:Swindle","theHeart:TentacleWhip+1","downfall:Bewildered","maniac:Torture","theHeart:Enrage"],"relics":["Hammer of Thor","Seething Fire","Anvil of the Gods","REME_ComplimentaryCards","ice","DemoMod:Wolf","dwlrmod:ProjectRecorder","Baka2","StrikeDummy","REME_HourglassOfDeath","Pear","REME_ComplimentaryCards","DemoExt:KalibersBlessing","Potion Belt","SlaversCollar","hexamod:Sixitude","Calipers","bronze:BronzeIdol","LastBattle","DemoExt:PortableTurret","Mummified Hand","Runic Pyramid","Red Mask","EasyMod:Easy_7","DemoMod:OrangeGuonStone","DemoMod:GlassGuonStoneRelic","Pen Nib","REME_PuzzleBoxRelic"],"acts_visited":["Exordium","TheCity","TheBeyond","TheEnding"],"potions_floor_usage":[],"damage_taken":[{"damage":1.0,"enemies":"Jaw Worm","floor":1.0,"turns":3.0},{"damage":4.0,"enemies":"Small Slimes","floor":2.0,"turns":3.0},{"damage":0.0,"enemies":"2 Louse","floor":4.0,"turns":1.0},{"damage":36.0,"enemies":"Lagavulin","floor":7.0,"turns":6.0},{"damage":35.0,"enemies":"Exordium Thugs","floor":8.0,"turns":6.0},{"damage":0.0,"enemies":"2 Fungi Beasts","floor":10.0,"turns":2.0},{"damage":0.0,"enemies":"3 Louse","floor":11.0,"turns":2.0},{"damage":0.0,"enemies":"Large Slime","floor":12.0,"turns":3.0},{"damage":9.0,"enemies":"3 Sentries","floor":14.0,"turns":3.0},{"damage":18.0,"enemies":"The Guardian","floor":16.0,"turns":9.0},{"damage":12,"enemies":"Shell Parasite","floor":18,"turns":1},{"damage":0,"enemies":"Chosen","floor":21,"turns":3},{"damage":12,"enemies":"Book of Stabbing","floor":23,"turns":4},{"damage":18,"enemies":"Slavers","floor":30,"turns":2},{"damage":10,"enemies":"Shelled Parasite and Fungi","floor":31,"turns":4},{"damage":31,"enemies":"Collector","floor":33,"turns":7},{"damage":0,"enemies":"Orb Walker","floor":35,"turns":2},{"damage":26,"enemies":"3 Shapes","floor":46,"turns":3},{"damage":317,"enemies":"Donu and Deca","floor":50,"turns":21},{"damage":0,"enemies":"Shield and Spear","floor":54,"turns":3},{"damage":1,"enemies":"NeowBoss","floor":55,"turns":4}],"seed_played":"5925626345959868585","potions_obtained":[{"floor":7.0,"key":"SkillPotion"},{"floor":8.0,"key":"DemoMod:LeadSkinPotion"},{"floor":11.0,"key":"SmokeBomb"},{"floor":16.0,"key":"blueLaboratory:FrostheartPotion"},{"floor":30,"key":"blueLaboratory:BottleOfRum"},{"floor":33,"key":"BlessingOfTheForge"},{"floor":45,"key":"Swift Potion"}],"is_trial":false,"path_per_floor":["M","M","?","M","?","R","E","M","T","M","M","M","?","E","R","B",null,"M","?","?","M","$","E","?","?","T","?","?","R","E","M","R","B",null,"M","?","?","$","T","R","?","?","T","R","?","M","R","?","R","B",null,"R","$","E","B",null],"character_chosen":"THE_HEART","items_purchased":["hexamod:Sixitude","Explosive Potion","Calipers","DemoMod:OrangeGuonStone"],"campfire_rested":2,"item_purchase_floors":[22,22,22,53],"current_hp_per_floor":[74,70,55,55,55,75,39,75,75,75,86,88,78,69,69,51,93,81,81,81,93,93,71,71,35,35,35,35,35,35,31,61,37,103,103,98,98,98,98,98,98,78,78,78,78,71,71,71,71,117,117,117,117,123,122],"gold":7,"neow_bonus":"HUNDRED_GOLD","is_daily":false,"chose_seed":false,"campfire_upgraded":6,"win_rate":0.0,"timestamp":1612586452,"path_taken":["M","M","?","M","?","R","E","M","T","M","M","M","?","E","R","BOSS","M","?","?","?","$","E","?","?","T","?","?","R","E","?","R","BOSS","M","?","?","$","?","R","?","?","T","R","?","?","R","?","R","BOSS","R","$","E","BOSS"],"items_purchased_type":["Relic","Potion","Relic","Relic"],"build_version":"2020-12-22","purchased_purges":1,"victory":true,"max_hp_per_floor":[75,75,75,75,75,75,75,75,75,76,88,88,78,80,80,93,93,93,93,93,93,93,103,103,103,103,103,103,103,103,103,103,103,103,103,98,98,98,98,98,98,98,98,98,98,98,98,98,98,117,117,117,117,123,381],"card_choices":[{"not_picked":["theHeart:Arrhythmia","theHeart:Cleanse"],"picked":"theHeart:TranquilRhythm","floor":1.0},{"not_picked":["theHeart:ScrapOoze","theHeart:Arrhythmia"],"picked":"theHeart:Devour","floor":2.0},{"not_picked":["dwlrmod:Lubberkin","dwlrmod:ChillingDream"],"picked":"dwlrmod:HiddenKnife","floor":2.0},{"not_picked":["theHeart:Constrict","theHeart:Pacemaker","theHeart:TranquilRhythm"],"picked":"SKIP","floor":4.0},{"not_picked":["theHeart:BloodFlow","theHeart:CapillaryExchange"],"picked":"theHeart:Arrhythmia","floor":7.0},{"not_picked":["theHeart:Terrify","theHeart:Embolism","theHeart:Heartbeat"],"picked":"SKIP","floor":8.0},{"not_picked":["dwlrmod:LunarEclipse","dwlrmod:Kazakus"],"picked":"dwlrmod:FeignDeath","floor":10.0},{"not_picked":["theHeart:Cleanse","theHeart:Devour"],"picked":"theHeart:TranquilRhythm","floor":10.0},{"not_picked":["theHeart:Devour","theHeart:Cyroablation"],"picked":"theHeart:TranquilRhythm","floor":11.0},{"not_picked":["theHeart:SpireGrowth","theHeart:Toil","theHeart:Arrhythmia"],"picked":"SKIP","floor":12.0},{"not_picked":["theHeart:NoxiousBlood","theHeart:BloodShots"],"picked":"theHeart:QuantumEntanglement","floor":14.0},{"not_picked":["dwlrmod:BlackCat","dwlrmod:FearFromDeep","dwlrmod:PowerOverwhelming"],"picked":"dwlrmod:DragonFury","floor":16.0},{"not_picked":["dwlrmod:VividHorrors","dwlrmod:Caretaker","dwlrmod:Kazakus"],"picked":"dwlrmod:ColdlightOracle","floor":18},{"not_picked":["theHeart:Crush","theHeart:BloodShots"],"picked":"theHeart:Tachycardia","floor":18},{"not_picked":["theHeart:Cholesterol","theHeart:CapillaryExchange"],"picked":"theHeart:SpireGrowth+1","floor":21},{"not_picked":["theHeart:ChaoticEnergy","theHeart:LeechSeed"],"picked":"theHeart:Invincibility","floor":23},{"not_picked":["theHeart:PainfulStabs","theHeart:Tachycardia"],"picked":"theHeart:Devour+1","floor":30},{"not_picked":["dwlrmod:Lubberkin","dwlrmod:MurozondTheInfinite","dwlrmod:TheLastStand"],"picked":"dwlrmod:Swindle","floor":31},{"not_picked":["theHeart:Constrict+1","theHeart:Coagulation","theHeart:CapillaryExchange"],"picked":"SKIP","floor":31},{"not_picked":["theHeart:Devour","theHeart:Cyroablation","theHeart:Cholesterol"],"picked":"SKIP","floor":35},{"not_picked":["theHeart:ChaoticEnergy","theHeart:Omega3"],"picked":"theHeart:TentacleWhip+1","floor":46},{"not_picked":["theHeart:NoxiousBlood+1","theHeart:TranquilRhythm"],"picked":"theHeart:Enrage","floor":54}],"player_experience":137923,"relics_obtained":[{"floor":1.0,"key":"dwlrmod:ProjectRecorder"},{"floor":1.0,"key":"Baka"},{"floor":2.0,"key":"Baka2"},{"floor":7.0,"key":"StrikeDummy"},{"floor":9.0,"key":"REME_HourglassOfDeath"},{"floor":11.0,"key":"Pear"},{"floor":11.0,"key":"REME_ComplimentaryCards"},{"floor":14.0,"key":"Potion Belt"},{"floor":23,"key":"bronze:BronzeIdol"},{"floor":26,"key":"LastBattle"},{"floor":30,"key":"Mummified Hand"},{"floor":43,"key":"EasyMod:Easy_7"},{"floor":54,"key":"Pen Nib"},{"floor":54,"key":"REME_PuzzleBoxRelic"}],"event_choices":[{"damage_healed":0.0,"max_hp_gain":0.0,"max_hp_loss":0.0,"gold_gain":0.0,"event_name":"Shining Light","player_choice":"Entered Light","floor":3.0,"gold_loss":0.0,"damage_taken":15.0,"cards_upgraded":["theHeart:theHeartCommonAttack","theHeart:theHeartCommonAttack"]},{"damage_healed":0.0,"max_hp_gain":0.0,"max_hp_loss":0.0,"gold_gain":175.0,"event_name":"Liars Game","player_choice":"AGREE","floor":5.0,"gold_loss":0.0,"damage_taken":0.0,"cards_obtained":["Doubt"]},{"cards_removed":["theHeart:theHeartCommonAttack"],"damage_healed":0,"gold_gain":0,"player_choice":"Offered Basic","damage_taken":0,"max_hp_gain":0,"max_hp_loss":0,"event_name":"Bonfire Elementals","floor":20,"gold_loss":0},{"damage_healed":0,"gold_gain":0,"player_choice":"Read","damage_taken":0,"max_hp_gain":0,"max_hp_loss":0,"event_name":"The Library","floor":24,"gold_loss":0,"cards_obtained":["theHeart:Debilitate"]},{"damage_healed":0,"gold_gain":0,"player_choice":"Ignored","damage_taken":0,"max_hp_gain":0,"max_hp_loss":0,"event_name":"Beggar","floor":27,"gold_loss":0},{"damage_healed":0,"gold_gain":0,"player_choice":"Gave Potion","damage_taken":0,"relics_obtained":["DemoExt:PortableTurret"],"max_hp_gain":0,"max_hp_loss":0,"event_name":"WeMeetAgain","floor":28,"gold_loss":0},{"damage_healed":0,"gold_gain":0,"player_choice":"Max HP","damage_taken":0,"max_hp_gain":0,"max_hp_loss":5,"event_name":"Winding Halls","floor":36,"gold_loss":0},{"damage_healed":0,"gold_gain":0,"player_choice":"Paid","damage_taken":0,"relics_obtained":["Red Mask"],"max_hp_gain":0,"max_hp_loss":0,"event_name":"Tomb of Lord Red Mask","floor":37,"gold_loss":259},{"cards_removed":["dwlrmod:ColdlightOracle"],"damage_healed":0,"gold_gain":0,"player_choice":"Removed Power","damage_taken":0,"max_hp_gain":0,"max_hp_loss":0,"event_name":"Falling","floor":41,"gold_loss":0},{"damage_healed":0,"gold_gain":0,"player_choice":"Got Potions","damage_taken":0,"max_hp_gain":0,"max_hp_loss":0,"event_name":"Lab","floor":45,"gold_loss":0}],"is_beta":false,"boss_relics":[{"not_picked":["SacredBark","Empty Cage"],"picked":"SlaversCollar"},{"not_picked":["Black Star","Astrolabe"],"picked":"Runic Pyramid"}],"items_purged_floors":[53],"is_endless":false,"potions_floor_spawned":[7,8,11,12,16,30,33,46],"ascension_level":1}}