{"host":"aok0e1puiezyg4fr","time":1612580164,"event":{"mods":["Act Like it!","Arknights","BaseMod","Better Altar","CapriCore","Downfall","Gensokyo","Marked Mod","Minty Spire (QoL Compilation)","Shop Mod","Spicy Shops","StSLib","The Forsaken","The Immortal","The Marked","The Servant 0.9.4","Thieving Mod","noobMod"],"gold_per_floor":[114,133,150,1,1,30,30,63,87,87,113,139,239,164,164,267,267,280,280,280,280,290,324,339,374,374,15,15,15,15,66,66,166,216,227,227,227,227,240,275,275,275,275,298,308,308,218,233,233,233],"floor_reached":51,"language":"ENG","playtime":3409,"items_purged":["theForsaken:PlagueCurse","Decay"],"score":941,"play_id":"bee81068-4d6e-40f6-9ccb-19ef6f2b076c","local_time":"20210205215604","is_ascension_mode":true,"campfire_choices":[{"data":"MokouMod:FujiyamaVolcano","floor":7,"key":"SMITH"},{"floor":15,"key":"REST"},{"floor":29,"key":"REST"},{"floor":32,"key":"REST"},{"data":"Gensokyo:ShootingStar","floor":42,"key":"SMITH"},{"data":"MokouMod:PhoenixForm","floor":46,"key":"SMITH"},{"data":"Gensokyo:PrivateSquare","floor":49,"key":"SMITH"}],"circlet_count":0,"master_deck":["MokouMod:Strike+1","MokouMod:Strike","MokouMod:Strike+1","MokouMod:Strike+1","MokouMod:Strike","MokouMod:Defend","MokouMod:Defend","MokouMod:Defend","MokouMod:HeatSpark","MokouMod:FujiyamaVolcano+1","MokouMod:GuidingSmoke+1","MokouMod:FusionFlare+1","MokouMod:Rekindle+1","MokouMod:GuidingSmoke","MokouMod:BurningDraft","CurseOfTheBell","CurseOfTheBell","Clumsy","MokouMod:Ventilation+1","MokouMod:SacredFire","MokouMod:ScorchingColumn","Gensokyo:HAARP","MokouMod:SearingShot+1","MokouMod:IgnitionBarrier+1","MokouMod:InfernalWave","MokouMod:SpontaneousHumanCombustion","MokouMod:IndiscriminateIgnition+1","MokouMod:SearingShot+1","Gensokyo:ShootingStar+1","MokouMod:SearingBlow","MokouMod:PhoenixFeathers+1","MokouMod:SubterraneanCore+1","Gensokyo:ReactiveArmor","MokouMod:IndiscriminateIgnition+1","MokouMod:PhoenixForm+1","Gensokyo:PrivateSquare+1","Pride","MokouMod:FujiyamaVolcano","Gensokyo:CustomPotion","MokouMod:TemporalFireSeal+1"],"relics":["MokouMod:PhoenixFeather","ice","champ:Barbells","Ancient Tea Set","Slimebound:StickyStick","Anchor","Oddly Smooth Stone","sneckomod:BlankCard","downfall:ExtraCursedBell","Gremlin Horn","hexamod:Sixitude","Bronze Scales","bronze:MakeshiftBattery","Gensokyo:SongOfSouls","Dream Catcher","Lantern","Bag of Preparation","Tiny Chest","HornCleat","Gensokyo:RedStar","hexamod:BolsterEngine","Guardian:PocketSentry","Tiny House","Slimebound:PreparedRelic","champ:DuelingGlove","Boot"],"acts_visited":["Exordium","Gensokyo:Gensokyoer","Gensokyo:Gensokyoest"],"potions_floor_usage":[23,25,25,25,33,35,35,39,50,50],"damage_taken":[{"damage":14,"enemies":"Jaw Worm","floor":1,"turns":4},{"damage":6,"enemies":"Cultist","floor":2,"turns":3},{"damage":0,"enemies":"Small Slimes","floor":3,"turns":2},{"damage":49,"enemies":"Lagavulin","floor":6,"turns":7},{"damage":14,"enemies":"Gremlin Nob","floor":8,"turns":3},{"damage":36,"enemies":"Lagavulin","floor":12,"turns":4},{"damage":2,"enemies":"Slime Boss","floor":16,"turns":5},{"damage":14,"enemies":"Gensokyo:Chomper","floor":18,"turns":3},{"damage":10,"enemies":"Gensokyo:AngelMirror","floor":22,"turns":2},{"damage":30,"enemies":"Gensokyo:Tenshi","floor":23,"turns":4},{"damage":0,"enemies":"Gensokyo:Chomper_and_Gloop","floor":24,"turns":2},{"damage":0,"enemies":"Gensokyo:Reisen","floor":25,"turns":3},{"damage":44,"enemies":"Gensokyo:Eternal_Rivals","floor":33,"turns":5},{"damage":0,"enemies":"Gensokyo:AncientGuardian","floor":35,"turns":2},{"damage":0,"enemies":"Gensokyo:3_Boulders","floor":39,"turns":3},{"damage":0,"enemies":"Gensokyo:Kasen","floor":40,"turns":3},{"damage":0,"enemies":"Gensokyo:Sharpion","floor":45,"turns":2},{"damage":0,"enemies":"Gensokyo:Rafflesia","floor":48,"turns":3},{"damage":46,"enemies":"Gensokyo:Shinki","floor":50,"turns":5}],"seed_played":"2191335766411132939","potions_obtained":[{"floor":1,"key":"LiquidMemories"},{"floor":8,"key":"SpeedPotion"},{"floor":23,"key":"Ancient Potion"},{"floor":24,"key":"BlessingOfTheForge"},{"floor":25,"key":"SkillPotion"},{"floor":33,"key":"SneckoOil"},{"floor":34,"key":"EntropicBrew"},{"floor":45,"key":"GamblersBrew"}],"is_trial":true,"path_per_floor":["M","M","M","$","?","E","R","E","T","$","T","E","?","$","R","B",null,"M","?","T","?","M","E","M","E","T","$","?","R","?","T","R","B",null,"M","?","?","$","M","E","?","R","T","T","M","R","?","M","R","B",null],"character_chosen":"MKU","items_purchased":["champ:Barbells","HornCleat"],"campfire_rested":3,"item_purchase_floors":[4,27],"current_hp_per_floor":[61,55,55,55,55,75,75,61,61,61,61,25,30,30,54,52,83,69,69,69,69,59,29,29,29,29,29,29,54,54,54,77,69,86,86,86,86,86,86,86,86,86,86,86,86,86,86,86,86,40],"gold":233,"neow_bonus":"","is_daily":false,"chose_seed":false,"campfire_upgraded":4,"win_rate":0.0,"timestamp":1612580164,"path_taken":["M","M","M","$","?","E","R","E","T","?","?","E","?","$","R","BOSS","M","?","?","?","?","E","M","E","T","?","?","R","?","?","R","BOSS","M","?","?","$","M","E","?","R","T","?","M","R","?","M","R","BOSS"],"items_purchased_type":["Relic","Relic"],"build_version":"2020-12-22","purchased_purges":2,"victory":true,"max_hp_per_floor":[75,75,75,75,75,75,75,76,76,76,76,78,83,83,83,83,83,86,86,86,78,80,85,85,85,85,85,85,85,79,79,79,81,86,86,86,86,86,88,88,88,88,88,88,89,89,89,91,91,94],"card_choices":[{"not_picked":["MokouMod:Combust","MokouMod:Singe"],"picked":"MokouMod:FujiyamaVolcano","floor":1},{"not_picked":["MokouMod:IllusoryBattlefield","MokouMod:Overheat"],"picked":"MokouMod:GuidingSmoke","floor":2},{"not_picked":["MokouMod:Sear","MokouMod:RetainTemperature"],"picked":"MokouMod:FusionFlare","floor":3},{"not_picked":["MokouMod:AdaptivePyromancy","MokouMod:Firecracker"],"picked":"MokouMod:Rekindle","floor":6},{"not_picked":["MokouMod:FlareStarter","MokouMod:InfernalWave"],"picked":"MokouMod:GuidingSmoke","floor":8},{"not_picked":["MokouMod:FlareStarter","MokouMod:ResoluteFlare"],"picked":"MokouMod:BurningDraft","floor":12},{"not_picked":["MokouMod:SpontaneousHumanCombustion","MokouMod:Extinguish"],"picked":"MokouMod:SacredFire","floor":16},{"not_picked":["MokouMod:FlickeringFlame","MokouMod:Singe"],"picked":"MokouMod:ScorchingColumn","floor":18},{"not_picked":["Gensokyo:SlitMouthedWoman","Gensokyo:GapWoman"],"picked":"Gensokyo:HAARP","floor":21},{"not_picked":["MokouMod:FlareStarter","MokouMod:TemporalFireSeal+1"],"picked":"MokouMod:SearingShot","floor":22},{"not_picked":["MokouMod:Stoke","MokouMod:Singe"],"picked":"MokouMod:IgnitionBarrier+1","floor":23},{"not_picked":["MokouMod:EternalBurstReactor","MokouMod:Firecracker"],"picked":"MokouMod:InfernalWave","floor":24},{"not_picked":["MokouMod:HeartofFire","MokouMod:FusionFlare"],"picked":"MokouMod:SpontaneousHumanCombustion","floor":25},{"not_picked":["MokouMod:Wildfire","MokouMod:ScorchingColumn"],"picked":"MokouMod:IndiscriminateIgnition+1","floor":29},{"not_picked":["MokouMod:Firecracker","MokouMod:IndiscriminateIgnition"],"picked":"MokouMod:SearingShot+1","floor":32},{"not_picked":[],"picked":"Gensokyo:ShootingStar","floor":33},{"not_picked":["MokouMod:Ventilation","MokouMod:Rekindle"],"picked":"MokouMod:SearingBlow","floor":33},{"not_picked":["MokouMod:Firecracker+1","MokouMod:InfernalWave"],"picked":"MokouMod:PhoenixFeathers+1","floor":34},{"not_picked":["MokouMod:Overheat","MokouMod:ResoluteFlare+1"],"picked":"MokouMod:SubterraneanCore+1","floor":35},{"not_picked":["MokouMod:FlareStarter+1","MokouMod:Overheat+1"],"picked":"MokouMod:IndiscriminateIgnition+1","floor":39},{"not_picked":["MokouMod:Scorch+1","MokouMod:UncontrollableSolarReaction+1"],"picked":"MokouMod:PhoenixForm","floor":40},{"not_picked":["MokouMod:EternalBurstReactor+1","MokouMod:UncontrollableSolarReaction"],"picked":"MokouMod:FujiyamaVolcano","floor":45},{"not_picked":["MokouMod:ResonanceReactor+1","MokouMod:IllusoryBattlefield+1"],"picked":"MokouMod:TemporalFireSeal+1","floor":48}],"player_experience":25305,"relics_obtained":[{"floor":6,"key":"Ancient Tea Set"},{"floor":8,"key":"Slimebound:StickyStick"},{"floor":9,"key":"Anchor"},{"floor":11,"key":"Oddly Smooth Stone"},{"floor":12,"key":"sneckomod:BlankCard"},{"floor":13,"key":"Gremlin Horn"},{"floor":13,"key":"hexamod:Sixitude"},{"floor":13,"key":"Bronze Scales"},{"floor":20,"key":"Dream Catcher"},{"floor":23,"key":"Lantern"},{"floor":25,"key":"Bag of Preparation"},{"floor":26,"key":"Tiny Chest"},{"floor":31,"key":"Guardian:PocketSentry"},{"floor":40,"key":"Slimebound:PreparedRelic"},{"floor":43,"key":"champ:DuelingGlove"},{"floor":44,"key":"Boot"}],"event_choices":[{"cards_removed":["MokouMod:Defend"],"damage_healed":0,"gold_gain":0,"player_choice":"Offered Basic","damage_taken":0,"max_hp_gain":0,"max_hp_loss":0,"event_name":"Bonfire Elementals","floor":5,"gold_loss":0}],"is_beta":false,"boss_relics":[{"not_picked":["Empty Cage","Busted Crown"],"picked":"bronze:MakeshiftBattery"},{"not_picked":["Cursed Key","Pandora\u0027s Box"],"picked":"Tiny House"}],"items_purged_floors":[14,27],"is_endless":false,"potions_floor_spawned":[1,8,23,24,25,33,35,45],"ascension_level":2}}