{"host":"p0hktren06injwdf","time":1612615719,"event":{"mods":["AchievementEnabler","BaseMod","Colored Map","DeckTracker","Minty Spire (QoL Compilation)","Permanent Neow","StSLib","SuperFastMode"],"gold_per_floor":[210,221,67,67,81,81,81,81,134,145,156,156,188,202,202,202,202],"floor_reached":16,"language":"KOR","playtime":975,"items_purged":["Strike_G"],"score":204,"play_id":"ad7688c6-5a3d-408c-ab50-3921078bfa78","local_time":"20210206214839","is_ascension_mode":true,"campfire_choices":[{"data":"Dash","floor":6,"key":"SMITH"},{"data":"Poisoned Stab","floor":8,"key":"SMITH"},{"data":"Neutralize","floor":15,"key":"SMITH"}],"circlet_count":0,"master_deck":["AscendersBane","Strike_G+1","Strike_G+1","Strike_G","Strike_G","Defend_G","Defend_G","Defend_G","Defend_G","Defend_G","Survivor","Neutralize+1","Quick Slash+1","Flying Knee","Dash+1","Poisoned Stab+1","Dodge and Roll","All Out Attack","After Image"],"relics":["Ring of the Snake","Whetstone","Bag of Marbles"],"acts_visited":["Exordium"],"potions_floor_usage":[16],"damage_taken":[{"damage":14,"enemies":"Cultist","floor":1,"turns":6},{"damage":3,"enemies":"Jaw Worm","floor":2,"turns":5},{"damage":0,"enemies":"Small Slimes","floor":5,"turns":3},{"damage":2,"enemies":"Red Slaver","floor":10,"turns":3},{"damage":0,"enemies":"Blue Slaver","floor":11,"turns":3},{"damage":17,"enemies":"3 Sentries","floor":13,"turns":8},{"damage":2,"enemies":"3 Louse","floor":14,"turns":2},{"damage":26,"enemies":"The Guardian","floor":16,"turns":13}],"seed_played":"-5219719038842275929","potions_obtained":[{"floor":5,"key":"Weak Potion"},{"floor":11,"key":"SpeedPotion"}],"is_trial":false,"path_per_floor":["M","M","$","?","M","R","?","R","T","M","M","?","E","M","R","B"],"character_chosen":"THE_SILENT","items_purchased":["Dash"],"campfire_rested":0,"item_purchase_floors":[3],"current_hp_per_floor":[45,42,42,42,42,42,42,42,42,40,40,45,28,26,26,0,0],"gold":202,"neow_bonus":"HUNDRED_GOLD","is_daily":false,"chose_seed":false,"campfire_upgraded":3,"win_rate":0.0,"timestamp":1612615719,"path_taken":["M","?","$","?","M","R","?","R","T","?","M","?","E","M","R","BOSS"],"items_purchased_type":["Card"],"build_version":"2020-12-22","purchased_purges":1,"victory":false,"max_hp_per_floor":[66,66,66,66,66,66,66,66,66,66,66,71,71,71,71,71,71],"card_choices":[{"not_picked":["Backflip","Concentrate"],"picked":"Quick Slash","floor":1},{"not_picked":["Bane","PiercingWail"],"picked":"Flying Knee","floor":2},{"not_picked":["Sucker Punch","Doppelganger"],"picked":"Poisoned Stab","floor":5},{"not_picked":["Quick Slash","Prepared"],"picked":"Dodge and Roll","floor":10},{"not_picked":["Dagger Throw","Slice"],"picked":"All Out Attack","floor":11},{"not_picked":["Outmaneuver","Dodge and Roll"],"picked":"After Image","floor":13},{"not_picked":["Slice","Sucker Punch","Flying Knee"],"picked":"SKIP","floor":14}],"player_experience":1023384,"relics_obtained":[{"floor":9,"key":"Whetstone"},{"floor":13,"key":"Bag of Marbles"}],"event_choices":[{"damage_healed":0,"gold_gain":0,"player_choice":"Ignored","damage_taken":0,"max_hp_gain":0,"max_hp_loss":0,"event_name":"Liars Game","floor":4,"gold_loss":0},{"damage_healed":0,"gold_gain":0,"player_choice":"Forge","damage_taken":0,"max_hp_gain":0,"max_hp_loss":0,"event_name":"Accursed Blacksmith","floor":7,"gold_loss":0,"cards_upgraded":["Quick Slash"]},{"damage_healed":0,"gold_gain":0,"player_choice":"Donut","damage_taken":0,"max_hp_gain":5,"max_hp_loss":0,"event_name":"Big Fish","floor":12,"gold_loss":0}],"is_beta":false,"boss_relics":[],"items_purged_floors":[3],"is_endless":false,"potions_floor_spawned":[5,11,13],"killed_by":"The Guardian","ascension_level":20}}