{"host":"Jinnai","time":1612627205,"event":{"mods":["BaseMod","Bestiary","Block Reminder","Colored Map","Colored Powertips","Curses Come First","Highlight Path","Minty Spire (QoL Compilation)","Permanent Neow","Potion Indicator Mod","Quick Restart","Random Character Button","Relic Stats","StSLib","ojb\u0027s Info Mod"],"gold_per_floor":[111,8,8,8,8,42,42,42,42],"floor_reached":8,"language":"ENG","playtime":282,"items_purged":["Defend_G"],"score":104,"play_id":"e2ffdab0-90ac-4ac9-b7d9-f97148bed179","local_time":"20210206110005","is_ascension_mode":true,"campfire_choices":[{"floor":7,"key":"REST"}],"circlet_count":0,"master_deck":["AscendersBane","Strike_G","Strike_G","Strike_G","Strike_G","Strike_G","Defend_G","Defend_G","Defend_G","Defend_G","Survivor","Neutralize","Flying Knee","Tactician","Calculated Gamble"],"relics":["Ring of the Snake","Smiling Mask","MealTicket","Regal Pillow"],"acts_visited":["Exordium"],"potions_floor_usage":[6,6],"damage_taken":[{"damage":13,"enemies":"Jaw Worm","floor":1,"turns":8},{"damage":6,"enemies":"3 Sentries","floor":6,"turns":8},{"damage":82,"enemies":"Lagavulin","floor":8,"turns":9}],"seed_played":"4691730522389977287","potions_obtained":[{"floor":1,"key":"DuplicationPotion"}],"is_trial":false,"path_per_floor":["M","$","?","?","?","E","R","E"],"character_chosen":"THE_SILENT","items_purchased":["PowerPotion"],"campfire_rested":1,"item_purchase_floors":[2],"current_hp_per_floor":[46,46,35,35,35,29,63,0,0],"gold":42,"neow_bonus":"RANDOM_COMMON_RELIC","is_daily":false,"chose_seed":false,"campfire_upgraded":0,"win_rate":0.0,"timestamp":1612627205,"path_taken":["M","$","?","?","?","E","R","E"],"items_purchased_type":["Potion"],"build_version":"2020-12-18","purchased_purges":1,"victory":false,"max_hp_per_floor":[66,66,66,66,66,66,66,66,66],"relic_stats":{"Regal Pillow":15,"counters":[3,25],"MealTicket":0,"Smiling Mask":25,"obtain_stats":[{"Regal Pillow":6,"MealTicket":3,"Smiling Mask":0,"Ring of the Snake":0},{"Regal Pillow":2,"MealTicket":1,"Smiling Mask":0,"Ring of the Snake":0},{"Regal Pillow":16,"MealTicket":8,"Smiling Mask":0,"Ring of the Snake":0}],"Ring of the Snake":[6]},"card_choices":[{"not_picked":["Underhanded Strike","Footwork"],"picked":"Flying Knee","floor":1},{"not_picked":["Setup","Distraction"],"picked":"Calculated Gamble","floor":6}],"player_experience":1658636,"relics_obtained":[{"floor":6,"key":"Regal Pillow"}],"event_choices":[{"damage_healed":0,"gold_gain":0,"player_choice":"Success","damage_taken":11,"relics_obtained":["MealTicket"],"max_hp_gain":0,"max_hp_loss":0,"event_name":"Scrap Ooze","floor":3,"gold_loss":0},{"damage_healed":0,"gold_gain":0,"player_choice":"Ignored","damage_taken":0,"max_hp_gain":0,"max_hp_loss":0,"event_name":"Shining Light","floor":4,"gold_loss":0},{"damage_healed":0,"gold_gain":0,"player_choice":"1 cards matched","damage_taken":0,"max_hp_gain":0,"max_hp_loss":0,"event_name":"Match and Keep!","floor":5,"gold_loss":0,"cards_obtained":["Tactician"]}],"is_beta":true,"boss_relics":[],"items_purged_floors":[2],"is_endless":false,"potions_floor_spawned":[1],"killed_by":"Lagavulin","ascension_level":20}}