{"host":"z609fbm6pkeriks8","time":1612622169,"event":{"mods":["AchievementEnabler","BaseMod","Colored Map","Colored Powertips","Highlight Path","Minty Spire (QoL Compilation)","StSLib","The Animator","Yuyuko"],"gold_per_floor":[114,142,152,166,23,23,53,53,53,73,73,87,87,99,99,99,99],"floor_reached":16,"language":"ZHS","playtime":1099,"items_purged":[],"score":96,"play_id":"27764150-4781-487f-bf08-33ee8e0b40aa","local_time":"20210206223609","is_ascension_mode":false,"campfire_choices":[{"data":"animator:Berserker","floor":6,"key":"SMITH"},{"floor":8,"key":"REST"},{"data":"animator:IrohaTamaki","floor":15,"key":"SMITH"}],"circlet_count":0,"master_deck":["animator:Strike_Konosuba","animator:Defend_Konosuba","animator:Strike","animator:Strike","animator:Defend","animator:Defend","animator:Defend","animator:Kazuma","animator:Aqua","animator:Berserker+1","animator:Spearman","animator:Arpeggio","animator:Lancer","animator:Verdia","animator:TukaLunaMarceau","animator:DolaStephanie","animator:YuiTsuruno","animator:IrohaTamaki+1"],"relics":["animator:LivingPicture","animator:TheMissingPiece","animator:PurgingStone","Red Skull","Letter Opener"],"acts_visited":["Exordium"],"potions_floor_usage":[],"damage_taken":[{"damage":7,"enemies":"2 Louse","floor":1,"turns":3},{"damage":9,"enemies":"Small Slimes","floor":2,"turns":5},{"damage":0,"enemies":"Cultist","floor":3,"turns":4},{"damage":48,"enemies":"Gremlin Gang","floor":4,"turns":8},{"damage":5,"enemies":"Looter","floor":7,"turns":3},{"damage":0,"enemies":"Blue Slaver","floor":10,"turns":3},{"damage":13,"enemies":"Red Slaver","floor":12,"turns":2},{"damage":0,"enemies":"2 Fungi Beasts","floor":14,"turns":3},{"damage":30,"enemies":"Slime Boss","floor":16,"turns":9}],"seed_played":"-8750679922449605989","potions_obtained":[{"floor":4,"key":"EssenceOfSteel"},{"floor":7,"key":"Block Potion"},{"floor":12,"key":"ColorlessPotion"},{"floor":14,"key":"Dexterity Potion"}],"is_trial":false,"path_per_floor":["M","M","M","M","$","R","M","R","T","M","?","M","?","M","R","B"],"character_chosen":"THE_ANIMATOR","items_purchased":["Red Skull"],"campfire_rested":1,"item_purchase_floors":[5],"current_hp_per_floor":[65,58,60,14,14,14,11,32,32,34,34,21,21,23,23,0,0],"gold":99,"neow_bonus":"TEN_PERCENT_HP_BONUS","is_daily":false,"chose_seed":false,"campfire_upgraded":2,"win_rate":0.0,"timestamp":1612622169,"path_taken":["M","M","M","M","$","R","M","R","T","M","?","M","?","M","R","BOSS"],"items_purchased_type":["Relic"],"build_version":"2020-12-22","purchased_purges":0,"victory":false,"max_hp_per_floor":[72,72,72,72,72,72,72,72,72,72,72,72,72,72,72,72,72],"card_choices":[{"not_picked":["animator:Genos","animator:Kuribayashi"],"picked":"animator:Berserker","floor":1},{"not_picked":["animator:Arpeggio","animator:Mikaela"],"picked":"animator:Spearman","floor":2},{"not_picked":["animator:MetalKnight","animator:Jibril"],"picked":"animator:Arpeggio","floor":3},{"not_picked":["animator:Berserker","animator:ShinjiMatou"],"picked":"animator:Lancer","floor":4},{"not_picked":["animator:Shigure","animator:Tyuule"],"picked":"animator:Verdia","floor":7},{"not_picked":["animator:Priestess","animator:HiiragiShinya"],"picked":"animator:TukaLunaMarceau","floor":10},{"not_picked":["animator:MamiTomoe","animator:LizardPriest"],"picked":"animator:DolaStephanie","floor":12},{"not_picked":["animator:YuiTsuruno","animator:SuzuneAmano"],"picked":"animator:IrohaTamaki","floor":14}],"player_experience":37634,"relics_obtained":[{"floor":9,"key":"Letter Opener"}],"event_choices":[{"damage_healed":0,"gold_gain":0,"cards_transformed":["animator:Strike"],"player_choice":"Transformed","damage_taken":0,"max_hp_gain":0,"max_hp_loss":0,"event_name":"Transmorgrifier","floor":13,"gold_loss":0,"cards_obtained":["animator:YuiTsuruno"]}],"is_beta":false,"boss_relics":[],"items_purged_floors":[],"is_endless":false,"potions_floor_spawned":[4,7,12,14],"killed_by":"Slime Boss","ascension_level":0}}