{"host":"avq773cl9g5msfol","time":1612620704,"event":{"mods":["100% Spire Juice","AchievementEnabler","Act Like it!","Ascension Unlocker","Aspiration","Astrologer","Bard","Bartender","BaseMod","Better Altar","Better Third Choice","BetterRewards","CapriCore","ChefMod","Colored Map","Colored Powertips","Conspire","Dio Mod","Downfall","Elementarium","Energized Spire","Gensokyo","GifTheSpireLib","Hallownest","Hermit","Highlight Path","Hubris","Humility","Infinite Spire","Jorbs\u0027s Wanderer Trilogy","Koishi","Magitek Elite","Marisa????????","Marked Mod","Menagerie","Minty Spire (QoL Compilation)","Pale of the Ancients","Potionbrewer","Quarter Circle Forward PUNCH!","Rare Cards Sparkle","Reimu??????","Relic Stats","Reliquary","Remilia??????","Replay The Spire","Robot Space Explorer","SacredBarkPlus","Shade Mod","Somnambulant","Spicy Shops","Spire Arcade","StSLib","The Administrix","The Animator","The Blue Laboratory","The Bug Knight","The Construct","The Cursed","The Disciple","The Dragon Tamer","The Exalted","The Hayseed","The Hierophant","The Hydrologist","The Immortal","The Marked","The Mystic","The Problem Sleuth","The Runesmith","The Senshi","The Vixen","The Wild Card","TheFirefly","Wandering Minibosses","Wide Potions","vexMod"],"gold_per_floor":[118,153,153,153,153,183,183,183,183,183,183,208,208,208,208,285,285,302,312,349,349,369,369,369,369,422,422,422,453,453,464,464,540,540,560,580,580,580,580,580,607,607,607,607,637,654,654,682,682,682,682,682,682,43,73,73],"floor_reached":57,"language":"ENG","playtime":3482,"items_purged":["Moonworks:ImOnFire+1","Moonworks:BeyondHell+1","Moonworks:ImOnFire+1"],"score":4937,"play_id":"005338e1-ff5a-460c-91ba-4f51ffa67abc","local_time":"20210206211144","is_ascension_mode":true,"campfire_choices":[{"floor":7,"key":"REST"},{"data":"Moonworks:Ambush","floor":10,"key":"SMITH"},{"data":"Moonworks:LongDistanceShot","floor":15,"key":"SMITH"},{"floor":25,"key":"REST"},{"data":"Moonworks:TreasureThief","floor":40,"key":"SMITH"},{"floor":42,"key":"REST"},{"floor":49,"key":"RECALL"},{"floor":53,"key":"REST"}],"circlet_count":0,"master_deck":["AscendersBane","Moonworks:Ambush+1","Moonworks:LongDistanceShot+1","Moonworks:RedAndBlue+1","Moonworks:Wanted+1","Moonworks:ImmovableObject+1","Moonworks:Dash+1","Moonworks:OutOfAmmo+1","Moonworks:ExtendedPhotonRifle+1","Moonworks:WindyEnchantment+1","Moonworks:Flamethrower+1","Moonworks:DevilHand+1","Moonworks:LulusLuckyEgg+1","Moonworks:RocketCannon+1","Master of Strategy+1","Moonworks:AwakeningOfTalent+1","Moonworks:AccelHyper+1","Finesse+1","Moonworks:SakisCookie+1","Moonworks:AnotherUltimateWeapon+1","Moonworks:CrystalBarrier+1","Moonworks:Dinner+1","Moonworks:ReflectiveShell+1","Moonworks:TreasureThief+1","infinitespire:Starlight+1","Moonworks:GoAway+1"],"relics":["Moonworks:BrokenBomb","Moonworks:Homemark","Golden Egg","Quantum Egg","Incense Burner","HornCleat","hubris:CrystalStatue","HollowMod:JonisBlessing","Pondfish Scales","HollowMod:QueensCombRelic","Anchor","OrangePellets","Pantograph","theSenshi:SuperSailorFukuRelic","hubris:HerbalPaste","Juzu Bracelet","Moonworks:GoldenDie","RuthlessExorcism:ReiMu","Hallownest:DreamNailRelic","reliquary:WritOfMandamus","Bronze Scales","wanderingMiniBosses:CarrionFlame","reliquary:Knoch","qcfpunch:Extra_Skeleton","Silver_Glasses","hubris:SlimyHat","Guardian:PocketSentry"],"acts_visited":["Hallownest:Greenpath","TheCity","Gensokyo:Gensokyoest","TheEnding"],"potions_floor_usage":[48,56],"damage_taken":[{"damage":0,"enemies":"Hallownest:monsterHuskWarrior","floor":1,"turns":2},{"damage":0,"enemies":"Hallownest:eliteMossKnight","floor":2,"turns":2},{"damage":0,"enemies":"Hallownest:eliteVengeflyKing","floor":6,"turns":2},{"damage":0,"enemies":"Hallownest:eliteMossKnight","floor":12,"turns":2},{"damage":0,"enemies":"Hallownest:BossFalseKnight","floor":16,"turns":4},{"damage":0,"enemies":"3 Byrds","floor":18,"turns":4},{"damage":0,"enemies":"Shell Parasite","floor":19,"turns":2},{"damage":0,"enemies":"conspire:MimicChest","floor":20,"turns":5},{"damage":0,"enemies":"Cultist and Chosen","floor":22,"turns":3},{"damage":0,"enemies":"Cultist and Chosen","floor":28,"turns":2},{"damage":0,"enemies":"conspire:SneckoGhost","floor":29,"turns":4},{"damage":0,"enemies":"Centurion and Healer","floor":31,"turns":2},{"damage":0,"enemies":"Pondfish","floor":33,"turns":5},{"damage":0,"enemies":"Gensokyo:AncientGuardian","floor":35,"turns":2},{"damage":0,"enemies":"Gensokyo:3_Boulders","floor":36,"turns":3},{"damage":0,"enemies":"Nightmare","floor":41,"turns":6},{"damage":0,"enemies":"Gensokyo:Marisa","floor":45,"turns":5},{"damage":0,"enemies":"Gensokyo:SeedOfUnknown","floor":46,"turns":4},{"damage":0,"enemies":"Gensokyo:Doremy","floor":48,"turns":4},{"damage":0,"enemies":"Gensokyo:Scarlet_Devils","floor":50,"turns":7},{"damage":0,"enemies":"Gensokyo:Yuyuko","floor":51,"turns":7},{"damage":0,"enemies":"Shield and Spear","floor":55,"turns":5},{"damage":0,"enemies":"The Heart","floor":56,"turns":11}],"seed_played":"-9055829823711840137","potions_obtained":[{"floor":2,"key":"blueLaboratory:ImpenetrablePotion"}],"is_trial":false,"path_per_floor":["M","?","?","$","?","E","R","?","T","R","?","E","?","?","R","B",null,"M","M","?","?","M","?","?","R","T","$","?","E","$","M","R_BF","B",null,"M","M","?","?","?","R","NM","R","T","?","E","M","?","E","R","B","B",null,"R","$","E","B",null],"character_chosen":"THE_STARBREAKER","items_purchased":["Moonworks:BeyondHell","Moonworks:DevilHand","Incense Burner","Moonworks:LulusLuckyEgg","HornCleat","Moonworks:RocketCannon","Moonworks:ImOnFire","Master of Strategy","hubris:CrystalStatue","HollowMod:JonisBlessing","Pondfish Scales","Moonworks:AwakeningOfTalent","HollowMod:QueensCombRelic","Anchor","OrangePellets","Pantograph","Moonworks:AccelHyper+1","Moonworks:ImOnFire","theSenshi:SuperSailorFukuRelic","Finesse","hubris:HerbalPaste","Juzu Bracelet","Moonworks:SakisCookie","Moonworks:AnotherUltimateWeapon","Moonworks:GoldenDie","Moonworks:GoAway","hubris:SlimyHat"],"campfire_rested":4,"item_purchase_floors":[0,0,0,0,0,0,0,0,0,0,0,0,0,0,0,0,0,0,0,0,0,0,0,0,0,54,54],"current_hp_per_floor":[36,36,26,26,26,26,36,36,36,36,36,36,36,36,36,36,36,36,36,36,26,26,26,33,36,36,36,36,36,36,36,36,36,36,36,36,36,36,36,36,36,36,36,27,27,27,27,27,27,27,27,34,36,36,36,36],"gold":73,"neow_bonus":"","is_daily":false,"chose_seed":false,"campfire_upgraded":3,"win_rate":0.0,"timestamp":1612620704,"path_taken":["M","?","?","$","?","E","R","?","T","R","?","E","?","?","R","BOSS","M","M","?","?","M","?","?","R","T","?","?","E","$","M","R_BF","BOSS","M","M","?","?","?","R","NM","R","T","?","E","M","?","E","R","BOSS","BOSS","R","$","E","BOSS"],"items_purchased_type":["Card","Card","Relic","Card","Relic","Card","Card","Card","Relic","Relic","Relic","Card","Relic","Relic","Relic","Relic","Card","Card","Relic","Card","Relic","Relic","Card","Card","Relic","Card","Relic"],"build_version":"2020-12-22","purchased_purges":3,"victory":true,"max_hp_per_floor":[36,36,36,36,36,36,36,36,36,36,36,36,36,36,36,36,36,36,36,36,36,36,36,36,36,36,36,36,36,36,36,36,36,36,36,36,36,36,36,36,36,36,36,36,36,36,36,36,36,36,36,36,36,36,36,36],"relic_stats":{"OrangePellets":[32],"counters":[220,696],"Pantograph":0,"Bronze Scales":[315],"Juzu Bracelet":8,"obtain_stats":[{"Golden Egg":1,"construct:FoamFinger":0,"Bromod:ArcaneNullifier":43,"downfall:HeartBlessingGreen":35,"wanderingMiniBosses:OtherGremlinHorn":4,"Ginger":29,"qcfpunch:Red_Beret":35,"Old Coin":41,"Replay:Wanted Poster":34,"vexMod:InvisibilityCloak":0,"aspiration:PoetsPen":34,"hubris:HerbalPaste":0,"Ribbon":0,"qcfpunch:Lotus_Statue":24,"vexMod:EndlessSickness":34,"HollowMod:QueensCombRelic":12,"construct:RocketBooster":0,"DemoMod:OrangeGuonStone":23,"HollowMod:JonisBlessing":53,"Guardian:PocketSentry":55,"aspiration:FrozenJewel":14,"Akabeko":45,"Elementarium:GoldenMirage":20,"potionbrewer:Torch":38,"vexMod:GhostlyGear":0,"DemoMod:GundromedaStrain":48,"Elementarium:ElementariumTrophy":33,"infinitespire:Broken Mirror":4,"Bird Faced Urn":46,"Tintinnabulum":12,"Snecko Eye":24,"qcfpunch:Extra_Skeleton":28,"Pandora\u0027s Box":4,"MysticCrockPot":0,"hubris:TenFootPole":14,"infinitespire:Cupcake":34,"qcfpunch:Spiky_Bracers":0,"aspiration:Lifesprig":7,"Moonworks:GoldenDie":0,"hierophant:PropheticMaskRelic":3,"Bromod:ArcanePistoleer":23,"Blue Doll":10,"wanderingMiniBosses:AbyssPearl":15,"hubris:EmptyBottle":0,"Ancient Tea Set":41,"Gensokyo:PortableGap":17,"Cursed Key":17,"White_Cape":26,"Hallownest:GodTamersBeastRelic":39,"Pet Ghost":3,"Gensokyo:LunaticRedEyes":4,"hubris:EvacipatedBox":3,"Replay:Rubber Ducky":39,"Silver_Glasses":34,"hubris:Backtick":34,"Toolbox":37,"WingedGreaves":4,"energizedSpire:HugeHouse":17,"aspiration:FutureDiary":0,"Guardian:BottledAnomaly":0,"wanderingMiniBosses:LockLocket":12,"InkBottle":52,"Potion Belt":31,"Slimebound:SelfDamagePreventRelic":22,"Gensokyo:DirgeOfMelancholy":20,"downfall:HeartBlessingRed":18,"DemoMod:WeirdEgg":0,"Thread and Needle":0,"PreservedInsect":4,"hexamod:InflammatoryLetter":41,"The Courier":6,"infinitespire:CheckeredPen":8,"infinitespire:Lucky Rock":13,"hubris:Towel":29,"PureWhite:ReiMu":0,"Ornamental Fan":22,"Bromod:ArcaneDeflection":14,"CrazyTorch:ReiMu":45,"Slimebound:AbsorbEndCombat":0,"Garlic":26,"ReplayTheSpireMod:Lightbulb":37,"infinitespire:Midas Blood":43,"Ice Cream":0,"DemoMod:BlueGuonStone":0,"hubris:CrystalStatue":34,"Calipers":0,"Tea:ReiMu":24,"Vajra":12,"DemoMod:GlassGuonStoneRelic":2,"theSenshi:FeatherClipsRelic":13,"DemoMod:RiddleOfLead":17,"HornCleat":0,"DemoMod:MonsterBlood":42,"Mastiff:ReiMu":0,"qcfpunch:Red_Gi":38,"qcfpunch:Handcuffs":0,"DemoMod:ClearGuonStone":0,"hexamod:SpiritBrand":0,"conspire:Dentures":41,"Guardian:BottledStasis":0,"Happy Flower":0,"aspiration:Nostalgia":3,"Dead Branch":0,"Oddly Smooth Stone":44,"Guardian:ModeShifter":0,"hexamod:TheBrokenSeal":3,"wanderingMiniBosses:MasterThiefsPresence":13,"hubris:FruitBowl":3,"potionbrewer:BhaskarasWheel":17,"vexMod:PaidLearning":0,"conspire:Boomerang":42,"War Paint":40,"Question Card":0,"aspiration:HiddenCompartment":26,"hexamod:MatchstickCase":8,"OrangePellets":29,"Replay:Baseball":28,"Shuriken":0,"energizedSpire:NeverEndingSparkler":17,"PaintedHorse:ReiMu":4,"Bronze Scales":26,"Moonworks:Homemark":0,"infinitespire:EmpoweringShard":0,"ReplayTheSpireMod:TigerMarble":7,"reliquary:Knoch":26,"Grinning Jar":21,"reliquary:WritOfMandamus":17,"aspiration:HatOfInfinitePower":11,"Meat on the Bone":9,"Pocketwatch":42,"Bromod:ArcaneAvenger":44,"theSenshi:SuperSailorFukuRelic":0,"SlipperyGoo":0,"qcfpunch:Not_Strongest_Fighting_Style_Guidebook":41,"Enchiridion":4,"Gensokyo:SpiderMask":25,"Juzu Bracelet":41,"Incense Burner":0,"hubris:SlimyHat":0,"Hallownest:DreamNailRelic":8,"DemoMod:WhiteGuonStone":40,"Empty Cage":5,"PrismaticShard":19,"ClockworkSouvenir":45,"DemoMod:SevenLeafClover":26,"Frozen Eye":25,"hubris:Icosahedron":19,"downfall:HeartBlessingBlue":18,"Pantograph":0,"downfall:KnowingSkull":20,"Genji_Glove":26,"qcfpunch:Wrestler\u0027s_Cloak":39,"TheVixenMod:UmbreonRelic":37,"Bromod:ArcaneGuardian":26,"Gremlin Food":0,"hubris:DisguiseKit":45,"qcfpunch:Army_Boots":26,"BargainBundle":28,"ReplayTheSpireMod:Ninjato":22,"Replay:Towering Pillar of Hats":0,"aspiration:FetidBarrel":0,"Quantum Egg":1,"vexMod:ConsolationPrize":24,"vexMod:FocusSash":30,"qcfpunch:White_Boots":0,"Medical Kit":14,"theWildCard:VelvetContract":0,"Pondfish Scales":0,"Golden_Hairpin":34,"CaptainsWheel":0,"Anchor":0,"wanderingMiniBosses:CarrionFlame":22,"Chronometer":0,"vexMod:HeadHunter":0,"qcfpunch:Red_Headband":24,"Bag of Marbles":43,"Membership Card":0,"Gem_Box":34,"DemoMod:WaxWing":17,"potionbrewer:Keyblade":19,"Guard_Bracelet":43,"hexamod:IceCube":34,"TungstenRod":21,"RuthlessExorcism:ReiMu":25,"Moonworks:BrokenBomb":0},{"Golden Egg":0,"construct:FoamFinger":123,"Bromod:ArcaneNullifier":120,"downfall:HeartBlessingGreen":93,"wanderingMiniBosses:OtherGremlinHorn":2,"Ginger":15,"qcfpunch:Red_Beret":43,"Old Coin":45,"Replay:Wanted Poster":93,"vexMod:InvisibilityCloak":25,"aspiration:PoetsPen":18,"hubris:HerbalPaste":197,"Ribbon":51,"qcfpunch:Lotus_Statue":86,"vexMod:EndlessSickness":117,"HollowMod:QueensCombRelic":158,"construct:RocketBooster":74,"DemoMod:OrangeGuonStone":12,"HollowMod:JonisBlessing":101,"Guardian:PocketSentry":219,"aspiration:FrozenJewel":133,"Akabeko":147,"Elementarium:GoldenMirage":113,"potionbrewer:Torch":45,"vexMod:GhostlyGear":149,"DemoMod:GundromedaStrain":23,"Elementarium:ElementariumTrophy":117,"infinitespire:Broken Mirror":2,"Bird Faced Urn":98,"Tintinnabulum":7,"Snecko Eye":113,"qcfpunch:Extra_Skeleton":207,"Pandora\u0027s Box":2,"MysticCrockPot":123,"hubris:TenFootPole":32,"infinitespire:Cupcake":167,"qcfpunch:Spiky_Bracers":51,"aspiration:Lifesprig":28,"Moonworks:GoldenDie":153,"hierophant:PropheticMaskRelic":104,"Bromod:ArcanePistoleer":37,"Blue Doll":130,"wanderingMiniBosses:AbyssPearl":83,"hubris:EmptyBottle":25,"Ancient Tea Set":45,"Gensokyo:PortableGap":60,"Cursed Key":84,"White_Cape":113,"Hallownest:GodTamersBeastRelic":192,"Pet Ghost":27,"Gensokyo:LunaticRedEyes":53,"hubris:EvacipatedBox":154,"Replay:Rubber Ducky":68,"Silver_Glasses":210,"hubris:Backtick":43,"Toolbox":68,"WingedGreaves":53,"energizedSpire:HugeHouse":134,"aspiration:FutureDiary":0,"Guardian:BottledAnomaly":51,"wanderingMiniBosses:LockLocket":177,"InkBottle":101,"Potion Belt":41,"Slimebound:SelfDamagePreventRelic":11,"Gensokyo:DirgeOfMelancholy":181,"downfall:HeartBlessingRed":84,"DemoMod:WeirdEgg":51,"Thread and Needle":149,"PreservedInsect":27,"hexamod:InflammatoryLetter":96,"The Courier":127,"infinitespire:CheckeredPen":29,"infinitespire:Lucky Rock":57,"hubris:Towel":89,"PureWhite:ReiMu":74,"Ornamental Fan":11,"Bromod:ArcaneDeflection":179,"CrazyTorch:ReiMu":22,"Slimebound:AbsorbEndCombat":0,"Garlic":39,"ReplayTheSpireMod:Lightbulb":68,"infinitespire:Midas Blood":146,"Ice Cream":51,"DemoMod:BlueGuonStone":25,"hubris:CrystalStatue":43,"Calipers":153,"Tea:ReiMu":62,"Vajra":81,"DemoMod:GlassGuonStoneRelic":1,"theSenshi:FeatherClipsRelic":109,"DemoMod:RiddleOfLead":60,"HornCleat":197,"DemoMod:MonsterBlood":69,"Mastiff:ReiMu":149,"qcfpunch:Red_Gi":144,"qcfpunch:Handcuffs":170,"DemoMod:ClearGuonStone":25,"hexamod:SpiritBrand":51,"conspire:Dentures":145,"Guardian:BottledStasis":25,"Happy Flower":25,"aspiration:Nostalgia":104,"Dead Branch":102,"Oddly Smooth Stone":22,"Guardian:ModeShifter":25,"hexamod:TheBrokenSeal":53,"wanderingMiniBosses:MasterThiefsPresence":133,"hubris:FruitBowl":154,"potionbrewer:BhaskarasWheel":9,"vexMod:PaidLearning":123,"conspire:Boomerang":146,"War Paint":21,"Question Card":25,"aspiration:HiddenCompartment":182,"hexamod:MatchstickCase":54,"OrangePellets":40,"Replay:Baseball":14,"Shuriken":51,"energizedSpire:NeverEndingSparkler":111,"PaintedHorse:ReiMu":151,"Bronze Scales":137,"Moonworks:Homemark":149,"infinitespire:EmpoweringShard":51,"ReplayTheSpireMod:TigerMarble":106,"reliquary:Knoch":206,"Grinning Jar":113,"reliquary:WritOfMandamus":202,"aspiration:HatOfInfinitePower":56,"Meat on the Bone":30,"Pocketwatch":194,"Bromod:ArcaneAvenger":72,"theSenshi:SuperSailorFukuRelic":25,"SlipperyGoo":123,"qcfpunch:Not_Strongest_Fighting_Style_Guidebook":120,"Enchiridion":125,"Gensokyo:SpiderMask":182,"Juzu Bracelet":21,"Incense Burner":25,"hubris:SlimyHat":25,"Hallownest:DreamNailRelic":106,"DemoMod:WhiteGuonStone":21,"Empty Cage":76,"PrismaticShard":181,"ClockworkSouvenir":22,"DemoMod:SevenLeafClover":39,"Frozen Eye":62,"hubris:Icosahedron":84,"downfall:HeartBlessingBlue":84,"Pantograph":197,"downfall:KnowingSkull":10,"Genji_Glove":39,"qcfpunch:Wrestler\u0027s_Cloak":95,"TheVixenMod:UmbreonRelic":143,"Bromod:ArcaneGuardian":163,"Gremlin Food":149,"hubris:DisguiseKit":22,"qcfpunch:Army_Boots":39,"BargainBundle":138,"ReplayTheSpireMod:Ninjato":62,"Replay:Towering Pillar of Hats":51,"aspiration:FetidBarrel":25,"Quantum Egg":0,"vexMod:ConsolationPrize":113,"vexMod:FocusSash":139,"qcfpunch:White_Boots":51,"Medical Kit":133,"theWildCard:VelvetContract":102,"Pondfish Scales":25,"Golden_Hairpin":141,"CaptainsWheel":149,"Anchor":149,"wanderingMiniBosses:CarrionFlame":162,"Chronometer":123,"vexMod:HeadHunter":74,"qcfpunch:Red_Headband":12,"Bag of Marbles":71,"Membership Card":51,"Gem_Box":185,"DemoMod:WaxWing":34,"potionbrewer:Keyblade":60,"Guard_Bracelet":194,"hexamod:IceCube":67,"TungstenRod":181,"RuthlessExorcism:ReiMu":63,"Moonworks:BrokenBomb":149},{"Golden Egg":0,"construct:FoamFinger":362,"Bromod:ArcaneNullifier":356,"downfall:HeartBlessingGreen":285,"wanderingMiniBosses:OtherGremlinHorn":8,"Ginger":42,"qcfpunch:Red_Beret":120,"Old Coin":126,"Replay:Wanted Poster":285,"vexMod:InvisibilityCloak":71,"aspiration:PoetsPen":52,"hubris:HerbalPaste":603,"Ribbon":143,"qcfpunch:Lotus_Statue":256,"vexMod:EndlessSickness":352,"HollowMod:QueensCombRelic":469,"construct:RocketBooster":213,"DemoMod:OrangeGuonStone":33,"HollowMod:JonisBlessing":316,"Guardian:PocketSentry":685,"aspiration:FrozenJewel":399,"Akabeko":438,"Elementarium:GoldenMirage":345,"potionbrewer:Torch":126,"vexMod:GhostlyGear":448,"DemoMod:GundromedaStrain":66,"Elementarium:ElementariumTrophy":352,"infinitespire:Broken Mirror":8,"Bird Faced Urn":302,"Tintinnabulum":17,"Snecko Eye":345,"qcfpunch:Extra_Skeleton":631,"Pandora\u0027s Box":8,"MysticCrockPot":362,"hubris:TenFootPole":86,"infinitespire:Cupcake":511,"qcfpunch:Spiky_Bracers":143,"aspiration:Lifesprig":78,"Moonworks:GoldenDie":455,"hierophant:PropheticMaskRelic":328,"Bromod:ArcanePistoleer":99,"Blue Doll":387,"wanderingMiniBosses:AbyssPearl":246,"hubris:EmptyBottle":71,"Ancient Tea Set":126,"Gensokyo:PortableGap":173,"Cursed Key":251,"White_Cape":345,"Hallownest:GodTamersBeastRelic":580,"Pet Ghost":76,"Gensokyo:LunaticRedEyes":151,"hubris:EvacipatedBox":457,"Replay:Rubber Ducky":193,"Silver_Glasses":642,"hubris:Backtick":120,"Toolbox":193,"WingedGreaves":151,"energizedSpire:HugeHouse":404,"aspiration:FutureDiary":0,"Guardian:BottledAnomaly":143,"wanderingMiniBosses:LockLocket":538,"InkBottle":316,"Potion Belt":110,"Slimebound:SelfDamagePreventRelic":28,"Gensokyo:DirgeOfMelancholy":549,"downfall:HeartBlessingRed":251,"DemoMod:WeirdEgg":143,"Thread and Needle":448,"PreservedInsect":76,"hexamod:InflammatoryLetter":292,"The Courier":378,"infinitespire:CheckeredPen":81,"infinitespire:Lucky Rock":163,"hubris:Towel":266,"PureWhite:ReiMu":213,"Ornamental Fan":28,"Bromod:ArcaneDeflection":544,"CrazyTorch:ReiMu":64,"Slimebound:AbsorbEndCombat":0,"Garlic":107,"ReplayTheSpireMod:Lightbulb":193,"infinitespire:Midas Blood":435,"Ice Cream":143,"DemoMod:BlueGuonStone":71,"hubris:CrystalStatue":120,"Calipers":455,"Tea:ReiMu":178,"Vajra":238,"DemoMod:GlassGuonStoneRelic":4,"theSenshi:FeatherClipsRelic":337,"DemoMod:RiddleOfLead":173,"HornCleat":603,"DemoMod:MonsterBlood":197,"Mastiff:ReiMu":448,"qcfpunch:Red_Gi":432,"qcfpunch:Handcuffs":520,"DemoMod:ClearGuonStone":71,"hexamod:SpiritBrand":143,"conspire:Dentures":434,"Guardian:BottledStasis":71,"Happy Flower":71,"aspiration:Nostalgia":328,"Dead Branch":325,"Oddly Smooth Stone":64,"Guardian:ModeShifter":71,"hexamod:TheBrokenSeal":150,"wanderingMiniBosses:MasterThiefsPresence":399,"hubris:FruitBowl":457,"potionbrewer:BhaskarasWheel":23,"vexMod:PaidLearning":362,"conspire:Boomerang":435,"War Paint":62,"Question Card":71,"aspiration:HiddenCompartment":552,"hexamod:MatchstickCase":154,"OrangePellets":108,"Replay:Baseball":38,"Shuriken":143,"energizedSpire:NeverEndingSparkler":343,"PaintedHorse:ReiMu":451,"Bronze Scales":413,"Moonworks:Homemark":448,"infinitespire:EmpoweringShard":143,"ReplayTheSpireMod:TigerMarble":331,"reliquary:Knoch":629,"Grinning Jar":345,"reliquary:WritOfMandamus":615,"aspiration:HatOfInfinitePower":158,"Meat on the Bone":83,"Pocketwatch":586,"Bromod:ArcaneAvenger":207,"theSenshi:SuperSailorFukuRelic":71,"SlipperyGoo":362,"qcfpunch:Not_Strongest_Fighting_Style_Guidebook":356,"Enchiridion":369,"Gensokyo:SpiderMask":552,"Juzu Bracelet":62,"Incense Burner":71,"hubris:SlimyHat":71,"Hallownest:DreamNailRelic":331,"DemoMod:WhiteGuonStone":62,"Empty Cage":217,"PrismaticShard":549,"ClockworkSouvenir":64,"DemoMod:SevenLeafClover":107,"Frozen Eye":178,"hubris:Icosahedron":251,"downfall:HeartBlessingBlue":251,"Pantograph":603,"downfall:KnowingSkull":25,"Genji_Glove":107,"qcfpunch:Wrestler\u0027s_Cloak":289,"TheVixenMod:UmbreonRelic":431,"Bromod:ArcaneGuardian":498,"Gremlin Food":448,"hubris:DisguiseKit":64,"qcfpunch:Army_Boots":107,"BargainBundle":416,"ReplayTheSpireMod:Ninjato":178,"Replay:Towering Pillar of Hats":143,"aspiration:FetidBarrel":71,"Quantum Egg":0,"vexMod:ConsolationPrize":345,"vexMod:FocusSash":423,"qcfpunch:White_Boots":143,"Medical Kit":399,"theWildCard:VelvetContract":325,"Pondfish Scales":71,"Golden_Hairpin":428,"CaptainsWheel":448,"Anchor":448,"wanderingMiniBosses:CarrionFlame":488,"Chronometer":362,"vexMod:HeadHunter":213,"qcfpunch:Red_Headband":33,"Bag of Marbles":203,"Membership Card":143,"Gem_Box":560,"DemoMod:WaxWing":91,"potionbrewer:Keyblade":173,"Guard_Bracelet":586,"hexamod:IceCube":192,"TungstenRod":549,"RuthlessExorcism:ReiMu":181,"Moonworks:BrokenBomb":448}]},"card_choices":[{"not_picked":["Moonworks:Assault","Moonworks:NicePresent","Moonworks:CloudOfSeagulls"],"picked":"SKIP","floor":1},{"not_picked":["Moonworks:LuckyCharm","Moonworks:BigMagnum","Moonworks:TreasureThief"],"picked":"SKIP","floor":2},{"not_picked":["Moonworks:BigMagnum","Moonworks:DevilHand","Moonworks:MixPhenomenon"],"picked":"SKIP","floor":6},{"not_picked":["Moonworks:BeyondHell","Moonworks:NicePresent","Moonworks:IndiscriminateFireSupport"],"picked":"SKIP","floor":12},{"not_picked":["Moonworks:GoAway","Moonworks:WeAreWaruda"],"picked":"Moonworks:CrystalBarrier","floor":16},{"not_picked":["Moonworks:JonathanRush","Moonworks:MiracleRedBeanIceCream","Moonworks:Assault"],"picked":"SKIP","floor":18},{"not_picked":["Moonworks:Heat300Percent+1","Moonworks:SakisCookie"],"picked":"Moonworks:Dinner","floor":19},{"not_picked":["Moonworks:EvilSpyWorkPreparation","Moonworks:SakisCookie","Moonworks:SealedMemories"],"picked":"SKIP","floor":22},{"not_picked":["Moonworks:DeployBits","Moonworks:LuckyCharm","Moonworks:ImOnFire"],"picked":"SKIP","floor":29},{"not_picked":["Moonworks:Wanted","Moonworks:LulusLuckyEgg","Moonworks:NicePresent"],"picked":"SKIP","floor":31},{"not_picked":["Moonworks:FinalBattle","Moonworks:AccelHyper"],"picked":"Moonworks:ReflectiveShell","floor":33},{"not_picked":["Moonworks:SakisCookie","Moonworks:ReproductionOfRecords+1","Moonworks:CloudOfSeagulls"],"picked":"SKIP","floor":35},{"not_picked":["Moonworks:LulusLuckyEgg+1","Moonworks:IndiscriminateFireSupport"],"picked":"Moonworks:TreasureThief","floor":36},{"not_picked":["Moonworks:JonathanRush+1","Moonworks:DeployBits","Moonworks:CookingTime"],"picked":"SKIP","floor":41},{"not_picked":["infinitespire:Menacing","hubris:InfiniteBlow+131"],"picked":"infinitespire:Starlight","floor":44},{"not_picked":["Moonworks:ImOnFire+1","Moonworks:IndiscriminateFireSupport","Moonworks:CloudOfSeagulls"],"picked":"SKIP","floor":45},{"not_picked":["Moonworks:EvilSpyWorkPreparation+1","Moonworks:UnluckyCharm","Moonworks:Dash"],"picked":"SKIP","floor":46},{"not_picked":["Moonworks:AnotherUltimateWeapon","Moonworks:Assault","Moonworks:ImOnFire"],"picked":"SKIP","floor":48},{"not_picked":["Moonworks:EvilSpyWorkPreparation+1","Moonworks:LulusLuckyEgg+1","Moonworks:DeployBits"],"picked":"SKIP","floor":55}],"player_experience":1423999,"relics_obtained":[{"floor":6,"key":"RuthlessExorcism:ReiMu"},{"floor":20,"key":"Bronze Scales"},{"floor":20,"key":"wanderingMiniBosses:CarrionFlame"},{"floor":26,"key":"reliquary:Knoch"},{"floor":55,"key":"Guardian:PocketSentry"}],"event_choices":[{"damage_healed":0,"gold_gain":0,"player_choice":"Ignored","damage_taken":0,"max_hp_gain":0,"max_hp_loss":0,"event_name":"Ghosts","floor":23,"gold_loss":0},{"damage_healed":7,"gold_gain":0,"player_choice":"Heal","damage_taken":0,"max_hp_gain":0,"max_hp_loss":0,"event_name":"The Library","floor":24,"gold_loss":0}],"is_beta":false,"boss_relics":[{"not_picked":["hubris:CrackedHourglass","sneckomod:SneckoTalon"],"picked":"reliquary:WritOfMandamus"},{"not_picked":["Busted Crown","aspiration:RunicSpoon"],"picked":"Silver_Glasses"}],"items_purged_floors":[0,0,0],"is_endless":false,"potions_floor_spawned":[2,16,22,28,33,36,46,48],"ascension_level":20,"is_humility":true}}