{"host":"wonp23fsqqcu31ie","time":1612574431,"event":{"mods":["2.2 Compatiblity","AchievementEnabler","Aspiration","BaseMod","Bestiary","Better Altar","Better Match","Better Sensory Stone","Better Skull","Better Third Choice","BetterRewards","Block Reminder","Colored Map","Colored Powertips","Conspire","Curses Come First","DeckTracker","Displayed Cursed Tome","Downfall","Energized Spire","Evolution","Hermit","Highlight Path","Hubris","Infinite Spire","Marisa????????","Minty Spire (QoL Compilation)","Permanent Neow","Prisma Mod","Quick Restart","Rare Cards Sparkle","Relic Stats","Robot Space Explorer","Shade Mod","Shop Mod","StSLib","SuperFastMode","The Animator","The Bug Knight","The Construct","The Cursed","The Disciple","The Dragon Tamer","The Gatherer","The Hierophant","The Marked","The Necromancer","The Poker Player","The Runesmith","The Saiyan","The Servant 0.9.4","TheBandit"],"gold_per_floor":[291,204,232,232,253,290,290,339,410,410,442,442,463,463,463,568,568,604,604,626,626,643,643,643,684,684,719,742,769,782,816,816,816,816],"floor_reached":33,"language":"ENG","playtime":967,"items_purged":[],"score":374,"play_id":"6fcf46b1-861c-43fd-b6b2-26f11e0c24e4","local_time":"20210206122031","is_ascension_mode":true,"campfire_choices":[{"floor":7,"key":"REST"},{"floor":12,"key":"RECALL"},{"floor":15,"key":"REST"},{"data":"animator:HigakiRinne","floor":23,"key":"SMITH"},{"data":"animator:FeridBathory","floor":32,"key":"SMITH"}],"circlet_count":0,"master_deck":["animator:Strike_Kancolle","animator:Defend_Kancolle","animator:Shimakaze","animator:Shuna","animator:Strike_OnePunchMan","animator:Strike_OwariNoSeraph+1","animator:Strike_TouhouProject","animator:Defend_LogHorizon","animator:Defend_AngelBeats","animator:Defend_AccelWorld","animator:Emonzaemon","animator:Nanami+1","animator:YunYun","animator:UneriGinkaku","animator:Mitsuba","animator:Lancer+1","animator:HigakiRinne+1","CurseOfTheBell","animator:YunYun+1","animator:Kaijin+1","animator:FeridBathory+1","animator:Mitsurugi","animator:Biyorigo","animator:Souei+1"],"relics":["animator:LivingPicture","animator:TheMissingPiece","EVO:Axolotl","aspiration:Nostalgia","SaiyanSoul","hubris:Towel","hexamod:BolsterEngine","Darkstone Periapt","Meat on the Bone","infinitespire:ShieldingShard","Calling Bell","Smiling Mask","infinitespire:WardingShard","Bird Faced Urn","Bag of Marbles","infinitespire:EmpoweringShard","animator:WornHelmet"],"acts_visited":["Exordium","TheCity"],"potions_floor_usage":[6,6,13,16,27,29,33,33],"damage_taken":[{"damage":9,"enemies":"2 Louse","floor":1,"turns":3},{"damage":0,"enemies":"Small Slimes","floor":3,"turns":4},{"damage":3,"enemies":"Jaw Worm","floor":5,"turns":4},{"damage":34,"enemies":"Lagavulin","floor":6,"turns":4},{"damage":28,"enemies":"Gremlin Nob","floor":8,"turns":4},{"damage":8,"enemies":"Exordium Thugs","floor":11,"turns":5},{"damage":0,"enemies":"Looter","floor":13,"turns":2},{"damage":28,"enemies":"Hexaghost","floor":16,"turns":8},{"damage":0,"enemies":"Chosen","floor":18,"turns":4},{"damage":13,"enemies":"Shell Parasite","floor":20,"turns":5},{"damage":11,"enemies":"Snake Plant","floor":22,"turns":3},{"damage":21,"enemies":"conspire:SneckoGhost","floor":25,"turns":6},{"damage":21,"enemies":"Slavers","floor":27,"turns":4},{"damage":22,"enemies":"Centurion and Healer","floor":28,"turns":4},{"damage":10,"enemies":"Shelled Parasite and Fungi","floor":29,"turns":4},{"damage":1,"enemies":"Snecko","floor":30,"turns":3},{"damage":0,"enemies":"Cultist and Chosen","floor":31,"turns":3},{"damage":56,"enemies":"conspire:MysteriousRune","floor":33,"turns":7}],"seed_played":"-2306509921497008225","potions_obtained":[{"floor":1,"key":"BlessingOfTheForge"},{"floor":5,"key":"DistilledChaos"},{"floor":6,"key":"SkillPotion"},{"floor":11,"key":"Energy Potion"},{"floor":18,"key":"Strength Potion"},{"floor":22,"key":"animator:GrowthPotion"},{"floor":25,"key":"SkillPotion"},{"floor":28,"key":"Guardian:BlockOnCardUsePotion"},{"floor":30,"key":"DuplicationPotion"}],"is_trial":false,"path_per_floor":["M","?","M","?","M","E","R","E","T","?","M","R","M","T","R","B",null,"M","?","M","T","M","R","?","E","T","E","M","M","M","M","R","B"],"character_chosen":"THE_ANIMATOR","items_purchased":[],"campfire_rested":2,"item_purchase_floors":[],"current_hp_per_floor":[57,57,57,57,55,21,41,13,13,13,17,17,29,29,49,34,66,68,73,62,62,53,53,53,47,47,43,37,43,46,48,48,0,0],"gold":816,"neow_bonus":"NOSTALGIA","is_daily":false,"chose_seed":false,"campfire_upgraded":2,"win_rate":0.0,"timestamp":1612574431,"path_taken":["M","?","M","?","M","E","R","E","T","?","?","R","M","?","R","BOSS","M","?","?","?","M","R","?","E","T","E","M","M","M","M","R","BOSS"],"items_purchased_type":[],"build_version":"2020-12-22","purchased_purges":0,"victory":false,"max_hp_per_floor":[66,66,66,66,67,67,67,67,67,67,67,67,67,67,67,68,74,74,74,74,74,74,74,74,75,75,76,76,78,78,78,78,78,78],"relic_stats":{"Darkstone Periapt":6,"counters":[18,77],"Bird Faced Urn":[30],"Smiling Mask":0,"obtain_stats":[{"Darkstone Periapt":8,"aspiration:Nostalgia":0,"animator:TheMissingPiece":0,"EVO:Axolotl":0,"hubris:Towel":4,"animator:WornHelmet":27,"Smiling Mask":17,"Calling Bell":17,"infinitespire:ShieldingShard":14,"infinitespire:WardingShard":17,"Bird Faced Urn":17,"SaiyanSoul":0,"animator:LivingPicture":0,"Bag of Marbles":21,"infinitespire:EmpoweringShard":25,"hexamod:BolsterEngine":6,"Meat on the Bone":9},{"Darkstone Periapt":5,"aspiration:Nostalgia":0,"animator:TheMissingPiece":0,"EVO:Axolotl":0,"hubris:Towel":2,"animator:WornHelmet":13,"Smiling Mask":8,"Calling Bell":8,"infinitespire:ShieldingShard":7,"infinitespire:WardingShard":8,"Bird Faced Urn":8,"SaiyanSoul":0,"animator:LivingPicture":0,"Bag of Marbles":10,"infinitespire:EmpoweringShard":12,"hexamod:BolsterEngine":4,"Meat on the Bone":5},{"Darkstone Periapt":19,"aspiration:Nostalgia":0,"animator:TheMissingPiece":0,"EVO:Axolotl":0,"hubris:Towel":7,"animator:WornHelmet":56,"Smiling Mask":34,"Calling Bell":34,"infinitespire:ShieldingShard":26,"infinitespire:WardingShard":34,"Bird Faced Urn":34,"SaiyanSoul":0,"animator:LivingPicture":0,"Bag of Marbles":43,"infinitespire:EmpoweringShard":52,"hexamod:BolsterEngine":15,"Meat on the Bone":19}],"Meat on the Bone":84},"card_choices":[{"not_picked":["animator:Chris","animator:Hakurou"],"picked":"animator:Shuna","floor":1},{"not_picked":["animator:Wiz","animator:ZankiKiguchi"],"picked":"animator:Emonzaemon","floor":3},{"not_picked":["animator:Yoichi","animator:Pride"],"picked":"animator:Nanami","floor":5},{"not_picked":["animator:ElricEdward","animator:Father"],"picked":"animator:YunYun","floor":6},{"not_picked":["animator:CrowleyEusford","animator:Shion"],"picked":"animator:UneriGinkaku","floor":8},{"not_picked":["animator:UneriGinkaku","animator:GazelDwargon"],"picked":"animator:Mitsuba","floor":11},{"not_picked":["animator:Kazuma","animator:HiiragiShinya"],"picked":"animator:Lancer","floor":13},{"not_picked":["animator:Wiz","animator:Gilgamesh"],"picked":"animator:HigakiRinne","floor":16},{"not_picked":["animator:MumenRider","animator:UneriGinkaku"],"picked":"animator:ZankiKiguchi","floor":18},{"not_picked":["animator:Caster+1","animator:MetalKnight","animator:SakuraMatou+1"],"picked":"SKIP","floor":20},{"not_picked":["animator:ShinjiMatou+1","animator:Hitei"],"picked":"animator:YunYun+1","floor":22},{"not_picked":["animator:Mitsurugi+1","animator:Mitsuba"],"picked":"animator:Kaijin+1","floor":25},{"not_picked":["animator:Nanami","animator:Shion"],"picked":"animator:FeridBathory","floor":27},{"not_picked":["animator:Vanir","animator:Alexander"],"picked":"animator:Mitsurugi","floor":28},{"not_picked":["animator:HiiragiShinya","animator:Benimaru"],"picked":"animator:Biyorigo","floor":29},{"not_picked":["animator:EmiyaShirou+1","animator:WinryRockbell","animator:Nanami"],"picked":"SKIP","floor":30},{"not_picked":["animator:ZankiKiguchi+1","animator:Kaijin"],"picked":"animator:Souei+1","floor":31}],"player_experience":585387,"relics_obtained":[{"floor":6,"key":"hexamod:BolsterEngine"},{"floor":8,"key":"Darkstone Periapt"},{"floor":9,"key":"Meat on the Bone"},{"floor":14,"key":"infinitespire:ShieldingShard"},{"floor":17,"key":"Smiling Mask"},{"floor":17,"key":"infinitespire:WardingShard"},{"floor":17,"key":"Bird Faced Urn"},{"floor":21,"key":"Bag of Marbles"},{"floor":25,"key":"infinitespire:EmpoweringShard"},{"floor":27,"key":"animator:WornHelmet"}],"event_choices":[{"damage_healed":0,"gold_gain":0,"player_choice":"Grow","damage_taken":0,"max_hp_gain":0,"max_hp_loss":0,"event_name":"Living Wall","floor":10,"gold_loss":0,"cards_upgraded":["animator:Nanami"]},{"cards_removed":["animator:ZankiKiguchi"],"damage_healed":5,"gold_gain":0,"player_choice":"Offered Common","damage_taken":0,"max_hp_gain":0,"max_hp_loss":0,"event_name":"Bonfire Elementals","floor":19,"gold_loss":0},{"cards_removed":["animator:ZankiKiguchi"],"damage_healed":5,"gold_gain":0,"player_choice":"Offered Special","damage_taken":0,"max_hp_gain":0,"max_hp_loss":0,"event_name":"Bonfire Elementals","floor":19,"gold_loss":0}],"is_beta":false,"boss_relics":[{"not_picked":["Philosopher\u0027s Stone","hubris:ScarierMask"],"picked":"Calling Bell"}],"items_purged_floors":[],"is_endless":false,"potions_floor_spawned":[1,5,6,11,18,22,25,28,30],"killed_by":"conspire:MysteriousRune","ascension_level":5}}