{"host":"y7b1p9nkx4idorr2","time":1612616800,"event":{"mods":["AchievementEnabler","Act Like it!","BaseMod","Colored Map","Downfall","GifTheSpireLib","Googly Eyes","Highlight Path","Mimic Mod","Minty Spire (QoL Compilation)","Shop Mod","Spicy Shops","StSLib","Unceasing Turn Reminder"],"gold_per_floor":[99,114,131,131,142,42,92,120,132,142,152,152,170,198,208,208,208,208],"floor_reached":16,"language":"ENG","playtime":905,"items_purged":[],"score":116,"play_id":"9af44527-7ccd-4800-a5f9-931d87973142","local_time":"20210206070640","is_ascension_mode":false,"campfire_choices":[{"floor":1.0,"key":"RECALL"},{"data":"sneckomod:UnknownRarePower","floor":6,"key":"SMITH"},{"data":"sneckomod:CheapStock","floor":12,"key":"SMITH"}],"circlet_count":0,"master_deck":["sneckomod:Strike","sneckomod:Strike","sneckomod:Defend","sneckomod:Defend","sneckomod:Defend","sneckomod:TailWhip","sneckomod:SnekBite","sneckomod:Unknown+1","sneckomod:Unknown","sneckomod:RainOfDice","sneckomod:QuickMove","sneckomod:UnknownRarePower+1","sneckomod:CheapStock+1","sneckomod:SlitherStrike","sneckomod:UnknownClassTHE_CHAMP_GRAY+1","sneckomod:SlitherStrike","sneckomod:SoulExchange","sneckomod:UnknownDraw+1","sneckomod:UnknownWeak+1"],"relics":["sneckomod:SneckoSoul","downfall:HeartBlessingRed","Orichalcum","sneckomod:UnknownEgg","InkBottle"],"acts_visited":["Exordium"],"potions_floor_usage":[8,15,16],"damage_taken":[{"damage":12.0,"enemies":"Small Slimes","floor":2.0,"turns":3.0},{"damage":0.0,"enemies":"Cultist","floor":3.0,"turns":2.0},{"damage":0.0,"enemies":"2 Louse","floor":5.0,"turns":2.0},{"damage":6,"enemies":"Gremlin Nob","floor":8,"turns":4},{"damage":4,"enemies":"Large Slime","floor":9,"turns":7},{"damage":7,"enemies":"Red Slaver","floor":10,"turns":3},{"damage":0,"enemies":"Gremlin Gang","floor":11,"turns":2},{"damage":0,"enemies":"Large Slime","floor":13,"turns":7},{"damage":11,"enemies":"3 Sentries","floor":14,"turns":5},{"damage":0,"enemies":"Lots of Slimes","floor":15,"turns":2},{"damage":54,"enemies":"WA_ARCHETYPE_RETAIN","floor":16,"turns":6}],"seed_played":"-5706064024823003459","potions_obtained":[{"floor":3.0,"key":"Block Potion"},{"floor":9,"key":"CultistPotion"},{"floor":13,"key":"hexamod:SoulburnPotion"},{"floor":14,"key":"ColorlessPotion"}],"is_trial":false,"path_per_floor":["R","M","M","?","M","R","T","E","M","M","M","R","M","E","M","B"],"character_chosen":"THE_SNECKO","items_purchased":[],"campfire_rested":0,"item_purchase_floors":[],"current_hp_per_floor":[90,78,78,78,78,78,78,72,68,61,61,61,61,50,50,0,0,0],"gold":208,"neow_bonus":"UPGRADE_CARD","is_daily":false,"chose_seed":false,"campfire_upgraded":2,"win_rate":0.0,"timestamp":1612616800,"path_taken":["R","M","M","?","M","R","T","E","?","M","M","R","M","E","M","BOSS"],"items_purchased_type":[],"build_version":"2020-12-22","purchased_purges":0,"victory":false,"max_hp_per_floor":[90,90,90,90,90,90,90,90,90,90,90,90,90,90,90,90,90,90],"card_choices":[{"not_picked":["sneckomod:UnknownVulnerable","sneckomod:UnknownStrike"],"picked":"sneckomod:RainOfDice","floor":2.0},{"not_picked":["sneckomod:UnknownCommonAttack","sneckomod:UnknownStrike"],"picked":"sneckomod:QuickMove","floor":3.0},{"not_picked":["sneckomod:Unknown1Cost","sneckomod:UnknownUncommonPower"],"picked":"sneckomod:UnknownRarePower","floor":5.0},{"not_picked":["sneckomod:IronFang","sneckomod:UnknownCommonAttack+1"],"picked":"sneckomod:CheapStock","floor":8},{"not_picked":["sneckomod:WideSting","sneckomod:QuickMove"],"picked":"sneckomod:SlitherStrike","floor":9},{"not_picked":["sneckomod:Nope","sneckomod:QuickMove"],"picked":"sneckomod:UnknownClassTHE_CHAMP_GRAY+1","floor":10},{"not_picked":["sneckomod:QuickBite","sneckomod:WideSting"],"picked":"sneckomod:SlitherStrike","floor":11},{"not_picked":["sneckomod:SoulRoll","sneckomod:UnknownCommonAttack+1"],"picked":"sneckomod:SoulExchange","floor":13},{"not_picked":["sneckomod:UnknownCommonAttack+1","sneckomod:ImprovisedAttack"],"picked":"sneckomod:UnknownDraw+1","floor":14},{"not_picked":["sneckomod:QuickBite","sneckomod:SoulRoll"],"picked":"sneckomod:UnknownWeak+1","floor":15}],"player_experience":2300500,"relics_obtained":[{"floor":7,"key":"Orichalcum"},{"floor":8,"key":"sneckomod:UnknownEgg"},{"floor":14,"key":"InkBottle"}],"event_choices":[{"cards_removed":["sneckomod:Strike"],"damage_healed":0.0,"max_hp_gain":0.0,"max_hp_loss":0.0,"gold_gain":0.0,"event_name":"Bonfire Elementals","player_choice":"Offered Basic","floor":4.0,"gold_loss":0.0,"damage_taken":0.0}],"is_beta":false,"boss_relics":[],"items_purged_floors":[],"is_endless":false,"potions_floor_spawned":[3,9,13,14],"killed_by":"WA_ARCHETYPE_RETAIN","ascension_level":0}}