{"host":"p7cjtxxrilhp4dw7","time":1612640110,"event":{"mods":["BaseMod","Block Reminder","Colored Map","Curses Come First","Highlight Path","Minty Spire (QoL Compilation)","Replay The Spire","StSLib","The Hierophant"],"gold_per_floor":[114,114,39,39,55,82,82,114,114,114,114,114,114,134,134,237,237,252,167,167,183,195,195,213,213,240,240,258,258,293,293,293,390,390,402,180,180,193,193,193,210,241,241,241,241,573,588,588,356,199,199,199],"floor_reached":53,"language":"ENG","playtime":4188,"items_purged":["Strike_B"],"score":1487,"play_id":"f3c071cb-e646-4122-9ecd-ead4eb9e2e2f","local_time":"20210206123509","is_ascension_mode":true,"campfire_choices":[{"floor":7,"key":"REST"},{"floor":11,"key":"REST"},{"floor":15,"key":"REST"},{"floor":23,"key":"REST"},{"data":"Neutralize","floor":27,"key":"SMITH"},{"floor":29,"key":"REST"},{"data":"A Thousand Cuts","floor":44,"key":"SMITH"},{"floor":51,"key":"REST"}],"circlet_count":0,"master_deck":["AscendersBane","Strike_G","Strike_G+1","Defend_G","Defend_G+1","Defend_G+1","Survivor","Neutralize+1","Panache","Slice","Blade Dance","PiercingWail","Finisher+1","Sucker Punch+1","A Thousand Cuts+1","Riddle With Holes+1","Choke+1","Blade Dance","Cloak And Dagger","Cloak And Dagger+1","Cloak And Dagger+1","Hidden Blade","Deflect","Distraction","ReplayTheSpireMod:Speed Training+1","Quick Slash+1","Dodge and Roll+1","Dramatic Entrance+1"],"relics":["War Paint","Quantum Egg","Bottled Flame","Sizzling Blood","Paper Crane","Astrolabe","Snack Pack","Incense Burner","Ice Cream","Nunchaku","Akabeko","Replay:Drink Me","Oddly Smooth Stone","Molten Egg 2","Boot","Old Coin","Whetstone","Pen Nib"],"acts_visited":["Exordium","TheCity","TheBeyond"],"potions_floor_usage":[6,8,22,30,52,52],"damage_taken":[{"damage":15,"enemies":"Jaw Worm","floor":1,"turns":7},{"damage":0,"enemies":"Small Slimes","floor":5,"turns":3},{"damage":12,"enemies":"3 Sentries","floor":6,"turns":8},{"damage":55,"enemies":"Gremlin Nob","floor":8,"turns":6},{"damage":0,"enemies":"Cultist","floor":14,"turns":2},{"damage":35,"enemies":"The Guardian","floor":16,"turns":18},{"damage":33,"enemies":"Spheric Guardian","floor":18,"turns":4},{"damage":7,"enemies":"3 Byrds","floor":21,"turns":4},{"damage":0,"enemies":"3 Cultists","floor":22,"turns":3},{"damage":13,"enemies":"Snake Plant","floor":24,"turns":6},{"damage":22,"enemies":"Shelled Parasite and Fungi","floor":28,"turns":5},{"damage":17,"enemies":"Gremlin Leader","floor":30,"turns":5},{"damage":49,"enemies":"Pondfish","floor":33,"turns":15},{"damage":3,"enemies":"3 Shapes","floor":35,"turns":4},{"damage":0,"enemies":"3 Darklings","floor":38,"turns":3},{"damage":0,"enemies":"Transient","floor":41,"turns":5},{"damage":15,"enemies":"R_Hoarder","floor":42,"turns":9},{"damage":32,"enemies":"Giant Head","floor":46,"turns":8},{"damage":6,"enemies":"4 Shapes","floor":47,"turns":5},{"damage":12,"enemies":"Donu and Deca","floor":52,"turns":7}],"seed_played":"1598611905346729899","potions_obtained":[{"floor":1,"key":"DistilledChaos"},{"floor":6,"key":"Languid Potion"},{"floor":21,"key":"Poison Potion"},{"floor":24,"key":"PowerPotion"},{"floor":33,"key":"SpeedPotion"},{"floor":41,"key":"EssenceOfSteel"},{"floor":47,"key":"Adrenaline Potion"}],"is_trial":false,"path_per_floor":["M","?","$","?","M","E","R","E","T","?","R","?","T","M","R","B",null,"M","?","?","M","M","R","M","T","T","R","M","R","E","?","R_BF","B",null,"M","$","?","M","PTL","PTL","M","E","?","R","T","E","M","?","$","$","R","B",null],"character_chosen":"THE_SILENT","items_purchased":["Oddly Smooth Stone","Distraction","Whetstone","Dramatic Entrance+1","Pen Nib"],"campfire_rested":6,"item_purchase_floors":[36,36,49,49,50],"current_hp_per_floor":[48,48,48,48,48,36,57,2,2,6,28,28,28,32,54,23,61,32,32,32,33,41,63,58,58,58,58,48,70,61,61,74,55,56,56,56,56,56,56,56,56,56,56,56,56,34,40,40,40,40,56,56],"gold":199,"neow_bonus":"RANDOM_COLORLESS_2","is_daily":false,"chose_seed":false,"campfire_upgraded":2,"win_rate":0.0,"timestamp":1612640109,"path_taken":["M","?","$","?","?","E","R","E","T","?","R","?","?","M","R","BOSS","M","?","?","M","M","R","M","?","T","R","?","R","E","?","R_BF","BOSS","M","$","?","?","PTL","PTL","M","E","?","R","T","E","M","?","?","$","R","BOSS"],"items_purchased_type":["Relic","Card","Relic","Card","Relic"],"build_version":"2020-12-22","purchased_purges":1,"victory":true,"max_hp_per_floor":[70,70,70,70,70,70,70,70,70,74,74,74,74,74,74,74,74,74,74,74,74,74,74,74,74,74,74,74,74,74,74,74,74,56,56,56,56,56,56,56,56,56,56,56,56,56,56,56,56,56,56,56],"card_choices":[{"not_picked":["The Bomb","Metamorphosis"],"picked":"Panache","floor":0},{"not_picked":["Prepared","Dodge and Roll"],"picked":"Slice","floor":1},{"not_picked":["Distraction","Dodge and Roll"],"picked":"Blade Dance","floor":5},{"not_picked":["Dash","Tools of the Trade"],"picked":"PiercingWail","floor":6},{"not_picked":["Setup","Dodge and Roll"],"picked":"Finisher","floor":8},{"not_picked":["Eviscerate","Dagger Throw"],"picked":"Sucker Punch","floor":14},{"not_picked":["Tools of the Trade","Night Terror"],"picked":"A Thousand Cuts","floor":16},{"not_picked":["Crippling Poison","Poisoned Stab"],"picked":"Blade Dance","floor":18},{"not_picked":["Slice","Noxious Fumes"],"picked":"Cloak And Dagger","floor":21},{"not_picked":["PiercingWail","Sneak Up"],"picked":"Cloak And Dagger+1","floor":22},{"not_picked":["Unload","Flying Knee"],"picked":"Cloak And Dagger+1","floor":24},{"not_picked":["Masterful Stab","Sneak Up","Concentrate+1"],"picked":"SKIP","floor":28},{"not_picked":["Choke","Calculated Gamble"],"picked":"Hidden Blade","floor":30},{"not_picked":["Riddle With Holes","Escape Plan"],"picked":"Deflect","floor":35},{"not_picked":["Slice","Fluid Movement"],"picked":"ReplayTheSpireMod:Speed Training+1","floor":38},{"not_picked":["Bane+1","Dash","Noxious Fumes"],"picked":"SKIP","floor":41},{"not_picked":["Atom Bomb+1","Deflect+1"],"picked":"Quick Slash+1","floor":42},{"not_picked":["ReplayTheSpireMod:Speed Training","Reflex"],"picked":"Quick Slash+1","floor":46},{"not_picked":["Prepared","Flechettes+1"],"picked":"Dodge and Roll+1","floor":47}],"player_experience":659603,"relics_obtained":[{"floor":6,"key":"War Paint"},{"floor":8,"key":"Quantum Egg"},{"floor":9,"key":"Bottled Flame"},{"floor":13,"key":"Paper Crane"},{"floor":25,"key":"Ice Cream"},{"floor":26,"key":"Nunchaku"},{"floor":30,"key":"Akabeko"},{"floor":42,"key":"Molten Egg 2"},{"floor":45,"key":"Boot"},{"floor":46,"key":"Old Coin"}],"event_choices":[{"cards_removed":["Strike_R"],"damage_healed":0,"gold_gain":0,"player_choice":"Offered Basic","damage_taken":0,"max_hp_gain":0,"max_hp_loss":0,"event_name":"Bonfire Elementals","floor":4,"gold_loss":0},{"damage_healed":0,"gold_gain":0,"player_choice":"Ignored","damage_taken":0,"max_hp_gain":0,"max_hp_loss":0,"event_name":"Golden Wing","floor":12,"gold_loss":0},{"damage_healed":0,"gold_gain":0,"player_choice":"Obtained Relic","damage_taken":0,"relics_obtained":["Snack Pack"],"max_hp_gain":0,"max_hp_loss":0,"event_name":"Addict","floor":19,"gold_loss":85},{"damage_healed":0,"gold_gain":0,"player_choice":"Opened","damage_taken":0,"relics_obtained":["Incense Burner"],"max_hp_gain":0,"max_hp_loss":0,"event_name":"The Mausoleum","floor":20,"gold_loss":0,"cards_obtained":["Writhe"]},{"damage_healed":0,"gold_gain":0,"player_choice":"Ignored","damage_taken":0,"max_hp_gain":0,"max_hp_loss":0,"event_name":"Transmorgrifier","floor":37,"gold_loss":0},{"cards_removed":["Quick Slash"],"damage_healed":0,"gold_gain":0,"player_choice":"Removed Attack","damage_taken":0,"max_hp_gain":0,"max_hp_loss":0,"event_name":"Falling","floor":43,"gold_loss":0},{"damage_healed":0,"gold_gain":0,"player_choice":"Ignored","damage_taken":0,"max_hp_gain":0,"max_hp_loss":0,"event_name":"Tomb of Lord Red Mask","floor":48,"gold_loss":0}],"is_beta":false,"boss_relics":[{"not_picked":["SacredBark","Replay:Wanted Poster"],"picked":"Astrolabe"},{"not_picked":["Fusion Hammer","Calling Bell"],"picked":"Replay:Drink Me"}],"items_purged_floors":[3],"is_endless":false,"potions_floor_spawned":[1,6,21,24,33,41,46,47],"ascension_level":12}}