{"host":"moonth","time":1612610823,"event":{"mods":["BaseMod","Marisa£®ÏF”Í°°ƒß¿Ì…≥£©","Minty Spire (QoL Compilation)","Replay The Spire","StSLib","The Senshi","The Servant 0.9.4"],"gold_per_floor":[115,132,57,69,83,83,96,96,96,96,116,291,310,21,21,121,121,136,136,36,56,70,80,80,98,121,31,51,51,51,63,63,165,165,176,51,64,64,76,92,121,121,201,201,201,201,221,236,236,236],"floor_reached":51,"language":"ZHS","playtime":3164,"items_purged":["theSenshi:SailorKick","ReplayTheSpireMod:Restless Dread","theSenshi:PlutosSolemnity"],"score":500,"play_id":"86ec93dc-dfb7-48c7-a6bb-7f61768ae480","local_time":"20210206192703","is_ascension_mode":false,"campfire_choices":[{"data":"theSenshi:RoseThrow","floor":6.0,"key":"SMITH"},{"data":"theSenshi:TuxedoMaskAssists","floor":8.0,"key":"SMITH"},{"data":"theSenshi:MoonPrismPowerMakeUp","floor":10.0,"key":"SMITH"},{"data":"Doubt","floor":15.0,"key":"PURGE"},{"data":"CommonCold","floor":24.0,"key":"PURGE"},{"data":"theSenshi:MoonCrisisMakeUp","floor":30.0,"key":"SMITH"},{"data":"theSenshi:SailorBlock","floor":32.0,"key":"PURGE"},{"floor":42,"key":"REST"},{"data":"theSenshi:InTheNameOfTheMoon","floor":44,"key":"SMITH"},{"floor":49,"key":"REST"}],"circlet_count":0,"master_deck":["theSenshi:RoseThrow+1","theSenshi:MoonPrismPowerMakeUp+1","theSenshi:TuxedoMaskAssists+1","theSenshi:InTheNickOfTime","theSenshi:MoonPunch","theSenshi:YouCanTalk+1","theSenshi:MoonGorgeousMeditation","theSenshi:MoonPrincessHalation+1","theSenshi:TallSilhouette","theSenshi:MoonCrisisMakeUp+1","AbeCurse","theSenshi:InTheNameOfTheMoon+1","theSenshi:InTheNickOfTime+1","theSenshi:MoonCrisisMakeUp+1"],"relics":["theSenshi:TransformationBroochRelic","NeowsBlessing","Du-Vu Doll","Peace Pipe","Kintsugi","Blood Vial","Runic Pyramid","Pondfish Scales","Mirror","Counterbalance"],"acts_visited":["Exordium","TheCity","TheBeyond"],"potions_floor_usage":[41,50],"damage_taken":[{"damage":0.0,"enemies":"Jaw Worm","floor":1.0,"turns":1.0},{"damage":0.0,"enemies":"2 Louse","floor":2.0,"turns":1.0},{"damage":0.0,"enemies":"Cultist","floor":4.0,"turns":1.0},{"damage":3.0,"enemies":"Blue Slaver","floor":5.0,"turns":6.0},{"damage":3.0,"enemies":"Large Slime","floor":7.0,"turns":9.0},{"damage":11.0,"enemies":"Lots of Slimes","floor":11.0,"turns":5.0},{"damage":1.0,"enemies":"Looter","floor":13.0,"turns":4.0},{"damage":50.0,"enemies":"Hexaghost","floor":16.0,"turns":14.0},{"damage":15.0,"enemies":"Spheric Guardian","floor":18.0,"turns":4.0},{"damage":10.0,"enemies":"Shell Parasite","floor":21.0,"turns":4.0},{"damage":16.0,"enemies":"Sentry and Sphere","floor":22.0,"turns":4.0},{"damage":8.0,"enemies":"Centurion and Healer","floor":23.0,"turns":7.0},{"damage":10.0,"enemies":"Snake Plant","floor":25.0,"turns":3.0},{"damage":8.0,"enemies":"Shelled Parasite and Fungi","floor":28.0,"turns":9.0},{"damage":20.0,"enemies":"Snecko","floor":31.0,"turns":5.0},{"damage":30.0,"enemies":"Pondfish","floor":33.0,"turns":9.0},{"damage":17.0,"enemies":"3 Darklings","floor":35.0,"turns":6.0},{"damage":5.0,"enemies":"Orb Walker","floor":37.0,"turns":3.0},{"damage":12,"enemies":"Maw","floor":39,"turns":6},{"damage":0,"enemies":"Sphere and 2 Shapes","floor":40,"turns":6},{"damage":29,"enemies":"Reptomancer","floor":41,"turns":5},{"damage":8,"enemies":"Jaw Worm Horde","floor":47,"turns":4},{"damage":0,"enemies":"3 Darklings","floor":48,"turns":5},{"damage":26,"enemies":"Time Eater","floor":50,"turns":5}],"seed_played":"-2674275921403385469","potions_obtained":[{"floor":2.0,"key":"Energy Potion"},{"floor":4.0,"key":"Adrenaline Potion"},{"floor":11.0,"key":"GamblersBrew"},{"floor":13.0,"key":"Regen Potion"},{"floor":23.0,"key":"Regen Potion"},{"floor":31.0,"key":"SteroidPotion"},{"floor":35.0,"key":"ColorlessPotion"},{"floor":40,"key":"Swift Potion"}],"is_trial":false,"path_per_floor":["M","M","$","M","M","R","M","R","T","R","M","?","M","$","R","B",null,"M","?","$","M","M","M","R","M","T","?","M","?","R","M","R","B",null,"M","$","M","?","M","M","E","R","T","R","?","T","M","M","R","B",null],"character_chosen":"THE_SENSHI","items_purchased":["Peace Pipe"],"campfire_rested":2,"item_purchase_floors":[14],"current_hp_per_floor":[75,75,75,75,72,72,69,69,69,69,58,58,57,57,57,7,75,60,60,60,50,34,26,26,16,16,16,62,62,62,44,44,16,75,58,58,55,55,45,47,20,42,42,42,42,42,36,38,60,36],"gold":236,"neow_bonus":"THREE_ENEMY_KILL","is_daily":false,"chose_seed":false,"campfire_upgraded":5,"win_rate":0.0,"timestamp":1612610823,"path_taken":["M","M","$","M","M","R","M","R","T","R","M","?","M","$","R","BOSS","M","?","$","M","M","M","R","M","T","?","?","?","R","M","R","BOSS","M","$","M","?","?","M","E","R","T","R","?","?","M","M","R","BOSS"],"items_purchased_type":["Relic"],"build_version":"2020-12-18","purchased_purges":3,"victory":true,"max_hp_per_floor":[75,75,75,75,75,75,75,75,75,75,75,75,75,75,75,75,75,75,75,75,75,75,75,75,75,75,75,75,75,75,75,75,75,75,75,75,75,75,75,75,75,75,75,75,75,75,75,75,75,75],"card_choices":[{"not_picked":["theSenshi:SailorChibiMoonAssists","theSenshi:LunasBite"],"picked":"theSenshi:TuxedoMaskAssists","floor":1.0},{"not_picked":["theSenshi:SailorNeptuneAssists","theSenshi:MoonsReflection"],"picked":"theSenshi:InTheNickOfTime","floor":2.0},{"not_picked":["theSenshi:MoonPunch","theSenshi:MoonsReflection"],"picked":"theSenshi:PlutosSolemnity","floor":4.0},{"not_picked":["theSenshi:HesSoDreamy","theSenshi:ChibiMoonsLove"],"picked":"theSenshi:MoonPunch","floor":5.0},{"not_picked":["theSenshi:SailorMarsAssists","theSenshi:EncouragingSpeech","theSenshi:MoonTiaraMagic"],"picked":"SKIP","floor":7.0},{"not_picked":["theSenshi:SailorMarsAssists","theSenshi:MoonCrisisMakeUp"],"picked":"theSenshi:YouCanTalk","floor":11.0},{"not_picked":["theSenshi:EncouragingSpeech","theSenshi:VenusGlamour","theSenshi:LateForSchool"],"picked":"SKIP","floor":13.0},{"not_picked":["theSenshi:GlimpseOfThePast","theSenshi:InTheNameOfTheMoon"],"picked":"theSenshi:MoonGorgeousMeditation","floor":16.0},{"not_picked":["theSenshi:SailorPlanetPower","theSenshi:EncouragingSpeech+1"],"picked":"theSenshi:MoonPrincessHalation+1","floor":18.0},{"not_picked":["theSenshi:SupersonicWaves+1","theSenshi:MoonPunch+1","theSenshi:MoonPrincessHalation"],"picked":"SKIP","floor":21.0},{"not_picked":["theSenshi:NeptunesGrace","theSenshi:MoonPrincessHalation","theSenshi:LunasBite"],"picked":"SKIP","floor":22.0},{"not_picked":["theSenshi:SailorPlanetPower","theSenshi:SchoolBag+1"],"picked":"theSenshi:TallSilhouette","floor":23.0},{"not_picked":["theSenshi:TuxedoMaskAssists+1","theSenshi:UranusStrength"],"picked":"theSenshi:MoonCrisisMakeUp","floor":25.0},{"not_picked":["theSenshi:LateForSchool","theSenshi:MoonTiaraMagic+1","theSenshi:SailorVenusAssists+1"],"picked":"SKIP","floor":28.0},{"not_picked":["theSenshi:TuxedoSmokingBomber","theSenshi:GatheringStrength+1","theSenshi:MoonTiaraMagic"],"picked":"SKIP","floor":31.0},{"not_picked":["theSenshi:MoonGorgeousMeditation","theSenshi:SailorPlutoAssists"],"picked":"theSenshi:InTheNameOfTheMoon","floor":33.0},{"not_picked":["theSenshi:DramaticEntrance","theSenshi:LunasBite"],"picked":"theSenshi:InTheNickOfTime+1","floor":35.0},{"not_picked":["theSenshi:SupersonicWaves","theSenshi:SailorPlanetAttack","theSenshi:TuxedoSmokingBomber"],"picked":"SKIP","floor":37.0},{"not_picked":["theSenshi:VenusGlamour+1","theSenshi:LunasBite","theSenshi:GatheringStrength+1"],"picked":"SKIP","floor":39},{"not_picked":["theSenshi:MoonTiaraMagic","theSenshi:HesSoDreamy","theSenshi:EncouragingSpeech+1"],"picked":"SKIP","floor":40},{"not_picked":["theSenshi:InTheNickOfTime","theSenshi:SailorMercuryAssists+1","theSenshi:LunasBite"],"picked":"SKIP","floor":41},{"not_picked":["theSenshi:MoonsReflection+1","theSenshi:NeptunesGrace+1"],"picked":"theSenshi:MoonCrisisMakeUp+1","floor":47},{"not_picked":["theSenshi:TallSilhouette","theSenshi:GatheringStrength","theSenshi:SailorPlutoAssists"],"picked":"SKIP","floor":48}],"player_experience":514164,"relics_obtained":[{"floor":9.0,"key":"Du-Vu Doll"},{"floor":26.0,"key":"Blood Vial"},{"floor":41,"key":"Pondfish Scales"},{"floor":43,"key":"Mirror"},{"floor":46,"key":"Counterbalance"}],"event_choices":[{"damage_healed":0.0,"max_hp_gain":0.0,"max_hp_loss":0.0,"gold_gain":175.0,"event_name":"Liars Game","player_choice":"AGREE","floor":12.0,"gold_loss":0.0,"damage_taken":0.0,"cards_obtained":["Doubt"]},{"cards_removed":["theSenshi:SailorKick"],"damage_healed":0.0,"max_hp_gain":0.0,"max_hp_loss":0.0,"gold_gain":0.0,"event_name":"Designer","player_choice":"Upgrade and Remove","floor":27.0,"gold_loss":90.0,"damage_taken":0.0,"cards_upgraded":["theSenshi:YouCanTalk"]},{"damage_healed":0.0,"max_hp_gain":0.0,"max_hp_loss":0.0,"gold_gain":0.0,"event_name":"NoteForYourself","player_choice":"Ignored","floor":38.0,"gold_loss":0.0,"damage_taken":0.0},{"damage_healed":0,"gold_gain":0,"player_choice":"Ignored","damage_taken":0,"max_hp_gain":0,"max_hp_loss":0,"event_name":"Mysterious Sphere","floor":45,"gold_loss":0}],"is_beta":true,"boss_relics":[{"not_picked":["Painkiller Herb","Velvet Choker"],"picked":"Kintsugi"},{"not_picked":["Replay:Drink Me","Pandora\u0027s Box"],"picked":"Runic Pyramid"}],"items_purged_floors":[3,20,36],"is_endless":false,"potions_floor_spawned":[2,4,11,13,18,23,25,31,35,37,40],"ascension_level":0}}