{"host":"r0e4s450fexxrjel","time":1612623878,"event":{"mods":["AchievementEnabler","Act Like it!","Aspiration","BaseMod","BetterRewards","Clawfect","Colored Map","Conspire","Dota2Spire","Downfall","Energized Spire","Friendly Minions","Gensokyo","GifTheSpireLib","Gold Saver","Halation","Hubris","Minty Spire (QoL Compilation)","Pale of the Ancients","Reliquary","Replay The Spire","Shop Mod","StS++","StSLib","Stuff the Spire","Waifu the Spire"],"gold_per_floor":[88,88,481,491,504,504,504,504,175,7,23,37,70,90,107,208,208,208,220,220,233,247,263,344,362,376,376,376,53,53,69,82,180,180,180,194,214,229,229,229,229,229,245,265,279,294,294,69,80,80],"floor_reached":51,"language":"DEU","playtime":2367,"items_purged":[],"score":911,"play_id":"ab9bbf80-1634-43df-89a8-3eea88ee78e3","local_time":"20210206160438","is_ascension_mode":false,"campfire_choices":[{"data":"sneckomod:DiceCrush","floor":1,"key":"SMITH"},{"data":"sneckomod:DiceCrush","floor":6,"key":"SMITH"},{"data":"Gensokyo:HAARP","floor":18,"key":"SMITH"},{"floor":30,"key":"REST"},{"data":"sneckomod:UnknownBoss","floor":35,"key":"SMITH"},{"data":"sneckomod:CheapStock","floor":42,"key":"SMITH"},{"floor":47,"key":"REST"}],"circlet_count":0,"master_deck":["sneckomod:Strike","sneckomod:Strike","sneckomod:Strike","sneckomod:Defend","sneckomod:Defend","sneckomod:Defend","sneckomod:TailWhip","sneckomod:SnekBite","sneckomod:Unknown","sneckomod:Unknown","sneckomod:DiceCrush+1","sneckomod:Unknown1Cost","sneckomod:UnknownCommonAttack","sneckomod:DiceCrush+1","Gensokyo:HAARP+1","sneckomod:UnknownDraw","sneckomod:UnknownClassPALE_SHOWMAN_PURPLE_COLOR","sneckomod:SnekBeam","sneckomod:UnknownExhaust","sneckomod:Unknown0Cost","sneckomod:UnknownClassPALE_SHOWMAN_PURPLE_COLOR","sneckomod:Mudshield","sneckomod:MasterEye+1","sneckomod:SnakeSap+1","sneckomod:UnknownWeak+1","sneckomod:QuickBite","sneckomod:UnknownBoss+1","sneckomod:UnknownClassBLUE+1","sneckomod:CheapStock+1","sneckomod:DiceCrush+1","sneckomod:UnknownRareAttack","sneckomod:UnknownBlock+1","sneckomod:SerpentMind","sneckomod:Unknown2Cost","sneckomod:UnknownClassBLUE+1","sneckomod:Unknown1Cost","StSpp:Igniter+1","sneckomod:UnknownClassBLUE+1","Clawfect:ClawSnap","sneckomod:WideSting+1","sneckomod:SerpentIdol+1","StSpp:Igniter","sneckomod:Unknown0Cost+1","expansioncontent:AwakenDeath","Clawfect:Clawter+1"],"relics":["sneckomod:SneckoSoul","conspire:DecoderRing","StuffTheSpire:EmeraldSignet","Gensokyo:Justice","Lantern","Gensokyo:Companionship","hubris:CuriousFeather","Dota2Spire:Desolator","hubris:VirtuousBlindfold","StuffTheSpire:Tea","Dead Branch","aspiration:DefectSkillbook","Bottled Lightning","halation:LostSnail","Bottled Tornado"],"acts_visited":["Gensokyo:Gensokyo","Gensokyo:Gensokyoer","Gensokyo:Gensokyoest"],"potions_floor_usage":[13,19,25,25,31,31,50,50],"damage_taken":[{"damage":3,"enemies":"Gensokyo:Python","floor":3,"turns":3},{"damage":0,"enemies":"Gensokyo:Gryphon","floor":4,"turns":3},{"damage":0,"enemies":"Gensokyo:2_Kodama","floor":5,"turns":1},{"damage":10,"enemies":"downfall:FleeingMerchant","floor":10,"turns":4},{"damage":0,"enemies":"Gensokyo:VengefulSpirit","floor":11,"turns":2},{"damage":16,"enemies":"Gensokyo:Python_and_Kodama","floor":12,"turns":3},{"damage":0,"enemies":"Gensokyo:Cirno","floor":13,"turns":4},{"damage":0,"enemies":"Gensokyo:Kitsune","floor":14,"turns":2},{"damage":1,"enemies":"Gensokyo:3_Kodama","floor":15,"turns":2},{"damage":12,"enemies":"SI_SHIV_ARCHETYPE","floor":16,"turns":5},{"damage":2,"enemies":"Gensokyo:2_Gloops","floor":19,"turns":3},{"damage":3,"enemies":"Gensokyo:Chomper","floor":21,"turns":3},{"damage":15,"enemies":"Gensokyo:Slime_Group","floor":22,"turns":3},{"damage":10,"enemies":"Gensokyo:Monolith_and_Dog","floor":23,"turns":5},{"damage":5,"enemies":"Gensokyo:Wraith","floor":25,"turns":5},{"damage":41,"enemies":"Gensokyo:Slime_Group","floor":26,"turns":6},{"damage":5,"enemies":"downfall:FleeingMerchant","floor":29,"turns":4},{"damage":7,"enemies":"Gensokyo:Monolith_and_Dog","floor":31,"turns":3},{"damage":10,"enemies":"Gensokyo:Swordslinger","floor":32,"turns":2},{"damage":6,"enemies":"DF_ARCHETYPE_CLAW","floor":33,"turns":4},{"damage":20,"enemies":"Gensokyo:AncientGuardian","floor":36,"turns":4},{"damage":2,"enemies":"Gensokyo:3_Boulders","floor":37,"turns":4},{"damage":7,"enemies":"Gensokyo:Dusk_and_Dawn","floor":38,"turns":4},{"damage":65,"enemies":"Gensokyo:SeedOfUnknown","floor":43,"turns":2},{"damage":1,"enemies":"Gensokyo:3_Boulders","floor":44,"turns":4},{"damage":10,"enemies":"Gensokyo:4_Bats","floor":45,"turns":3},{"damage":0,"enemies":"Gensokyo:AtlasGolem","floor":46,"turns":5},{"damage":50,"enemies":"downfall:FleeingMerchant","floor":48,"turns":3},{"damage":0,"enemies":"Gensokyo:Rafflesia","floor":49,"turns":6},{"damage":49,"enemies":"WA_ARCHETYPE_DIVINITY","floor":50,"turns":5}],"seed_played":"446712118016510334","potions_obtained":[{"floor":11,"key":"SpeedPotion"},{"floor":12,"key":"LifebloodPotion"},{"floor":14,"key":"SpeedPotion"},{"floor":15,"key":"sneckomod:MuddlingPotion"},{"floor":19,"key":"FairyPotion"},{"floor":25,"key":"GamblersBrew"},{"floor":26,"key":"Adrenaline Potion"},{"floor":36,"key":"Weak Potion"},{"floor":44,"key":"CultistPotion"}],"is_trial":false,"path_per_floor":["R","T","M","M","M","R","T","?","COS","$","M","M","E","M","M","B",null,"R","M","?","M","M","M","T","M","M","?","?","$","R","M","M","B",null,"R","M","M","M","?","?","T","R","M","M","M","M","R","$","M","B",null],"character_chosen":"THE_SNECKO","items_purchased":["sneckomod:DiceCrush","sneckomod:Unknown1Cost","Lantern","Dead Branch","halation:LostSnail","StSpp:Igniter","sneckomod:Unknown0Cost+1","expansioncontent:AwakenDeath","Bottled Tornado"],"campfire_rested":2,"item_purchase_floors":[0,0,10,29,48,48,48,48,48],"current_hp_per_floor":[90,90,87,87,87,87,87,87,87,77,77,61,61,61,60,50,90,90,90,90,87,72,66,66,61,20,20,20,15,42,37,27,23,90,90,70,74,67,67,76,76,76,76,79,69,69,90,90,90,41],"gold":80,"neow_bonus":"","is_daily":false,"chose_seed":false,"campfire_upgraded":5,"win_rate":0.0,"timestamp":1612623878,"path_taken":["R","?","M","M","M","R","T","?","COS","?","M","M","E","M","M","BOSS","R","M","?","M","M","M","T","M","?","?","?","$","R","M","M","BOSS","R","M","M","M","?","?","T","R","M","M","M","M","R","$","M","BOSS"],"items_purchased_type":["Card","Card","Relic","Relic","Relic","Card","Card","Card","Relic"],"build_version":"2020-12-22","purchased_purges":0,"victory":true,"max_hp_per_floor":[90,90,90,90,90,90,90,90,90,90,90,90,90,90,90,90,90,90,90,90,90,90,90,90,90,90,90,90,90,90,90,90,90,90,90,90,90,90,90,90,90,90,90,90,90,90,90,90,90,90],"card_choices":[{"not_picked":["sneckomod:SoulDraw","sneckomod:SoulCleanse"],"picked":"sneckomod:UnknownCommonSkill","floor":3},{"not_picked":["sneckomod:SoulDraw","sneckomod:ImprovisedAttack"],"picked":"sneckomod:UnknownCommonAttack","floor":4},{"not_picked":["sneckomod:QuickMove","sneckomod:QuickBite"],"picked":"sneckomod:DiceCrush","floor":5},{"not_picked":["sneckomod:SlitherStrike","sneckomod:DefensiveFlair"],"picked":"sneckomod:UnknownDraw","floor":10},{"not_picked":["sneckomod:Nope","sneckomod:UnknownCommonSkill"],"picked":"sneckomod:UnknownClassPALE_SHOWMAN_PURPLE_COLOR","floor":11},{"not_picked":["sneckomod:ImprovisedAttack","sneckomod:UnknownCommonSkill"],"picked":"sneckomod:SnekBeam","floor":12},{"not_picked":["sneckomod:DangerNoodle","sneckomod:SlitherStrike"],"picked":"sneckomod:UnknownExhaust","floor":13},{"not_picked":["sneckomod:UnknownX","sneckomod:DiceCrush"],"picked":"sneckomod:Unknown0Cost","floor":14},{"not_picked":["sneckomod:UnknownCommonAttack","sneckomod:Unknown1Cost"],"picked":"sneckomod:UnknownClassPALE_SHOWMAN_PURPLE_COLOR","floor":15},{"not_picked":["sneckomod:Cheat","sneckomod:SoulExchange"],"picked":"sneckomod:Mudshield","floor":16},{"not_picked":["sneckomod:DiceBlock","sneckomod:IronFang"],"picked":"sneckomod:MasterEye+1","floor":19},{"not_picked":["sneckomod:DiceCrush","sneckomod:SnekBeam"],"picked":"sneckomod:SnakeSap+1","floor":21},{"not_picked":["sneckomod:SnekBeam+1","sneckomod:UnknownExhaust"],"picked":"sneckomod:UnknownWeak+1","floor":22},{"not_picked":["sneckomod:QuickMove","sneckomod:ImprovisedAttack"],"picked":"sneckomod:QuickBite","floor":23},{"not_picked":["sneckomod:RainOfDice","sneckomod:UnknownDraw+1"],"picked":"sneckomod:UnknownBoss","floor":25},{"not_picked":["sneckomod:DiceBoulder","sneckomod:UnknownClassPALE_SHOWMAN_PURPLE_COLOR"],"picked":"sneckomod:UnknownClassBLUE+1","floor":26},{"not_picked":["sneckomod:SoulDraw","sneckomod:UnknownStrike+1"],"picked":"sneckomod:DiceCrush+1","floor":29},{"not_picked":["sneckomod:SoulRoll","sneckomod:UnknownCommonSkill"],"picked":"sneckomod:UnknownRareAttack","floor":31},{"not_picked":["sneckomod:UnknownStrike","sneckomod:UnknownExhaust"],"picked":"sneckomod:UnknownBlock+1","floor":32},{"not_picked":["sneckomod:Mudshield","sneckomod:Unknown3Cost"],"picked":"sneckomod:SerpentMind","floor":33},{"not_picked":["Panic Button+1","aspiration:Polymerization","Steam+1"],"picked":"sneckomod:Unknown2Cost","floor":36},{"not_picked":["sneckomod:UnknownBlock","sneckomod:SnakeSap+1","sneckomod:UnknownClassPALE_SHOWMAN_PURPLE_COLOR"],"picked":"sneckomod:UnknownClassBLUE+1","floor":37},{"not_picked":["Leap+1","sneckomod:IronFang","hubris:Ukulele+1"],"picked":"sneckomod:Unknown1Cost","floor":38},{"not_picked":["Clawfect:ClawpileDriver","Hologram","Clawfect:Clawline"],"picked":"StSpp:Igniter+1","floor":43},{"not_picked":["Steam","FIFO Queue","sneckomod:UnknownCommonAttack+1"],"picked":"sneckomod:UnknownClassBLUE+1","floor":44},{"not_picked":["FTL","ReplayTheSpireMod:System Scan","Clawfect:ClawForTheEyes"],"picked":"Clawfect:ClawSnap","floor":45},{"not_picked":["Biased Cognition","Panic Button","aspiration:Polymerization"],"picked":"sneckomod:WideSting+1","floor":46},{"not_picked":["FTL+1","Steam Power+1","Redo"],"picked":"sneckomod:SerpentIdol+1","floor":48},{"not_picked":["BasicCrystalCard","sneckomod:SoulDraw","Turbo+1"],"picked":"Clawfect:Clawter+1","floor":49}],"player_experience":89379,"relics_obtained":[{"floor":2,"key":"conspire:DecoderRing"},{"floor":7,"key":"StuffTheSpire:EmeraldSignet"},{"floor":13,"key":"Dota2Spire:Desolator"},{"floor":24,"key":"StuffTheSpire:Tea"},{"floor":41,"key":"Bottled Lightning"}],"event_choices":[],"is_beta":false,"boss_relics":[{"not_picked":["StSpp:Magatama","hubris:CrackedHourglass"],"picked":"hubris:VirtuousBlindfold"},{"not_picked":["conspire:RoyalGoblet","Snecko Eye"],"picked":"aspiration:DefectSkillbook"}],"items_purged_floors":[],"is_endless":false,"potions_floor_spawned":[11,12,14,15,19,23,25,26,36,44,46],"ascension_level":0}}