{"host":"c44ey07ufggfw2m8","time":1612616834,"event":{"mods":["2.2 Compatiblity","BaseMod","Colored Map","DeckTracker","Highlight Path","Keyboard Shortcuts","Minty Spire (QoL Compilation)","Permanent Neow","Quick Restart","StSLib","SuperFastMode","UnlockEverythingMod"],"gold_per_floor":[20,20,40,53,53,53,91,91,116,134,153,176,176,210,210,210,210],"floor_reached":16,"language":"KOR","playtime":764,"items_purged":[],"score":168,"play_id":"2ba28196-dce6-46b7-ab43-e1cceaebbc1d","local_time":"20210206220714","is_ascension_mode":true,"campfire_choices":[{"data":"Flex","floor":6.0,"key":"SMITH"},{"data":"Armaments","floor":8.0,"key":"SMITH"},{"data":"Shrug It Off","floor":13.0,"key":"SMITH"},{"floor":15.0,"key":"REST"}],"circlet_count":0,"master_deck":["AscendersBane","Strike_R","Strike_R","Strike_R","Defend_R","Defend_R","Defend_R","Bash","Flex+1","Wild Strike","Thunderclap","Armaments+1","Shrug It Off+1","Sever Soul","Second Wind"],"relics":["Burning Blood","Golden Idol","Smiling Mask","Bronze Scales","Gremlin Horn"],"acts_visited":["Exordium"],"potions_floor_usage":[],"damage_taken":[{"damage":1.0,"enemies":"Jaw Worm","floor":1.0,"turns":5.0},{"damage":16.0,"enemies":"2 Louse","floor":3.0,"turns":2.0},{"damage":1.0,"enemies":"Cultist","floor":4.0,"turns":3.0},{"damage":35.0,"enemies":"3 Sentries","floor":7.0,"turns":8.0},{"damage":6.0,"enemies":"Looter","floor":10.0,"turns":3.0},{"damage":8.0,"enemies":"Large Slime","floor":11.0,"turns":5.0},{"damage":10.0,"enemies":"Exordium Thugs","floor":12.0,"turns":3.0},{"damage":21.0,"enemies":"Lagavulin","floor":14.0,"turns":8.0},{"damage":35,"enemies":"Hexaghost","floor":16,"turns":9}],"seed_played":"-8408963302700867757","potions_obtained":[{"floor":4.0,"key":"BlessingOfTheForge"},{"floor":11.0,"key":"EssenceOfSteel"},{"floor":12.0,"key":"SkillPotion"}],"is_trial":false,"path_per_floor":["M","?","M","M","?","R","E","R","T","M","M","M","R","E","R","B"],"character_chosen":"IRONCLAD","items_purchased":[],"campfire_rested":1,"item_purchase_floors":[],"current_hp_per_floor":[77,74,64,69,69,69,40,40,40,40,38,34,34,19,41,6,6],"gold":210,"neow_bonus":"REMOVE_TWO","is_daily":false,"chose_seed":false,"campfire_upgraded":3,"win_rate":0.0,"timestamp":1612616834,"path_taken":["M","?","M","M","?","R","E","R","T","M","M","?","R","E","R","BOSS"],"items_purchased_type":[],"build_version":"2020-12-22","purchased_purges":0,"victory":false,"max_hp_per_floor":[80,74,74,74,74,74,74,74,74,74,74,74,74,74,74,74,74],"card_choices":[{"not_picked":["Shockwave","Dual Wield"],"picked":"Flex","floor":1.0},{"not_picked":["Combust","Rupture"],"picked":"Wild Strike","floor":3.0},{"not_picked":["Reckless Charge","Rage"],"picked":"Thunderclap","floor":4.0},{"not_picked":["Fire Breathing","Double Tap"],"picked":"Armaments","floor":7.0},{"not_picked":["Warcry","Entrench"],"picked":"Shrug It Off","floor":10.0},{"not_picked":["Havoc","Clothesline"],"picked":"Sever Soul","floor":11.0},{"not_picked":["Reckless Charge","Thunderclap","Rage"],"picked":"SKIP","floor":12.0},{"not_picked":["Iron Wave","Headbutt"],"picked":"Second Wind","floor":14.0}],"player_experience":116816,"relics_obtained":[{"floor":7.0,"key":"Smiling Mask"},{"floor":9.0,"key":"Bronze Scales"},{"floor":14.0,"key":"Gremlin Horn"}],"event_choices":[{"damage_healed":0.0,"max_hp_gain":0.0,"max_hp_loss":6.0,"gold_gain":0.0,"event_name":"Golden Idol","player_choice":"Lose Max HP","floor":2.0,"gold_loss":0.0,"damage_taken":0.0,"relics_obtained":["Golden Idol"]},{"cards_removed":["Strike_R"],"damage_healed":0.0,"max_hp_gain":0.0,"max_hp_loss":0.0,"gold_gain":0.0,"event_name":"Purifier","player_choice":"Purged","floor":5.0,"gold_loss":0.0,"damage_taken":0.0}],"is_beta":false,"boss_relics":[],"items_purged_floors":[],"is_endless":false,"potions_floor_spawned":[4,11,12],"killed_by":"Hexaghost","ascension_level":10}}