{"host":"z609fbm6pkeriks8","time":1612605376,"event":{"mods":["AchievementEnabler","BaseMod","Colored Map","Colored Powertips","Downfall","Highlight Path","Marisa£®ÏF”Í°°ƒß¿Ì…≥£©","Minty Spire (QoL Compilation)","StSLib","The Cursed","The Servant 0.9.4"],"gold_per_floor":[111,111,127,144,144,177,177,189,189,45,60,87,87,98,98,203,203,217,236,236,252,2,2,2,2,25,51,67,67,119,68,68,68,68],"floor_reached":33,"language":"ZHS","playtime":1672,"items_purged":["Defend_R","Strike_R"],"score":375,"play_id":"f185ff0b-165f-4859-9495-368d83e3f79d","local_time":"20210206175616","is_ascension_mode":false,"campfire_choices":[{"data":"Power Through","floor":7,"key":"SMITH"},{"floor":15,"key":"REST"},{"data":"Impervious","floor":23,"key":"SMITH"},{"floor":32,"key":"REST"}],"circlet_count":0,"master_deck":["Strike_R","Strike_R","Defend_R","Defend_R","Defend_R","Bash","Flex","Decay","Inflame","Power Through+1","Impervious+1","Heavy Blade","TheCursedMod:Dregs","Fire Breathing","Hemokinesis","Brutality","Flame Barrier","Barricade","Feel No Pain","Decay","Second Wind+1","downfall:Bewildered","downfall:Aged","Anger","Seeing Red+1","Doubt"],"relics":["Cursed Key","CaptainsWheel","TungstenRod","Torii","Philosopher\u0027s Stone","sneckomod:BabySnecko","Orichalcum","Bag of Preparation","Red Skull"],"acts_visited":["Exordium","TheCity"],"potions_floor_usage":[16,16,16,18,21,27,27,27,33],"damage_taken":[{"damage":0,"enemies":"Small Slimes","floor":1,"turns":2},{"damage":3,"enemies":"Cultist","floor":3,"turns":3},{"damage":12,"enemies":"2 Louse","floor":4,"turns":3},{"damage":13,"enemies":"Lagavulin","floor":6,"turns":6},{"damage":0,"enemies":"Large Slime","floor":8,"turns":6},{"damage":12,"enemies":"Red Slaver","floor":11,"turns":2},{"damage":10,"enemies":"Gremlin Nob","floor":12,"turns":4},{"damage":17,"enemies":"Exordium Wildlife","floor":14,"turns":4},{"damage":11,"enemies":"The Guardian","floor":16,"turns":8},{"damage":10,"enemies":"Spheric Guardian","floor":18,"turns":6},{"damage":12,"enemies":"Chosen","floor":19,"turns":6},{"damage":8,"enemies":"Centurion and Healer","floor":21,"turns":6},{"damage":13,"enemies":"Gremlin Leader","floor":27,"turns":7},{"damage":22,"enemies":"Snake Plant","floor":28,"turns":4},{"damage":61,"enemies":"Collector","floor":33,"turns":6}],"seed_played":"-9019346442271104667","potions_obtained":[{"floor":3,"key":"Strength Potion"},{"floor":11,"key":"SpeedPotion"},{"floor":12,"key":"AttackPotion"},{"floor":14,"key":"Swift Potion"},{"floor":16,"key":"Swift Potion"},{"floor":19,"key":"Fire Potion"},{"floor":27,"key":"SpeedPotion"}],"is_trial":false,"path_per_floor":["M","?","M","M","?","E","R","M","T","$","M","E","$","M","R","B",null,"M","M","?","M","$","R","?","?","T","E","M","?","T","$","R","B"],"character_chosen":"IRONCLAD","items_purchased":["Fire Breathing","Explosive Potion","Fire Potion","Block Potion","BlessingOfTheForge"],"campfire_rested":2,"item_purchase_floors":[10,22,22,22,31],"current_hp_per_floor":[80,80,77,65,65,52,52,52,52,52,40,30,30,13,37,26,80,70,58,58,50,50,50,50,50,50,37,15,15,15,15,39,0,0],"gold":68,"neow_bonus":"BOSS_RELIC","is_daily":false,"chose_seed":false,"campfire_upgraded":2,"win_rate":0.0,"timestamp":1612605376,"path_taken":["M","?","?","?","?","E","R","M","T","$","?","E","$","M","R","BOSS","M","M","?","M","$","R","?","?","T","E","M","?","?","$","R","BOSS"],"items_purchased_type":["Card","Potion","Potion","Potion","Potion"],"build_version":"2020-12-22","purchased_purges":2,"victory":false,"max_hp_per_floor":[80,80,80,80,80,80,80,80,80,80,80,80,80,80,80,80,80,80,80,80,80,80,80,80,80,80,80,80,80,80,80,80,80,80],"card_choices":[{"not_picked":["Ghostly Armor","Perfected Strike"],"picked":"Flex","floor":1},{"not_picked":["True Grit","Sentinel"],"picked":"Inflame","floor":3},{"not_picked":["Anger","Thunderclap"],"picked":"Power Through","floor":4},{"not_picked":["Hemokinesis","Power Through"],"picked":"Impervious","floor":6},{"not_picked":["Disarm","Sentinel"],"picked":"Heavy Blade","floor":8},{"not_picked":["Headbutt","Thunderclap"],"picked":"Hemokinesis","floor":11},{"not_picked":["Power Through","Thunderclap"],"picked":"Brutality","floor":12},{"not_picked":["Perfected Strike","Flex"],"picked":"Flame Barrier","floor":14},{"not_picked":["Feed","Offering"],"picked":"Barricade","floor":16},{"not_picked":["Seeing Red","Heavy Blade"],"picked":"Feel No Pain","floor":18},{"not_picked":["Rupture","Hemokinesis","Heavy Blade"],"picked":"SKIP","floor":19},{"not_picked":["Power Through","Intimidate"],"picked":"Second Wind+1","floor":21},{"not_picked":["Ghostly Armor","Twin Strike+1"],"picked":"Anger","floor":27},{"not_picked":["Havoc+1","Offering"],"picked":"Seeing Red+1","floor":28}],"player_experience":34286,"relics_obtained":[{"floor":6,"key":"CaptainsWheel"},{"floor":9,"key":"TungstenRod"},{"floor":12,"key":"Torii"},{"floor":26,"key":"Orichalcum"},{"floor":27,"key":"Bag of Preparation"},{"floor":30,"key":"Red Skull"}],"event_choices":[{"damage_healed":0,"gold_gain":0,"player_choice":"Cursed","damage_taken":0,"max_hp_gain":0,"max_hp_loss":0,"event_name":"Wheel of Change","floor":2,"gold_loss":0,"cards_obtained":["Decay"]},{"cards_removed":["Strike_R"],"damage_healed":0,"gold_gain":0,"player_choice":"Offered Basic","damage_taken":0,"max_hp_gain":0,"max_hp_loss":0,"event_name":"Bonfire Elementals","floor":5,"gold_loss":0},{"damage_healed":0,"gold_gain":0,"player_choice":"Smashed Altar","damage_taken":0,"max_hp_gain":0,"max_hp_loss":0,"event_name":"Forgotten Altar","floor":20,"gold_loss":0,"cards_obtained":["Decay"]},{"cards_removed":["Strike_R"],"damage_healed":0,"gold_gain":0,"player_choice":"Elegance","damage_taken":0,"max_hp_gain":0,"max_hp_loss":0,"event_name":"Back to Basics","floor":25,"gold_loss":0},{"damage_healed":0,"gold_gain":0,"player_choice":"Ignored","damage_taken":0,"max_hp_gain":0,"max_hp_loss":0,"event_name":"Ghosts","floor":29,"gold_loss":0}],"is_beta":false,"boss_relics":[{"not_picked":["Sozu","Snecko Eye"],"picked":"Philosopher\u0027s Stone"}],"items_purged_floors":[10,22],"is_endless":false,"potions_floor_spawned":[3,11,12,14,16,19,27],"killed_by":"Collector","ascension_level":0}}