{"host":"izaayrkpa5ecuvkh","time":1612580877,"event":{"mods":["AchievementEnabler","BaseMod","Card Forge","Colored Powertips","Highlight Path","Minty Spire (QoL Compilation)","Quick Restart","Relic Stats","StSLib","Transform Curses"],"gold_per_floor":[210,229,240,253,253,282,282,314,314,314,331,351,351,203,203,301,301,313,313,324,337,91,91,124,124,151,183,183,216,216,216,216,317,317,328,328,328,67,81,114,124,124,124,458,503,533,550,568,568,568,568,568,58,91,91],"floor_reached":56,"language":"ENG","playtime":2537,"items_purged":[],"score":2219,"play_id":"cb8de5bb-6f24-4526-af67-4f269e963aef","local_time":"20210205220757","is_ascension_mode":true,"campfire_choices":[{"floor":7,"key":"RECALL"},{"floor":10,"key":"REST"},{"floor":15,"key":"REST"},{"floor":23,"key":"REST"},{"floor":25,"key":"REST"},{"floor":30,"key":"REST"},{"floor":32,"key":"REST"},{"floor":42,"key":"REST"},{"floor":49,"key":"REST"},{"floor":52,"key":"REST"}],"circlet_count":0,"master_deck":["Adrenaline+1","Catalyst+1","Crippling Poison+1","Adrenaline+1","Catalyst+1","Crippling Poison+1","Adrenaline+1","Catalyst+1","Double Energy+1","Adrenaline+1","Catalyst+1","Backflip+1","Adrenaline+1","Catalyst+1","Adrenaline+1","Backflip+1","Barricade+1","Deadly Poison+1","Adrenaline+1","Deep Breath+1"],"relics":["Burning Blood","Hammer of Thor","Seething Fire","Anvil of the Gods","Pear","Mango","Anchor","Philosopher\u0027s Stone","Singing Bowl","TungstenRod","Juzu Bracelet","Dream Catcher","White Beast Statue","Black Star","Self Forming Clay","Ancient Tea Set","Frozen Egg 2","Red Skull","Bronze Scales","Old Coin","Thread and Needle","Orichalcum","Bag of Preparation","HornCleat","Bottled Tornado","Kunai","InkBottle"],"acts_visited":["Exordium","TheCity","TheBeyond","TheEnding"],"potions_floor_usage":[16],"damage_taken":[{"damage":0,"enemies":"2 Louse","floor":1,"turns":1},{"damage":0,"enemies":"Cultist","floor":2,"turns":1},{"damage":0,"enemies":"Small Slimes","floor":3,"turns":2},{"damage":0,"enemies":"Gremlin Gang","floor":4,"turns":1},{"damage":0,"enemies":"Lagavulin","floor":6,"turns":1},{"damage":0,"enemies":"Gremlin Nob","floor":8,"turns":1},{"damage":0,"enemies":"3 Louse","floor":11,"turns":1},{"damage":0,"enemies":"Red Slaver","floor":12,"turns":1},{"damage":0,"enemies":"Hexaghost","floor":16,"turns":1},{"damage":0,"enemies":"Shell Parasite","floor":18,"turns":1},{"damage":0,"enemies":"2 Thieves","floor":20,"turns":1},{"damage":0,"enemies":"Snake Plant","floor":21,"turns":1},{"damage":0,"enemies":"Book of Stabbing","floor":24,"turns":1},{"damage":0,"enemies":"Slavers","floor":27,"turns":1},{"damage":0,"enemies":"Gremlin Leader","floor":29,"turns":1},{"damage":0,"enemies":"Collector","floor":33,"turns":1},{"damage":0,"enemies":"3 Darklings","floor":35,"turns":1},{"damage":0,"enemies":"Orb Walker","floor":39,"turns":1},{"damage":0,"enemies":"Giant Head","floor":40,"turns":1},{"damage":0,"enemies":"4 Shapes","floor":41,"turns":1},{"damage":0,"enemies":"Reptomancer","floor":44,"turns":1},{"damage":0,"enemies":"2 Orb Walkers","floor":45,"turns":1},{"damage":0,"enemies":"Giant Head","floor":46,"turns":1},{"damage":0,"enemies":"Writhing Mass","floor":47,"turns":1},{"damage":0,"enemies":"Sphere and 2 Shapes","floor":48,"turns":1},{"damage":0,"enemies":"Time Eater","floor":50,"turns":1},{"damage":0,"enemies":"Shield and Spear","floor":54,"turns":1},{"damage":0,"enemies":"The Heart","floor":55,"turns":3}],"seed_played":"-6466638801302428589","potions_obtained":[{"floor":2,"key":"SneckoOil"},{"floor":6,"key":"Block Potion"},{"floor":11,"key":"Fire Potion"},{"floor":12,"key":"ColorlessPotion"},{"floor":18,"key":"DuplicationPotion"},{"floor":24,"key":"Ancient Potion"},{"floor":44,"key":"EntropicBrew"}],"is_trial":false,"path_per_floor":["M","M","M","M","?","E","R","E","T","R","M","M","?","$","R","B",null,"M","?","M","M","$","R","E","R","T","E","?","E","R","?","R","B",null,"M","?","?","$","M","E","M","R","T","E","?","E","M","M","R","B",null,"R","$","E","B",null],"character_chosen":"IRONCLAD","items_purchased":["Anchor","Singing Bowl","Self Forming Clay","HornCleat","Bottled Tornado"],"campfire_rested":9,"item_purchase_floors":[14,22,38,53,53],"current_hp_per_floor":[80,80,80,80,80,90,90,104,104,104,104,104,104,104,104,104,104,104,104,104,104,104,104,104,104,104,106,106,108,110,88,117,119,119,121,119,119,119,123,125,127,129,129,131,133,135,137,139,141,141,141,143,143,145,145],"gold":91,"neow_bonus":"HUNDRED_GOLD","is_daily":false,"chose_seed":false,"campfire_upgraded":0,"win_rate":0.0,"timestamp":1612580877,"path_taken":["M","M","M","M","?","E","R","E","T","R","?","M","?","$","R","BOSS","M","?","M","M","$","R","E","R","T","E","?","E","R","?","R","BOSS","M","?","?","?","M","E","M","R","T","E","?","E","M","M","R","BOSS","R","$","E","BOSS"],"items_purchased_type":["Relic","Relic","Relic","Relic","Relic"],"build_version":"2020-12-22","purchased_purges":0,"victory":true,"max_hp_per_floor":[80,80,80,80,80,90,90,104,104,104,104,104,104,104,104,104,104,104,104,104,104,104,104,104,104,104,106,106,108,110,115,117,119,119,121,121,121,121,123,125,127,129,129,131,133,135,137,139,141,141,141,143,143,145,145],"relic_stats":{"Singing Bowl":36,"counters":[28,31],"Self Forming Clay":[0],"Juzu Bracelet":3,"Bag of Preparation":[10],"Orichalcum":[0],"Burning Blood":2,"Dream Catcher":5,"Bronze Scales":[0],"Black Star":4,"Kunai":[0],"obtain_stats":[{"Singing Bowl":22,"Mango":8,"Hammer of Thor":0,"Juzu Bracelet":26,"Bag of Preparation":46,"Bottled Tornado":53,"Ancient Tea Set":40,"Burning Blood":0,"Old Coin":44,"Dream Catcher":27,"HornCleat":53,"Philosopher\u0027s Stone":17,"Kunai":54,"Red Skull":43,"InkBottle":54,"Pear":6,"Self Forming Clay":38,"Thread and Needle":45,"Seething Fire":0,"Frozen Egg 2":40,"Orichalcum":46,"White Beast Statue":29,"Anchor":14,"Anvil of the Gods":0,"Bronze Scales":44,"Black Star":34,"TungstenRod":24},{"Singing Bowl":12,"Mango":6,"Hammer of Thor":0,"Juzu Bracelet":13,"Bag of Preparation":23,"Bottled Tornado":26,"Ancient Tea Set":19,"Burning Blood":0,"Old Coin":21,"Dream Catcher":14,"HornCleat":26,"Philosopher\u0027s Stone":9,"Kunai":27,"Red Skull":20,"InkBottle":27,"Pear":5,"Self Forming Clay":17,"Thread and Needle":22,"Seething Fire":0,"Frozen Egg 2":19,"Orichalcum":23,"White Beast Statue":15,"Anchor":8,"Anvil of the Gods":0,"Bronze Scales":21,"Black Star":16,"TungstenRod":13},{"Singing Bowl":13,"Mango":7,"Hammer of Thor":0,"Juzu Bracelet":14,"Bag of Preparation":24,"Bottled Tornado":27,"Ancient Tea Set":20,"Burning Blood":0,"Old Coin":22,"Dream Catcher":15,"HornCleat":27,"Philosopher\u0027s Stone":10,"Kunai":28,"Red Skull":21,"InkBottle":28,"Pear":6,"Self Forming Clay":18,"Thread and Needle":23,"Seething Fire":0,"Frozen Egg 2":20,"Orichalcum":24,"White Beast Statue":16,"Anchor":9,"Anvil of the Gods":0,"Bronze Scales":22,"Black Star":17,"TungstenRod":14}],"TungstenRod":2,"InkBottle":[2]},"card_choices":[{"not_picked":["Havoc","Twin Strike","Sword Boomerang"],"picked":"SKIP","floor":1},{"not_picked":["Body Slam","Headbutt","Thunderclap"],"picked":"SKIP","floor":2},{"not_picked":["Warcry","True Grit","Rampage"],"picked":"SKIP","floor":3},{"not_picked":["Thunderclap","Infernal Blade","Whirlwind"],"picked":"SKIP","floor":4},{"not_picked":["Pommel Strike","Entrench","Ghostly Armor"],"picked":"SKIP","floor":6},{"not_picked":["Intimidate","Disarm","True Grit"],"picked":"SKIP","floor":8},{"not_picked":["Reckless Charge","Body Slam","Thunderclap"],"picked":"SKIP","floor":11},{"not_picked":["Thunderclap","Burning Pact","Barricade"],"picked":"SKIP","floor":12},{"not_picked":["True Grit","Pommel Strike","Ghostly Armor"],"picked":"SKIP","floor":18},{"not_picked":["Clash","Corruption","Clothesline"],"picked":"SKIP","floor":20},{"not_picked":["Sword Boomerang+1","Cleave+1","Second Wind+1"],"picked":"SKIP","floor":21},{"not_picked":["Sever Soul","Power Through","Heavy Blade"],"picked":"SKIP","floor":24},{"not_picked":["Hemokinesis","Heavy Blade","Clash"],"picked":"Singing Bowl","floor":27},{"not_picked":["Metallicize","Spot Weakness+1","Warcry"],"picked":"Singing Bowl","floor":29},{"not_picked":["Infernal Blade","Flex","Inflame+1"],"picked":"Singing Bowl","floor":30},{"not_picked":["Perfected Strike","Clash+1","Armaments"],"picked":"Singing Bowl","floor":32},{"not_picked":["Reaper","Limit Break","Offering"],"picked":"Singing Bowl","floor":33},{"not_picked":["Pummel","Combust","Sword Boomerang"],"picked":"Singing Bowl","floor":35},{"not_picked":["Uppercut+1","Clothesline+1","Thunderclap+1"],"picked":"Singing Bowl","floor":39},{"not_picked":["Reckless Charge","Uppercut+1","Feed"],"picked":"Singing Bowl","floor":40},{"not_picked":["Ghostly Armor+1","Dual Wield+1","Iron Wave"],"picked":"Singing Bowl","floor":41},{"not_picked":["Iron Wave","Flex+1","Dark Embrace+1"],"picked":"Singing Bowl","floor":42},{"not_picked":["Flex","Combust+1","Carnage"],"picked":"Singing Bowl","floor":44},{"not_picked":["Thunderclap+1","Power Through+1","Warcry+1"],"picked":"Singing Bowl","floor":45},{"not_picked":["Flex+1","Ghostly Armor+1","Twin Strike+1"],"picked":"Singing Bowl","floor":46},{"not_picked":["Clash","Perfected Strike","Demon Form+1"],"picked":"Singing Bowl","floor":47},{"not_picked":["Seeing Red+1","Clash","Cleave+1"],"picked":"Singing Bowl","floor":48},{"not_picked":["Shockwave+1","Perfected Strike","Rampage"],"picked":"Singing Bowl","floor":49},{"not_picked":["Havoc","Metallicize+1","Seeing Red+1"],"picked":"Singing Bowl","floor":52},{"not_picked":["Burning Pact+1","True Grit","Body Slam+1"],"picked":"Singing Bowl","floor":54}],"player_experience":217628,"relics_obtained":[{"floor":6,"key":"Pear"},{"floor":8,"key":"Mango"},{"floor":24,"key":"TungstenRod"},{"floor":26,"key":"Juzu Bracelet"},{"floor":27,"key":"Dream Catcher"},{"floor":29,"key":"White Beast Statue"},{"floor":40,"key":"Ancient Tea Set"},{"floor":40,"key":"Frozen Egg 2"},{"floor":43,"key":"Red Skull"},{"floor":44,"key":"Bronze Scales"},{"floor":44,"key":"Old Coin"},{"floor":45,"key":"Thread and Needle"},{"floor":46,"key":"Orichalcum"},{"floor":46,"key":"Bag of Preparation"},{"floor":54,"key":"Kunai"},{"floor":54,"key":"InkBottle"}],"event_choices":[{"cards_removed":["Double Energy"],"damage_healed":0,"gold_gain":0,"player_choice":"Offered Uncommon","damage_taken":0,"max_hp_gain":0,"max_hp_loss":0,"event_name":"Bonfire Elementals","floor":5,"gold_loss":0},{"damage_healed":0,"gold_gain":0,"player_choice":"Ignored","damage_taken":0,"max_hp_gain":0,"max_hp_loss":0,"event_name":"Golden Wing","floor":13,"gold_loss":0},{"damage_healed":0,"gold_gain":0,"player_choice":"Ignored","damage_taken":0,"max_hp_gain":0,"max_hp_loss":0,"event_name":"Vampires","floor":19,"gold_loss":0},{"damage_healed":0,"gold_gain":0,"player_choice":"Ignored","damage_taken":0,"max_hp_gain":0,"max_hp_loss":0,"event_name":"Transmorgrifier","floor":28,"gold_loss":0},{"damage_healed":0,"gold_gain":0,"player_choice":"Shed Blood","damage_taken":28,"max_hp_gain":5,"max_hp_loss":0,"event_name":"Forgotten Altar","floor":31,"gold_loss":0},{"damage_healed":0,"gold_gain":0,"player_choice":"Punched","damage_taken":3,"max_hp_gain":0,"max_hp_loss":0,"event_name":"Designer","floor":36,"gold_loss":0},{"damage_healed":0,"gold_gain":0,"player_choice":"Bought 0 Potions","damage_taken":0,"max_hp_gain":0,"max_hp_loss":0,"event_name":"The Woman in Blue","floor":37,"gold_loss":0},{"damage_healed":0,"gold_gain":0,"player_choice":"Fight","damage_taken":0,"max_hp_gain":0,"max_hp_loss":0,"event_name":"Mysterious Sphere","floor":45,"gold_loss":0}],"is_beta":false,"boss_relics":[{"not_picked":["Runic Dome","Ectoplasm"],"picked":"Philosopher\u0027s Stone"},{"not_picked":["Pandora\u0027s Box","Velvet Choker"],"picked":"Black Star"}],"items_purged_floors":[],"is_endless":false,"potions_floor_spawned":[2,6,11,12,18,24,29,33,35,39,40,41,44,45,46,47,48,54],"ascension_level":4}}