{"host":"7uuqqk35leady37t","time":1612609679,"event":{"mods":["ATMod(∞¢Ë™Mod)","BaseMod","Colored Map","Colored Powertips","Googly Eyes","Hubris","Marisa£®ÏF”Í°°ƒß¿Ì…≥£©","Marked Mod","Minty Spire (QoL Compilation)","Quick Restart","Relic Stats","Remilia£®¿Ÿ√◊¿Ú—«£©","Replay The Spire","Robot Space Explorer","Spicy Shops","StSLib","Td1madao Mod","The Servant 0.9.4","UnlockEverythingMod","Waifu the Spire","Wide Potions","Yakumo Yukari mod","Youmu£®ªÍ∆«—˝√Œ£©","Yuri Mod","Yuyuko","[IsaacMod]“‘»ˆº‚À˛"],"gold_per_floor":[116,180,196,216,231,263,263,277,277,295,309,341,353,379,379,474,474,487,487,402,74,74,109,119,139,166,179,213,213,91,107,107,210,210,226,526,542,552,563,578,613,613,613,633,165,165,215,252,252,277,277],"floor_reached":50,"language":"ZHS","playtime":2998,"items_purged":["Defend_B+1"],"score":670,"play_id":"38102f69-9d47-4f0a-848f-22a3b0af4e3d","local_time":"20210206190759","is_ascension_mode":false,"campfire_choices":[{"floor":15,"key":"REST"},{"floor":29,"key":"REST"},{"data":"AT_RightCognition","floor":32,"key":"SMITH"},{"floor":42,"key":"REST"},{"data":"ElectricPowerLearning","floor":46,"key":"SMITH"},{"floor":49,"key":"REST"}],"circlet_count":0,"master_deck":["Strike_B+1","Strike_B+1","Strike_B+1","Strike_B+1","Defend_B+1","Defend_B+1","Defend_B+1","Zap","Dualcast","AT_BreakingExtremeWeapon","Recycle","Time Bomb","Self Repair","Compile Driver","Chaos+1","Chaos","hubris:Ukulele","Skim","Double Energy","Skim","AT_HeatAcrobatics","Hello World","AT_WaterDrop","Multi-Cast","Ball Lightning","Sunder","FIFO Queue","Lockon","Cold Snap","Fusion","AT_RightCognition+1","ElectricPowerLearning+1","Stack+1","BasicCrystalCard","Doom and Gloom+1","BasicCrystalCard+1","ReplaySolidLightProjector","Machine Learning","Double Energy","Melter+1","Leap+1"],"relics":["Cracked Core","HushsDoor","AT_ATBox","YumHeart","War Paint","hubris:RGBLights","ReplayTheSpireMod:Lightbulb","Torii","Regal Pillow","hubris:ScarierMask","HornCleat","hubris:SoftwareUpdate","Happy Flower","AT_SunfireAegis","Pet Ghost","DoctorsRemote","Black Star","Pear","TheBean","TuHaoJin","AT_MibuBalloonWealth","AT_ChloranthyRing","Onion Ring","hubris:CuriousFeather"],"acts_visited":["Exordium","TheCity","TheBeyond"],"potions_floor_usage":[6,8,11,11,12,14,25,28,28,37,40,41,48],"damage_taken":[{"damage":1,"enemies":"Cultist","floor":1,"turns":4},{"damage":11,"enemies":"Jaw Worm","floor":3,"turns":3},{"damage":17,"enemies":"2 Louse","floor":4,"turns":3},{"damage":12,"enemies":"Looter","floor":5,"turns":3},{"damage":29,"enemies":"3 Sentries","floor":6,"turns":7},{"damage":21,"enemies":"2 Fungi Beasts","floor":8,"turns":3},{"damage":16,"enemies":"3 Louse","floor":10,"turns":4},{"damage":0,"enemies":"Large Slime","floor":11,"turns":4},{"damage":18,"enemies":"Gremlin Nob","floor":12,"turns":3},{"damage":16,"enemies":"Exordium Wildlife","floor":13,"turns":3},{"damage":0,"enemies":"Lagavulin","floor":14,"turns":4},{"damage":41,"enemies":"Fading Forest","floor":16,"turns":11},{"damage":31,"enemies":"Chosen","floor":18,"turns":8},{"damage":66,"enemies":"Book of Stabbing","floor":23,"turns":8},{"damage":5,"enemies":"3 Byrds","floor":24,"turns":3},{"damage":0,"enemies":"Snecko","floor":25,"turns":1},{"damage":1,"enemies":"Centurion and Healer","floor":27,"turns":3},{"damage":5,"enemies":"Replay:Snechameleon","floor":28,"turns":5},{"damage":9,"enemies":"3 Cultists","floor":31,"turns":4},{"damage":6,"enemies":"Pondfish","floor":33,"turns":8},{"damage":9,"enemies":"3 Darklings","floor":35,"turns":4},{"damage":18,"enemies":"3 Shapes","floor":37,"turns":3},{"damage":14,"enemies":"Maw","floor":38,"turns":7},{"damage":37,"enemies":"Spire Growth","floor":39,"turns":5},{"damage":23,"enemies":"Writhing Mass","floor":40,"turns":7},{"damage":6,"enemies":"R_Hoarder","floor":41,"turns":9},{"damage":0,"enemies":"Jaw Worm Horde","floor":44,"turns":1},{"damage":93,"enemies":"Giant Head","floor":47,"turns":8},{"damage":1,"enemies":"Spire Growth","floor":48,"turns":2},{"damage":63,"enemies":"hubris:GrandSnecko","floor":50,"turns":6}],"seed_played":"-7794713966034800673","potions_obtained":[{"floor":1,"key":"PotionOfCapacity"},{"floor":2,"key":"LiquidMemories"},{"floor":8,"key":"SneckoOil"},{"floor":10,"key":"BlessingOfTheForge"},{"floor":11,"key":"Explosive Potion"},{"floor":13,"key":"SkillPotion"},{"floor":14,"key":"Dexterity Potion"},{"floor":18,"key":"Elixir"},{"floor":24,"key":"SmokeBomb"},{"floor":25,"key":"Toxic Potion"},{"floor":31,"key":"Weak Potion"},{"floor":33,"key":"SteroidPotion"},{"floor":35,"key":"Explosive Potion"},{"floor":37,"key":"SkillPotion"},{"floor":40,"key":"PotionOfCapacity"},{"floor":47,"key":"Block Potion"}],"is_trial":false,"path_per_floor":["M","?","M","M","M","E","?","M","T","M","M","E","M","E","R","B",null,"M","?","?","$","?","E","M","M","T","M","E","R","$","M","R_BF","B",null,"M","?","M","M","M","M","E","R","T","M","$","R","E","M","R","B"],"character_chosen":"DEFECT","items_purchased":["hubris:SoftwareUpdate","DoctorsRemote","TuHaoJin","AT_MibuBalloonWealth","AT_ChloranthyRing"],"campfire_rested":4,"item_purchase_floors":[21,30,45,45,45],"current_hp_per_floor":[81,81,77,67,62,65,65,51,51,42,52,66,57,64,82,48,82,79,79,79,79,79,20,15,15,15,21,48,82,82,80,80,74,82,73,73,62,55,50,27,38,80,80,80,80,80,19,18,60,0,0],"gold":277,"neow_bonus":"TEN_PERCENT_HP_BONUS","is_daily":false,"chose_seed":false,"campfire_upgraded":2,"win_rate":0.0,"timestamp":1612609679,"path_taken":["M","?","?","M","M","E","?","M","T","M","M","E","M","E","R","BOSS","M","?","?","$","?","E","M","M","T","M","E","R","$","M","R_BF","BOSS","M","?","M","M","M","M","E","R","T","M","$","R","E","M","R","BOSS"],"items_purchased_type":["Relic","Relic","Relic","Relic","Relic"],"build_version":"2020-12-22","purchased_purges":1,"victory":false,"max_hp_per_floor":[82,82,82,82,82,82,82,82,82,82,82,82,82,82,82,82,82,82,82,82,82,82,82,82,82,82,82,82,82,82,82,82,82,82,82,82,82,82,82,82,92,92,92,92,92,92,92,92,92,92,92],"relic_stats":{"Regal Pillow":40,"Torii":58,"Happy Flower":[25],"counters":[30,144],"Black Star":2,"War Paint":["Defend_B","Defend_B"],"obtain_stats":[{"Regal Pillow":14,"AT_ATBox":0,"Torii":12,"AT_MibuBalloonWealth":45,"Pet Ghost":28,"HornCleat":20,"TheBean":41,"hubris:ScarierMask":17,"TuHaoJin":45,"hubris:CuriousFeather":47,"Cracked Core":0,"hubris:RGBLights":6,"KeepersGift":0,"AT_ChloranthyRing":45,"DoctorsRemote":30,"Pear":41,"Happy Flower":23,"hubris:SoftwareUpdate":21,"War Paint":2,"YumHeart":0,"Onion Ring":47,"Black Star":34,"AT_SunfireAegis":26,"HushsDoor":0,"ReplayTheSpireMod:Lightbulb":9},{"Regal Pillow":11,"AT_ATBox":0,"Torii":9,"AT_MibuBalloonWealth":27,"Pet Ghost":18,"HornCleat":13,"TheBean":26,"hubris:ScarierMask":12,"TuHaoJin":27,"hubris:CuriousFeather":28,"Cracked Core":0,"hubris:RGBLights":5,"KeepersGift":0,"AT_ChloranthyRing":27,"DoctorsRemote":18,"Pear":26,"Happy Flower":14,"hubris:SoftwareUpdate":13,"War Paint":1,"YumHeart":0,"Onion Ring":28,"Black Star":20,"AT_SunfireAegis":16,"HushsDoor":0,"ReplayTheSpireMod:Lightbulb":6},{"Regal Pillow":41,"AT_ATBox":0,"Torii":34,"AT_MibuBalloonWealth":128,"Pet Ghost":80,"HornCleat":60,"TheBean":127,"hubris:ScarierMask":52,"TuHaoJin":128,"hubris:CuriousFeather":136,"Cracked Core":0,"hubris:RGBLights":20,"KeepersGift":0,"AT_ChloranthyRing":128,"DoctorsRemote":80,"Pear":127,"Happy Flower":68,"hubris:SoftwareUpdate":60,"War Paint":4,"YumHeart":0,"Onion Ring":136,"Black Star":92,"AT_SunfireAegis":72,"HushsDoor":0,"ReplayTheSpireMod:Lightbulb":23}]},"card_choices":[{"not_picked":[],"picked":"Bomb","floor":0},{"not_picked":["ReplayTheSpireMod:Reroute Power","Steam"],"picked":"Recycle","floor":1},{"not_picked":["Conserve Battery","White Noise"],"picked":"Time Bomb","floor":2},{"not_picked":["Gash","Steam"],"picked":"Self Repair","floor":2},{"not_picked":["Steam Power","Recycle"],"picked":"Compile Driver","floor":3},{"not_picked":["Redo","Panic Button"],"picked":"Chaos","floor":4},{"not_picked":["Pulse","Rebound"],"picked":"Chaos","floor":5},{"not_picked":["Steam Power","Gash"],"picked":"hubris:Ukulele","floor":6},{"not_picked":["Fusion","Fission"],"picked":"Skim","floor":8},{"not_picked":["Auto Shields","Bomb"],"picked":"Double Energy","floor":10},{"not_picked":["Redo","Rebound"],"picked":"Skim","floor":11},{"not_picked":["Beam Cell","Coolheaded"],"picked":"AT_HeatAcrobatics","floor":12},{"not_picked":["Ball Lightning","Scrape"],"picked":"Hello World","floor":13},{"not_picked":["hubris:Prefetch","Turbo"],"picked":"AT_WaterDrop","floor":14},{"not_picked":["Echo Form","Core Surge"],"picked":"Multi-Cast","floor":16},{"not_picked":["Turbo","Undo"],"picked":"Ball Lightning","floor":18},{"not_picked":["Double Energy","Skim"],"picked":"Sunder","floor":23},{"not_picked":["ReplayGash+1","Redo"],"picked":"FIFO Queue","floor":24},{"not_picked":["Tempest+1","Conserve Battery"],"picked":"Lockon","floor":25},{"not_picked":["hubris:Ukulele","Barrage"],"picked":"Cold Snap","floor":27},{"not_picked":["Steam","Steam Power+1"],"picked":"Fusion","floor":28},{"not_picked":["Hologram","hubris:Ukulele"],"picked":"AT_RightCognition","floor":31},{"not_picked":["Thunder Strike","Machine Learning"],"picked":"ElectricPowerLearning","floor":33},{"not_picked":["Barrage+1","Coolheaded"],"picked":"Stack+1","floor":35},{"not_picked":["Reinforced Body","Cancel+1"],"picked":"BasicCrystalCard","floor":37},{"not_picked":["Panic Button+1","Coolheaded"],"picked":"Doom and Gloom+1","floor":38},{"not_picked":["Fan+1","Defragment"],"picked":"BasicCrystalCard+1","floor":39},{"not_picked":["ReplayTheSpireMod:Calculation Training","Beam Cell+1"],"picked":"ReplaySolidLightProjector","floor":40},{"not_picked":["Turbo","Reinforced Body"],"picked":"Machine Learning","floor":41},{"not_picked":["Hologram+1","Coolheaded+1"],"picked":"Double Energy","floor":44},{"not_picked":["ReplayTheSpireMod:Calculation Training","Force Field"],"picked":"Melter+1","floor":47},{"not_picked":["Hologram","Scrape+1"],"picked":"Leap+1","floor":48}],"player_experience":67057,"relics_obtained":[{"floor":2,"key":"War Paint"},{"floor":6,"key":"hubris:RGBLights"},{"floor":9,"key":"ReplayTheSpireMod:Lightbulb"},{"floor":12,"key":"Torii"},{"floor":14,"key":"Regal Pillow"},{"floor":23,"key":"Happy Flower"},{"floor":26,"key":"AT_SunfireAegis"},{"floor":28,"key":"Pet Ghost"},{"floor":41,"key":"Pear"},{"floor":41,"key":"TheBean"},{"floor":47,"key":"Onion Ring"},{"floor":47,"key":"hubris:CuriousFeather"}],"event_choices":[{"damage_healed":0,"gold_gain":0,"player_choice":"Grow","damage_taken":0,"max_hp_gain":0,"max_hp_loss":0,"event_name":"Living Wall","floor":7,"gold_loss":0,"cards_upgraded":["Chaos"]},{"damage_healed":0,"gold_gain":0,"player_choice":"Simplicity","damage_taken":0,"max_hp_gain":0,"max_hp_loss":0,"event_name":"Back to Basics","floor":19,"gold_loss":0,"cards_upgraded":["Strike_B","Strike_B","Strike_B","Strike_B","Defend_B","Defend_B"]},{"damage_healed":0,"gold_gain":0,"player_choice":"Obtained Relic","damage_taken":0,"relics_obtained":["HornCleat"],"max_hp_gain":0,"max_hp_loss":0,"event_name":"Addict","floor":20,"gold_loss":85},{"damage_healed":0,"gold_gain":0,"player_choice":"Ignored","damage_taken":0,"max_hp_gain":0,"max_hp_loss":0,"event_name":"Vampires","floor":22,"gold_loss":0}],"is_beta":false,"boss_relics":[{"not_picked":["Honey Jar","hubris:Stopwatch"],"picked":"hubris:ScarierMask"},{"not_picked":[]},{"not_picked":["Pandora\u0027s Box","FrozenCore"],"picked":"Black Star"},{"not_picked":[]}],"items_purged_floors":[21],"is_endless":false,"potions_floor_spawned":[1,8,10,11,13,14,18,24,25,31,33,35,37,40,47],"killed_by":"hubris:GrandSnecko","ascension_level":0}}