{"host":"lsq35p0sdkx2xifo","time":1612615357,"event":{"mods":["AchievementEnabler","BaseMod","Highlight Path","Minty Spire (QoL Compilation)","StSLib"],"gold_per_floor":[112,112,129,129,139,139,172,172,172,17,29,62,62,74,74,146,146,163,195,195,215,215,215,215],"floor_reached":23,"language":"ENG","playtime":904,"items_purged":["Normality"],"score":398,"play_id":"6ac848d3-01b1-4849-8e30-406f520ea7eb","local_time":"20210206044237","is_ascension_mode":true,"campfire_choices":[{"floor":6,"key":"REST"},{"data":"Armaments","floor":8,"key":"SMITH"},{"floor":13,"key":"REST"},{"floor":15,"key":"REST"}],"circlet_count":0,"master_deck":["AscendersBane","Strike_R","Strike_R","Strike_R","Strike_R","Strike_R","Defend_R","Defend_R","Defend_R","Defend_R","Bash","Seeing Red","Blood for Blood","Armaments+1","Perfected Strike","Spot Weakness","Heavy Blade","Bloodletting+1","Dropkick","Fiend Fire","True Grit+1","Whirlwind"],"relics":["Burning Blood","Pocketwatch","Boot","StoneCalendar","Paper Frog","Toxic Egg 2","Busted Crown","Red Mask","MutagenicStrength"],"acts_visited":["Exordium","TheCity"],"potions_floor_usage":[7,7,19,21],"damage_taken":[{"damage":8,"enemies":"Small Slimes","floor":1,"turns":3},{"damage":6,"enemies":"Jaw Worm","floor":3,"turns":6},{"damage":0,"enemies":"2 Louse","floor":5,"turns":4},{"damage":27,"enemies":"Lagavulin","floor":7,"turns":5},{"damage":14,"enemies":"Exordium Wildlife","floor":11,"turns":5},{"damage":12,"enemies":"Gremlin Nob","floor":12,"turns":3},{"damage":11,"enemies":"Blue Slaver","floor":14,"turns":2},{"damage":27,"enemies":"Hexaghost","floor":16,"turns":8},{"damage":28,"enemies":"Chosen","floor":18,"turns":4},{"damage":43,"enemies":"Masked Bandits","floor":19,"turns":3},{"damage":13,"enemies":"Shell Parasite","floor":21,"turns":2},{"damage":37,"enemies":"Book of Stabbing","floor":23,"turns":3}],"seed_played":"-4308304325448035417","potions_obtained":[{"floor":1,"key":"FearPotion"},{"floor":3,"key":"BlessingOfTheForge"},{"floor":16,"key":"LiquidBronze"},{"floor":19,"key":"DistilledChaos"},{"floor":21,"key":"SmokeBomb"}],"is_trial":false,"path_per_floor":["M","?","M","?","M","R","E","R","T","$","M","E","R","M","R","B",null,"M","?","?","M","?","E"],"character_chosen":"IRONCLAD","items_purchased":["Spot Weakness"],"campfire_rested":3,"item_purchase_floors":[10],"current_hp_per_floor":[66,66,66,31,37,59,38,38,38,38,30,24,46,41,63,42,67,45,8,23,16,16,0,0],"gold":215,"neow_bonus":"ONE_RARE_RELIC","is_daily":false,"chose_seed":false,"campfire_upgraded":1,"win_rate":0.0,"timestamp":1612615357,"path_taken":["M","?","M","?","M","R","E","R","T","$","M","E","R","M","R","BOSS","M","?","?","M","?","E"],"items_purchased_type":["Card"],"build_version":"2020-12-22","purchased_purges":1,"victory":false,"max_hp_per_floor":[75,75,75,75,75,75,75,75,75,75,75,75,75,75,75,75,75,75,75,75,75,75,75,75],"card_choices":[{"not_picked":["Havoc","Sentinel"],"picked":"Seeing Red","floor":1},{"not_picked":["Flex","Ghostly Armor"],"picked":"Blood for Blood","floor":3},{"not_picked":["Dark Embrace","Warcry"],"picked":"Armaments","floor":5},{"not_picked":["Shrug It Off","Dual Wield"],"picked":"Perfected Strike","floor":7},{"not_picked":["Second Wind","Metallicize"],"picked":"Heavy Blade","floor":11},{"not_picked":["Perfected Strike","Warcry+1"],"picked":"Bloodletting+1","floor":12},{"not_picked":["Blood for Blood","Hemokinesis"],"picked":"Dropkick","floor":14},{"not_picked":["Reaper","Immolate"],"picked":"Fiend Fire","floor":16},{"not_picked":[],"picked":"True Grit+1","floor":18},{"not_picked":[],"picked":"Whirlwind","floor":21}],"player_experience":1278845,"relics_obtained":[{"floor":7,"key":"StoneCalendar"},{"floor":9,"key":"Paper Frog"},{"floor":12,"key":"Toxic Egg 2"},{"floor":19,"key":"Red Mask"}],"event_choices":[{"damage_healed":0,"gold_gain":0,"player_choice":"Ignored","damage_taken":0,"max_hp_gain":0,"max_hp_loss":0,"event_name":"Shining Light","floor":2,"gold_loss":0},{"damage_healed":0,"gold_gain":0,"player_choice":"Success","damage_taken":35,"relics_obtained":["Boot"],"max_hp_gain":0,"max_hp_loss":0,"event_name":"Scrap Ooze","floor":4,"gold_loss":0},{"damage_healed":0,"gold_gain":0,"player_choice":"Fought Bandits","damage_taken":0,"max_hp_gain":0,"max_hp_loss":0,"event_name":"Masked Bandits","floor":19,"gold_loss":0},{"damage_healed":15,"gold_gain":0,"player_choice":"Heal","damage_taken":0,"max_hp_gain":0,"max_hp_loss":0,"event_name":"The Library","floor":20,"gold_loss":0},{"damage_healed":0,"gold_gain":0,"player_choice":"Inject Mutagens","damage_taken":0,"relics_obtained":["MutagenicStrength"],"max_hp_gain":0,"max_hp_loss":0,"event_name":"Drug Dealer","floor":22,"gold_loss":0}],"is_beta":false,"boss_relics":[{"not_picked":["Tiny House","Sozu"],"picked":"Busted Crown"}],"items_purged_floors":[10],"is_endless":false,"potions_floor_spawned":[1,3,16,19,21],"killed_by":"Book of Stabbing","ascension_level":20}}