{"host":"takgv9cv6xf64vhq","time":1612604607,"event":{"mods":["BaseMod","Colored Powertips","Conspire","Decade(王小明)","Downfall","Energized Spire","Hermit","Hubris","LagranYue(拉格朗・月)","Marisa（F雨　魔理沙）","Minty Spire (QoL Compilation)","Replay The Spire","StSLib","The Cursed","The Hierophant","The Jungle","The Servant 0.9.4","TheHeartMod"],"gold_per_floor":[115,308,408,103,123,123,123,146,146,161,211,211,246,262,262,385,385,410,188,201,214,228,228,228,93,93,93,93,129,129,143,143,262,262,285,285,129,147,170,210,210,246,246,308,348,383,417,543,543,561,561,561,24,93,109],"floor_reached":56,"language":"ZHS","playtime":3864,"items_purged":["Regret","downfall:Malfunctioning","conspire:NecroticWound","Rip and Tear","Parasite"],"score":1791,"play_id":"0e5a12cd-4126-4ae9-acea-8f1688b001a6","local_time":"20210206174327","is_ascension_mode":true,"campfire_choices":[{"data":"Hologram","floor":6.0,"key":"SMITH"},{"data":"BasicCrystalCard","floor":15.0,"key":"SMITH"},{"data":"Machine Learning","floor":24.0,"key":"SMITH"},{"data":"Mirror Shield","floor":30.0,"key":"SMITH"},{"data":"Zap","floor":32.0,"key":"PURGE"},{"floor":41.0,"key":"RECALL"},{"floor":49.0,"key":"REST"},{"floor":52.0,"key":"REST"}],"circlet_count":0,"master_deck":["Defend_B","Defend_B","Defend_B","Defend_B","Dualcast+1","Hologram+1","Auto Shields","CurseOfTheBell","CurseOfTheBell","Machine Learning+1","hubris:PowerSurge","Beam Cell+1","Gash","Gash","Cold Snap","BasicCrystalCard+1","Double Energy+1","Biased Cognition","Turbo","Steam Power","Multi-Cast","Cold Snap","Gash+1","Go for the Eyes","Conserve Battery+1","Mirror Shield+1","Turbo+1","Ball Lightning","Hologram+1","Slimebound:Tackle+1","Slimebound:Tackle+1","Slimebound:Tackle+1","Electrodynamics","All For One","Defragment+1","ReplayTheSpireMod:System Scan+1","FIFO Queue","Secret Technique","Jack Of All Trades","hubris:Ssssneak","Stack+1","Gash+1","Steam Power+1","ReplayTheSpireMod:Repulse+1","Beam Cell+1","Heatsinks","Buffer","Reboot","Skim+1","Panic Button+1","Cold Snap","Storm+1","Leap+1","Turbo+1","Blizzard","Rainbow","Lockon+1"],"relics":["Cracked Core","Prayer Wheel","downfall:ExtraCursedBell","Guardian:PocketSentry","Meat on the Bone","FossilizedHelix","Membership Card","hexamod:BolsterEngine","Golden Idol","StoneCalendar","Replay:Baseball","Matryoshka","sneckomod:SneckoTalon","ReplayTheSpireMod:Lightbulb","Akabeko","War Paint","Centennial Puzzle","hubris:Icosahedron","Cables","Fusion Hammer","ReplayTheSpireMod:ShopPack","hubris:TenFootPole","hubris:PeanutButter","Replay:Bandana","Letter Opener","conspire:GiftBox","Shuriken","hubris:EmptyBottle","hubris:CrystalStatue","Replay:Wax Seal"],"acts_visited":["Exordium","TheCity","TheBeyond","TheEnding"],"potions_floor_usage":[55,55,55,55,55,55,55,55,55,55,55,55,55,55,55,55,55,55,55,55,55],"damage_taken":[{"damage":9.0,"enemies":"Jaw Worm","floor":1.0,"turns":3.0},{"damage":0.0,"enemies":"Cultist","floor":5.0,"turns":3.0},{"damage":0.0,"enemies":"Small Slimes","floor":8.0,"turns":3.0},{"damage":0.0,"enemies":"Looter","floor":10.0,"turns":2.0},{"damage":2.0,"enemies":"3 Sentries","floor":13.0,"turns":5.0},{"damage":0.0,"enemies":"3 Louse","floor":14.0,"turns":3.0},{"damage":4.0,"enemies":"Fading Forest","floor":16.0,"turns":11.0},{"damage":0.0,"enemies":"Spheric Guardian","floor":18.0,"turns":3.0},{"damage":0.0,"enemies":"2 Thieves","floor":20.0,"turns":3.0},{"damage":8.0,"enemies":"Snake Plant","floor":21.0,"turns":3.0},{"damage":0.0,"enemies":"Centurion and Healer","floor":22.0,"turns":7.0},{"damage":0.0,"enemies":"Slavers","floor":29.0,"turns":4.0},{"damage":0.0,"enemies":"Shelled Parasite and Fungi","floor":31.0,"turns":2.0},{"damage":4.0,"enemies":"conspire:MysteriousRune","floor":33.0,"turns":7.0},{"damage":0.0,"enemies":"Orb Walker","floor":35.0,"turns":2.0},{"damage":6.0,"enemies":"3 Shapes","floor":38.0,"turns":3.0},{"damage":0.0,"enemies":"Writhing Mass","floor":39.0,"turns":2.0},{"damage":1.0,"enemies":"R_Hoarder","floor":40.0,"turns":4.0},{"damage":0.0,"enemies":"Nemesis","floor":42.0,"turns":5.0},{"damage":0.0,"enemies":"R_Hoarder","floor":44.0,"turns":4.0},{"damage":0.0,"enemies":"Jaw Worm Horde","floor":45.0,"turns":3.0},{"damage":0.0,"enemies":"Transient","floor":46.0,"turns":5.0},{"damage":0.0,"enemies":"Spire Growth","floor":47.0,"turns":2.0},{"damage":0.0,"enemies":"3 Darklings","floor":48.0,"turns":2.0},{"damage":0.0,"enemies":"Time Eater","floor":50.0,"turns":8.0},{"damage":0,"enemies":"Shield and Spear","floor":54,"turns":3},{"damage":0,"enemies":"The Heart","floor":55,"turns":5}],"seed_played":"3891147999948170695","potions_obtained":[{"floor":1.0,"key":"Languid Potion"},{"floor":5.0,"key":"Dexterity Potion"},{"floor":10.0,"key":"FocusPotion"},{"floor":18.0,"key":"Weak Potion"},{"floor":29.0,"key":"FocusPotion"},{"floor":33.0,"key":"Venom Potion"},{"floor":39.0,"key":"AttackPotion"},{"floor":40.0,"key":"FairyPotion"},{"floor":42.0,"key":"champ:CounterPotion"},{"floor":45.0,"key":"FairyPotion"},{"floor":48.0,"key":"LiquidBronze"}],"is_trial":false,"path_per_floor":["M","?","?","$","M","R","?","M","T","M","T","?","E","M","R","B",null,"M","$","M","M","M","?","R","$","T","?","?","E","R","M","R","B",null,"M","?","$","M","M","E","R","E","T","E","M","M","M","M","R","B",null,"R","$","E","B",null],"character_chosen":"DEFECT","items_purchased":["Membership Card","hubris:PowerSurge","hexamod:BolsterEngine","Beam Cell","ReplayTheSpireMod:Lightbulb","Akabeko","War Paint","ReplayTheSpireMod:ShopPack","FIFO Queue","Shuriken","Blizzard","Rainbow","hubris:EmptyBottle","EntropicBrew","hubris:CrystalStatue"],"campfire_rested":2,"item_purchase_floors":[4,4,4,4,19,19,25,37,37,53,53,53,53,53,53],"current_hp_per_floor":[66,66,66,66,66,66,48,48,48,48,48,48,46,46,46,42,75,75,75,75,67,67,67,67,67,67,67,67,67,67,67,67,63,75,75,75,75,69,69,68,68,68,68,68,68,75,75,75,75,75,75,75,72,72,72],"gold":109,"neow_bonus":"RANDOM_EVENT","is_daily":false,"chose_seed":true,"campfire_upgraded":4,"win_rate":0.0,"timestamp":1612604607,"path_taken":["M","?","?","$","M","R","?","M","T","M","?","?","E","M","R","BOSS","M","$","M","M","M","?","R","$","T","?","?","E","R","M","R","BOSS","M","?","$","?","M","E","R","E","T","E","M","M","?","?","R","BOSS","R","$","E","BOSS"],"items_purchased_type":["Relic","Card","Relic","Card","Relic","Relic","Relic","Relic","Card","Relic","Card","Card","Relic","Potion","Relic"],"build_version":"2020-12-22","purchased_purges":5,"victory":true,"max_hp_per_floor":[75,75,75,75,75,75,75,75,75,75,75,75,75,75,75,75,75,75,75,75,75,75,75,75,75,75,75,75,75,75,75,75,75,75,75,75,75,75,75,75,75,75,75,75,75,75,75,75,75,75,75,75,72,72,72],"card_choices":[{"not_picked":["Redo","Reinforced Body"],"picked":"Hologram","floor":1.0},{"not_picked":["Reinforced Body","ReplayTheSpireMod:Repulse"],"picked":"Rip and Tear","floor":1.0},{"not_picked":["Melter","Redo"],"picked":"Auto Shields","floor":2.0},{"not_picked":["Hologram","Beam Cell"],"picked":"Gash","floor":5.0},{"not_picked":["FIFO Queue","Sweeping Beam"],"picked":"Gash","floor":5.0},{"not_picked":["ReplaySort","Hologram"],"picked":"Cold Snap","floor":8.0},{"not_picked":["Hologram","Leap","hubris:Ukulele"],"picked":"SKIP","floor":8.0},{"not_picked":["Rip and Tear","Stack"],"picked":"BasicCrystalCard","floor":10.0},{"not_picked":["Conserve Battery","Genetic Algorithm"],"picked":"Cold Snap","floor":10.0},{"not_picked":["Defragment","Streamline"],"picked":"Biased Cognition","floor":13.0},{"not_picked":["Darkness","Leap"],"picked":"Turbo","floor":14.0},{"not_picked":["Leap","Cold Snap"],"picked":"Steam Power","floor":14.0},{"not_picked":["hubris:SpecializedCircuitry","Thunder Strike"],"picked":"Multi-Cast","floor":16.0},{"not_picked":["Chaos","Beam Cell"],"picked":"Cold Snap","floor":18.0},{"not_picked":["Hologram","Streamline+1"],"picked":"Gash+1","floor":18.0},{"not_picked":["BasicCrystalCard","Rebound"],"picked":"Go for the Eyes","floor":20.0},{"not_picked":["Beam Cell","Rebound"],"picked":"Conserve Battery+1","floor":20.0},{"not_picked":["Streamline","Stack"],"picked":"Mirror Shield","floor":21.0},{"not_picked":["Reprogram","Streamline"],"picked":"Turbo","floor":21.0},{"not_picked":["ReplayTheSpireMod:Repulse","Defragment"],"picked":"Ball Lightning","floor":22.0},{"not_picked":["Streamline","Stack"],"picked":"Hologram+1","floor":22.0},{"not_picked":["Steam","Panic Button"],"picked":"Electrodynamics","floor":29.0},{"not_picked":["Barrage+1","ReplayTheSpireMod:Reroute Power","ReplayGash+1"],"picked":"SKIP","floor":31.0},{"not_picked":["Go for the Eyes","Leap","hubris:Ukulele+1"],"picked":"SKIP","floor":31.0},{"not_picked":["Amplify","hubris:DoWhile"],"picked":"All For One","floor":33.0},{"not_picked":["Turbo+1","Barrage+1"],"picked":"Defragment+1","floor":35.0},{"not_picked":["Beam Cell+1","ReplaySort"],"picked":"ReplayTheSpireMod:System Scan+1","floor":35.0},{"not_picked":["Metamorphosis","HandOfGreed"],"picked":"Secret Technique","floor":37.0},{"not_picked":["Impatience","Swift Strike"],"picked":"Jack Of All Trades","floor":37.0},{"not_picked":["Blind","ReplayTheSpireMod:Private Reserves"],"picked":"hubris:Ssssneak","floor":37.0},{"not_picked":["Steam","Conserve Battery"],"picked":"Stack+1","floor":38.0},{"not_picked":["Go for the Eyes+1","BasicCrystalCard+1"],"picked":"Gash+1","floor":38.0},{"not_picked":["Turbo+1","Beam Cell+1"],"picked":"Steam Power+1","floor":39.0},{"not_picked":["Sweeping Beam","Redo+1"],"picked":"ReplayTheSpireMod:Repulse+1","floor":39.0},{"not_picked":["Hello World+1","Storm"],"picked":"Beam Cell+1","floor":40.0},{"not_picked":["Steam Power","Conserve Battery"],"picked":"Heatsinks","floor":42.0},{"not_picked":["Sunder","ReplayTheSpireMod:Repulse+1"],"picked":"Buffer","floor":44.0},{"not_picked":["Multi-Cast","hubris:SpecializedCircuitry"],"picked":"Reboot","floor":44.0},{"not_picked":["ReplayTheSpireMod:System Scan+1","BasicCrystalCard"],"picked":"Skim+1","floor":45.0},{"not_picked":["Turbo","Steam+1"],"picked":"Panic Button+1","floor":45.0},{"not_picked":["FIFO Queue","Ball Lightning+1"],"picked":"Cold Snap","floor":46.0},{"not_picked":["conspire:Rain","Barrage+1"],"picked":"Storm+1","floor":46.0},{"not_picked":["Multi-Cast","Sunder"],"picked":"Leap+1","floor":47.0},{"not_picked":["conspire:Rain","Beam Cell","Force Field+1"],"picked":"SKIP","floor":47.0},{"not_picked":["Storm+1","Ball Lightning"],"picked":"Turbo+1","floor":48.0},{"not_picked":["Ball Lightning","Rebound+1","conspire:Rain"],"picked":"SKIP","floor":48.0},{"not_picked":["Conserve Battery","FIFO Queue"],"picked":"Lockon+1","floor":54}],"player_experience":444902,"relics_obtained":[{"floor":3.0,"key":"Guardian:PocketSentry"},{"floor":3.0,"key":"Meat on the Bone"},{"floor":3.0,"key":"FossilizedHelix"},{"floor":9.0,"key":"StoneCalendar"},{"floor":11.0,"key":"Replay:Baseball"},{"floor":13.0,"key":"Matryoshka"},{"floor":26.0,"key":"Centennial Puzzle"},{"floor":29.0,"key":"Cables"},{"floor":40.0,"key":"hubris:TenFootPole"},{"floor":42.0,"key":"hubris:PeanutButter"},{"floor":43.0,"key":"Replay:Bandana"},{"floor":43.0,"key":"Letter Opener"},{"floor":44.0,"key":"conspire:GiftBox"},{"floor":54,"key":"Replay:Wax Seal"}],"event_choices":[{"damage_healed":0.0,"max_hp_gain":0.0,"max_hp_loss":0.0,"gold_gain":0.0,"event_name":"Big Fish","player_choice":"Box","floor":0.0,"gold_loss":0.0,"damage_taken":0.0,"relics_obtained":["Prayer Wheel"],"cards_obtained":["Regret"]},{"damage_healed":0.0,"max_hp_gain":0.0,"max_hp_loss":0.0,"gold_gain":0.0,"event_name":"Golden Idol","player_choice":"Take Damage","floor":7.0,"gold_loss":0.0,"damage_taken":18.0,"relics_obtained":["Golden Idol"]},{"damage_healed":0.0,"max_hp_gain":0.0,"max_hp_loss":0.0,"gold_gain":0.0,"event_name":"Beggar","player_choice":"Ignored","floor":27.0,"gold_loss":0.0,"damage_taken":0.0},{"damage_healed":0.0,"max_hp_gain":0.0,"max_hp_loss":0.0,"gold_gain":0.0,"event_name":"Upgrade Shrine","player_choice":"Upgraded","floor":36.0,"gold_loss":0.0,"damage_taken":0.0,"cards_upgraded":["Beam Cell"]}],"is_beta":false,"boss_relics":[{"not_picked":["energizedSpire:SpiderWeb","energizedSpire:OgreHead"],"picked":"sneckomod:SneckoTalon"},{"not_picked":["Replay:Ancient Bell","Honey Jar"],"picked":"Fusion Hammer"}],"items_purged_floors":[4,19,25,37,53],"is_endless":false,"potions_floor_spawned":[1,5,10,14,18,29,33,39,40,42,45,48],"ascension_level":4}}