{"host":"8d3fefv2347kqkpz","time":1612578159,"event":{"mods":["AchievementEnabler","Act Like it!","Aspiration","BaseMod","Better Vampires","Colored Map","Colored Powertips","Conspire","GifTheSpireLib","Highlight Path","Hubris","Mimic Mod","Minty Spire (QoL Compilation)","Quick Restart","Rare Cards Sparkle","Relic Stats","Replay The Spire","Spicy Shops","StSLib","The Jungle","Waifu the Spire"],"gold_per_floor":[119,119,129,129,146,164,164,164,164,15,28,28,28,48,48,48,48],"floor_reached":16,"language":"ZHS","playtime":277,"items_purged":[],"score":97,"play_id":"4115d53b-d331-4046-a6c8-bae7d0061efb","local_time":"20210206102239","is_ascension_mode":true,"campfire_choices":[{"data":"Conserve Battery","floor":7,"key":"SMITH"},{"data":"Zap","floor":12,"key":"SMITH"},{"data":"Dualcast","floor":15,"key":"SMITH"}],"circlet_count":0,"master_deck":["Strike_B","Strike_B","Strike_B","Defend_B","Defend_B","Defend_B","Defend_B","Zap+1","Dualcast+1","Conserve Battery+1","Injury","Defragment+1"],"relics":["Cracked Core","NeowsBlessing","Frozen Egg 2","Gremlin Horn","Orrery"],"acts_visited":["Exordium"],"potions_floor_usage":[],"damage_taken":[{"damage":0,"enemies":"Small Slimes","floor":1,"turns":1},{"damage":0,"enemies":"Cultist","floor":3,"turns":1},{"damage":0,"enemies":"2 Louse","floor":5,"turns":1},{"damage":0,"enemies":"Blue Slaver","floor":6,"turns":6},{"damage":0,"enemies":"Red Slaver","floor":11,"turns":4},{"damage":6,"enemies":"Large Slime","floor":14,"turns":7},{"damage":30,"enemies":"Slime Boss","floor":16,"turns":5}],"seed_played":"-8615782757609663706","potions_obtained":[{"floor":1,"key":"Block Potion"},{"floor":3,"key":"Toxic Potion"},{"floor":14,"key":"conspire:TimeTravelPotion"}],"is_trial":false,"path_per_floor":["M","?","M","?","M","M","R","?","T","$","M","R","$","M","R","B"],"character_chosen":"DEFECT","items_purchased":["Orrery"],"campfire_rested":0,"item_purchase_floors":[10],"current_hp_per_floor":[75,75,75,75,75,75,75,75,75,75,75,75,75,69,69,39,39],"gold":48,"neow_bonus":"THREE_ENEMY_KILL","is_daily":false,"chose_seed":false,"campfire_upgraded":3,"win_rate":0.0,"timestamp":1612578159,"path_taken":["M","?","?","?","M","M","R","?","T","$","M","R","?","M","R","BOSS"],"items_purchased_type":["Relic"],"build_version":"2020-12-22","purchased_purges":0,"victory":false,"max_hp_per_floor":[75,75,75,75,75,75,75,75,75,75,75,75,75,75,75,75,75],"relic_stats":{"Gremlin Horn":[1,1],"counters":[7,25],"obtain_stats":[{"NeowsBlessing":0,"Gremlin Horn":9,"Orrery":10,"Frozen Egg 2":8,"Cracked Core":0},{"NeowsBlessing":0,"Gremlin Horn":4,"Orrery":4,"Frozen Egg 2":4,"Cracked Core":0},{"NeowsBlessing":0,"Gremlin Horn":9,"Orrery":9,"Frozen Egg 2":9,"Cracked Core":0}]},"card_choices":[{"not_picked":["BootSequence","Panic Button"],"picked":"Conserve Battery","floor":1},{"not_picked":["Doom and Gloom","Darkness","Ball Lightning"],"picked":"SKIP","floor":3},{"not_picked":["Turbo","Compile Driver","Genetic Algorithm"],"picked":"SKIP","floor":5},{"not_picked":["Streamline","BasicCrystalCard","Coolheaded"],"picked":"SKIP","floor":6},{"not_picked":["Skim","Gash"],"picked":"Defragment+1","floor":10},{"not_picked":["ReplayGash","Streamline","Turbo"],"picked":"SKIP","floor":11},{"not_picked":["Tempest","Recycle","Hello World+1"],"picked":"SKIP","floor":14}],"player_experience":262085,"relics_obtained":[{"floor":9,"key":"Gremlin Horn"}],"event_choices":[{"cards_removed":["Strike_B"],"damage_healed":0,"gold_gain":0,"player_choice":"Purged","damage_taken":0,"max_hp_gain":0,"max_hp_loss":0,"event_name":"Purifier","floor":2,"gold_loss":0},{"damage_healed":0,"gold_gain":0,"player_choice":"Leave","damage_taken":0,"max_hp_gain":0,"max_hp_loss":0,"event_name":"conspire:Investor","floor":4,"gold_loss":0}],"is_beta":false,"boss_relics":[],"items_purged_floors":[],"is_endless":false,"potions_floor_spawned":[1,3,14],"killed_by":"Slime Boss","ascension_level":1}}