{"host":"yfkezq0m1a8tfmul","time":1612593448,"event":{"mods":["100% Spire Juice","2.2 Compatiblity","AchievementEnabler","Act Like it!","AlwaysNeverKeys","Arknights","Aspiration","Astrologer","BaseMod","Bestiary","Better Altar","Better Match","Better Note","Better Sensory Stone","Better Skull","Better Third Choice","BetterRewards","Block Reminder","Challenge The Spire","Colored Map","Colored Powertips","Conspire","Curses Come First","DeckTracker","Downfall","Duelist Mod","Elementarium","Energized Spire","Fox Events","Gensokyo","GifTheSpireLib","GungeonMod","Halation","Hallownest","Hermit","HololiveMod","Hubris","Infinite Spire","Jedi Mod","Menagerie","Minty Spire (QoL Compilation)","Pale of the Ancients","Permanent Neow","Random Character Button","Relic Stats","Reliquary","Replay The Spire","Robot Space Explorer","Shade Mod","Shop Mod","Spicy Shops","StSLib","Stuff the Spire","The Animator","The Blackbeard","The Blue Laboratory","The Bug Knight","The Construct","The Cursed","The Disciple","The Dragon Tamer","The Exalted","The Forsaken","The Gatherer","The Hierophant","The Marked","The Necromancer","The Poker Player","The Runesmith","The Servant 0.9.4","TheFirefly","Treasure Hunter","UnlockEverythingMod","Wandering Minibosses","Weighted Paths"],"gold_per_floor":[117,342,65,65,65,65,3,3,3,43,86,134,134,174,174,295,295,315,315,338,365,275,275,300,300,300,325,325,371,371,371,371,396,396,518,518,547,547,547,575,599,599,623,650,650,108,132,139,139],"floor_reached":48,"language":"ENG","playtime":4759,"items_purged":["Shame","theForsaken:PlagueCurse"],"score":477,"play_id":"a1b6d0d5-87f5-4413-bb67-5db90f891c2d","local_time":"20210206013728","is_ascension_mode":false,"campfire_choices":[{"data":"theForsaken:HymnOfPatience","floor":6,"key":"SMITH"},{"data":"StuffTheSpire:FreeRealEstate","floor":8,"key":"SMITH"},{"data":"theForsaken:DefensiveStance","floor":13,"key":"SMITH"},{"data":"theForsaken:CreepingInfection","floor":15,"key":"SMITH"},{"data":"theForsaken:NobleSacrifice","floor":23,"key":"SMITH"},{"data":"theForsaken:HymnOfRest","floor":25,"key":"SMITH"},{"data":"TH:BikiniMail","floor":32,"key":"SMITH"},{"data":"theForsaken:TheForsaken_Strike","floor":34,"key":"PURGE"},{"data":"theForsaken:SpreadingPlague","floor":42,"key":"SMITH"}],"circlet_count":0,"master_deck":["theForsaken:TheForsaken_Strike","theForsaken:TheForsaken_Strike","theForsaken:TheForsaken_Strike","theForsaken:TheForsaken_Defend","theForsaken:TheForsaken_Defend","theForsaken:TheForsaken_Defend","theForsaken:TheForsaken_Defend","theForsaken:Smite","theForsaken:Penitence","theForsaken:HymnOfPatience+1","theForsaken:TearsOfSunlight+1","theForsaken:WrathOfGod","theForsaken:FuryStrikes","theForsaken:HealingLight","StuffTheSpire:FreeRealEstate+1","theForsaken:DefensiveStance+1","theForsaken:BountifulSunlight","theForsaken:FatRoll","theForsaken:Eulogy","theForsaken:CreepingInfection+1","theForsaken:SpreadingPlague+1","theForsaken:ShieldCharge+1","theForsaken:NobleSacrifice+1","theForsaken:HymnOfRest+1","TH:BikiniMail+1","TH:BikiniMail","theForsaken:HymnOfPatience+1","theForsaken:WardingHymn","TH:BikiniMail","theForsaken:DarkRift"],"relics":["theForsaken:JudgementScales","reliquary:Stiletto","BargainBundle","StuffTheSpire:Wildfire","Bromod:ArcanePulse","hubris:ScarierMask","Hallownest:StagBellRelic1","bronze:DecasWashers","reliquary:PorcupineQuills","Busted Crown","theForsaken:PlagueMask","aspiration:TomeofQuesting","hubris:TenFootPole","DemoMod:WeirdEgg","champ:Barbells"],"acts_visited":["Menagerie:Menagerie","Hallownest:CityofTears","Gensokyo:Gensokyoest"],"potions_floor_usage":[43,44,44],"damage_taken":[{"damage":0,"enemies":"Menagerie:2_RABBITS","floor":1,"turns":7},{"damage":0,"enemies":"Menagerie:WhisperingWraith","floor":10,"turns":9},{"damage":23,"enemies":"Menagerie:MonstrousExperiment","floor":11,"turns":20},{"damage":49,"enemies":"Menagerie:VoidReaper","floor":12,"turns":8},{"damage":8,"enemies":"Menagerie:RedMage","floor":14,"turns":11},{"damage":65,"enemies":"Menagerie:Chimera","floor":16,"turns":11},{"damage":50,"enemies":"Hallownest:3_Youths","floor":18,"turns":7},{"damage":18,"enemies":"Hallownest:Flukemon_and_Top","floor":20,"turns":7},{"damage":23,"enemies":"Hallownest:Glutton_and_Coward","floor":21,"turns":3},{"damage":27,"enemies":"Hallownest:monsterShrumalOgre","floor":24,"turns":5},{"damage":27,"enemies":"Hallownest:Master_and_Novice","floor":27,"turns":7},{"damage":84,"enemies":"Hallownest:eliteSoulWarrior","floor":29,"turns":12},{"damage":22,"enemies":"Hallownest:2_Husk_Sentries","floor":33,"turns":6},{"damage":54,"enemies":"Hallownest:BossGrimm","floor":35,"turns":11},{"damage":46,"enemies":"Gensokyo:3_Bats","floor":37,"turns":5},{"damage":60,"enemies":"Gensokyo:AncientGuardian","floor":40,"turns":8},{"damage":58,"enemies":"Gensokyo:AtlasGolem","floor":41,"turns":6},{"damage":44,"enemies":"Gensokyo:4_Bats","floor":43,"turns":9},{"damage":86,"enemies":"Gensokyo:Rafflesia","floor":44,"turns":9},{"damage":29,"enemies":"Gensokyo:3_Boulders","floor":47,"turns":6},{"damage":100,"enemies":"Nightmare","floor":48,"turns":5}],"seed_played":"5090341054628608791","potions_obtained":[{"floor":10,"key":"DemoMod:LeadSkinPotion"},{"floor":16,"key":"blueLaboratory:HorrorPotion"},{"floor":18,"key":"EntropicBrew"},{"floor":21,"key":"champ:CounterPotion"},{"floor":37,"key":"blueLaboratory:FrostheartPotion"}],"is_trial":false,"path_per_floor":["M","?","$","?","?","R","$","R","T","M","M","E","R","M","R","B",null,"M","AVR","M","M","?","R","M","R","T","M","$","E","PTL","PTL","R","M","R_BF","B",null,"M","?","AVR","M","M","R","M","M","T","$","M","NM"],"character_chosen":"THE_FORSAKEN","items_purchased":["theForsaken:TearsOfSunlight","BargainBundle","theForsaken:WrathOfGod","theForsaken:FuryStrikes","theForsaken:HealingLight","theForsaken:DefensiveStance","hubris:TenFootPole","DemoMod:WeirdEgg","champ:Barbells"],"campfire_rested":0,"item_purchase_floors":[3,3,3,3,3,7,46,46,46],"current_hp_per_floor":[65,65,65,65,65,65,65,65,65,65,59,60,60,65,65,65,65,65,65,65,45,45,45,45,45,45,65,65,56,56,56,56,65,65,53,65,57,57,57,65,25,25,65,62,62,62,57,0,0],"gold":139,"neow_bonus":"RANDOM_COMMON_RELIC","is_daily":false,"chose_seed":false,"campfire_upgraded":8,"win_rate":0.0,"timestamp":1612593448,"path_taken":["M","?","?","?","?","R","$","R","T","M","M","E","R","M","R","BOSS","M","AVR","M","M","?","R","M","R","T","M","?","E","PTL","PTL","R","M","R_BF","BOSS","M","?","AVR","M","M","R","M","M","T","$","M","NM"],"items_purchased_type":["Card","Relic","Card","Card","Card","Card","Relic","Relic","Relic"],"build_version":"2020-12-22","purchased_purges":2,"victory":false,"max_hp_per_floor":[65,65,65,65,65,65,65,65,65,65,65,65,65,65,65,65,65,65,65,65,65,65,65,65,65,65,65,65,65,65,65,65,65,65,65,65,65,65,65,65,65,65,65,65,65,65,65,65,65],"relic_stats":{"Busted Crown":30,"counters":[21,172],"obtain_stats":[{"champ:Barbells":46,"BargainBundle":3,"Hallownest:StagBellRelic1":22,"Bromod:ArcanePulse":12,"bronze:DecasWashers":26,"DemoMod:WeirdEgg":46,"StuffTheSpire:Wildfire":9,"aspiration:TomeofQuesting":45,"DemoMod:GlassGuonStoneRelic":11,"theForsaken:PlagueMask":38,"reliquary:PorcupineQuills":29,"Busted Crown":36,"hubris:ScarierMask":17,"reliquary:Stiletto":0,"hubris:TenFootPole":46,"theForsaken:JudgementScales":0},{"champ:Barbells":19,"BargainBundle":1,"Hallownest:StagBellRelic1":9,"Bromod:ArcanePulse":4,"bronze:DecasWashers":10,"DemoMod:WeirdEgg":19,"StuffTheSpire:Wildfire":1,"aspiration:TomeofQuesting":19,"DemoMod:GlassGuonStoneRelic":3,"theForsaken:PlagueMask":15,"reliquary:PorcupineQuills":12,"Busted Crown":14,"hubris:ScarierMask":6,"reliquary:Stiletto":0,"hubris:TenFootPole":19,"theForsaken:JudgementScales":0},{"champ:Barbells":161,"BargainBundle":7,"Hallownest:StagBellRelic1":83,"Bromod:ArcanePulse":44,"bronze:DecasWashers":88,"DemoMod:WeirdEgg":161,"StuffTheSpire:Wildfire":7,"aspiration:TomeofQuesting":161,"DemoMod:GlassGuonStoneRelic":36,"theForsaken:PlagueMask":129,"reliquary:PorcupineQuills":107,"Busted Crown":124,"hubris:ScarierMask":66,"reliquary:Stiletto":0,"hubris:TenFootPole":161,"theForsaken:JudgementScales":0}]},"card_choices":[{"not_picked":["theForsaken:FuryStrikes","theForsaken:PowerUp"],"picked":"theForsaken:HymnOfPatience","floor":1},{"not_picked":["TH:CursedSword","TH:PixieDust"],"picked":"StuffTheSpire:FreeRealEstate","floor":4},{"not_picked":["TH:EnergyPotion","TH:DeckOfManyThings"],"picked":"SKIP","floor":9},{"not_picked":["theForsaken:ChargeAttack","theForsaken:Eulogy"],"picked":"theForsaken:BountifulSunlight","floor":10},{"not_picked":["theForsaken:DarkBarrier","theForsaken:AncientWords"],"picked":"theForsaken:FatRoll","floor":11},{"not_picked":["theForsaken:WordsOfPestilence","theForsaken:SpinAttack"],"picked":"theForsaken:Eulogy","floor":12},{"not_picked":["TH:CursedSword","TH:ElvenBoots"],"picked":"SKIP","floor":12},{"not_picked":["theForsaken:BottledPlague","theForsaken:HorrifyingStrike"],"picked":"theForsaken:CreepingInfection","floor":14},{"not_picked":["theForsaken:CorruptedForm","theForsaken:Confusion"],"picked":"theForsaken:SpreadingPlague","floor":16},{"not_picked":["theForsaken:StoreUp","theForsaken:Riposte"],"picked":"theForsaken:ShieldCharge+1","floor":18},{"not_picked":["theForsaken:WordsOfPestilence+1","theForsaken:PreciseStrike","theForsaken:Enfeeble"],"picked":"SKIP","floor":20},{"not_picked":["theForsaken:CowardsBrand","theForsaken:CreepingInfection"],"picked":"theForsaken:NobleSacrifice","floor":21},{"not_picked":["theForsaken:Thunderbolt","theForsaken:AncientWords"],"picked":"theForsaken:HymnOfRest","floor":24},{"not_picked":["TH:TreasureMap"],"picked":"TH:BikiniMail","floor":26},{"not_picked":["theForsaken:Eulogy","theForsaken:SacrificeSoul","theForsaken:InspiringBlow+1"],"picked":"SKIP","floor":27},{"not_picked":["TH:TreasureMap"],"picked":"TH:BikiniMail","floor":29},{"not_picked":["theForsaken:FuryStrikes+1","theForsaken:BottledPlague"],"picked":"theForsaken:HymnOfPatience+1","floor":29},{"not_picked":["theForsaken:BindingThorns","theForsaken:Terrorize"],"picked":"theForsaken:WardingHymn","floor":33},{"not_picked":["TH:TreasureMap"],"picked":"TH:BikiniMail","floor":35},{"not_picked":["theForsaken:Retribution","theForsaken:DivineGuidance"],"picked":"theForsaken:DarkRift","floor":35},{"not_picked":["theForsaken:PanicDive+1"],"picked":"SKIP","floor":37},{"not_picked":["theForsaken:HealingLight+1"],"picked":"SKIP","floor":40},{"not_picked":["theForsaken:WrathOfGod"],"picked":"SKIP","floor":41},{"not_picked":["theForsaken:Thunderbolt"],"picked":"SKIP","floor":43},{"not_picked":["theForsaken:Backlash+1"],"picked":"SKIP","floor":44},{"not_picked":["TH:PixieDust"],"picked":"SKIP","floor":45},{"not_picked":["theForsaken:Confusion"],"picked":"SKIP","floor":47}],"player_experience":46956,"relics_obtained":[{"floor":9,"key":"StuffTheSpire:Wildfire"},{"floor":12,"key":"Bromod:ArcanePulse"},{"floor":26,"key":"bronze:DecasWashers"},{"floor":29,"key":"reliquary:PorcupineQuills"},{"floor":45,"key":"aspiration:TomeofQuesting"}],"event_choices":[{"damage_healed":0,"gold_gain":225,"player_choice":"Raid","damage_taken":0,"max_hp_gain":0,"max_hp_loss":0,"event_name":"Menagerie:SpiderNest","floor":2,"gold_loss":0,"cards_obtained":["Shame"]},{"damage_healed":0,"gold_gain":1,"player_choice":"1","damage_taken":0,"max_hp_gain":0,"max_hp_loss":0,"event_name":"betterStone:BetterStone","floor":4,"gold_loss":0},{"damage_healed":0,"gold_gain":0,"player_choice":"Obtain Plague Curse","damage_taken":0,"max_hp_gain":0,"max_hp_loss":0,"event_name":"Plague Doctor","floor":38,"gold_loss":0,"cards_obtained":["theForsaken:PlagueCurse"]}],"is_beta":false,"boss_relics":[{"not_picked":["energizedSpire:EnergizedDie","Kintsugi"],"picked":"hubris:ScarierMask"},{"not_picked":["reliquary:RedPaperclip","aspiration:IroncladSkillbook"],"picked":"Busted Crown"}],"items_purged_floors":[3,46],"is_endless":false,"potions_floor_spawned":[10,16,18,21,29,35,37,41],"killed_by":"Nightmare","ascension_level":0}}