{"host":"5spr8tig1ba228ju","time":1612585050,"event":{"mods":["BaseMod","Bestiary","Colored Map","Colored Powertips","Curses Come First","Energized Spire","Highlight Path","Hubris","Minty Spire (QoL Compilation)","Quick Restart","Relic Stats","Reliquary","Replay The Spire","Shop Mod","Spicy Shops","StSLib","SuperFastMode","The Jungle","The Poker Player","¡¾ÒÅÎï¿¨ÅÆ¡¿REMEMod"],"gold_per_floor":[117,292,60,10,25,57,76,106,160,160,435,435,435],"floor_reached":12,"language":"ZHS","playtime":339,"items_purged":["Doubt"],"score":189,"play_id":"e249146e-07af-47e6-aef0-8d00e805bb6b","local_time":"20210206121730","is_ascension_mode":true,"campfire_choices":[{"floor":10,"key":"REST"}],"circlet_count":0,"master_deck":["AscendersBane","Strike_B","Strike_B","Strike_B","Strike_B","Defend_B","Defend_B+1","Defend_B","Defend_B","Zap","Dualcast","Specialist","Static Discharge","Coolheaded","Capacitor","ReplayRNGCard","Reinforced Body","Regret"],"relics":["Cracked Core","REME_ComplimentaryCards","NeowsBlessing","Replay:Frozen Program","Durian","Pantograph","Gremlin Horn","Gremlin Food"],"acts_visited":["Exordium"],"potions_floor_usage":[8,8,12],"damage_taken":[{"damage":0,"enemies":"Jaw Worm","floor":1,"turns":1},{"damage":0,"enemies":"Small Slimes","floor":5,"turns":2},{"damage":0,"enemies":"Lagavulin","floor":6,"turns":4},{"damage":8,"enemies":"Cultist","floor":7,"turns":4},{"damage":37,"enemies":"3 Sentries","floor":8,"turns":6},{"damage":55,"enemies":"Gremlin Nob","floor":12,"turns":4}],"seed_played":"5336180561974870540","potions_obtained":[{"floor":1,"key":"LifebloodPotion"},{"floor":7,"key":"CultistPotion"},{"floor":8,"key":"Swift Potion"}],"is_trial":false,"path_per_floor":["M","?","$","?","M","E","M","E","T","R","?","E"],"character_chosen":"DEFECT","items_purchased":["Replay:Frozen Program"],"campfire_rested":1,"item_purchase_floors":[3],"current_hp_per_floor":[64,64,64,69,69,69,61,24,24,46,46,0,0],"gold":435,"neow_bonus":"THREE_ENEMY_KILL","is_daily":false,"chose_seed":false,"campfire_upgraded":0,"win_rate":0.0,"timestamp":1612585050,"path_taken":["M","?","$","?","?","E","M","E","T","R","?","E"],"items_purchased_type":["Relic"],"build_version":"2020-12-22","purchased_purges":1,"victory":false,"max_hp_per_floor":[71,71,71,76,76,76,76,76,76,76,76,76,76],"relic_stats":{"Gremlin Horn":[0,0],"counters":[6,21],"Pantograph":0,"obtain_stats":[{"Gremlin Food":9,"Replay:Frozen Program":3,"NeowsBlessing":0,"Gremlin Horn":8,"Pantograph":6,"Durian":4,"Cracked Core":0,"REME_ComplimentaryCards":0},{"Gremlin Food":5,"Replay:Frozen Program":1,"NeowsBlessing":0,"Gremlin Horn":5,"Pantograph":3,"Durian":1,"Cracked Core":0,"REME_ComplimentaryCards":0},{"Gremlin Food":17,"Replay:Frozen Program":1,"NeowsBlessing":0,"Gremlin Horn":17,"Pantograph":7,"Durian":1,"Cracked Core":0,"REME_ComplimentaryCards":0}]},"card_choices":[{"not_picked":["Coolheaded","Go for the Eyes"],"picked":"Static Discharge","floor":1},{"not_picked":["Go for the Eyes","Redo"],"picked":"Coolheaded","floor":5},{"not_picked":["REME_Compress","Go for the Eyes"],"picked":"Capacitor","floor":6},{"not_picked":["BasicCrystalCard","Stack"],"picked":"ReplayRNGCard","floor":7},{"not_picked":["Cold Snap","REME_Compress"],"picked":"Reinforced Body","floor":8}],"player_experience":662708,"relics_obtained":[{"floor":6,"key":"Pantograph"},{"floor":8,"key":"Gremlin Horn"},{"floor":9,"key":"Gremlin Food"}],"event_choices":[{"damage_healed":0,"gold_gain":175,"player_choice":"AGREE","damage_taken":0,"max_hp_gain":0,"max_hp_loss":0,"event_name":"Liars Game","floor":2,"gold_loss":0,"cards_obtained":["Doubt"]},{"damage_healed":0,"gold_gain":0,"player_choice":"Paid Gold","damage_taken":0,"relics_obtained":["Durian"],"max_hp_gain":0,"max_hp_loss":0,"event_name":"WeMeetAgain","floor":4,"gold_loss":50},{"damage_healed":0,"gold_gain":275,"player_choice":"Desecrate","damage_taken":0,"max_hp_gain":0,"max_hp_loss":0,"event_name":"Golden Shrine","floor":11,"gold_loss":0,"cards_obtained":["Regret"]}],"is_beta":false,"boss_relics":[],"items_purged_floors":[3],"is_endless":false,"potions_floor_spawned":[1,7,8],"killed_by":"Gremlin Nob","ascension_level":14}}