{"host":"x730sfaw5rd1mxd8","time":1612652278,"event":{"mods":["BaseMod","BetterRewards","Colored Powertips","Highlight Path","Minty Spire (QoL Compilation)","Relic Sorter","Relic Stats","Replay The Spire","StSLib"],"gold_per_floor":[128,151,172,200,221,221,264,264,264,301,301,340,362,388,388,476,476,514,540,569,600,634,687,687,734,734,782,809,867,867,867,867,971,971,992,1024,1024,1052,1086,1086,1140,1173,1173,1173,1173,1125,1125,704,704,238,238,258,258,258,141,187,203],"floor_reached":58,"language":"ENG","playtime":3108,"items_purged":["Strike_B","Strike_B","Strike_B"],"score":2741,"play_id":"5a6c98d2-b69d-4ee4-9953-63e66ece98d7","local_time":"20210206175758","is_ascension_mode":true,"campfire_choices":[{"data":"Apotheosis","floor":6.0,"key":"SMITH"},{"data":"Defragment","floor":8.0,"key":"SMITH"},{"data":"Loop","floor":11.0,"key":"SMITH"},{"data":"Self Repair","floor":15.0,"key":"SMITH"},{"floor":24.0,"key":"RECALL"},{"data":"Hologram","floor":32.0,"key":"SMITH"},{"data":"Hologram","floor":40.0,"key":"SMITH"},{"data":"Coolheaded","floor":47.0,"key":"SMITH"},{"data":"Coolheaded","floor":51.0,"key":"SMITH"},{"data":"1","floor":54.0,"key":"LIFT"}],"circlet_count":1,"master_deck":["AscendersBane","Strike_B","Defend_B","Defend_B","Defend_B","Defend_B","Zap","Dualcast","Apotheosis+1","Gash","Self Repair+1","Hologram+1","Sweeping Beam","Gash","Defragment+1","Gash","Gash+1","Gash","Glacier","Loop+1","Hologram+1","Glacier","Gash","All For One+1","Skim","Capacitor+1","Amnesia","Gash","Gash","Coolheaded+1","Cold Snap","Coolheaded+1","ReplayTheSpireMod:Brewmster+1","Defragment+1","ReplayTheSpireMod:Calculation Training","Leap+1"],"relics":["Cracked Core","Girya","Iron Hammer","Sling","Replay:Bandana","Medical Kit","Anchor","Du-Vu Doll","Frozen Egg 2","MealTicket","Busted Crown","Replay:Wax Seal","Whetstone","Thread and Needle","Calipers","Vajra","ReplayTheSpireMod:Ring of Exchange","Circlet","OrangePellets","Carrot","Ginger","Snack Pack","Unceasing Top"],"acts_visited":["Exordium","TheCity","TheBeyond","TheEnding"],"potions_floor_usage":[57,57],"damage_taken":[{"damage":0.0,"enemies":"Cultist","floor":1.0,"turns":3.0},{"damage":0.0,"enemies":"Small Slimes","floor":2.0,"turns":3.0},{"damage":2.0,"enemies":"Jaw Worm","floor":3.0,"turns":2.0},{"damage":0.0,"enemies":"Blue Slaver","floor":4.0,"turns":3.0},{"damage":0.0,"enemies":"3 Louse","floor":5.0,"turns":2.0},{"damage":0.0,"enemies":"3 Sentries","floor":7.0,"turns":6.0},{"damage":1.0,"enemies":"Replay:BlueRogue","floor":10.0,"turns":4.0},{"damage":0.0,"enemies":"3 Sentries","floor":12.0,"turns":7.0},{"damage":0.0,"enemies":"Lots of Slimes","floor":13.0,"turns":3.0},{"damage":0.0,"enemies":"Exordium Wildlife","floor":14.0,"turns":4.0},{"damage":30.0,"enemies":"Hexaghost","floor":16.0,"turns":6.0},{"damage":0.0,"enemies":"3 Byrds","floor":18.0,"turns":4.0},{"damage":0.0,"enemies":"Spheric Guardian","floor":19.0,"turns":3.0},{"damage":28.0,"enemies":"Shelled Parasite and Fungi","floor":20.0,"turns":4.0},{"damage":4.0,"enemies":"Cultist and Chosen","floor":21.0,"turns":4.0},{"damage":3.0,"enemies":"Chosen and Byrds","floor":22.0,"turns":3.0},{"damage":0.0,"enemies":"Slavers","floor":23.0,"turns":3.0},{"damage":1.0,"enemies":"Replay:Snechameleon","floor":25.0,"turns":4.0},{"damage":0.0,"enemies":"Gremlin Leader","floor":27.0,"turns":4.0},{"damage":0.0,"enemies":"Snake Plant","floor":28.0,"turns":3.0},{"damage":0.0,"enemies":"Slavers","floor":29.0,"turns":3.0},{"damage":28.0,"enemies":"Automaton","floor":33.0,"turns":5.0},{"damage":0.0,"enemies":"Orb Walker","floor":35.0,"turns":4.0},{"damage":2.0,"enemies":"3 Darklings","floor":36.0,"turns":7.0},{"damage":12.0,"enemies":"Jaw Worm Horde","floor":38.0,"turns":5.0},{"damage":8.0,"enemies":"Sphere and 2 Shapes","floor":39.0,"turns":4.0},{"damage":0.0,"enemies":"Giant Head","floor":41.0,"turns":6.0},{"damage":20.0,"enemies":"Maw","floor":42.0,"turns":4.0},{"damage":46.0,"enemies":"Donu and Deca","floor":52.0,"turns":19.0},{"damage":32.0,"enemies":"Shield and Spear","floor":56.0,"turns":7.0},{"damage":7,"enemies":"The Heart","floor":57,"turns":10}],"seed_played":"1242024432726375870","potions_obtained":[{"floor":1.0,"key":"Energy Potion"},{"floor":4.0,"key":"Regen Potion"},{"floor":13.0,"key":"LiquidMemories"},{"floor":22.0,"key":"SpeedPotion"},{"floor":23.0,"key":"Adrenaline Potion"},{"floor":25.0,"key":"Adrenaline Potion"},{"floor":27.0,"key":"AttackPotion"},{"floor":29.0,"key":"Energy Potion"},{"floor":35.0,"key":"LifebloodPotion"},{"floor":36.0,"key":"DistilledChaos"},{"floor":38.0,"key":"Regen Potion"}],"is_trial":false,"path_per_floor":["M","M","M","M","M","R","E","R","T","E","R","E","M","M","R","B",null,"M","M","M","M","M","E","R","E","T","E","M","E","T","?","R","B",null,"M","M","?","M","M","R","E","M","T","PTL","PTL","$","R","$","?","$","R","B",null,"R","$","E","B",null],"character_chosen":"DEFECT","items_purchased":["Apotheosis","Gash","Self Repair","Hologram","Iron Hammer","Sling","Sweeping Beam","Gash","Replay:Bandana","Medical Kit","Anchor","Defragment","Gash","Cold Snap","Snack Pack","Coolheaded","Unceasing Top","ReplayTheSpireMod:Brewmster+1","Defragment+1","ReplayTheSpireMod:Calculation Training"],"campfire_rested":0,"item_purchase_floors":[0,0,0,0,0,0,0,0,0,0,0,0,0,46,48,48,50,50,55,55],"current_hp_per_floor":[71,71,71,71,71,71,71,71,71,71,71,71,71,71,71,51,66,66,66,48,44,51,61,61,70,70,71,71,71,71,71,71,53,67,71,71,71,69,71,71,71,61,61,61,61,71,71,71,67,67,67,67,67,67,67,55,62],"gold":203,"neow_bonus":"","is_daily":false,"chose_seed":false,"campfire_upgraded":8,"win_rate":0.0,"timestamp":1612652278,"path_taken":["M","M","M","M","M","R","E","R","T","E","R","E","M","M","R","BOSS","M","M","?","M","M","E","R","E","T","E","M","E","?","?","R","BOSS","M","M","?","?","M","R","E","M","T","PTL","PTL","$","R","?","?","$","R","BOSS","R","$","E","BOSS"],"items_purchased_type":["Card","Card","Card","Card","Relic","Relic","Card","Card","Relic","Relic","Relic","Card","Card","Card","Relic","Card","Relic","Card","Card","Card"],"build_version":"2020-12-22","purchased_purges":3,"victory":true,"max_hp_per_floor":[71,71,71,71,71,71,71,71,71,71,71,71,71,71,71,71,71,71,71,71,71,71,71,71,71,71,71,71,71,71,71,71,71,71,71,71,71,71,71,71,71,71,71,71,71,71,71,71,67,67,67,67,67,67,67,67,67],"relic_stats":{"OrangePellets":[48],"Busted Crown":64,"counters":[330,1502],"MealTicket":19,"Whetstone":["All For One","Gash"],"Ginger":[2],"Medical Kit":[7],"obtain_stats":[{"Golden Egg":26,"Vampiric Spirits":0,"Whetstone":55,"Ginger":43,"Boot":55,"Sling":55,"Blood Vial":20,"Replay:Wanted Poster":17,"Replay:Ringing Soul":0,"Sundial":29,"Replay:Bronze Core":17,"MealTicket":27,"Fusion Hammer":36,"Replay:Bottled Flurry":53,"Kunai":10,"Replay:Wax Seal":11,"Electric Blood":17,"Replay:Bottled Steam":43,"Pear":46,"Blue Candle":30,"Counterbalance":31,"Velvet Choker":17,"Tingsha":0,"Pen Nib":23,"Paper Crane":8,"Akabeko":28,"Cables":54,"SlaversCollar":17,"Snecko Scales":34,"Bird Faced Urn":12,"Mark of Pain":0,"StrikeDummy":6,"Unceasing Top":50,"Regal Pillow":0,"Lantern":28,"Carrot":41,"Singing Bowl":10,"Torii":0,"Magic Flower":11,"Painkiller Herb":19,"Bag of Preparation":55,"Replay:Multitool":44,"Cursed Key":34,"Burning Blood":0,"Pet Ghost":23,"Replay:Rubber Ducky":55,"BranchBurnRelic":32,"Matryoshka":0,"Shovel":47,"Replay:Bottled Eggs":0,"InkBottle":27,"Inserter":17,"The Specimen":25,"Golden Idol":11,"Basket Of Snakes":39,"Circlet":0,"Thread and Needle":27,"The Courier":14,"PreservedInsect":22,"Geode":40,"Omamori":40,"Frozen Egg 2":0,"MawBank":31,"Nuclear Battery":34,"Busted Crown":17,"Ornamental Fan":55,"Orrery":0,"Turnip":46,"Art of War":40,"ReplayTheSpireMod:Ring of Challenge":38,"ReplayTheSpireMod:Lightbulb":0,"Ice Cream":14,"Divine Protection":22,"Calipers":29,"Gremlin Horn":9,"Nilry\u0027s Codex":23,"CeramicFish":26,"Vajra":28,"Runic Capacitor":53,"Sozu":34,"Centennial Puzzle":9,"Lizard Tail":10,"Replay:Frozen Program":48,"Strawberry":28,"Prayer Wheel":0,"Iron Hammer":7,"Byrd Skull":11,"Girya":25,"Happy Flower":55,"Dead Branch":25,"Oddly Smooth Stone":26,"Ring of Chaos":47,"Letter Opener":48,"Replay:Kaleidoscope":0,"War Paint":23,"Question Card":8,"Du-Vu Doll":7,"OrangePellets":0,"Bottled Flame":15,"Replay:Baseball":0,"Shuriken":24,"Bronze Scales":12,"Simple Rune":55,"Onion Ring":40,"ReplayTheSpireMod:TigerMarble":6,"Mirror":26,"Pocketwatch":0,"Meat on the Bone":38,"Darkstone Periapt":5,"ReplayFunnel":55,"ReplayTheSpireMod:Ring of Exchange":31,"Mango":6,"Snake Skull":29,"Incense Burner":45,"Juzu Bracelet":39,"Dream Catcher":43,"Nunchaku":24,"Replay:Bandana":10,"Chameleon Ring":53,"Pantograph":23,"Gambling Chip":24,"Replay:Antivirus Software":43,"Cracked Core":0,"Red Skull":6,"Gremlin Food":44,"ReplayTheSpireMod:Ninjato":0,"Replay:Towering Pillar of Hats":10,"Quantum Egg":46,"Guide Book":0,"Replay:WaspNest":0,"Orichalcum":56,"Medical Kit":42,"White Beast Statue":0,"Mercury Hourglass":0,"Peace Pipe":39,"Strange Spoon":0,"Anchor":11,"CaptainsWheel":43,"Pondfish Scales":55,"DataDisk":0,"Snack Pack":8,"Bag of Marbles":31,"Membership Card":0,"FossilizedHelix":48},{"Golden Egg":166,"Vampiric Spirits":61,"Whetstone":91,"Ginger":327,"Boot":91,"Sling":91,"Blood Vial":26,"Replay:Wanted Poster":163,"Replay:Ringing Soul":237,"Sundial":254,"Replay:Bronze Core":134,"MealTicket":58,"Fusion Hammer":80,"Replay:Bottled Flurry":297,"Kunai":244,"Replay:Wax Seal":214,"Electric Blood":51,"Replay:Bottled Steam":119,"Pear":122,"Blue Candle":30,"Counterbalance":288,"Velvet Choker":216,"Tingsha":93,"Pen Nib":282,"Paper Crane":66,"Akabeko":167,"Cables":153,"SlaversCollar":24,"Snecko Scales":115,"Bird Faced Urn":22,"Mark of Pain":0,"StrikeDummy":98,"Unceasing Top":327,"Regal Pillow":93,"Lantern":199,"Carrot":326,"Singing Bowl":21,"Torii":154,"Magic Flower":49,"Painkiller Herb":72,"Bag of Preparation":91,"Replay:Multitool":120,"Cursed Key":31,"Burning Blood":0,"Pet Ghost":56,"Replay:Rubber Ducky":91,"BranchBurnRelic":320,"Matryoshka":61,"Shovel":179,"Replay:Bottled Eggs":237,"InkBottle":141,"Inserter":193,"The Specimen":76,"Golden Idol":5,"Basket Of Snakes":82,"Circlet":0,"Thread and Needle":318,"The Courier":7,"PreservedInsect":11,"Geode":146,"Omamori":175,"Frozen Egg 2":14,"MawBank":79,"Nuclear Battery":257,"Busted Crown":8,"Ornamental Fan":91,"Orrery":209,"Turnip":38,"Art of War":36,"ReplayTheSpireMod:Ring of Challenge":81,"ReplayTheSpireMod:Lightbulb":154,"Ice Cream":23,"Divine Protection":164,"Calipers":320,"Gremlin Horn":20,"Nilry\u0027s Codex":75,"CeramicFish":198,"Vajra":77,"Runic Capacitor":180,"Sozu":170,"Centennial Puzzle":5,"Lizard Tail":213,"Replay:Frozen Program":234,"Strawberry":13,"Prayer Wheel":93,"Iron Hammer":212,"Byrd Skull":66,"Girya":283,"Happy Flower":91,"Dead Branch":317,"Oddly Smooth Stone":57,"Ring of Chaos":122,"Letter Opener":264,"Replay:Kaleidoscope":267,"War Paint":139,"Question Card":188,"Du-Vu Doll":305,"OrangePellets":93,"Bottled Flame":70,"Replay:Baseball":93,"Shuriken":252,"Bronze Scales":6,"Simple Rune":91,"Onion Ring":205,"ReplayTheSpireMod:TigerMarble":158,"Mirror":252,"Pocketwatch":41,"Meat on the Bone":117,"Darkstone Periapt":18,"ReplayFunnel":91,"ReplayTheSpireMod:Ring of Exchange":320,"Mango":19,"Snake Skull":78,"Incense Burner":87,"Juzu Bracelet":204,"Dream Catcher":37,"Nunchaku":75,"Replay:Bandana":100,"Chameleon Ring":235,"Pantograph":12,"Gambling Chip":27,"Replay:Antivirus Software":261,"Cracked Core":0,"Red Skull":47,"Gremlin Food":87,"ReplayTheSpireMod:Ninjato":237,"Replay:Towering Pillar of Hats":66,"Quantum Egg":87,"Guide Book":93,"Replay:WaspNest":61,"Orichalcum":92,"Medical Kit":119,"White Beast Statue":182,"Mercury Hourglass":61,"Peace Pipe":146,"Strange Spoon":209,"Anchor":66,"CaptainsWheel":86,"Pondfish Scales":91,"DataDisk":126,"Snack Pack":48,"Bag of Marbles":225,"Membership Card":61,"FossilizedHelix":151},{"Golden Egg":701,"Vampiric Spirits":244,"Whetstone":364,"Ginger":1466,"Boot":364,"Sling":364,"Blood Vial":107,"Replay:Wanted Poster":686,"Replay:Ringing Soul":1108,"Sundial":1165,"Replay:Bronze Core":537,"MealTicket":230,"Fusion Hammer":315,"Replay:Bottled Flurry":1342,"Kunai":1129,"Replay:Wax Seal":964,"Electric Blood":208,"Replay:Bottled Steam":471,"Pear":484,"Blue Candle":123,"Counterbalance":1304,"Velvet Choker":978,"Tingsha":376,"Pen Nib":1280,"Paper Crane":257,"Akabeko":708,"Cables":637,"SlaversCollar":100,"Snecko Scales":459,"Bird Faced Urn":86,"Mark of Pain":0,"StrikeDummy":392,"Unceasing Top":1466,"Regal Pillow":376,"Lantern":864,"Carrot":1462,"Singing Bowl":82,"Torii":646,"Magic Flower":200,"Painkiller Herb":279,"Bag of Preparation":364,"Replay:Multitool":475,"Cursed Key":130,"Burning Blood":0,"Pet Ghost":224,"Replay:Rubber Ducky":364,"BranchBurnRelic":1432,"Matryoshka":244,"Shovel":766,"Replay:Bottled Eggs":1108,"InkBottle":568,"Inserter":829,"The Specimen":292,"Golden Idol":17,"Basket Of Snakes":325,"Circlet":0,"Thread and Needle":1426,"The Courier":25,"PreservedInsect":40,"Geode":594,"Omamori":747,"Frozen Egg 2":51,"MawBank":304,"Nuclear Battery":1176,"Busted Crown":30,"Ornamental Fan":364,"Orrery":932,"Turnip":156,"Art of War":146,"ReplayTheSpireMod:Ring of Challenge":318,"ReplayTheSpireMod:Lightbulb":646,"Ice Cream":93,"Divine Protection":690,"Calipers":1432,"Gremlin Horn":78,"Nilry\u0027s Codex":288,"CeramicFish":857,"Vajra":296,"Runic Capacitor":779,"Sozu":726,"Centennial Puzzle":17,"Lizard Tail":956,"Replay:Frozen Program":1086,"Strawberry":48,"Prayer Wheel":376,"Iron Hammer":952,"Byrd Skull":257,"Girya":1284,"Happy Flower":364,"Dead Branch":1422,"Oddly Smooth Stone":226,"Ring of Chaos":484,"Letter Opener":1204,"Replay:Kaleidoscope":1226,"War Paint":559,"Question Card":811,"Du-Vu Doll":1373,"OrangePellets":376,"Bottled Flame":268,"Replay:Baseball":376,"Shuriken":1159,"Bronze Scales":20,"Simple Rune":364,"Onion Ring":895,"ReplayTheSpireMod:TigerMarble":663,"Mirror":1159,"Pocketwatch":170,"Meat on the Bone":463,"Darkstone Periapt":65,"ReplayFunnel":364,"ReplayTheSpireMod:Ring of Exchange":1432,"Mango":73,"Snake Skull":300,"Incense Burner":344,"Juzu Bracelet":888,"Dream Catcher":151,"Nunchaku":288,"Replay:Bandana":399,"Chameleon Ring":1093,"Pantograph":44,"Gambling Chip":111,"Replay:Antivirus Software":1192,"Cracked Core":0,"Red Skull":189,"Gremlin Food":344,"ReplayTheSpireMod:Ninjato":1108,"Replay:Towering Pillar of Hats":257,"Quantum Egg":344,"Guide Book":376,"Replay:WaspNest":244,"Orichalcum":369,"Medical Kit":471,"White Beast Statue":795,"Mercury Hourglass":244,"Peace Pipe":594,"Strange Spoon":932,"Anchor":257,"CaptainsWheel":341,"Pondfish Scales":364,"DataDisk":505,"Snack Pack":196,"Bag of Marbles":1023,"Membership Card":244,"FossilizedHelix":621}],"Unceasing Top":[15]},"card_choices":[{"not_picked":["Reprogram","Beam Cell"],"picked":"Gash","floor":1.0},{"not_picked":["Lockon","Leap"],"picked":"Gash","floor":2.0},{"not_picked":["Capacitor","Reprogram"],"picked":"Glacier","floor":3.0},{"not_picked":["Self Repair","Turbo"],"picked":"Loop","floor":4.0},{"not_picked":["Turbo","Panic Button"],"picked":"Hologram","floor":5.0},{"not_picked":["Streamline","Rebound","Leap"],"picked":"SKIP","floor":7.0},{"not_picked":["ReplayRNGCard","Lockon","Streamline"],"picked":"SKIP","floor":10.0},{"not_picked":["Stack","Steam","Sweeping Beam"],"picked":"SKIP","floor":12.0},{"not_picked":["Reinforced Body","Conserve Battery"],"picked":"Glacier","floor":13.0},{"not_picked":["Aggregate","Sunder"],"picked":"Gash","floor":14.0},{"not_picked":["Meteor Strike","Creative AI+1"],"picked":"All For One","floor":16.0},{"not_picked":["Recycle"],"picked":"SKIP","floor":18.0},{"not_picked":["BootSequence"],"picked":"SKIP","floor":19.0},{"not_picked":["Ball Lightning"],"picked":"SKIP","floor":20.0},{"not_picked":["Melter"],"picked":"SKIP","floor":21.0},{"not_picked":["Stack"],"picked":"SKIP","floor":22.0},{"not_picked":[],"picked":"Skim","floor":23.0},{"not_picked":["Redo"],"picked":"SKIP","floor":25.0},{"not_picked":["BootSequence"],"picked":"SKIP","floor":27.0},{"not_picked":["Hologram"],"picked":"SKIP","floor":28.0},{"not_picked":[],"picked":"Capacitor+1","floor":29.0},{"not_picked":["Hello World+1"],"picked":"SKIP","floor":35.0},{"not_picked":["Redo"],"picked":"SKIP","floor":36.0},{"not_picked":["Rebound"],"picked":"SKIP","floor":38.0},{"not_picked":["Reprogram+1"],"picked":"SKIP","floor":39.0},{"not_picked":[],"picked":"Gash","floor":41.0},{"not_picked":[],"picked":"Coolheaded","floor":42.0},{"not_picked":[],"picked":"Leap+1","floor":56.0}],"player_experience":4096936,"relics_obtained":[{"floor":7.0,"key":"Du-Vu Doll"},{"floor":10.0,"key":"Frozen Egg 2"},{"floor":12.0,"key":"MealTicket"},{"floor":23.0,"key":"Replay:Wax Seal"},{"floor":25.0,"key":"Dead Branch"},{"floor":26.0,"key":"Whetstone"},{"floor":27.0,"key":"Thread and Needle"},{"floor":29.0,"key":"Calipers"},{"floor":30.0,"key":"Vajra"},{"floor":31.0,"key":"ReplayTheSpireMod:Ring of Exchange"},{"floor":41.0,"key":"Carrot"},{"floor":43.0,"key":"Ginger"}],"event_choices":[{"damage_healed":0.0,"max_hp_gain":0.0,"max_hp_loss":0.0,"gold_gain":0.0,"event_name":"Match and Keep!","player_choice":"1 cards matched","floor":37.0,"gold_loss":0.0,"damage_taken":0.0,"cards_obtained":["Gash"]},{"damage_healed":0.0,"max_hp_gain":0.0,"max_hp_loss":4.0,"gold_gain":0.0,"event_name":"Winding Halls","player_choice":"Max HP","floor":49.0,"gold_loss":0.0,"damage_taken":0.0}],"is_beta":false,"boss_relics":[{"not_picked":["Ring of Chaos","ReplayTheSpireMod:DimensionalGlitch"],"picked":"Busted Crown"},{"not_picked":["Guide Book","SacredBark"],"picked":"OrangePellets"}],"items_purged_floors":[0,0,48],"is_endless":false,"potions_floor_spawned":[1,4,7,10,13,22,23,25,27,29,35,36,38],"ascension_level":15}}