{"host":"0luxfixkkfk9wck3","time":1612578424,"event":{"mods":["BaseMod","DeckTracker","Downfall","Highlight Path","Minty Spire (QoL Compilation)","StSLib"],"gold_per_floor":[99,118,128,128,303,303,303,203,236,251,251,277,290,290,307,403,403,403,417,417,430,10,20,20,31,31,16,16,16,16,30,47,142,142,142,155,155,155,205,205,255,155,167,181,197,197,207,233,247,247],"floor_reached":51,"language":"ENG","playtime":8561,"items_purged":["Doubt"],"score":908,"play_id":"a556a1e4-d2b2-46a7-9e21-b57e5ea90253","local_time":"20210205202704","is_ascension_mode":true,"campfire_choices":[{"data":"Guardian:GemFinder","floor":1,"key":"SMITH"},{"data":"Guardian:TwinSlam","floor":6,"key":"SMITH"},{"data":"Guardian:PiercingHide","floor":8,"key":"SMITH"},{"floor":11,"key":"REST"},{"data":"Guardian:PrismaticBarrier","floor":18,"key":"SMITH"},{"floor":26,"key":"REST"},{"data":"Guardian:Orbwalk","floor":28,"key":"SMITH"},{"data":"Guardian:ShieldSpikes","floor":30,"key":"SMITH"},{"data":"Guardian:PrismaticBarrier","floor":35,"key":"SMITH"},{"floor":40,"key":"RECALL"},{"floor":42,"key":"REST"}],"circlet_count":0,"master_deck":["Guardian:Strike_Guardian","Guardian:Strike_Guardian","Guardian:Strike_Guardian","Guardian:Strike_Guardian","Guardian:Defend_Guardian","Guardian:Defend_Guardian","Guardian:Defend_Guardian","Guardian:Defend_Guardian","Guardian:CurlUp","Guardian:TwinSlam+1","Guardian:GemFinder+1","Guardian:TimeBomb","Guardian:PiercingHide+1","Guardian:DonusPower","Guardian:PrismaticBarrier+1","Guardian:MultiBeam","Guardian:PrismaticBarrier+1","Guardian:ExploitGems","Guardian:FuturePlans","Guardian:CrystalBeam","Guardian:TimeSifter","Guardian:ShieldSpikes+1","Guardian:Incinerate","Guardian:Orbwalk+1","Guardian:FloatingOrbs","Guardian:DecasProtection","Guardian:CrystalBeam","Guardian:FastForward","Guardian:PrismaticBeam","expansioncontent:Chronoboost","expansioncontent:AwakenDeath","Guardian:CrystalBeam","Guardian:BodySlam+1","Guardian:Gem_Synthetic","Guardian:ShieldCharger+1","Guardian:ShieldSpikes"],"relics":["Guardian:ModeShifter","downfall:HeartBlessingBlue","Letter Opener","White Beast Statue","Snecko Eye","HornCleat","Happy Flower","StoneCalendar","SlaversCollar","Calipers","Bag of Marbles","downfall:HeartBlessingRed","Centennial Puzzle"],"acts_visited":["Exordium","TheCity","TheBeyond"],"potions_floor_usage":[16,16,27,32,43,45,49,50,50],"damage_taken":[{"damage":6,"enemies":"2 Louse","floor":2,"turns":4},{"damage":3,"enemies":"Jaw Worm","floor":3,"turns":7},{"damage":37,"enemies":"Lagavulin","floor":9,"turns":12},{"damage":7,"enemies":"Small Slimes","floor":10,"turns":5},{"damage":9,"enemies":"3 Sentries","floor":12,"turns":5},{"damage":15,"enemies":"Blue Slaver","floor":13,"turns":4},{"damage":2,"enemies":"Exordium Wildlife","floor":15,"turns":4},{"damage":25,"enemies":"SI_SHIV_ARCHETYPE","floor":16,"turns":9},{"damage":9,"enemies":"Chosen","floor":19,"turns":8},{"damage":16,"enemies":"Spheric Guardian","floor":21,"turns":7},{"damage":2,"enemies":"downfall:FleeingMerchant","floor":22,"turns":4},{"damage":8,"enemies":"3 Cultists","floor":23,"turns":5},{"damage":14,"enemies":"Snake Plant","floor":25,"turns":4},{"damage":0,"enemies":"downfall:FleeingMerchant","floor":27,"turns":4},{"damage":16,"enemies":"Shelled Parasite and Fungi","floor":31,"turns":4},{"damage":6,"enemies":"Centurion and Healer","floor":32,"turns":5},{"damage":16,"enemies":"IC_MUSHROOM_ARCHETYPE","floor":33,"turns":7},{"damage":5,"enemies":"Orb Walker","floor":36,"turns":5},{"damage":3,"enemies":"Orb Walker","floor":39,"turns":7},{"damage":9,"enemies":"3 Darklings","floor":43,"turns":4},{"damage":9,"enemies":"Sphere and 2 Shapes","floor":44,"turns":4},{"damage":23,"enemies":"Transient","floor":45,"turns":5},{"damage":24,"enemies":"Spire Growth","floor":47,"turns":4},{"damage":13,"enemies":"3 Darklings","floor":49,"turns":3},{"damage":14,"enemies":"DF_ARCHETYPE_ORBS","floor":50,"turns":9}],"seed_played":"6489022009408081121","potions_obtained":[{"floor":9,"key":"LiquidMemories"},{"floor":12,"key":"Slimebound:ThreeZeroPotion"},{"floor":13,"key":"SkillPotion"},{"floor":15,"key":"LiquidBronze"},{"floor":16,"key":"Guardian:BlockOnCardUsePotion"},{"floor":19,"key":"Guardian:BlockOnCardUsePotion"},{"floor":25,"key":"Regen Potion"},{"floor":27,"key":"EssenceOfSteel"},{"floor":32,"key":"Guardian:BlockOnCardUsePotion"},{"floor":36,"key":"SkillPotion"},{"floor":43,"key":"Fire Potion"},{"floor":45,"key":"SkillPotion"},{"floor":49,"key":"SmokeBomb"}],"is_trial":false,"path_per_floor":["R","M","M","?","?","R","T","R","E","M","R","E","M","?","M","B",null,"R","M","?","M","$","M","T","M","R","$","R","?","R","M","M","B",null,"R","M","?","?","?","R","T","R","M","M","M","?","M","T","M","B",null],"character_chosen":"GUARDIAN","items_purchased":["HornCleat","Guardian:ShieldSpikes"],"campfire_rested":3,"item_purchase_floors":[22,22],"current_hp_per_floor":[72,66,63,63,63,63,63,73,36,29,56,47,32,32,30,5,69,69,60,60,44,42,34,34,20,47,61,61,61,61,45,39,23,73,73,68,68,63,60,60,60,87,78,69,46,46,22,22,9,20],"gold":247,"neow_bonus":"ONE_RANDOM_RARE_CARD","is_daily":false,"chose_seed":false,"campfire_upgraded":7,"win_rate":0.0,"timestamp":1612578424,"path_taken":["R","M","M","?","?","R","T","R","E","M","R","E","M","?","M","BOSS","R","M","?","M","$","M","T","M","R","$","R","?","R","M","M","BOSS","R","M","?","?","?","R","T","R","M","M","?","?","?","?","M","BOSS"],"items_purchased_type":["Relic","Card"],"build_version":"2020-12-22","purchased_purges":1,"victory":true,"max_hp_per_floor":[80,80,80,80,80,80,80,90,90,90,90,90,90,90,90,90,90,90,90,90,90,90,90,90,90,90,90,90,90,90,90,90,90,90,90,90,90,90,90,90,90,90,90,90,90,90,90,90,90,90],"card_choices":[{"not_picked":["Guardian:Gem_Red","Guardian:Gem_Lightblue"],"picked":"Guardian:Gem_Green","floor":2},{"not_picked":["Guardian:TemporalStrike","Guardian:ChargeUp"],"picked":"Guardian:TimeBomb","floor":2},{"not_picked":["Guardian:Gem_Red","Guardian:Gem_Lightblue"],"picked":"Guardian:Gem_Green","floor":3},{"not_picked":["Guardian:Gem_Fragmented","Guardian:Reroute"],"picked":"Guardian:PiercingHide","floor":3},{"not_picked":["Guardian:Gem_Red","Guardian:Gem_Lightblue"],"picked":"Guardian:Gem_Green","floor":9},{"not_picked":["Guardian:Gem_Fragmented","Guardian:ChargeCore"],"picked":"Guardian:DonusPower","floor":9},{"not_picked":["Guardian:Gem_Red","Guardian:Gem_Lightblue"],"picked":"Guardian:Gem_Green","floor":10},{"not_picked":["Guardian:PrimingBeam","Guardian:GuardianWhirl"],"picked":"Guardian:Gem_White","floor":10},{"not_picked":["Guardian:Gem_Lightblue","Guardian:Gem_Green"],"picked":"Guardian:Gem_Red","floor":12},{"not_picked":["Guardian:GemFinder","Guardian:TemporalStrike"],"picked":"Guardian:PrismaticBarrier","floor":12},{"not_picked":["Guardian:Gem_Lightblue","Guardian:Gem_Crimson"],"picked":"Guardian:MultiBeam","floor":13},{"not_picked":["Guardian:Gem_Red","Guardian:Gem_Lightblue"],"picked":"Guardian:Gem_Cyan","floor":15},{"not_picked":["Guardian:Gem_Lightblue","Guardian:PrismaticBeam"],"picked":"Guardian:PrismaticBarrier","floor":15},{"not_picked":["Guardian:Gem_Red","Guardian:Gem_Lightblue"],"picked":"Guardian:Gem_Cyan","floor":16},{"not_picked":["Guardian:GatlingBeam","Guardian:Gem_Orange"],"picked":"Guardian:ExploitGems","floor":16},{"not_picked":["Guardian:Incinerate","Guardian:PrimingBeam+1"],"picked":"Guardian:FuturePlans","floor":19},{"not_picked":["Guardian:Gem_Lightblue","Guardian:Gem_Green"],"picked":"Guardian:Gem_Cyan","floor":21},{"not_picked":["Guardian:VentSteam+1","Guardian:WalkerClaw+1"],"picked":"Guardian:CrystalBeam","floor":21},{"not_picked":["Guardian:Gem_Fragmented","Guardian:SentryBeam"],"picked":"Guardian:TimeSifter","floor":22},{"not_picked":["Guardian:Gem_Green","Guardian:Gem_Lightblue"],"picked":"Guardian:Gem_Cyan","floor":23},{"not_picked":["Guardian:RollAttack+1","Guardian:Recover+1"],"picked":"Guardian:Incinerate","floor":23},{"not_picked":["Guardian:WalkerClaw+1","Guardian:TimeBomb"],"picked":"Guardian:Orbwalk","floor":25},{"not_picked":["Guardian:Gem_Cyan","Guardian:EvasiveProtocol"],"picked":"Guardian:FloatingOrbs","floor":27},{"not_picked":["Guardian:FuturePlans","Guardian:TemporalStrike+1"],"picked":"Guardian:DecasProtection","floor":31},{"not_picked":["Guardian:Planning","Guardian:VentSteam"],"picked":"Guardian:CrystalBeam","floor":32},{"not_picked":["Guardian:Gem_Green","Guardian:Gem_Lightblue"],"picked":"Guardian:Gem_Red","floor":33},{"not_picked":["Guardian:StasisStrike","Guardian:BaubleBeam"],"picked":"Guardian:FastForward","floor":33},{"not_picked":["Guardian:Gem_Lightblue","Guardian:Gem_Green"],"picked":"Guardian:Gem_Cyan","floor":36},{"not_picked":["Guardian:Gem_Lightblue","Guardian:VentSteam"],"picked":"Guardian:PrismaticBeam","floor":36},{"not_picked":["expansioncontent:HyperBeam","expansioncontent:YouAreMine"],"picked":"expansioncontent:Chronoboost","floor":38},{"not_picked":["expansioncontent:PolyBeam","expansioncontent:YouAreMine"],"picked":"expansioncontent:AwakenDeath","floor":38},{"not_picked":["Guardian:Gem_Green","Guardian:ChargeCore"],"picked":"Guardian:CrystalBeam","floor":43},{"not_picked":["Guardian:Incinerate+1","Guardian:Recover"],"picked":"Guardian:BodySlam+1","floor":44},{"not_picked":["Guardian:Incinerate+1","Guardian:WalkerClaw"],"picked":"Guardian:Gem_Synthetic","floor":45},{"not_picked":["Guardian:PrismaticBarrier+1","Guardian:FuturePlans"],"picked":"Guardian:ShieldCharger+1","floor":47},{"not_picked":["Guardian:VentSteam+1","Guardian:Suspension+1"],"picked":"Guardian:ShieldSpikes","floor":49}],"player_experience":11591389,"relics_obtained":[{"floor":9,"key":"Letter Opener"},{"floor":12,"key":"White Beast Statue"},{"floor":24,"key":"Happy Flower"},{"floor":39,"key":"Calipers"},{"floor":41,"key":"Bag of Marbles"},{"floor":48,"key":"Centennial Puzzle"}],"event_choices":[{"damage_healed":0,"gold_gain":0,"player_choice":"Fled","damage_taken":0,"max_hp_gain":0,"max_hp_loss":0,"event_name":"Scrap Ooze","floor":14,"gold_loss":0},{"damage_healed":0,"gold_gain":0,"player_choice":"Ignored","damage_taken":0,"max_hp_gain":0,"max_hp_loss":0,"event_name":"Vampires","floor":20,"gold_loss":0}],"is_beta":false,"boss_relics":[{"not_picked":["Black Star","Coffee Dripper"],"picked":"Snecko Eye"},{"not_picked":["Runic Dome","Runic Pyramid"],"picked":"SlaversCollar"}],"items_purged_floors":[22],"is_endless":false,"potions_floor_spawned":[9,12,13,15,16,19,21,22,23,25,27,31,32,33,36,39,43,44,45,47,49],"ascension_level":9}}