{"host":"nlh1m2716594vj2h","time":1612651136,"event":{"mods":["AchievementEnabler","BaseMod","Beaked The Cultist","BetterRewards","Downfall","Googly Eyes","Gremlin Mod","Hermit","Hubris","Infinite Spire","Jorbs\u0027s Wanderer Trilogy","Marisa????????","Minty Spire (QoL Compilation)","Replay The Spire","Shop Mod","StSLib","The Animator","The Blackbeard","The Bug Knight","The Cursed","The Gatherer","The Hierophant","The Necromancer","The Poker Player","The Saiyan","The Senshi","The Servant 0.9.4"],"gold_per_floor":[94,94,109,119,194,194,194,209,209,209,220,63,94,108,108,203,203,219,219,208,208,222,222,222,254,307,307,217,228,341,359,359,462,462,507,507,507,507,552,552,714,777,777,842,80,80,101,70,70,70,70,70,12,40,40],"floor_reached":56,"language":"ENG","playtime":6625,"items_purged":["hubris:Despair","stsjorbsmod:Amnesia"],"score":1373,"play_id":"2f0c56cf-bdf5-41e3-9477-26d65f44cf20","local_time":"20210206173856","is_ascension_mode":false,"campfire_choices":[{"floor":6,"key":"REST"},{"floor":10,"key":"RECALL"},{"data":"Saiyan:Fly","floor":15,"key":"SMITH"},{"data":"Saiyan:UltraInstinct","floor":23,"key":"SMITH"},{"data":"Saiyan:SuperSaiyanThree","floor":40,"key":"SMITH"},{"floor":49,"key":"DIG"},{"data":"Saiyan:Rekindle","floor":52,"key":"SMITH"}],"circlet_count":0,"master_deck":["Saiyan:SAIYA_Strike","Saiyan:SAIYA_Strike","Saiyan:SAIYA_Strike","Saiyan:SAIYA_Strike","Saiyan:SAIYA_Defend","Saiyan:SAIYA_Defend","Saiyan:SAIYA_Defend","Saiyan:SAIYA_Defend","Saiyan:EnergyBlast","Saiyan:KaioKen","Saiyan:RuthlessBlow","Saiyan:TurtleShell+1","Saiyan:FingerParry","Saiyan:Taunt","CurseOfTheBell","CurseOfTheBell","Hallucinations","Saiyan:ConcussiveBlow","Saiyan:Quickening","Saiyan:UltraInstinct+1","Saiyan:UltraInstinct+1","Saiyan:Fly+1","Saiyan:MeteorDash+1","Saiyan:SolarFlare","Saiyan:CCCapsule+1","Saiyan:TurtleShell+1","Saiyan:Makankosappo","Saiyan:DragonRadar","Saiyan:Rekindle+1","Saiyan:BackAttack","Saiyan:Flurry","Saiyan:ExtremeSpeed","Saiyan:SuperSaiyanThree+1","Saiyan:PlotArmor+1","Saiyan:SuperSaiyanForm+1","Saiyan:AugmentedBlast","Saiyan:DrainingStrike+1","Saiyan:CCCapsule","Saiyan:KiExplosion","Saiyan:PlotArmor+1","Violence","The Bomb","Saiyan:Flurry+1","Saiyan:ExpandingShockwave+1","Saiyan:WarmUp","Saiyan:Flurry","Saiyan:Flurry","Saiyan:BurningSoul+1"],"relics":["SaiyanSoul","SaiyanHeart","Mummified Hand","hubris:BundleOfHerbs","hubris:Towel","downfall:ExtraCursedBell","Strawberry","InkBottle","hubris:MedicalManual","TungstenRod","Bag of Marbles","Cursed Key","Torii","hubris:Icosahedron","HollowMod:LifeEnderRelic","Blue Doll","Incense Burner","SlaversCollar","infinitespire:EvilPickle","Meat on the Bone","Smiling Mask","Ginger","Medical Kit","hubris:GlazedTorus","HornCleat"],"acts_visited":["Exordium","TheCity","TheBeyond","TheEnding"],"potions_floor_usage":[12,20,25,41,41,48,50,50,55,55],"damage_taken":[{"damage":0,"enemies":"Small Slimes","floor":1,"turns":3},{"damage":0,"enemies":"2 Louse","floor":3,"turns":2},{"damage":0,"enemies":"Jaw Worm","floor":4,"turns":4},{"damage":7,"enemies":"Large Slime","floor":8,"turns":7},{"damage":9,"enemies":"3 Louse","floor":11,"turns":2},{"damage":5,"enemies":"HollowMod:MossKnight","floor":13,"turns":11},{"damage":0,"enemies":"Lots of Slimes","floor":14,"turns":1},{"damage":12,"enemies":"Hexaghost","floor":16,"turns":15},{"damage":0,"enemies":"Chosen","floor":18,"turns":6},{"damage":0,"enemies":"2 Thieves","floor":20,"turns":4},{"damage":6,"enemies":"Snake Plant","floor":22,"turns":5},{"damage":0,"enemies":"HollowMod:Nosk","floor":25,"turns":9},{"damage":11,"enemies":"Centurion and Healer","floor":29,"turns":8},{"damage":9,"enemies":"Sentry and Sphere","floor":30,"turns":9},{"damage":38,"enemies":"Shelled Parasite and Fungi","floor":31,"turns":6},{"damage":2,"enemies":"Pondfish","floor":33,"turns":9},{"damage":14,"enemies":"Orb Walker","floor":35,"turns":3},{"damage":8,"enemies":"3 Darklings","floor":39,"turns":11},{"damage":10,"enemies":"Writhing Mass","floor":41,"turns":4},{"damage":0,"enemies":"Maw","floor":42,"turns":7},{"damage":55,"enemies":"Sphere and 2 Shapes","floor":44,"turns":9},{"damage":2,"enemies":"4 Shapes","floor":47,"turns":5},{"damage":0,"enemies":"HollowMod:SlobberingHusk","floor":48,"turns":11},{"damage":43,"enemies":"infinitespire:MassOfShapes","floor":50,"turns":9},{"damage":27,"enemies":"Shield and Spear","floor":54,"turns":5},{"damage":3,"enemies":"The Heart","floor":55,"turns":11}],"seed_played":"-6245477633004711522","potions_obtained":[{"floor":1,"key":"SmokeBomb"},{"floor":4,"key":"FearPotion"},{"floor":16,"key":"champ:CounterPotion"},{"floor":20,"key":"Explosive Potion"},{"floor":22,"key":"Cursed Concoction"},{"floor":25,"key":"SmokeBomb"},{"floor":33,"key":"DistilledChaos"},{"floor":35,"key":"Fire Potion"},{"floor":42,"key":"Cursed Concoction"},{"floor":48,"key":"Elixir"},{"floor":54,"key":"Swift Potion"}],"is_trial":false,"path_per_floor":["M","?","M","M","?","R","?","M","T","R","M","$","E","M","R","B",null,"M","AVR","M","?","M","R","?","E","T","?","?","M","M","M","R","B",null,"M","AVR","?","?","M","R","M","M","T","M","$","?","M","M","R","B",null,"R","$","E","B",null],"character_chosen":"SAIYAJIN","items_purchased":["Mummified Hand","Saiyan:TurtleShell+1","TheAbacus","Fruit Juice","Saiyan:UltraInstinct","Saiyan:KiExplosion","Ginger","Medical Kit","Saiyan:PlotArmor+1","PowerPotion","Violence","Saiyan:WarmUp","Saiyan:Flurry"],"campfire_rested":1,"item_purchase_floors":[0,0,0,12,12,45,45,45,45,45,45,53,53],"current_hp_per_floor":[43,43,43,45,34,52,64,58,58,58,49,54,56,56,56,46,84,86,86,86,86,84,84,84,85,85,85,85,75,68,30,58,56,94,81,81,81,81,88,88,79,82,82,40,40,40,52,53,53,62,106,106,106,81,106],"gold":40,"neow_bonus":"","is_daily":false,"chose_seed":false,"campfire_upgraded":4,"win_rate":0.0,"timestamp":1612651136,"path_taken":["M","?","M","M","?","R","?","M","T","R","M","$","E","M","R","BOSS","M","AVR","M","?","M","R","?","E","T","?","?","?","M","M","R","BOSS","M","AVR","?","?","M","R","M","?","T","M","$","?","M","M","R","BOSS","R","$","E","BOSS"],"items_purchased_type":["Relic","Card","Relic","Potion","Card","Card","Relic","Relic","Card","Potion","Card","Card","Card"],"build_version":"2020-12-22","purchased_purges":2,"victory":true,"max_hp_per_floor":[61,61,61,63,63,63,75,76,76,76,76,81,82,82,82,84,84,86,86,86,86,90,90,90,91,91,91,91,92,94,94,94,94,94,95,95,95,95,96,96,97,100,100,101,101,101,103,104,104,106,106,106,106,108,109],"card_choices":[{"not_picked":["Saiyan:Scouter","Saiyan:DragonFist"],"picked":"Saiyan:FingerParry","floor":1},{"not_picked":["Saiyan:PlotArmor","Saiyan:Honing"],"picked":"Saiyan:ExpandingShockwave","floor":3},{"not_picked":["Saiyan:DragonFist","Saiyan:KiExplosion"],"picked":"Saiyan:Taunt","floor":4},{"not_picked":["Saiyan:KameHameHa","Saiyan:TurtleShell"],"picked":"Saiyan:ConcussiveBlow","floor":8},{"not_picked":["Saiyan:PowerUp","Saiyan:KameHameHa"],"picked":"Saiyan:Quickening","floor":11},{"not_picked":["Saiyan:TransfigurationBeam","Saiyan:Endure"],"picked":"Saiyan:Fly","floor":13},{"not_picked":["Saiyan:PowerUp","Saiyan:PlotArmor"],"picked":"Saiyan:MeteorDash","floor":14},{"not_picked":["Saiyan:SenzuBean","Saiyan:GhostAttack"],"picked":"Saiyan:SolarFlare","floor":16},{"not_picked":["Saiyan:Planning+1","Saiyan:Pacing"],"picked":"Saiyan:CCCapsule+1","floor":18},{"not_picked":["Saiyan:BigBangAttack","Saiyan:WarmUp"],"picked":"Saiyan:TurtleShell+1","floor":20},{"not_picked":["Saiyan:LastResort","Saiyan:BackAttack"],"picked":"Saiyan:DragonRadar","floor":22},{"not_picked":["Saiyan:KameHameHa","Saiyan:FingerParry+1"],"picked":"Saiyan:Rekindle","floor":25},{"not_picked":["Saiyan:Endure","Saiyan:TurtleShell"],"picked":"Saiyan:BackAttack","floor":29},{"not_picked":["Saiyan:FingerParry+1","Saiyan:Afterimage+1"],"picked":"Saiyan:Flurry","floor":30},{"not_picked":["Saiyan:MeteorDash","Saiyan:KameHameHa+1"],"picked":"Saiyan:ExtremeSpeed","floor":31},{"not_picked":["Saiyan:MindBoom","Saiyan:TheBomb"],"picked":"Saiyan:SuperSaiyanThree","floor":33},{"not_picked":["Saiyan:UltraInstinct+1","Saiyan:BigBangAttack"],"picked":"Saiyan:PlotArmor+1","floor":35},{"not_picked":["Saiyan:Furor","Saiyan:Expend"],"picked":"Saiyan:SuperSaiyanForm+1","floor":39},{"not_picked":["Saiyan:TurtleShell+1","Saiyan:PlotArmor"],"picked":"Saiyan:AugmentedBlast","floor":41},{"not_picked":["Saiyan:PressOn+1","Saiyan:ConcussiveBlow"],"picked":"Saiyan:DrainingStrike+1","floor":42},{"not_picked":["Saiyan:SoulSpice+1","Saiyan:KiExplosion"],"picked":"Saiyan:CCCapsule","floor":44},{"not_picked":["Jack Of All Trades","Impatience"],"picked":"The Bomb","floor":46},{"not_picked":["Saiyan:TurtleShell+1","Saiyan:DragonFist"],"picked":"Saiyan:Flurry+1","floor":47},{"not_picked":["Saiyan:FingerParry","Saiyan:RemoveWeights"],"picked":"Saiyan:ExpandingShockwave+1","floor":48},{"not_picked":["Saiyan:LastResort+1","Saiyan:PressOn+1"],"picked":"Saiyan:BurningSoul+1","floor":54}],"player_experience":463862,"relics_obtained":[{"floor":7,"key":"Strawberry"},{"floor":7,"key":"InkBottle"},{"floor":7,"key":"hubris:MedicalManual"},{"floor":9,"key":"TungstenRod"},{"floor":13,"key":"Bag of Marbles"},{"floor":25,"key":"HollowMod:LifeEnderRelic"},{"floor":26,"key":"Blue Doll"},{"floor":49,"key":"hubris:GlazedTorus"},{"floor":54,"key":"HornCleat"}],"event_choices":[{"damage_healed":0,"gold_gain":75,"player_choice":"Gather Gold","damage_taken":11,"max_hp_gain":0,"max_hp_loss":0,"event_name":"World of Goop","floor":5,"gold_loss":0},{"damage_healed":0,"gold_gain":0,"player_choice":"Read","damage_taken":0,"max_hp_gain":0,"max_hp_loss":0,"event_name":"The Library","floor":21,"gold_loss":0,"cards_obtained":["Saiyan:Makankosappo"]},{"damage_healed":0,"gold_gain":0,"player_choice":"Opened","damage_taken":0,"relics_obtained":["Incense Burner"],"max_hp_gain":0,"max_hp_loss":0,"event_name":"The Mausoleum","floor":27,"gold_loss":0,"cards_obtained":["Writhe"]},{"cards_removed":["Writhe"],"damage_healed":0,"gold_gain":0,"player_choice":"Upgrade and Remove","damage_taken":0,"max_hp_gain":0,"max_hp_loss":0,"event_name":"Designer","floor":28,"gold_loss":90,"cards_upgraded":["Saiyan:MeteorDash"]},{"damage_healed":0,"gold_gain":0,"player_choice":"Ignored","damage_taken":0,"max_hp_gain":0,"max_hp_loss":0,"event_name":"Tomb of Lord Red Mask","floor":37,"gold_loss":0},{"cards_removed":["Saiyan:ExpandingShockwave"],"damage_healed":0,"gold_gain":0,"player_choice":"Gave Card","damage_taken":0,"relics_obtained":["Smiling Mask"],"max_hp_gain":0,"max_hp_loss":0,"event_name":"WeMeetAgain","floor":38,"gold_loss":0},{"damage_healed":0,"gold_gain":0,"player_choice":"Memory 1","damage_taken":0,"max_hp_gain":0,"max_hp_loss":0,"event_name":"SensoryStone","floor":46,"gold_loss":0}],"is_beta":false,"boss_relics":[{"not_picked":["Black Star","hubris:BlackHole"],"picked":"Cursed Key"},{"not_picked":["hubris:VirtuousBlindfold","beaked:SacredDeck"],"picked":"SlaversCollar"}],"items_purged_floors":[36,45],"is_endless":false,"potions_floor_spawned":[1,4,16,20,22,25,33,35,42,48,54],"ascension_level":0}}