{"host":"htqwg582tjjtn9p7","time":1612641846,"event":{"mods":["2.2 Compatiblity","AchievementEnabler","Act Like it!","Aspiration","BaseMod","Better Third Choice","Colored Map","Conspire","Curses Come First","Displayed Cursed Tome","Energized Spire","Force Act Four","Fox Events","GifTheSpireLib","Hermit","Highlight Path","JesterMod","Mad Scientist","Minty Spire (QoL Compilation)","Pale of the Ancients","Permanent Neow","Random Character Button","Relic Stats","Reliquary","Replay The Spire","Robot Space Explorer","Somnambulant","Spicy Shops","Spikes Relics","StSLib","Stuff the Spire","The Blue Laboratory","The Bug Knight","The Forsaken","The Gatherer","The Judge","The Jungle","The Marked","The Runesmith","The Servant 0.9.4","Uncapped"],"gold_per_floor":[115,115,115,134,149,181,181,181,181,214,214,51,51,62,62,133,133,148,72,84,94,94,94,122,154,166,212,224,87,101,118,118,195,195,209,54,54,67,85,85,85,85,154,154,186,186,186,218,218,218,234,252,287,336,336,348,348,46,46,46],"floor_reached":61,"language":"ENG","playtime":3465,"items_purged":["Injury","Injury"],"score":2451,"play_id":"b8d01648-99ba-4e25-baaa-b30aa18fcada","local_time":"20210206210406","is_ascension_mode":true,"campfire_choices":[{"floor":7.0,"key":"REST"},{"floor":11.0,"key":"REST"},{"data":"ReplayTheSpireMod:Scrap Shanks","floor":13.0,"key":"SMITH"},{"floor":15.0,"key":"REST"},{"data":"Noxious Fumes","floor":23.0,"key":"SMITH"},{"floor":28.0,"key":"REST"},{"floor":32.0,"key":"DIG"},{"data":"Footwork","floor":40.0,"key":"SMITH"},{"data":"Noxious Fumes","floor":44.0,"key":"SMITH"},{"data":"StuffTheSpire:BrainWave","floor":47,"key":"SMITH"},{"data":"Blur","floor":49,"key":"SMITH"},{"data":"ReplayTheSpireMod:Scrap Shanks","floor":55,"key":"SMITH"},{"floor":57,"key":"RECALL"}],"circlet_count":0,"master_deck":["AscendersBane","conspire:GhostlyStrike","conspire:GhostlyStrike","conspire:GhostlyStrike","conspire:GhostlyStrike","conspire:GhostlyStrike","conspire:GhostlyDefend+1","conspire:GhostlyDefend+1","conspire:GhostlyDefend+1","conspire:GhostlyDefend+1","conspire:GhostlyDefend+1","Survivor","Neutralize","ReplayTheSpireMod:From All Sides","Blade Dance","ReplayTheSpireMod:The Works","Blur+1","ReplayTheSpireMod:Scrap Shanks+1","Bouncing Flask+1","Footwork+1","Cloak And Dagger+1","Noxious Fumes+1","StuffTheSpire:DoubleShiv+1","Backflip+1","Blade Dance+1","Injury","Hidden Blade+1","ReplayTheSpireMod:Scrap Shanks","Cloak And Dagger+1","Hidden Blade+1","Venomology+1","Hidden Blade+1","Noxious Fumes+1","Venomology+1","StuffTheSpire:BrainWave+1","Prepared+1","Prepared+1","Acrobatics+1","ReplayTheSpireMod:Scrap Shanks+1","conspire:DoublingDagger+1","Calculated Gamble+1"],"relics":["Ring of the Snake","Orichalcum","Toxic Egg 2","Replay:Ringing Soul","WingedGreaves","Snecko Scales","Replay:Bottled Eggs","MawBank","ShockBauble","aspiration:ChemicalBlood","Toy Ornithopter","aspiration:SneckoTail","Sandwich","Snake Skull","reliquary:TridentHead","Akabeko","paleoftheancients:Timepiece","paleoftheancients:KeyRelic","Coffee Dripper","Gremlin Horn","paleoftheancients:SoulOfTheShapes","BicycleWheel","Blood Vial","ReplayTheSpireMod:Ninjato"],"acts_visited":["Exordium","TheCity","TheBeyond","TheBeyond"],"potions_floor_usage":[48,50,50,51,51,52,52,56,56,56,60],"damage_taken":[{"damage":1.0,"enemies":"Small Slimes","floor":1.0,"turns":6.0},{"damage":0.0,"enemies":"2 Louse","floor":4.0,"turns":2.0},{"damage":1.0,"enemies":"conspire:RoseBush","floor":5.0,"turns":7.0},{"damage":38.0,"enemies":"Gremlin Nob","floor":6.0,"turns":6.0},{"damage":25.0,"enemies":"Replay:BlueRogue","floor":10.0,"turns":14.0},{"damage":8.0,"enemies":"3 Louse","floor":14.0,"turns":5.0},{"damage":26.0,"enemies":"The Guardian","floor":16.0,"turns":12.0},{"damage":0.0,"enemies":"Chosen","floor":18.0,"turns":4.0},{"damage":14.0,"enemies":"conspire:FuzzyDice","floor":20.0,"turns":6.0},{"damage":0.0,"enemies":"Snake Plant","floor":21.0,"turns":6.0},{"damage":13.0,"enemies":"Book of Stabbing","floor":24.0,"turns":6.0},{"damage":12.0,"enemies":"Centurion and Healer","floor":25.0,"turns":5.0},{"damage":12.0,"enemies":"Slavers","floor":27.0,"turns":5.0},{"damage":6.0,"enemies":"conspire:HollyBat","floor":30.0,"turns":5.0},{"damage":4.0,"enemies":"Snecko","floor":31.0,"turns":5.0},{"damage":2.0,"enemies":"Automaton","floor":33.0,"turns":8.0},{"damage":5.0,"enemies":"3 Darklings","floor":35.0,"turns":5.0},{"damage":3.0,"enemies":"3 Shapes","floor":38.0,"turns":7.0},{"damage":5.0,"enemies":"Spire Growth","floor":39.0,"turns":4.0},{"damage":1.0,"enemies":"Nemesis","floor":45.0,"turns":5.0},{"damage":0,"enemies":"HollowMod:StalkingDevout","floor":48,"turns":3},{"damage":0,"enemies":"conspire:OrnateMirror","floor":50,"turns":11},{"damage":6,"enemies":"conspire:OrnateMirror","floor":51,"turns":7},{"damage":15,"enemies":"conspire:OrnateMirror","floor":52,"turns":4},{"damage":0,"enemies":"conspire:MimicChest","floor":53,"turns":3},{"damage":19,"enemies":"conspire:MimicChest","floor":56,"turns":3},{"damage":0,"enemies":"paleoftheancients:N","floor":60,"turns":2}],"seed_played":"-7369297064544102466","potions_obtained":[{"floor":5.0,"key":"blueLaboratory:BlinkPotion"},{"floor":14.0,"key":"blueLaboratory:TrueEctoplasm"},{"floor":27.0,"key":"Elixir"},{"floor":30.0,"key":"blueLaboratory:CorrosionFlask"},{"floor":31.0,"key":"GhostInAJar"},{"floor":33.0,"key":"SkillPotion"},{"floor":38.0,"key":"Block Potion"},{"floor":45,"key":"BlessingOfTheForge"},{"floor":52,"key":"Dexterity Potion"}],"is_trial":false,"path_per_floor":["M","?","?","M","M","E","R","?","T","E","R","$","R","M","R","B",null,"M","$","M","M","?","R","E","M","T","E","R","$","M","M","R_BF","B",null,"M","$","?","M","M","R","?","R","T","R","E","?","R","E","R","B","M","M","?","T","R","M","R","$","?","B",null],"character_chosen":"THE_SILENT","items_purchased":["Footwork","Poison Potion","StuffTheSpire:DoubleShiv+1","Toy Ornithopter","Snake Skull","ReplayTheSpireMod:Ninjato","Calculated Gamble+1"],"campfire_rested":4,"item_purchase_floors":[12,12,19,29,36,58,58],"current_hp_per_floor":[58,58,63,63,62,24,45,45,45,23,45,48,48,43,67,41,70,73,76,65,68,71,71,61,52,52,43,74,74,71,72,72,83,103,108,108,92,99,102,102,102,102,102,102,109,106,106,109,109,109,109,110,116,116,116,114,114,117,117,124],"gold":46,"neow_bonus":"ONE_RANDOM_RARE_CARD","is_daily":false,"chose_seed":false,"campfire_upgraded":7,"win_rate":0.0,"timestamp":1612641846,"path_taken":["M","?","?","M","M","E","R","?","T","E","R","$","R","M","R","BOSS","M","$","M","M","?","R","E","M","T","E","R","$","M","M","R_BF","BOSS","M","?","?","?","M","R","?","R","T","R","E","?","R","E","R","BOSS","M","M","?","T","R","M","R","$","?","BOSS"],"items_purchased_type":["Card","Potion","Card","Relic","Relic","Relic","Card"],"build_version":"2020-12-22","purchased_purges":2,"victory":true,"max_hp_per_floor":[66,66,71,71,71,71,71,71,71,74,74,77,77,80,80,80,80,83,86,89,92,95,95,98,101,101,104,104,104,107,107,107,110,110,110,110,110,115,118,118,118,118,118,118,121,106,106,109,109,109,112,115,118,118,118,121,121,124,124,124],"relic_stats":{"Blood Vial":4,"Gremlin Horn":[5,7],"counters":[27,156],"Snake Skull":[131],"Orichalcum":[78],"MawBank":60,"obtain_stats":[{"paleoftheancients:KeyRelic":50,"ShockBauble":26,"ReplayTheSpireMod:Ninjato":58,"aspiration:SneckoTail":32,"Gremlin Horn":50,"Snake Skull":36,"Orichalcum":6,"MawBank":24,"Akabeko":45,"paleoftheancients:SoulOfTheShapes":51,"Sandwich":34,"paleoftheancients:Timepiece":50,"Blood Vial":54,"Replay:Ringing Soul":9,"reliquary:TridentHead":43,"Snecko Scales":17,"WingedGreaves":10,"Coffee Dripper":50,"Toxic Egg 2":8,"Replay:Bottled Eggs":22,"Toy Ornithopter":29,"BicycleWheel":53,"Ring of the Snake":0,"aspiration:ChemicalBlood":27},{"paleoftheancients:KeyRelic":22,"ShockBauble":12,"ReplayTheSpireMod:Ninjato":26,"aspiration:SneckoTail":15,"Gremlin Horn":22,"Snake Skull":17,"Orichalcum":4,"MawBank":11,"Akabeko":20,"paleoftheancients:SoulOfTheShapes":23,"Sandwich":16,"paleoftheancients:Timepiece":22,"Blood Vial":25,"Replay:Ringing Soul":4,"reliquary:TridentHead":19,"Snecko Scales":7,"WingedGreaves":5,"Coffee Dripper":22,"Toxic Egg 2":4,"Replay:Bottled Eggs":10,"Toy Ornithopter":13,"BicycleWheel":25,"Ring of the Snake":0,"aspiration:ChemicalBlood":13},{"paleoftheancients:KeyRelic":137,"ShockBauble":79,"ReplayTheSpireMod:Ninjato":154,"aspiration:SneckoTail":94,"Gremlin Horn":137,"Snake Skull":107,"Orichalcum":21,"MawBank":74,"Akabeko":123,"paleoftheancients:SoulOfTheShapes":144,"Sandwich":102,"paleoftheancients:Timepiece":137,"Blood Vial":151,"Replay:Ringing Soul":21,"reliquary:TridentHead":118,"Snecko Scales":52,"WingedGreaves":35,"Coffee Dripper":137,"Toxic Egg 2":21,"Replay:Bottled Eggs":68,"Toy Ornithopter":84,"BicycleWheel":151,"Ring of the Snake":0,"aspiration:ChemicalBlood":84}],"Toy Ornithopter":56,"Ring of the Snake":[54]},"card_choices":[{"not_picked":["Flying Knee","Draining Mist"],"picked":"Blade Dance","floor":1.0},{"not_picked":["StuffTheSpire:Python","conspire:PoisonWeapons"],"picked":"ReplayTheSpireMod:The Works","floor":4.0},{"not_picked":["StuffTheSpire:Injection","Draining Mist"],"picked":"Blur","floor":5.0},{"not_picked":["Infinite Blades","StuffTheSpire:Sprint"],"picked":"ReplayTheSpireMod:Scrap Shanks","floor":6.0},{"not_picked":["StuffTheSpire:DoubleShiv+1","conspire:PoisonWeapons+1"],"picked":"Bouncing Flask+1","floor":10.0},{"not_picked":["Flying Knee","StuffTheSpire:BrimstoneBlast"],"picked":"Cloak And Dagger+1","floor":14.0},{"not_picked":["Slice","StuffTheSpire:BumpUp"],"picked":"Noxious Fumes","floor":18.0},{"not_picked":["Deadly Poison+1","Poisoned Stab"],"picked":"Backflip+1","floor":20.0},{"not_picked":["Eviscerate","Pace+1"],"picked":"Blade Dance+1","floor":21.0},{"not_picked":["Backstab+1","ReplayTheSpireMod:Exploit Weakness+1"],"picked":"Hidden Blade+1","floor":24.0},{"not_picked":["Flying Knee","Quick Slash"],"picked":"ReplayTheSpireMod:Scrap Shanks","floor":25.0},{"not_picked":["Dagger Throw","Bane"],"picked":"Cloak And Dagger+1","floor":27.0},{"not_picked":["PiercingWail+1","ReplayTheSpireMod:Exploit Weakness+1"],"picked":"Hidden Blade+1","floor":30.0},{"not_picked":["Draining Mist+1","Atom Bomb","Slice"],"picked":"SKIP","floor":31.0},{"not_picked":["Grand Finale","Atom Bomb"],"picked":"Venomology+1","floor":33.0},{"not_picked":["Outmaneuver+1","StuffTheSpire:BumpUp","Poisoned Stab"],"picked":"SKIP","floor":35.0},{"not_picked":["ReplayTheSpireMod:Exploit Weakness+1","Outmaneuver+1"],"picked":"Hidden Blade+1","floor":38.0},{"not_picked":["Deadly Poison+1","Blade Dance+1"],"picked":"Noxious Fumes","floor":39.0},{"not_picked":["StuffTheSpire:Fury+1","Bane+1"],"picked":"Venomology+1","floor":45},{"not_picked":["conspire:DoublingDagger+1","Backflip+1"],"picked":"Prepared+1","floor":48},{"not_picked":["Endless Agony","Bane"],"picked":"Prepared+1","floor":51},{"not_picked":["Cloak And Dagger+1","StuffTheSpire:Injection+1"],"picked":"Acrobatics+1","floor":52},{"not_picked":["Concentrate+1","Outmaneuver+1"],"picked":"ReplayTheSpireMod:Scrap Shanks","floor":53},{"not_picked":["StuffTheSpire:Injection","PiercingWail+1"],"picked":"conspire:DoublingDagger+1","floor":56}],"player_experience":2000738,"relics_obtained":[{"floor":6.0,"key":"Orichalcum"},{"floor":9.0,"key":"Replay:Ringing Soul"},{"floor":10.0,"key":"WingedGreaves"},{"floor":24.0,"key":"MawBank"},{"floor":26.0,"key":"ShockBauble"},{"floor":27.0,"key":"aspiration:ChemicalBlood"},{"floor":32.0,"key":"aspiration:SneckoTail"},{"floor":43.0,"key":"reliquary:TridentHead"},{"floor":45,"key":"Akabeko"},{"floor":51,"key":"paleoftheancients:SoulOfTheShapes"},{"floor":53,"key":"BicycleWheel"},{"floor":54,"key":"Blood Vial"}],"event_choices":[{"damage_healed":0.0,"max_hp_gain":0.0,"max_hp_loss":0.0,"gold_gain":0.0,"event_name":"conspire:LoneGhost","player_choice":"Agree","floor":2.0,"gold_loss":0.0,"damage_taken":0.0},{"damage_healed":0.0,"max_hp_gain":5.0,"max_hp_loss":0.0,"gold_gain":0.0,"event_name":"Big Fish","player_choice":"Donut","floor":3.0,"gold_loss":0.0,"damage_taken":0.0},{"damage_healed":0.0,"max_hp_gain":0.0,"max_hp_loss":0.0,"gold_gain":0.0,"event_name":"Wheel of Change","player_choice":"Damaged","floor":37.0,"gold_loss":0.0,"damage_taken":16.0}],"is_beta":false,"boss_relics":[{"not_picked":["energizedSpire:CursedPentagram","Abe\u0027s Treasure"],"picked":"Snecko Scales"},{"not_picked":["reliquary:Craggleroot","energizedSpire:MagnifyingGlass"],"picked":"Sandwich"}],"items_purged_floors":[12,58],"is_endless":false,"potions_floor_spawned":[5,14,27,30,31,33,38,45,48,52],"ascension_level":15}}