{"host":"2ty4h143nj8vwezc","time":1612634592,"event":{"mods":["BaseMod","Colored Map","Googly Eyes","Highlight Path","Minty Spire (QoL Compilation)","Quick Restart","StSLib"],"gold_per_floor":[112,36,47,47,64,77,95,121,121,140,140,156,182,202,202,277,277,290,290,301,61,78,78,78],"floor_reached":23,"language":"ENG","playtime":1319,"items_purged":["Strike_G"],"score":414,"play_id":"cfd89cbe-940b-452c-96a2-a11451281f7c","local_time":"20210206130312","is_ascension_mode":true,"campfire_choices":[{"floor":11,"key":"REST"},{"floor":15,"key":"REST"}],"circlet_count":0,"master_deck":["AscendersBane","Strike_G","Strike_G","Strike_G","Defend_G","Defend_G","Defend_G","Defend_G","Defend_G","Survivor","Neutralize","Noxious Fumes","Deadly Poison","PiercingWail","Dash","Deadly Poison","Bane+1","Tools of the Trade","CurseOfTheBell","Footwork","Bane+1","Corpse Explosion","Footwork","PiercingWail"],"relics":["Runic Pyramid","Mango","Turnip","Molten Egg 2","Calling Bell","Kunai","Happy Flower","Shovel"],"acts_visited":["TheCity"],"potions_floor_usage":[8,13,13,23],"damage_taken":[{"damage":2,"enemies":"Jaw Worm","floor":1,"turns":5},{"damage":6,"enemies":"Cultist","floor":3,"turns":6},{"damage":3,"enemies":"Small Slimes","floor":5,"turns":4},{"damage":7,"enemies":"Looter","floor":6,"turns":4},{"damage":15,"enemies":"3 Louse","floor":7,"turns":4},{"damage":13,"enemies":"Lagavulin","floor":8,"turns":8},{"damage":1,"enemies":"2 Fungi Beasts","floor":10,"turns":4},{"damage":5,"enemies":"Large Slime","floor":12,"turns":6},{"damage":4,"enemies":"3 Sentries","floor":13,"turns":7},{"damage":11,"enemies":"3 Louse","floor":14,"turns":5},{"damage":33,"enemies":"Hexaghost","floor":16,"turns":10},{"damage":26,"enemies":"3 Byrds","floor":18,"turns":7},{"damage":4,"enemies":"Chosen","floor":20,"turns":6},{"damage":11,"enemies":"Snecko","floor":22,"turns":7},{"damage":24,"enemies":"Slavers","floor":23,"turns":2}],"seed_played":"306313406473850086","potions_obtained":[{"floor":3,"key":"Weak Potion"},{"floor":5,"key":"BlessingOfTheForge"},{"floor":7,"key":"Dexterity Potion"},{"floor":8,"key":"AttackPotion"},{"floor":22,"key":"SkillPotion"}],"is_trial":false,"path_per_floor":["M","$","M","?","M","M","M","E","T","M","R","M","E","M","R","B",null,"M","?","M","$","M","E"],"character_chosen":"THE_SILENT","items_purchased":["Noxious Fumes","Corpse Explosion","Footwork"],"campfire_rested":2,"item_purchase_floors":[2,21,21],"current_hp_per_floor":[57,57,51,51,48,41,26,27,27,26,50,45,41,30,54,21,65,39,39,35,35,24,0,0],"gold":78,"neow_bonus":"BOSS_RELIC","is_daily":false,"chose_seed":false,"campfire_upgraded":0,"win_rate":0.0,"timestamp":1612634592,"path_taken":["M","$","M","?","M","M","M","E","T","M","R","M","E","M","R","BOSS","M","?","?","$","M","E"],"items_purchased_type":["Card","Card","Card"],"build_version":"2020-12-22","purchased_purges":1,"victory":false,"max_hp_per_floor":[66,66,66,66,66,66,66,80,80,80,80,80,80,80,80,80,80,80,80,80,80,80,80,80],"card_choices":[{"not_picked":["Sucker Punch","Outmaneuver","Leg Sweep"],"picked":"SKIP","floor":1},{"not_picked":["Dagger Throw","Underhanded Strike","Poisoned Stab"],"picked":"SKIP","floor":3},{"not_picked":["Sucker Punch","Bane","Underhanded Strike"],"picked":"SKIP","floor":5},{"not_picked":["Tactician","Backflip"],"picked":"Deadly Poison","floor":6},{"not_picked":["Distraction","Sucker Punch"],"picked":"PiercingWail","floor":7},{"not_picked":["A Thousand Cuts","Underhanded Strike","Dagger Throw"],"picked":"SKIP","floor":8},{"not_picked":["Sucker Punch","Masterful Stab"],"picked":"Dash","floor":10},{"not_picked":["Blade Dance","Outmaneuver"],"picked":"Deadly Poison","floor":12},{"not_picked":["Skewer+1","Glass Knife+1"],"picked":"Bane+1","floor":13},{"not_picked":["Poisoned Stab+1","Underhanded Strike+1","Dagger Throw+1"],"picked":"SKIP","floor":14},{"not_picked":["Phantasmal Killer","Grand Finale+1"],"picked":"Tools of the Trade","floor":16},{"not_picked":["Dagger Throw+1","Deadly Poison"],"picked":"Footwork","floor":18},{"not_picked":["Choke+1","Dodge and Roll+1"],"picked":"Bane+1","floor":20},{"not_picked":["Backstab+1","Well Laid Plans"],"picked":"PiercingWail","floor":22}],"player_experience":355336,"relics_obtained":[{"floor":8,"key":"Mango"},{"floor":9,"key":"Turnip"},{"floor":13,"key":"Molten Egg 2"},{"floor":17,"key":"Kunai"},{"floor":17,"key":"Happy Flower"},{"floor":17,"key":"Shovel"}],"event_choices":[{"damage_healed":0,"gold_gain":0,"player_choice":"Ignored","damage_taken":0,"max_hp_gain":0,"max_hp_loss":0,"event_name":"Golden Wing","floor":4,"gold_loss":0},{"cards_removed":["Strike_G"],"damage_healed":0,"gold_gain":0,"player_choice":"Purged","damage_taken":0,"max_hp_gain":0,"max_hp_loss":0,"event_name":"Purifier","floor":19,"gold_loss":0}],"is_beta":false,"boss_relics":[{"not_picked":["Ectoplasm","Pandora\u0027s Box"],"picked":"Calling Bell"}],"items_purged_floors":[21],"is_endless":false,"potions_floor_spawned":[3,5,7,8,12,22],"killed_by":"Slavers","ascension_level":20}}