{"host":"mnlj73t2ynwgq04b","time":1612625659,"event":{"mods":["100% Spire Juice","Act Like it!","AlwaysNeverKeys","BaseMod","CapriCore","Colored Map","Colored Powertips","FoggyMod","Gensokyo","GifTheSpireLib","Googly Eyes","HexUI Lib","KinomotoSakuraMod(ƒæ÷Æ±æ”£)","Marisa£®ÏF”Í°°ƒß¿Ì…≥£©","Minty Spire (QoL Compilation)","MostiFishMod","Permanent Neow","Quick Restart","Rare Cards Sparkle","Red Circlet Mod","Reimu£®≤©¿ˆ¡È√Œ£©","Relic Filter Mod","Remilia£®¿Ÿ√◊¿Ú—«£©","Shop Mod","Spicy Shops","StSLib","The Immortal","The Senshi","Yakumo Yukari mod","°æπ¶ƒ‹Mod°øªÏ„Á÷Æª∑–ﬁ∏¥≤π∂°","ÛÙª÷∏ƒœ"],"gold_per_floor":[111,41,41,59,59,87,87,12,12,23,23,23,74,108,108,210,210,226,226,326,326,326,60,18,49,49,83,20,54,72,22,22,117,117,130,142,142,142,142,167,167,187,212,224,236,248,291,313,325,337,349,72,35,70,70],"floor_reached":56,"language":"ZHS","playtime":2409,"items_purged":["ClowCardTheSword","ClowCardTheWood","ClowCardTheShield","ClowCardTheBig+1"],"score":1763,"play_id":"84ea3ca0-35db-44fd-832e-846381eae725","local_time":"20210206233419","is_ascension_mode":false,"campfire_choices":[{"data":"ClowCardTheRain","floor":15.0,"key":"SMITH"},{"data":"ClowCardTheFly","floor":32,"key":"SMITH"},{"data":"ClowCardTheGlow","floor":45,"key":"SMITH"},{"data":"ClowCardTheThunder","floor":49,"key":"SMITH"}],"circlet_count":0,"master_deck":["SakuraCardTheLight+","SakuraCardTheFight+","ClowCardTheSword+1","ClowCardTheShield+1","SpellCardSeal","SpellCardRelease","ClowCardTheFlower+1","ClowCardTheRain+1","ClowCardTheFly+1","ClowCardTheGlow+1","ClowCardTheWave+1","Gensokyo:Dawn+1","ClowCardTheLoop+1","ClowCardTheThunder+1","Doubt","ClowCardTheWave+1"],"relics":["KSMOD_SealedBook","KSMOD_SealedWand","DaveBox","PatriotShield","SynthV:TestCard","Torii","Kunai","Gensokyo:LunaticRedEyes","Gensokyo:Mercy","Oddly Smooth Stone","Frozen Egg 2","RhineFirstAidKit","Gensokyo:ChorusOfJoy","PureWhite:ReiMu","Membership Card","MerchantsRug","theSenshi:SailorFukuRelic","Mastiff:ReiMu","TungstenRod","Mercury Hourglass","Centennial Puzzle","Thread and Needle","Sozu","KSMOD_Cerberus","KSMOD_TeddyBear","MawBank","Gensokyo:DualWield","theSenshi:FeatherClipsRelic","Pen Nib","Ornamental Fan","PreservedInsect","KSMOD_TouyasBicycle","MostiFishMod:AdaptiveDefenses","KSMOD_TaoistSuit","Sundial"],"acts_visited":["Gensokyo:Gensokyo","Gensokyo:Gensokyoer","Gensokyo:Gensokyoest","TheEnding"],"potions_floor_usage":[],"damage_taken":[{"damage":0.0,"enemies":"Gensokyo:Gryphon","floor":1.0,"turns":3.0},{"damage":0.0,"enemies":"Gensokyo:3_Fairies","floor":4.0,"turns":4.0},{"damage":0.0,"enemies":"Gensokyo:Mamizou","floor":6.0,"turns":3.0},{"damage":0.0,"enemies":"Gensokyo:2_Kodama","floor":10.0,"turns":3.0},{"damage":8.0,"enemies":"Gensokyo:Cirno","floor":14.0,"turns":7.0},{"damage":4.0,"enemies":"Gensokyo:Yukari","floor":16.0,"turns":2.0},{"damage":3.0,"enemies":"Gensokyo:2_Gloops","floor":18.0,"turns":3.0},{"damage":34.0,"enemies":"Gensokyo:2_Gloops","floor":20.0,"turns":5.0},{"damage":0,"enemies":"Gensokyo:Koishi","floor":25,"turns":3},{"damage":0,"enemies":"Gensokyo:Tenshi","floor":27,"turns":1},{"damage":0,"enemies":"Gensokyo:Koishi","floor":29,"turns":1},{"damage":0,"enemies":"Gensokyo:3_Dogs","floor":30,"turns":1},{"damage":25,"enemies":"Gensokyo:Kaguya","floor":33,"turns":7},{"damage":0,"enemies":"Gensokyo:AncientGuardian","floor":35,"turns":1},{"damage":0,"enemies":"Gensokyo:3_Bats","floor":36,"turns":1},{"damage":0,"enemies":"Gensokyo:Marisa","floor":40,"turns":2},{"damage":0,"enemies":"Gensokyo:SeedOfUnknown","floor":42,"turns":1},{"damage":1,"enemies":"Gensokyo:SeedOfUnknown","floor":44,"turns":4},{"damage":0,"enemies":"Gensokyo:Doremy","floor":47,"turns":1},{"damage":0,"enemies":"Gensokyo:3_Boulders","floor":48,"turns":1},{"damage":1,"enemies":"Gensokyo:Shinki","floor":50,"turns":4},{"damage":0,"enemies":"Shield and Spear","floor":54,"turns":1},{"damage":0,"enemies":"The Heart","floor":55,"turns":3}],"seed_played":"6147780672624037697","potions_obtained":[{"floor":1.0,"key":"Strength Potion"},{"floor":4.0,"key":"PanachePotion"},{"floor":20.0,"key":"LiquidBronze"},{"floor":25,"key":"SneckoOil"}],"is_trial":false,"path_per_floor":["M","?","?","M","?","E","?","$","T","M","?","?","T","E","R","B",null,"M","?","?","?","?","R","$","E","T","E","$","E","M","?","R","B",null,"M","M","?","?","?","E","?","M","T","?","R","?","E","M","R","B",null,"R","$","E","B",null],"character_chosen":"KINOMOTOSAKURA","items_purchased":["Membership Card","MerchantsRug","theSenshi:SailorFukuRelic","Centennial Puzzle","Ornamental Fan","PreservedInsect","KSMOD_TouyasBicycle","Dodecahedron","MostiFishMod:AdaptiveDefenses","KSMOD_TaoistSuit"],"campfire_rested":0,"item_purchase_floors":[23,23,24,28,52,52,52,52,53,53],"current_hp_per_floor":[70,70,70,70,70,70,70,70,70,70,70,70,70,62,62,58,70,67,67,33,33,33,33,33,33,33,70,70,70,70,77,77,52,77,77,77,67,38,38,77,77,77,77,77,77,77,77,77,77,77,77,77,77,77,77],"gold":70,"neow_bonus":"ONE_RANDOM_RARE_CARD","is_daily":false,"chose_seed":false,"campfire_upgraded":4,"win_rate":0.0,"timestamp":1612625659,"path_taken":["M","?","?","?","?","E","?","?","T","?","?","?","?","E","R","BOSS","M","?","?","?","?","R","?","E","T","E","$","E","?","?","R","BOSS","M","?","?","?","?","E","?","?","T","?","R","?","E","?","R","BOSS","R","$","E","BOSS"],"items_purchased_type":["Relic","Relic","Relic","Relic","Relic","Relic","Relic","Relic","Relic","Relic"],"build_version":"2020-12-22","purchased_purges":4,"victory":true,"max_hp_per_floor":[70,70,70,70,70,70,70,70,70,70,70,70,70,70,70,70,70,70,70,70,70,70,70,70,70,70,70,70,70,70,77,77,77,77,77,77,77,77,77,77,77,77,77,77,77,77,77,77,77,77,77,77,77,77,77],"card_choices":[{"not_picked":["ClowCardTheFloat","ClowCardTheMist"],"picked":"ClowCardTheFlower","floor":1.0},{"not_picked":["ClowCardTheIllusion","ClowCardTheJump","ClowCardTheVoice","ClowCardTheLibra","ClowCardTheMove"],"picked":"SKIP","floor":4.0},{"not_picked":["ClowCardTheMaze","ClowCardTheSong","ClowCardTheLibra","ClowCardTheLock"],"picked":"ClowCardTheFight","floor":5.0},{"not_picked":["ClowCardTheArrow","ClowCardTheWindy","ClowCardTheLibra","ClowCardTheVoice"],"picked":"ClowCardThePower","floor":6.0},{"not_picked":["ClowCardTheWave","ClowCardTheLock","ClowCardTheLittle","ClowCardTheSleep"],"picked":"ClowCardTheRain","floor":10.0},{"not_picked":["ClowCardTheLoop+1","ClowCardTheTime","ClowCardTheBig+1","ClowCardTheFirey","ClowCardTheSweet"],"picked":"SKIP","floor":14.0},{"not_picked":["ClowCardTheDark+1","ClowCardTheDash","ClowCardTheTwin+1","ClowCardTheTime"],"picked":"ClowCardTheLight+1","floor":16.0},{"not_picked":["ClowCardTheMist","ClowCardTheLittle+1","ClowCardTheRain","ClowCardTheIllusion"],"picked":"ClowCardTheWood","floor":18.0},{"not_picked":["ClowCardTheShadow","ClowCardTheDream","ClowCardTheVoice+1","ClowCardTheSnow"],"picked":"ClowCardTheFly","floor":20.0},{"not_picked":["ClowCardTheArrow+1","ClowCardTheShot","ClowCardTheSilent+1","ClowCardTheShadow+1"],"picked":"ClowCardTheReturn+1","floor":25},{"not_picked":["ClowCardTheChange","ClowCardThePower","ClowCardTheMist","ClowCardTheSleep+1"],"picked":"ClowCardTheGlow","floor":27},{"not_picked":["ClowCardTheMaze","ClowCardTheSleep","ClowCardTheBig+1","ClowCardTheVoice"],"picked":"ClowCardTheWave+1","floor":29},{"not_picked":["ClowCardTheWood","ClowCardTheEarthy+1","ClowCardTheCloud","ClowCardTheMaze+1","ClowCardTheSong"],"picked":"SKIP","floor":30},{"not_picked":["ClowCardTheReturn+1","ClowCardTheDark+1","ClowCardTheFight","ClowCardTheTime"],"picked":"ClowCardTheCreate","floor":33},{"not_picked":["ClowCardTheMove+1","ClowCardTheMaze+1","ClowCardTheRain","ClowCardTheCloud+1","ClowCardTheMist"],"picked":"SKIP","floor":35},{"not_picked":["ClowCardThePower","ClowCardTheLittle+1","ClowCardTheBig+1","ClowCardTheLoop+1","ClowCardTheRain"],"picked":"SKIP","floor":36},{"not_picked":["ClowCardTheReturn+1","ClowCardTheSilent","ClowCardTheIllusion","ClowCardTheDream+1","ClowCardTheLibra+1"],"picked":"SKIP","floor":40},{"not_picked":["ClowCardTheWatery+1","ClowCardTheFreeze+1","ClowCardTheIllusion+1","ClowCardTheMirror","ClowCardTheChange"],"picked":"SKIP","floor":42},{"not_picked":["Gensokyo:RisingWorld+1","Gensokyo:RainbowDanmaku+1"],"picked":"Gensokyo:Dawn+1","floor":44},{"not_picked":["ClowCardTheGlow","ClowCardTheMist","ClowCardThePower+1","ClowCardTheFlower+1"],"picked":"ClowCardTheLoop+1","floor":47},{"not_picked":["ClowCardTheMove","ClowCardTheWatery+1","ClowCardTheSilent+1","ClowCardTheIllusion+1"],"picked":"ClowCardTheThunder","floor":48},{"not_picked":["ClowCardTheIllusion+1","ClowCardTheArrow+1","ClowCardTheErase","ClowCardTheMaze+1"],"picked":"ClowCardTheWave+1","floor":54}],"player_experience":77266,"relics_obtained":[{"floor":1.0,"key":"SynthV:TestCard"},{"floor":6.0,"key":"Torii"},{"floor":9.0,"key":"Kunai"},{"floor":13.0,"key":"Oddly Smooth Stone"},{"floor":14.0,"key":"Frozen Egg 2"},{"floor":20.0,"key":"Dead Branch"},{"floor":20.0,"key":"PureWhite:ReiMu"},{"floor":25,"key":"Mastiff:ReiMu"},{"floor":26,"key":"TungstenRod"},{"floor":27,"key":"Mercury Hourglass"},{"floor":29,"key":"Thread and Needle"},{"floor":40,"key":"KSMOD_TeddyBear"},{"floor":43,"key":"MawBank"},{"floor":47,"key":"theSenshi:FeatherClipsRelic"},{"floor":47,"key":"Pen Nib"},{"floor":54,"key":"Sundial"}],"event_choices":[],"is_beta":false,"boss_relics":[{"not_picked":["Pandora\u0027s Box","FixedStarFall"],"picked":"RhineFirstAidKit"},{"not_picked":["TimeKeys","RhineSuit"],"picked":"Sozu"}],"items_purged_floors":[8,23,24,28],"is_endless":false,"potions_floor_spawned":[1,4,20,25,35,42,47],"ascension_level":0}}