{"host":"q93rjlrw0j2mc0ku","time":1612592656,"event":{"mods":["BaseMod","Better Altar","Better Match","Better Note","Better Sensory Stone","Better Skull","Better Third Choice","Better Vampires","BetterRewards","Bossed Relics","Colored Map","Conspire","Downfall","Evolution","Grow up Mod","Hubris","Infinite Spire","Minty Spire (QoL Compilation)","Permanent Neow","Poor People Problems","Relic Stats","Reliquary","Replay The Spire","Shop Mod","StSLib","The Alterego","The Construct","Uncapped","Waifu the Spire"],"gold_per_floor":[114,130,130,141,164,203,203,240,240,240,240],"floor_reached":10,"language":"ENG","playtime":2476,"items_purged":["construct:AttackMode","Regret"],"score":156,"play_id":"3551d1e2-248b-4485-afb9-8580b95894cb","local_time":"20210205222416","is_ascension_mode":true,"campfire_choices":[],"circlet_count":0,"master_deck":["construct:ScrapCannon","construct:ScrapCannon","construct:Strike_Gold","construct:Strike_Gold","construct:Strike_Gold","construct:Defend_Gold","construct:Defend_Gold+1","construct:Defend_Gold","construct:Defend_Gold+1","construct:Defend_Gold","construct:DefenseMode+1","construct:Autoturret","construct:ChargeShot","construct:BlazingSpeed","hubris:Greed","construct:Autoturret","construct:Autoturret","construct:PanicFire"],"relics":["construct:ClockworkPhoenix","EVO:Axolotl","Membership Card","MerchantsRug","War Paint","Replay:Bottled Snecko","reliquary:IridiumChain"],"acts_visited":["Exordium"],"potions_floor_usage":[],"damage_taken":[{"damage":8,"enemies":"Small Slimes","floor":1,"turns":8},{"damage":0,"enemies":"Jaw Worm","floor":2,"turns":30},{"damage":15,"enemies":"Cultist","floor":5,"turns":6},{"damage":54,"enemies":"3 Sentries","floor":6,"turns":23},{"damage":0,"enemies":"Lagavulin","floor":8,"turns":14},{"damage":82,"enemies":"Gremlin Nob","floor":10,"turns":7}],"seed_played":"6403348953312561667","potions_obtained":[{"floor":2,"key":"Fire Potion"},{"floor":6,"key":"conspire:TimeTravelPotion"},{"floor":8,"key":"champ:CounterPotion"}],"is_trial":false,"path_per_floor":["M","M","?","$","M","E","?","E","T","E"],"character_chosen":"THE_CONSTRUCT_MOD","items_purchased":["Membership Card","construct:Autoturret","MerchantsRug","construct:Autoturret"],"campfire_rested":0,"item_purchase_floors":[0,0,0,4],"current_hp_per_floor":[60,70,80,90,85,41,51,61,71,0,0],"gold":240,"neow_bonus":"","is_daily":false,"chose_seed":false,"campfire_upgraded":0,"win_rate":0.0,"timestamp":1612592656,"path_taken":["M","M","?","$","M","E","?","E","T","E"],"items_purchased_type":["Relic","Card","Relic","Card"],"build_version":"2020-12-22","purchased_purges":2,"victory":false,"max_hp_per_floor":[105,115,125,135,145,155,165,175,185,185,185],"relic_stats":{"counters":[33,254],"War Paint":["construct:DefenseMode","construct:Defend_Gold"],"obtain_stats":[{"infinitespire:BottledMercury":41,"hubris:CrystalStatue":26,"EVO:Axolotl":17,"construct:ClockworkPhoenix":0,"Ancient Tea Set":42,"Old Coin":24,"Yang_Lob":2,"Blood Vial":13,"CogitoBucket":0,"alterego_mod:FleetingLove":29,"Centennial Puzzle":43,"hubris:Icosahedron":38,"conspire:DecoderRing":3,"Replay:Bottled Snecko":8,"MerchantsRug":10,"hubris:MobiusCoin":24,"Replay:Towering Pillar of Hats":23,"betterThird:NestCultRelic":31,"hubris:MedicalManual":0,"Omamori":6,"Ring of Greed":24,"War Paint":6,"Replay:Arrowhead":9,"reliquary:IridiumChain":9,"reliquary:RedPaperclip":17,"reliquary:PorcupineQuills":30,"Bird Faced Urn":8,"reliquary:BallBearing":44,"LetterFromLob":1,"hubris:ToyBattleship":4,"construct:MegaBattery":25,"Membership Card":0,"reliquary:WritOfMandamus":34},{"infinitespire:BottledMercury":24,"hubris:CrystalStatue":18,"EVO:Axolotl":14,"construct:ClockworkPhoenix":0,"Ancient Tea Set":24,"Old Coin":17,"Yang_Lob":2,"Blood Vial":12,"CogitoBucket":0,"alterego_mod:FleetingLove":19,"Centennial Puzzle":24,"hubris:Icosahedron":22,"conspire:DecoderRing":29,"Replay:Bottled Snecko":32,"MerchantsRug":10,"hubris:MobiusCoin":17,"Replay:Towering Pillar of Hats":17,"betterThird:NestCultRelic":20,"hubris:MedicalManual":27,"Omamori":9,"Ring of Greed":17,"War Paint":31,"Replay:Arrowhead":10,"reliquary:IridiumChain":32,"reliquary:RedPaperclip":14,"reliquary:PorcupineQuills":20,"Bird Faced Urn":10,"reliquary:BallBearing":25,"LetterFromLob":1,"hubris:ToyBattleship":7,"construct:MegaBattery":18,"Membership Card":27,"reliquary:WritOfMandamus":21},{"infinitespire:BottledMercury":131,"hubris:CrystalStatue":81,"EVO:Axolotl":59,"construct:ClockworkPhoenix":0,"Ancient Tea Set":131,"Old Coin":75,"Yang_Lob":4,"Blood Vial":44,"CogitoBucket":0,"alterego_mod:FleetingLove":85,"Centennial Puzzle":131,"hubris:Icosahedron":108,"conspire:DecoderRing":205,"Replay:Bottled Snecko":247,"MerchantsRug":31,"hubris:MobiusCoin":75,"Replay:Towering Pillar of Hats":75,"betterThird:NestCultRelic":90,"hubris:MedicalManual":169,"Omamori":26,"Ring of Greed":75,"War Paint":233,"Replay:Arrowhead":31,"reliquary:IridiumChain":247,"reliquary:RedPaperclip":59,"reliquary:PorcupineQuills":90,"Bird Faced Urn":31,"reliquary:BallBearing":158,"LetterFromLob":3,"hubris:ToyBattleship":18,"construct:MegaBattery":81,"Membership Card":169,"reliquary:WritOfMandamus":103}]},"card_choices":[{"not_picked":["construct:BatteryAcid","construct:Overcharge","construct:ModeShift"],"picked":"SKIP","floor":1},{"not_picked":["construct:Reinforce","construct:ShiftStrike","construct:FlammableFog"],"picked":"SKIP","floor":2},{"not_picked":["construct:Electrocute","construct:Analyze","construct:ShiftStrike"],"picked":"SKIP","floor":5},{"not_picked":["construct:ModeShift","construct:BlazingSpeed","construct:Anticipate"],"picked":"SKIP","floor":6},{"not_picked":["construct:Backfire","construct:Hazardproof"],"picked":"construct:PanicFire","floor":8}],"player_experience":616568,"relics_obtained":[{"floor":6,"key":"War Paint"},{"floor":8,"key":"Replay:Bottled Snecko"},{"floor":9,"key":"reliquary:IridiumChain"}],"event_choices":[{"damage_healed":0,"gold_gain":0,"player_choice":"Box","damage_taken":0,"relics_obtained":["conspire:DecoderRing"],"max_hp_gain":0,"max_hp_loss":0,"event_name":"Big Fish","floor":3,"gold_loss":0,"cards_obtained":["Regret"]}],"is_beta":false,"boss_relics":[],"items_purged_floors":[0,4],"is_endless":false,"potions_floor_spawned":[2,6,8],"killed_by":"Gremlin Nob","ascension_level":1}}