{"host":"mydft8i2zzydgggw","time":1612599843,"event":{"mods":["AchievementEnabler","BaseMod","BetterRewards","Colored Map","Colored Powertips","DeckTracker","Keyboard Shortcuts","Minty Spire (QoL Compilation)","Rare Cards Sparkle","StSLib","SuperFastMode","everything is the same but u backflip on backflip"],"gold_per_floor":[113,127,144,144,144,144,155,32,57,75,127,137,154,170,170,268,268,283,294,305,319,334,334,334,334],"floor_reached":24,"language":"KOR","playtime":473,"items_purged":["Strike_R"],"score":332,"play_id":"91c3ccce-9ea3-40ed-8070-dc903e72cab6","local_time":"20210206172403","is_ascension_mode":true,"campfire_choices":[{"data":"Feel No Pain","floor":6,"key":"SMITH"},{"data":"Feel No Pain","floor":15,"key":"SMITH"},{"data":"Body Slam","floor":23,"key":"SMITH"}],"circlet_count":0,"master_deck":["Strike_R","Strike_R","Strike_R","Strike_R+1","Defend_R","Defend_R","Defend_R","Defend_R","Bash+1","Fiend Fire","Feel No Pain+1","Hemokinesis","Disarm","Body Slam+1","Shrug It Off","Blood for Blood","Barricade","Feel No Pain+1","Exhume","Second Wind","Armaments","Wild Strike"],"relics":["Burning Blood","Smiling Mask","Pen Nib","Coffee Dripper"],"acts_visited":["Exordium","TheCity"],"potions_floor_usage":[14,14,16,19,21,22],"damage_taken":[{"damage":9,"enemies":"Jaw Worm","floor":1,"turns":3},{"damage":12,"enemies":"2 Louse","floor":2,"turns":3},{"damage":7,"enemies":"Small Slimes","floor":3,"turns":3},{"damage":29,"enemies":"Exordium Thugs","floor":7,"turns":5},{"damage":8,"enemies":"Blue Slaver","floor":10,"turns":4},{"damage":2,"enemies":"Exordium Wildlife","floor":12,"turns":4},{"damage":11,"enemies":"3 Louse","floor":13,"turns":4},{"damage":6,"enemies":"Large Slime","floor":14,"turns":5},{"damage":2,"enemies":"Slime Boss","floor":16,"turns":6},{"damage":39,"enemies":"3 Byrds","floor":18,"turns":8},{"damage":10,"enemies":"Spheric Guardian","floor":19,"turns":6},{"damage":31,"enemies":"Cultist and Chosen","floor":20,"turns":8},{"damage":0,"enemies":"Centurion and Healer","floor":21,"turns":8},{"damage":9,"enemies":"Chosen and Byrds","floor":22,"turns":5},{"damage":15,"enemies":"Snake Plant","floor":24,"turns":2}],"seed_played":"-8152455085657237933","potions_obtained":[{"floor":1,"key":"AttackPotion"},{"floor":2,"key":"Strength Potion"},{"floor":7,"key":"Fire Potion"},{"floor":12,"key":"DuplicationPotion"},{"floor":14,"key":"Block Potion"},{"floor":16,"key":"Dexterity Potion"},{"floor":20,"key":"Swift Potion"},{"floor":21,"key":"Energy Potion"},{"floor":22,"key":"Strength Potion"}],"is_trial":false,"path_per_floor":["M","M","M","?","?","R","M","$","T","M","T","M","M","M","R","B",null,"M","M","M","M","M","R","M"],"character_chosen":"IRONCLAD","items_purchased":["Shrug It Off"],"campfire_rested":0,"item_purchase_floors":[8],"current_hp_per_floor":[69,63,62,46,51,51,28,28,28,26,26,30,25,25,25,29,71,38,34,9,15,12,12,0,0],"gold":334,"neow_bonus":"ONE_RANDOM_RARE_CARD","is_daily":false,"chose_seed":false,"campfire_upgraded":3,"win_rate":0.0,"timestamp":1612599843,"path_taken":["M","M","M","?","?","R","M","$","T","M","?","M","M","M","R","BOSS","M","M","M","M","M","R","M"],"items_purchased_type":["Card"],"build_version":"2020-12-22","purchased_purges":1,"victory":false,"max_hp_per_floor":[80,80,80,80,85,85,85,85,85,85,85,85,85,85,85,85,85,85,85,85,85,85,85,85,85],"card_choices":[{"not_picked":["Iron Wave","Infernal Blade"],"picked":"Feel No Pain","floor":1},{"not_picked":["Flex","Combust"],"picked":"Hemokinesis","floor":2},{"not_picked":["Spot Weakness","Clash"],"picked":"Disarm","floor":3},{"not_picked":["Flex","Pommel Strike"],"picked":"Body Slam","floor":7},{"not_picked":["Warcry","Twin Strike"],"picked":"Blood for Blood","floor":10},{"not_picked":["Cleave","Sever Soul","Seeing Red"],"picked":"SKIP","floor":12},{"not_picked":["Clash","Warcry"],"picked":"Barricade","floor":13},{"not_picked":["Heavy Blade","Inflame"],"picked":"Feel No Pain","floor":14},{"not_picked":["Bludgeon","Fiend Fire"],"picked":"Exhume","floor":16},{"not_picked":["Flex+1","Seeing Red+1","Sword Boomerang"],"picked":"SKIP","floor":18},{"not_picked":["Anger","Dual Wield","Whirlwind"],"picked":"SKIP","floor":19},{"not_picked":["Body Slam","Sentinel"],"picked":"Second Wind","floor":20},{"not_picked":["Disarm","Cleave+1"],"picked":"Armaments","floor":21},{"not_picked":["Havoc","Perfected Strike"],"picked":"Wild Strike","floor":22}],"player_experience":235407,"relics_obtained":[{"floor":9,"key":"Smiling Mask"},{"floor":11,"key":"Pen Nib"}],"event_choices":[{"damage_healed":0,"gold_gain":0,"player_choice":"Entered Light","damage_taken":16,"max_hp_gain":0,"max_hp_loss":0,"event_name":"Shining Light","floor":4,"gold_loss":0,"cards_upgraded":["Bash","Strike_R"]},{"damage_healed":0,"gold_gain":0,"player_choice":"Donut","damage_taken":0,"max_hp_gain":5,"max_hp_loss":0,"event_name":"Big Fish","floor":5,"gold_loss":0}],"is_beta":false,"boss_relics":[{"not_picked":["Calling Bell","Velvet Choker"],"picked":"Coffee Dripper"}],"items_purged_floors":[8],"is_endless":false,"potions_floor_spawned":[1,2,7,12,14,16,20,21,22],"killed_by":"Snake Plant","ascension_level":7}}