{"host":"vx9g5eyuglzorf3u","time":1612590439,"event":{"mods":["2.2 Compatiblity","BaseMod","DeckTracker","Keyboard Shortcuts","Minty Spire (QoL Compilation)","Relic Stats","StSLib","SuperFastMode","everything is the same but u backflip on backflip"],"gold_per_floor":[127,158,182,208,220,259,271,31,85,85,85,102,119,119,119,196,196,206,74,74,74,124,124,149,149,149,160,175,187,187,213,213,290,290,303,119,130,10,21,52,52,0,26,45,45,61,94,107,107,107,107,107,107,2,33,33],"floor_reached":57,"language":"KOR","playtime":1472,"items_purged":["Strike_B","Strike_B","Defend_B+1","Zap+1"],"score":3054,"play_id":"d81c49f1-bdd9-4a1b-a6a9-1749861c32eb","local_time":"20210206144719","is_ascension_mode":true,"campfire_choices":[{"floor":7.0,"key":"REST"},{"data":"Zap","floor":11.0,"key":"SMITH"},{"data":"Dualcast","floor":15.0,"key":"SMITH"},{"floor":23.0,"key":"RECALL"},{"floor":25,"key":"REST"},{"data":"Defend_B","floor":32,"key":"SMITH"},{"floor":41,"key":"REST"},{"floor":49,"key":"REST"},{"floor":53,"key":"REST"}],"circlet_count":0,"master_deck":["AscendersBane","Dualcast+1","Ball Lightning+1","Sweeping Beam+1","Sunder+1","Beam Cell+1","Barrage+1","Static Discharge+1","Self Repair+1","Creative AI+1","Creative AI+1","Storm+1","Coolheaded+1","Static Discharge+1","BootSequence+1","Amplify+1","Echo Form+1","Heatsinks+1","Capacitor+1","Heatsinks+1","Double Energy+1","Panacea+1","Deep Breath+1","Thinking Ahead+1","Heatsinks+1","Defragment+1","Conserve Battery+1"],"relics":["Cracked Core","Molten Egg 2","Toxic Egg 2","Frozen Egg 2","Black Star","Mummified Hand","The Courier","MawBank","Matryoshka","Potion Belt","Smiling Mask","OrangePellets","Sundial","SacredBark","Cables","Bird Faced Urn","Mercury Hourglass","Whetstone","Tiny Chest","Bottled Flame","Runic Pyramid","TheAbacus","Mummified Hand","Boot","Red Mask","DataDisk","StoneCalendar","Pear","Art of War","White Beast Statue"],"acts_visited":["Exordium","TheCity","TheBeyond","TheEnding"],"potions_floor_usage":[51,56,56,56,56],"damage_taken":[{"damage":8.0,"enemies":"Small Slimes","floor":1.0,"turns":3.0},{"damage":1.0,"enemies":"Cultist","floor":2.0,"turns":3.0},{"damage":4.0,"enemies":"2 Louse","floor":3.0,"turns":2.0},{"damage":11.0,"enemies":"Exordium Thugs","floor":4.0,"turns":2.0},{"damage":25.0,"enemies":"3 Sentries","floor":6.0,"turns":4.0},{"damage":0.0,"enemies":"Blue Slaver","floor":12.0,"turns":1.0},{"damage":13.0,"enemies":"Large Slime","floor":13.0,"turns":2.0},{"damage":20.0,"enemies":"Hexaghost","floor":16.0,"turns":6.0},{"damage":1.0,"enemies":"Spheric Guardian","floor":18.0,"turns":3.0},{"damage":29,"enemies":"Slavers","floor":24,"turns":2},{"damage":13,"enemies":"Shell Parasite","floor":27,"turns":3},{"damage":12,"enemies":"Chosen and Byrds","floor":28,"turns":3},{"damage":6,"enemies":"Snecko","floor":29,"turns":3},{"damage":20,"enemies":"Book of Stabbing","floor":31,"turns":3},{"damage":28,"enemies":"Champ","floor":33,"turns":5},{"damage":14,"enemies":"3 Shapes","floor":35,"turns":3},{"damage":0,"enemies":"3 Darklings","floor":37,"turns":2},{"damage":0,"enemies":"Maw","floor":39,"turns":4},{"damage":0,"enemies":"Giant Head","floor":40,"turns":3},{"damage":0,"enemies":"Sphere and 2 Shapes","floor":44,"turns":1},{"damage":7,"enemies":"4 Shapes","floor":46,"turns":1},{"damage":32,"enemies":"Nemesis","floor":47,"turns":3},{"damage":0,"enemies":"Writhing Mass","floor":48,"turns":1},{"damage":0,"enemies":"Donu and Deca","floor":50,"turns":1},{"damage":0,"enemies":"Awakened One","floor":51,"turns":2},{"damage":20,"enemies":"Shield and Spear","floor":55,"turns":2},{"damage":107,"enemies":"The Heart","floor":56,"turns":5}],"seed_played":"-5192727737732755443","potions_obtained":[{"floor":4.0,"key":"Ancient Potion"},{"floor":6.0,"key":"BlessingOfTheForge"},{"floor":12.0,"key":"SteroidPotion"},{"floor":28,"key":"Dexterity Potion"},{"floor":33,"key":"LiquidMemories"},{"floor":35,"key":"FearPotion"},{"floor":55,"key":"FocusPotion"}],"is_trial":false,"path_per_floor":["M","M","M","M","?","E","R","$","T","?","R","M","M","?","R","B",null,"M","$","?","?","?","R","E","R","T","M","M","M","?","E","R","B",null,"M","$","M","$","M","E","R","?","T","M","?","M","E","M","R","B","B",null,"R","$","E","B",null],"character_chosen":"DEFECT","items_purchased":["OrangePellets","Static Discharge+1","Storm+1","Coolheaded+1","TheAbacus","Capacitor+1","Defragment+1","Fire Potion"],"campfire_rested":5,"item_purchase_floors":[8,8,19,19,36,38,54,54],"current_hp_per_floor":[56,55,51,40,40,15,36,36,36,36,36,36,23,23,23,13,57,66,66,66,66,66,66,47,68,68,71,61,71,71,66,66,71,71,63,63,71,71,71,71,71,71,71,71,61,71,71,81,81,81,81,81,81,81,81,28],"gold":33,"neow_bonus":"RANDOM_COMMON_RELIC","is_daily":false,"chose_seed":false,"campfire_upgraded":3,"win_rate":0.0,"timestamp":1612590439,"path_taken":["M","M","M","M","?","E","R","?","T","?","R","?","M","?","R","BOSS","M","$","?","?","?","R","E","R","T","M","M","M","?","E","R","BOSS","M","$","M","$","M","E","R","?","T","M","?","M","E","M","R","BOSS","BOSS","R","$","E","BOSS"],"items_purchased_type":["Relic","Card","Card","Card","Relic","Card","Card","Potion"],"build_version":"2020-12-22","purchased_purges":4,"victory":true,"max_hp_per_floor":[71,71,71,71,71,71,71,71,71,71,71,71,71,71,71,71,71,71,71,71,71,71,71,71,71,71,71,71,71,71,71,71,71,71,71,71,71,71,71,71,71,71,71,71,71,71,81,81,81,81,81,81,81,81,81,81],"relic_stats":{"counters":[27,73],"StoneCalendar":[0],"Whetstone":[],"MawBank":96,"Smiling Mask":160,"Boot":[56],"Cables":[29,27,2,0,0],"Mercury Hourglass":[157],"OrangePellets":[17],"TheAbacus":[318],"Mummified Hand":[364],"Sundial":[38],"Bird Faced Urn":[172],"Tiny Chest":0,"Black Star":6,"Art of War":[0],"obtain_stats":[{"SacredBark":17,"StoneCalendar":47,"Whetstone":26,"Smiling Mask":6,"Boot":40,"Matryoshka":5,"TheAbacus":36,"Mummified Hand":0,"Sundial":9,"Tiny Chest":31,"Red Mask":42,"Toxic Egg 2":0,"Cracked Core":0,"Runic Pyramid":34,"Potion Belt":6,"Pear":47,"The Courier":0,"Frozen Egg 2":0,"MawBank":0,"White Beast Statue":55,"Cables":24,"Mercury Hourglass":26,"OrangePellets":8,"Bottled Flame":31,"DataDisk":43,"Bird Faced Urn":24,"Molten Egg 2":0,"Black Star":0,"Art of War":55},{"SacredBark":8,"StoneCalendar":22,"Whetstone":10,"Smiling Mask":5,"Boot":19,"Matryoshka":4,"TheAbacus":16,"Mummified Hand":0,"Sundial":5,"Tiny Chest":14,"Red Mask":19,"Toxic Egg 2":0,"Cracked Core":0,"Runic Pyramid":15,"Potion Belt":5,"Pear":22,"The Courier":0,"Frozen Egg 2":0,"MawBank":0,"White Beast Statue":26,"Cables":10,"Mercury Hourglass":10,"OrangePellets":5,"Bottled Flame":14,"DataDisk":19,"Bird Faced Urn":10,"Molten Egg 2":0,"Black Star":0,"Art of War":26},{"SacredBark":23,"StoneCalendar":62,"Whetstone":28,"Smiling Mask":14,"Boot":57,"Matryoshka":10,"TheAbacus":48,"Mummified Hand":0,"Sundial":14,"Tiny Chest":40,"Red Mask":57,"Toxic Egg 2":0,"Cracked Core":0,"Runic Pyramid":45,"Potion Belt":14,"Pear":62,"The Courier":0,"Frozen Egg 2":0,"MawBank":0,"White Beast Statue":68,"Cables":28,"Mercury Hourglass":28,"OrangePellets":14,"Bottled Flame":40,"DataDisk":57,"Bird Faced Urn":28,"Molten Egg 2":0,"Black Star":0,"Art of War":68}]},"card_choices":[{"not_picked":["Conserve Battery+1","Gash+1"],"picked":"Ball Lightning+1","floor":1.0},{"not_picked":["Cold Snap+1","Conserve Battery+1"],"picked":"Sweeping Beam+1","floor":2.0},{"not_picked":["Steam Power+1","Barrage+1"],"picked":"Sunder+1","floor":3.0},{"not_picked":["Chill+1","Ball Lightning+1"],"picked":"Beam Cell+1","floor":4.0},{"not_picked":["Ball Lightning+1","Darkness+1"],"picked":"Barrage+1","floor":6.0},{"not_picked":["Coolheaded+1","Darkness+1"],"picked":"Creative AI+1","floor":12.0},{"not_picked":["Auto Shields+1","Go for the Eyes+1","Sweeping Beam+1"],"picked":"SKIP","floor":13.0},{"not_picked":["Machine Learning+1","Rainbow+1"],"picked":"Creative AI+1","floor":16.0},{"not_picked":["Aggregate+1","Static Discharge+1","Auto Shields+1"],"picked":"SKIP","floor":18.0},{"not_picked":["Redo+1","Ball Lightning+1","Blizzard+1"],"picked":"SKIP","floor":24},{"not_picked":["Go for the Eyes+1","Ball Lightning+1","Leap+1"],"picked":"SKIP","floor":27},{"not_picked":["Redo+1","Conserve Battery+1","Scrape+1"],"picked":"SKIP","floor":28},{"not_picked":["Barrage+1","Sweeping Beam+1","Coolheaded+1"],"picked":"SKIP","floor":29},{"not_picked":["Turbo+1","Chill+1"],"picked":"Amplify+1","floor":31},{"not_picked":["Multi-Cast+1","Machine Learning+1"],"picked":"Echo Form+1","floor":33},{"not_picked":["Cold Snap+1","Static Discharge+1"],"picked":"Heatsinks+1","floor":35},{"not_picked":["Streamline+1","Hologram+1","Hello World+1"],"picked":"SKIP","floor":37},{"not_picked":["Hello World+1","Capacitor+1"],"picked":"Heatsinks+1","floor":39},{"not_picked":["Reinforced Body+1","BootSequence+1"],"picked":"Double Energy+1","floor":40},{"not_picked":["Scrape+1","Cold Snap+1","Creative AI+1"],"picked":"SKIP","floor":44},{"not_picked":["Dark Shackles+1","Purity+1"],"picked":"Panacea+1","floor":45},{"not_picked":["Dark Shackles+1","Mayhem+1"],"picked":"Deep Breath+1","floor":45},{"not_picked":["Magnetism+1","Dark Shackles+1"],"picked":"Thinking Ahead+1","floor":45},{"not_picked":["Streamline+1","Beam Cell+1","Cold Snap+1"],"picked":"SKIP","floor":46},{"not_picked":["Doom and Gloom+1","Compile Driver+1"],"picked":"Heatsinks+1","floor":47},{"not_picked":["Gash+1","Stack+1","Steam+1"],"picked":"SKIP","floor":48},{"not_picked":["Electrodynamics+1","Cold Snap+1"],"picked":"Conserve Battery+1","floor":55}],"player_experience":1516602,"relics_obtained":[{"floor":6.0,"key":"Potion Belt"},{"floor":6.0,"key":"Smiling Mask"},{"floor":9.0,"key":"Sundial"},{"floor":24,"key":"Cables"},{"floor":24,"key":"Bird Faced Urn"},{"floor":26,"key":"Mercury Hourglass"},{"floor":26,"key":"Whetstone"},{"floor":31,"key":"Tiny Chest"},{"floor":31,"key":"Bottled Flame"},{"floor":40,"key":"Mummified Hand"},{"floor":40,"key":"Boot"},{"floor":43,"key":"DataDisk"},{"floor":47,"key":"StoneCalendar"},{"floor":47,"key":"Pear"},{"floor":55,"key":"Art of War"},{"floor":55,"key":"White Beast Statue"}],"event_choices":[{"damage_healed":0.0,"max_hp_gain":0.0,"max_hp_loss":0.0,"gold_gain":0.0,"event_name":"WeMeetAgain","player_choice":"Gave Potion","floor":5.0,"gold_loss":0.0,"damage_taken":0.0,"relics_obtained":["Matryoshka"]},{"damage_healed":0.0,"max_hp_gain":0.0,"max_hp_loss":0.0,"gold_gain":0.0,"cards_transformed":["Strike_B"],"event_name":"Transmorgrifier","player_choice":"Transformed","floor":10.0,"gold_loss":0.0,"damage_taken":0.0,"cards_obtained":["Self Repair"]},{"cards_removed":["Strike_B"],"damage_healed":0.0,"max_hp_gain":0.0,"max_hp_loss":0.0,"gold_gain":0.0,"event_name":"Living Wall","player_choice":"Forget","floor":14.0,"gold_loss":0.0,"damage_taken":0.0},{"damage_healed":0.0,"max_hp_gain":0.0,"max_hp_loss":0.0,"gold_gain":0.0,"event_name":"The Mausoleum","player_choice":"Ignored","floor":20.0,"gold_loss":0.0,"damage_taken":0.0},{"damage_healed":0.0,"max_hp_gain":0.0,"max_hp_loss":0.0,"gold_gain":0.0,"cards_transformed":["Defend_B","Defend_B"],"event_name":"Drug Dealer","player_choice":"Became Test Subject","floor":21.0,"gold_loss":0.0,"damage_taken":0.0,"cards_obtained":["Static Discharge","BootSequence"]},{"damage_healed":0.0,"max_hp_gain":0.0,"max_hp_loss":0.0,"gold_gain":50.0,"event_name":"Nest","player_choice":"Stole From Cult","floor":22.0,"gold_loss":0.0,"damage_taken":0.0},{"cards_removed":["Defend_B"],"damage_healed":0,"gold_gain":0,"player_choice":"Elegance","damage_taken":0,"max_hp_gain":0,"max_hp_loss":0,"event_name":"Back to Basics","floor":30,"gold_loss":0},{"damage_healed":0,"gold_gain":0,"player_choice":"Paid","damage_taken":0,"relics_obtained":["Red Mask"],"max_hp_gain":0,"max_hp_loss":0,"event_name":"Tomb of Lord Red Mask","floor":42,"gold_loss":52},{"damage_healed":0,"gold_gain":0,"player_choice":"Memory 3","damage_taken":10,"max_hp_gain":0,"max_hp_loss":0,"event_name":"SensoryStone","floor":45,"gold_loss":0}],"is_beta":false,"boss_relics":[{"not_picked":["Cursed Key","FrozenCore"],"picked":"SacredBark"},{"not_picked":["Calling Bell","Runic Dome"],"picked":"Runic Pyramid"}],"items_purged_floors":[8,19,36,38],"is_endless":false,"potions_floor_spawned":[4,6,12,28,33,35,55],"ascension_level":20}}