{"host":"1ecbliur7lfoj0sl","time":1612592700,"event":{"mods":["Act Like it!","BaseMod","Minty Spire (QoL Compilation)","StSLib","Waifu the Spire","Ä§½ä"],"gold_per_floor":[115,115,125,125,125,125,125,168,168,168,211,229,265,285,285,285,285],"floor_reached":16,"language":"ZHS","playtime":818,"items_purged":[],"score":143,"play_id":"8c06eb30-2abd-4b6d-9c65-c714e2fef6d7","local_time":"20210206142500","is_ascension_mode":false,"campfire_choices":[{"data":"RingOfDestiny:Demonic","floor":6.0,"key":"SMITH"},{"data":"RingOfDestiny:ConqueringBlade","floor":10.0,"key":"SMITH"},{"data":"RingOfDestiny:PowerOfGluttony","floor":15,"key":"SMITH"}],"circlet_count":0,"master_deck":["RingOfDestiny:Defend_SU","RingOfDestiny:Defend_SU","RingOfDestiny:Defend_SU","RingOfDestiny:Strike_SU","RingOfDestiny:Strike_SU","RingOfDestiny:MaliciousBarrier","RingOfDestiny:DoomsdayStrike","RingOfDestiny:PowerOfEnvy","RingOfDestiny:CupOfDesire","RingOfDestiny:Demonic+1","RingOfDestiny:ConqueringBlade+1","RingOfDestiny:EnvyNecklace","RingOfDestiny:PowerOfGluttony+1","RingOfDestiny:MaskOfSuffering"],"relics":["RingOfDestiny:DemonicContract","Golden Idol","Pear","Nunchaku","Bottled Lightning","Pocketwatch"],"acts_visited":["Exordium"],"potions_floor_usage":[],"damage_taken":[{"damage":0.0,"enemies":"Cultist","floor":1.0,"turns":2.0},{"damage":0.0,"enemies":"2 Louse","floor":3.0,"turns":2.0},{"damage":33.0,"enemies":"Lagavulin","floor":8.0,"turns":6.0},{"damage":13.0,"enemies":"3 Sentries","floor":11.0,"turns":7.0},{"damage":0,"enemies":"Small Slimes","floor":12,"turns":2},{"damage":4,"enemies":"Lagavulin","floor":13,"turns":4},{"damage":13,"enemies":"Red Slaver","floor":14,"turns":6},{"damage":33,"enemies":"The Guardian","floor":16,"turns":10}],"seed_played":"203518608784388869","potions_obtained":[{"floor":8.0,"key":"FearPotion"},{"floor":14,"key":"Swift Potion"}],"is_trial":false,"path_per_floor":["M","?","M","?","?","R","?","E","T","R","E","M","E","M","R","B"],"character_chosen":"Summoner","items_purchased":[],"campfire_rested":0,"item_purchase_floors":[],"current_hp_per_floor":[96,96,96,96,72,72,77,54,54,54,41,41,37,24,24,0,0],"gold":285,"neow_bonus":"TEN_PERCENT_HP_BONUS","is_daily":false,"chose_seed":false,"campfire_upgraded":3,"win_rate":0.0,"timestamp":1612592700,"path_taken":["M","?","M","?","?","R","?","E","T","R","E","M","E","M","R","BOSS"],"items_purchased_type":[],"build_version":"2020-12-22","purchased_purges":0,"victory":false,"max_hp_per_floor":[96,96,96,96,96,96,96,106,106,106,106,106,106,106,106,106,106],"card_choices":[{"not_picked":["RingOfDestiny:SoulDiversion","RingOfDestiny:TemptingFruits"],"picked":"RingOfDestiny:CupOfDesire","floor":1.0},{"not_picked":["RingOfDestiny:SongOfDoomsday","RingOfDestiny:PowerOfEnvy"],"picked":"RingOfDestiny:Demonic","floor":3.0},{"not_picked":["RingOfDestiny:DoomsdayEcho","RingOfDestiny:TemptingFruits"],"picked":"RingOfDestiny:ConqueringBlade","floor":8.0},{"not_picked":["RingOfDestiny:DoomsdayEcho","RingOfDestiny:MaliciousFang"],"picked":"RingOfDestiny:EnvyNecklace","floor":11},{"not_picked":["RingOfDestiny:DoomsdayProtection","RingOfDestiny:MaliciousConversion"],"picked":"RingOfDestiny:PowerOfGluttony","floor":12},{"not_picked":["RingOfDestiny:MaliciousSword","RingOfDestiny:DoomsdayMadness"],"picked":"RingOfDestiny:MaskOfSuffering","floor":13},{"not_picked":["RingOfDestiny:SarcasticSword","RingOfDestiny:TemptingFruits","RingOfDestiny:MaliciousBarrier"],"picked":"SKIP","floor":14}],"player_experience":10567,"relics_obtained":[{"floor":8.0,"key":"Pear"},{"floor":9.0,"key":"Nunchaku"},{"floor":11,"key":"Bottled Lightning"},{"floor":13,"key":"Pocketwatch"}],"event_choices":[{"cards_removed":["RingOfDestiny:Strike_SU"],"damage_healed":0.0,"max_hp_gain":0.0,"max_hp_loss":0.0,"gold_gain":0.0,"event_name":"Living Wall","player_choice":"Forget","floor":2.0,"gold_loss":0.0,"damage_taken":0.0},{"damage_healed":0.0,"max_hp_gain":0.0,"max_hp_loss":0.0,"gold_gain":0.0,"event_name":"Liars Game","player_choice":"Ignored","floor":4.0,"gold_loss":0.0,"damage_taken":0.0},{"damage_healed":0.0,"max_hp_gain":0.0,"max_hp_loss":0.0,"gold_gain":0.0,"event_name":"Golden Idol","player_choice":"Take Damage","floor":5.0,"gold_loss":0.0,"damage_taken":24.0,"relics_obtained":["Golden Idol"]},{"cards_removed":["RingOfDestiny:PowerOfGreed"],"damage_healed":5.0,"max_hp_gain":0.0,"max_hp_loss":0.0,"gold_gain":0.0,"event_name":"Bonfire Elementals","player_choice":"Offered Common","floor":7.0,"gold_loss":0.0,"damage_taken":0.0},{"cards_removed":["RingOfDestiny:PowerOfGreed"],"damage_healed":5.0,"max_hp_gain":0.0,"max_hp_loss":0.0,"gold_gain":0.0,"event_name":"Bonfire Elementals","player_choice":"Offered Special","floor":7.0,"gold_loss":0.0,"damage_taken":0.0}],"is_beta":false,"boss_relics":[],"items_purged_floors":[],"is_endless":false,"potions_floor_spawned":[8,14],"killed_by":"The Guardian","ascension_level":0}}