{"host":"y76clbnovzmw9ubx","time":1612571490,"event":{"mods":["AchievementEnabler","BaseMod","Minty Spire (QoL Compilation)","Permanent Neow","Relic Stats"],"gold_per_floor":[116,133,147,167,182,182,213,213,213,232,247,247,247],"floor_reached":12,"language":"ENG","playtime":763,"items_purged":[],"score":168,"play_id":"e118a8dc-cbdb-4112-b745-3c2d0e50b14e","local_time":"20210205193130","is_ascension_mode":true,"campfire_choices":[{"floor":6,"key":"REST"},{"floor":8,"key":"REST"}],"circlet_count":0,"master_deck":["AscendersBane","Strike_G","Strike_G","Strike_G","Strike_G","Strike_G","Defend_G+1","Defend_G","Defend_G","Defend_G","Defend_G","Survivor","Neutralize+1","Noxious Fumes","Noxious Fumes","Poisoned Stab","Escape Plan+1","Skewer","Deflect","Deflect"],"relics":["Ring of the Snake","War Paint"],"acts_visited":["Exordium"],"potions_floor_usage":[4,5,10],"damage_taken":[{"damage":7,"enemies":"Cultist","floor":1,"turns":5},{"damage":2,"enemies":"Small Slimes","floor":2,"turns":5},{"damage":6,"enemies":"2 Louse","floor":3,"turns":4},{"damage":8,"enemies":"Red Slaver","floor":4,"turns":7},{"damage":34,"enemies":"Gremlin Gang","floor":5,"turns":6},{"damage":10,"enemies":"Lagavulin","floor":7,"turns":8},{"damage":3,"enemies":"3 Louse","floor":10,"turns":4},{"damage":12,"enemies":"Lots of Slimes","floor":11,"turns":5},{"damage":15,"enemies":"3 Sentries","floor":12,"turns":5}],"seed_played":"2715712444516957636","potions_obtained":[{"floor":1,"key":"ColorlessPotion"},{"floor":2,"key":"SpeedPotion"},{"floor":3,"key":"DuplicationPotion"},{"floor":5,"key":"Block Potion"}],"is_trial":false,"path_per_floor":["M","M","M","M","M","R","E","R","T","M","M","E"],"character_chosen":"THE_SILENT","items_purchased":[],"campfire_rested":2,"item_purchase_floors":[],"current_hp_per_floor":[52,50,44,36,2,21,11,30,30,27,15,0,0],"gold":247,"neow_bonus":"UPGRADE_CARD","is_daily":false,"chose_seed":false,"campfire_upgraded":0,"win_rate":0.0,"timestamp":1612571490,"path_taken":["M","M","M","M","M","R","E","R","T","M","M","E"],"items_purchased_type":[],"build_version":"2020-12-22","purchased_purges":0,"victory":false,"max_hp_per_floor":[66,66,66,66,66,66,66,66,66,66,66,66,66],"relic_stats":{"counters":[9,49],"War Paint":["Defend_G","Escape Plan"],"obtain_stats":[{"War Paint":7,"Ring of the Snake":0},{"War Paint":6,"Ring of the Snake":0},{"War Paint":35,"Ring of the Snake":0}],"Ring of the Snake":[18]},"card_choices":[{"not_picked":["Slice","Heel Hook"],"picked":"Noxious Fumes","floor":1},{"not_picked":["PiercingWail","Bouncing Flask"],"picked":"Noxious Fumes","floor":2},{"not_picked":["Dagger Throw","Skewer"],"picked":"Poisoned Stab","floor":3},{"not_picked":["Dagger Throw","Poisoned Stab"],"picked":"Escape Plan","floor":4},{"not_picked":["Deflect","Dodge and Roll"],"picked":"Skewer","floor":5},{"not_picked":["Bouncing Flask","Noxious Fumes"],"picked":"Deflect","floor":7},{"not_picked":["Dagger Throw","Backflip"],"picked":"Deflect","floor":10},{"not_picked":["Poisoned Stab","Sucker Punch","Riddle With Holes"],"picked":"SKIP","floor":11}],"player_experience":3188908,"relics_obtained":[{"floor":7,"key":"War Paint"}],"event_choices":[],"is_beta":false,"boss_relics":[],"items_purged_floors":[],"is_endless":false,"potions_floor_spawned":[1,2,3,5],"killed_by":"3 Sentries","ascension_level":20}}