{"host":"50per11302020","time":1612596091,"event":{"mods":["AchievementEnabler","BaseMod","Colored Map","Minty Spire (QoL Compilation)","Relic Stats","StSLib"],"gold_per_floor":[167,167,181,106,281,309,309,321,348,248,274,80,93,109,109,212,212,228,247,265,115,115,115,141,156,228,241,258,283,108,125,125,221,221,231,31,45,45,62,80,94,94,94],"floor_reached":42,"language":"ENG","playtime":3029,"items_purged":["Defend_B","Defend_B","Defend_B","Strike_B","Strike_B","Strike_B"],"score":605,"play_id":"210e8db8-f164-4570-83f3-0a774e707b0a","local_time":"20210205232131","is_ascension_mode":true,"campfire_choices":[{"data":"Defragment","floor":15.0,"key":"SMITH"},{"data":"Electrodynamics","floor":23.0,"key":"SMITH"},{"floor":32.0,"key":"REST"}],"circlet_count":0,"master_deck":["Strike_B+1","Zap","Dualcast","Conserve Battery","Glacier","Defragment+1","Electrodynamics+1"],"relics":["Tiny House","Boot","Oddly Smooth Stone","Calipers","Sozu","Mango","Bottled Lightning","CeramicFish","Fusion Hammer","Anchor"],"acts_visited":["Exordium","TheCity","TheBeyond"],"potions_floor_usage":[33],"damage_taken":[{"damage":1.0,"enemies":"Jaw Worm","floor":1.0,"turns":4.0},{"damage":7.0,"enemies":"2 Louse","floor":3.0,"turns":3.0},{"damage":7.0,"enemies":"3 Sentries","floor":6.0,"turns":12.0},{"damage":0.0,"enemies":"Cultist","floor":8.0,"turns":3.0},{"damage":29.0,"enemies":"Gremlin Nob","floor":11.0,"turns":7.0},{"damage":1.0,"enemies":"Red Slaver","floor":13.0,"turns":4.0},{"damage":0.0,"enemies":"Looter","floor":14.0,"turns":4.0},{"damage":10.0,"enemies":"Slime Boss","floor":16.0,"turns":17.0},{"damage":9.0,"enemies":"2 Thieves","floor":18.0,"turns":4.0},{"damage":12.0,"enemies":"Shell Parasite","floor":19.0,"turns":5.0},{"damage":0.0,"enemies":"Sentry and Sphere","floor":20.0,"turns":6.0},{"damage":0.0,"enemies":"Book of Stabbing","floor":24.0,"turns":8.0},{"damage":0.0,"enemies":"Chosen and Byrds","floor":25.0,"turns":4.0},{"damage":0.0,"enemies":"Snake Plant","floor":27.0,"turns":4.0},{"damage":0.0,"enemies":"Cultist and Chosen","floor":28.0,"turns":4.0},{"damage":15.0,"enemies":"Slavers","floor":29.0,"turns":3.0},{"damage":7.0,"enemies":"Snecko","floor":31.0,"turns":5.0},{"damage":0,"enemies":"Champ","floor":33,"turns":19},{"damage":0,"enemies":"3 Shapes","floor":35,"turns":2},{"damage":3,"enemies":"3 Darklings","floor":37,"turns":3},{"damage":0,"enemies":"Maw","floor":39,"turns":11},{"damage":0,"enemies":"4 Shapes","floor":40,"turns":3},{"damage":0,"enemies":"Sphere and 2 Shapes","floor":41,"turns":4},{"damage":103,"enemies":"Giant Head","floor":42,"turns":14}],"seed_played":"8567586151694468730","potions_obtained":[{"floor":0.0,"key":"Block Potion"},{"floor":1.0,"key":"Fruit Juice"},{"floor":6.0,"key":"FearPotion"},{"floor":11.0,"key":"PowerPotion"},{"floor":16.0,"key":"GamblersBrew"}],"is_trial":false,"path_per_floor":["M","?","M","$","?","E","?","M","T","$","E","$","M","M","R","B",null,"M","M","M","$","?","R","E","M","T","M","M","E","$","M","R","B",null,"M","$","M","?","M","M","M","E"],"character_chosen":"DEFECT","items_purchased":["Defragment"],"campfire_rested":1,"item_purchase_floors":[12],"current_hp_per_floor":[79,72,65,65,65,58,58,58,58,63,34,34,33,33,33,23,85,76,64,64,64,64,64,78,78,78,78,78,63,63,56,85,85,99,99,99,96,96,96,96,96,0,0],"gold":94,"neow_bonus":"BOSS_RELIC","is_daily":false,"chose_seed":false,"campfire_upgraded":2,"win_rate":0.0,"timestamp":1612596091,"path_taken":["M","?","M","$","?","E","?","?","T","$","E","?","M","M","R","BOSS","M","M","M","$","?","R","E","M","T","M","M","E","$","M","R","BOSS","M","$","M","?","M","?","M","E"],"items_purchased_type":["Card"],"build_version":"2020-12-18","purchased_purges":6,"victory":false,"max_hp_per_floor":[80,80,80,80,80,80,80,80,80,85,85,85,85,85,85,85,85,85,85,85,85,85,85,99,99,99,99,99,99,99,99,99,99,99,99,99,99,99,99,99,99,99,99],"relic_stats":{"Sozu":7,"counters":[24,153],"CeramicFish":0,"Boot":[17],"obtain_stats":[{"Sozu":17,"Anchor":38,"Tiny House":0,"Calipers":11,"CeramicFish":29,"Oddly Smooth Stone":9,"Mango":24,"Fusion Hammer":34,"Bottled Lightning":26,"Cracked Core":0,"Boot":6},{"Sozu":8,"Anchor":20,"Tiny House":0,"Calipers":5,"CeramicFish":16,"Oddly Smooth Stone":4,"Mango":12,"Fusion Hammer":18,"Bottled Lightning":13,"Cracked Core":0,"Boot":3},{"Sozu":54,"Anchor":121,"Tiny House":0,"Calipers":29,"CeramicFish":92,"Oddly Smooth Stone":22,"Mango":77,"Fusion Hammer":116,"Bottled Lightning":81,"Cracked Core":0,"Boot":19}]},"card_choices":[{"not_picked":["Double Energy","Stack"],"picked":"Conserve Battery","floor":0.0},{"not_picked":["Auto Shields","Go for the Eyes","Rebound"],"picked":"SKIP","floor":1.0},{"not_picked":["Consume","Beam Cell"],"picked":"Glacier","floor":3.0},{"not_picked":["Rebound","Consume","Reboot"],"picked":"SKIP","floor":6.0},{"not_picked":["Reprogram","Streamline","Rebound"],"picked":"SKIP","floor":8.0},{"not_picked":["Reinforced Body","Scrape","Go for the Eyes"],"picked":"SKIP","floor":11.0},{"not_picked":["Streamline","Reinforced Body","Gash"],"picked":"SKIP","floor":13.0},{"not_picked":["FTL","Leap","Stack"],"picked":"SKIP","floor":14.0},{"not_picked":["Reboot","Thunder Strike"],"picked":"Electrodynamics","floor":16.0},{"not_picked":["Beam Cell","Defragment","Loop"],"picked":"SKIP","floor":18.0},{"not_picked":["Beam Cell","Defragment","Loop"],"picked":"SKIP","floor":18.0},{"not_picked":["Streamline+1","Ball Lightning","White Noise"],"picked":"SKIP","floor":19.0},{"not_picked":["Tempest","Skim","Hologram"],"picked":"SKIP","floor":20.0},{"not_picked":["Lockon","Doom and Gloom","Echo Form"],"picked":"SKIP","floor":24.0},{"not_picked":["Redo","Tempest","Steam"],"picked":"SKIP","floor":25.0},{"not_picked":["Gash","Conserve Battery","Beam Cell"],"picked":"SKIP","floor":27.0},{"not_picked":["Coolheaded","Compile Driver","Beam Cell"],"picked":"SKIP","floor":28.0},{"not_picked":["Rebound+1","Leap","Auto Shields"],"picked":"SKIP","floor":29.0},{"not_picked":["Recycle+1","Rebound","Hologram"],"picked":"SKIP","floor":31.0},{"not_picked":["Undo","Steam","Beam Cell+1"],"picked":"SKIP","floor":35},{"not_picked":["Hologram+1","Leap+1","Redo+1"],"picked":"SKIP","floor":37},{"not_picked":["Gash+1","Beam Cell+1","Stack+1"],"picked":"SKIP","floor":39},{"not_picked":["Hologram","Redo","Streamline+1"],"picked":"SKIP","floor":40},{"not_picked":["Self Repair","Go for the Eyes","Glacier"],"picked":"SKIP","floor":41}],"player_experience":426810,"relics_obtained":[{"floor":6.0,"key":"Boot"},{"floor":9.0,"key":"Oddly Smooth Stone"},{"floor":11.0,"key":"Calipers"},{"floor":24.0,"key":"Mango"},{"floor":26.0,"key":"Bottled Lightning"},{"floor":29.0,"key":"CeramicFish"}],"event_choices":[{"cards_removed":["Defend_B"],"damage_healed":0.0,"max_hp_gain":0.0,"max_hp_loss":0.0,"gold_gain":0.0,"event_name":"Golden Wing","player_choice":"Card Removal","floor":2.0,"gold_loss":0.0,"damage_taken":7.0},{"damage_healed":0.0,"max_hp_gain":0.0,"max_hp_loss":0.0,"gold_gain":175.0,"event_name":"Liars Game","player_choice":"AGREE","floor":5.0,"gold_loss":0.0,"damage_taken":0.0,"cards_obtained":["Doubt"]},{"cards_removed":["Doubt"],"damage_healed":0.0,"max_hp_gain":0.0,"max_hp_loss":0.0,"gold_gain":0.0,"event_name":"Purifier","player_choice":"Purged","floor":7.0,"gold_loss":0.0,"damage_taken":0.0},{"damage_healed":0.0,"max_hp_gain":0.0,"max_hp_loss":0.0,"gold_gain":0.0,"event_name":"Vampires","player_choice":"Ignored","floor":22.0,"gold_loss":0.0,"damage_taken":0.0},{"damage_healed":0,"gold_gain":0,"player_choice":"Gave Potion","damage_taken":0,"relics_obtained":["Anchor"],"max_hp_gain":0,"max_hp_loss":0,"event_name":"WeMeetAgain","floor":38,"gold_loss":0}],"is_beta":true,"boss_relics":[{"not_picked":["Velvet Choker","SlaversCollar"],"picked":"Sozu"},{"not_picked":["Runic Dome","Pandora\u0027s Box"],"picked":"Fusion Hammer"}],"items_purged_floors":[4,10,12,21,30,36],"is_endless":false,"potions_floor_spawned":[1,6,11,16,24,25,28,31,33,35,37],"killed_by":"Giant Head","ascension_level":1}}