{"host":"c3lc60y5x60jlt1y","time":1612622318,"event":{"mods":["AchievementEnabler","BaseMod","Bestiary","Colored Map","Minty Spire (QoL Compilation)","Quick Restart","StSLib","ojb\u0027s Info Mod"],"gold_per_floor":[115,130,130,144,144,180,205,238,238,238,259,259,293,312,312,402,402,425,450,44,44,60,60,100,100,100,123,123,158,158,197,197,287,287,338,351,351,241,262,335,335,354,380,602,617,617,950,677,677,677,677,677,677,195,228,228,228],"floor_reached":56,"language":"ENG","playtime":26961,"items_purged":["Defend_P","Clumsy","Defend_P+1"],"score":2066,"play_id":"2dd1f668-5a9f-49db-9d94-e9129f2ab227","local_time":"20210206163837","is_ascension_mode":true,"campfire_choices":[{"floor":10.0,"key":"REST"},{"data":"Eruption","floor":12.0,"key":"SMITH"},{"floor":15.0,"key":"REST"},{"floor":23.0,"key":"REST"},{"data":"Vault","floor":25.0,"key":"SMITH"},{"data":"LessonLearned","floor":28.0,"key":"SMITH"},{"data":"Adaptation","floor":32.0,"key":"SMITH"},{"floor":41.0,"key":"RECALL"},{"data":"Ragnarok","floor":46.0,"key":"SMITH"},{"data":"Wallop","floor":49.0,"key":"SMITH"},{"data":"Tantrum","floor":53.0,"key":"SMITH"}],"circlet_count":0,"master_deck":["AscendersBane","Eruption+1","Vigilance+1","FlurryOfBlows+1","CutThroughFate","FlurryOfBlows","PathToVictory+1","BowlingBash+1","Halt+1","Indignation+1","Vault+1","Meditate+1","LessonLearned+1","Judgement+1","Wish+1","Vengeance+1","Wallop+1","InnerPeace+1","Adaptation+1","Tantrum+1","CutThroughFate+1","PathToVictory+1","Blasphemy+1","Wallop","Ragnarok+1","JustLucky","ThirdEye","SpiritShield+1","TalkToTheHand+1","WreathOfFlame","TalkToTheHand+1"],"relics":["Runic Pyramid","War Paint","Eternal Feather","Yang","Blue Candle","Astrolabe","Frozen Eye","Red Mask","Whetstone","Bronze Scales","Boot","Sundial","Cursed Key","Mango","Orichalcum","HandDrill","Centennial Puzzle"],"acts_visited":["Exordium","TheCity","TheBeyond","TheEnding"],"potions_floor_usage":[56],"damage_taken":[{"damage":0.0,"enemies":"Cultist","floor":1.0,"turns":3.0},{"damage":0.0,"enemies":"2 Louse","floor":2.0,"turns":3.0},{"damage":7.0,"enemies":"Jaw Worm","floor":4.0,"turns":3.0},{"damage":20.0,"enemies":"Gremlin Nob","floor":6.0,"turns":3.0},{"damage":13.0,"enemies":"Lots of Slimes","floor":7.0,"turns":3.0},{"damage":17.0,"enemies":"3 Sentries","floor":8.0,"turns":7.0},{"damage":18.0,"enemies":"Large Slime","floor":11.0,"turns":2.0},{"damage":8.0,"enemies":"Lagavulin","floor":13.0,"turns":4.0},{"damage":3.0,"enemies":"Exordium Thugs","floor":14.0,"turns":3.0},{"damage":0.0,"enemies":"Slime Boss","floor":16.0,"turns":6.0},{"damage":30.0,"enemies":"Shell Parasite","floor":18.0,"turns":4.0},{"damage":0.0,"enemies":"Spheric Guardian","floor":19.0,"turns":1.0},{"damage":26.0,"enemies":"Shelled Parasite and Fungi","floor":22.0,"turns":5.0},{"damage":14.0,"enemies":"Masked Bandits","floor":24.0,"turns":3.0},{"damage":1.0,"enemies":"Gremlin Leader","floor":29.0,"turns":5.0},{"damage":15.0,"enemies":"Book of Stabbing","floor":31.0,"turns":5.0},{"damage":0.0,"enemies":"Collector","floor":33.0,"turns":6.0},{"damage":0.0,"enemies":"3 Shapes","floor":35.0,"turns":4.0},{"damage":0.0,"enemies":"Orb Walker","floor":36.0,"turns":3.0},{"damage":13.0,"enemies":"3 Darklings","floor":39.0,"turns":4.0},{"damage":4.0,"enemies":"Reptomancer","floor":40.0,"turns":6.0},{"damage":14.0,"enemies":"Maw","floor":42.0,"turns":6.0},{"damage":0.0,"enemies":"Sphere and 2 Shapes","floor":45.0,"turns":4.0},{"damage":50.0,"enemies":"Awakened One","floor":50.0,"turns":10.0},{"damage":14.0,"enemies":"Donu and Deca","floor":51.0,"turns":9.0},{"damage":36.0,"enemies":"Shield and Spear","floor":55.0,"turns":6.0},{"damage":45,"enemies":"The Heart","floor":56,"turns":3}],"seed_played":"-5937418828525890954","potions_obtained":[{"floor":7.0,"key":"FearPotion"},{"floor":8.0,"key":"Energy Potion"},{"floor":11.0,"key":"LiquidBronze"},{"floor":13.0,"key":"SkillPotion"},{"floor":14.0,"key":"Fire Potion"},{"floor":24.0,"key":"LiquidMemories"},{"floor":29.0,"key":"Ambrosia"},{"floor":33.0,"key":"Fruit Juice"},{"floor":35.0,"key":"AttackPotion"},{"floor":40.0,"key":"BottledMiracle"},{"floor":55.0,"key":"Weak Potion"}],"is_trial":false,"path_per_floor":["M","M","?","M","?","E","M","E","T","R","M","R","E","M","R","B",null,"M","M","$","?","M","R","?","R","T","T","R","E","?","E","R","B",null,"M","M","?","?","M","E","R","M","T","?","M","R","?","$","R","B","B",null,"R","$","E","B"],"character_chosen":"WATCHER","items_purchased":["InnerPeace","Adaptation","Frozen Eye","Orichalcum","BottledMiracle","Fire Potion","HandDrill","WreathOfFlame"],"campfire_rested":3,"item_purchase_floors":[20,20,20,48,54,54,54,54],"current_hp_per_floor":[61,61,66,59,59,39,26,9,9,37,19,28,20,17,48,48,62,32,32,32,32,6,37,23,38,38,38,53,52,52,37,52,52,63,68,68,67,67,54,64,81,67,67,67,67,81,81,81,81,31,17,65,81,81,45,0,0],"gold":228,"neow_bonus":"BOSS_RELIC","is_daily":false,"chose_seed":false,"campfire_upgraded":7,"win_rate":0.0,"timestamp":1612622317,"path_taken":["M","M","?","M","?","E","?","E","T","R","M","R","E","M","R","BOSS","M","M","?","?","?","R","?","R","T","?","R","E","?","E","R","BOSS","M","M","?","?","M","E","R","?","T","?","M","R","?","?","R","BOSS","BOSS","R","$","E","BOSS"],"items_purchased_type":["Card","Card","Relic","Relic","Potion","Potion","Relic","Card"],"build_version":"2020-12-22","purchased_purges":3,"victory":false,"max_hp_per_floor":[68,68,73,73,66,66,66,66,66,66,66,66,66,66,66,66,66,66,66,66,66,66,66,66,66,66,66,66,66,66,66,66,66,66,71,71,67,67,67,81,81,81,81,81,81,81,81,81,81,81,81,81,81,81,81,81,81],"card_choices":[{"not_picked":["Consecrate","ClearTheMind"],"picked":"FlurryOfBlows","floor":1.0},{"not_picked":["Evaluate","Protect"],"picked":"CutThroughFate","floor":2.0},{"not_picked":["FlyingSleeves","CrushJoints"],"picked":"FlurryOfBlows","floor":4.0},{"not_picked":["Establishment","ThirdEye"],"picked":"PathToVictory","floor":6.0},{"not_picked":["ThirdEye","FollowUp"],"picked":"BowlingBash","floor":7.0},{"not_picked":["FlyingSleeves","Protect"],"picked":"Halt","floor":8.0},{"not_picked":["Vengeance","PathToVictory"],"picked":"Indignation","floor":11.0},{"not_picked":["Prostrate","BowlingBash"],"picked":"Vault","floor":13.0},{"not_picked":["Protect","FlyingSleeves"],"picked":"Meditate","floor":14.0},{"not_picked":["Wish","Brilliance"],"picked":"LessonLearned","floor":16.0},{"not_picked":["EmptyBody","JustLucky"],"picked":"Wallop","floor":18.0},{"not_picked":["SignatureMove","CrushJoints","BowlingBash"],"picked":"SKIP","floor":19.0},{"not_picked":["PathToVictory+1","Tantrum","Protect"],"picked":"SKIP","floor":22.0},{"not_picked":["PathToVictory+1","Protect"],"picked":"Tantrum","floor":22.0},{"not_picked":["Worship","EmptyMind"],"picked":"CutThroughFate","floor":24.0},{"not_picked":["JustLucky","Halt"],"picked":"PathToVictory","floor":29.0},{"not_picked":["SignatureMove","Evaluate","EmptyFist"],"picked":"SKIP","floor":31.0},{"not_picked":["Establishment","Vault"],"picked":"Ragnarok","floor":33.0},{"not_picked":["Prostrate","ClearTheMind"],"picked":"JustLucky","floor":35.0},{"not_picked":["PathToVictory","Evaluate"],"picked":"ThirdEye","floor":36.0},{"not_picked":["Prostrate","SignatureMove"],"picked":"SpiritShield","floor":39.0},{"not_picked":["JustLucky+1","CarveReality"],"picked":"TalkToTheHand","floor":40.0},{"not_picked":["FlurryOfBlows+1","CrushJoints","Weave"],"picked":"SKIP","floor":42.0},{"not_picked":["PathToVictory","EmptyBody","Protect"],"picked":"SKIP","floor":45.0},{"not_picked":["Study","JustLucky"],"picked":"TalkToTheHand+1","floor":55.0}],"player_experience":9142989,"relics_obtained":[{"floor":6.0,"key":"War Paint"},{"floor":8.0,"key":"Eternal Feather"},{"floor":9.0,"key":"Yang"},{"floor":13.0,"key":"Blue Candle"},{"floor":24.0,"key":"Red Mask"},{"floor":26.0,"key":"Whetstone"},{"floor":27.0,"key":"Bronze Scales"},{"floor":29.0,"key":"Boot"},{"floor":31.0,"key":"Sundial"},{"floor":40.0,"key":"Mango"},{"floor":55.0,"key":"Centennial Puzzle"}],"event_choices":[{"damage_healed":0.0,"max_hp_gain":5.0,"max_hp_loss":0.0,"gold_gain":0.0,"event_name":"Big Fish","player_choice":"Donut","floor":3.0,"gold_loss":0.0,"damage_taken":0.0},{"damage_healed":0.0,"max_hp_gain":0.0,"max_hp_loss":7.0,"gold_gain":0.0,"event_name":"Golden Idol","player_choice":"Lose Max HP","floor":5.0,"gold_loss":0.0,"damage_taken":0.0,"relics_obtained":["Golden Idol"]},{"damage_healed":0.0,"max_hp_gain":0.0,"max_hp_loss":0.0,"gold_gain":0.0,"event_name":"Vampires","player_choice":"Ignored","floor":21.0,"gold_loss":0.0,"damage_taken":0.0},{"damage_healed":0.0,"max_hp_gain":0.0,"max_hp_loss":0.0,"gold_gain":0.0,"event_name":"Masked Bandits","player_choice":"Fought Bandits","floor":24.0,"gold_loss":0.0,"damage_taken":0.0},{"damage_healed":0.0,"max_hp_gain":0.0,"max_hp_loss":0.0,"gold_gain":0.0,"cards_transformed":["Strike_P","Defend_P"],"event_name":"Drug Dealer","player_choice":"Became Test Subject","floor":30.0,"gold_loss":0.0,"damage_taken":0.0,"cards_obtained":["Blasphemy","Wallop"]},{"damage_healed":0.0,"max_hp_gain":0.0,"max_hp_loss":4.0,"gold_gain":0.0,"event_name":"Winding Halls","player_choice":"Max HP","floor":37.0,"gold_loss":0.0,"damage_taken":0.0},{"cards_removed":["Strike_P"],"damage_healed":0.0,"max_hp_gain":0.0,"max_hp_loss":0.0,"gold_gain":0.0,"event_name":"Designer","player_choice":"Upgrade and Remove","floor":38.0,"gold_loss":110.0,"damage_taken":0.0,"cards_upgraded":["PathToVictory"]},{"damage_healed":0.0,"max_hp_gain":0.0,"max_hp_loss":0.0,"gold_gain":222.0,"event_name":"Tomb of Lord Red Mask","player_choice":"Wore Mask","floor":44.0,"gold_loss":0.0,"damage_taken":0.0},{"damage_healed":0.0,"max_hp_gain":0.0,"max_hp_loss":0.0,"gold_gain":333.0,"event_name":"The Moai Head","player_choice":"Gave Idol","floor":47.0,"relics_lost":["Golden Idol"],"gold_loss":0.0,"damage_taken":0.0}],"is_beta":false,"boss_relics":[{"not_picked":["Snecko Eye","Calling Bell"],"picked":"Astrolabe"},{"not_picked":["Tiny House","Runic Dome"],"picked":"Cursed Key"}],"items_purged_floors":[20,48,54],"is_endless":false,"potions_floor_spawned":[7,8,11,13,14,24,29,33,35,36,40,42,55],"killed_by":"The Heart","ascension_level":20}}