{"host":"x6yxbqobmk3v70g1","time":1612636230,"event":{"mods":["AchievementEnabler","Act Like it!","Aspiration","BaseMod","Downfall","Friendly Minions","Gensokyo","HololiveMod","KinomotoSakuraMod(????)","Kiyohime????","Koishi","Lobotomy","LobotomyExtend","Mari Mod (Legacy)","Mari\u0027s V1 Patch","Marisa????????","Minty Spire (QoL Compilation)","Prisma Mod","Rare Cards Sparkle","Reimu??????","Remilia??????","StSLib","The Animator","The Disciple","The Jungle","The Mystic","The Runesmith","The Senshi","The Servant 0.9.4","The Wild Card","WarShipGirlsR/????R mod"],"gold_per_floor":[109,125,125,140,140,140,140,140],"floor_reached":7,"language":"ENG","playtime":478,"items_purged":[],"score":41,"play_id":"efbc7f7d-fc7a-4d7f-a00f-a8d2ceb7eab1","local_time":"20210206123030","is_ascension_mode":false,"campfire_choices":[{"data":"KiyohimeMod:Shapeshift","floor":6,"key":"SMITH"}],"circlet_count":0,"master_deck":["KiyohimeMod:Strike","KiyohimeMod:Strike","KiyohimeMod:Strike","KiyohimeMod:Strike","KiyohimeMod:Defend","KiyohimeMod:Defend","KiyohimeMod:Defend","KiyohimeMod:Defend","KiyohimeMod:Track","KiyohimeMod:FlameKiss","KiyohimeMod:Shapeshift+1","Scorched","KiyohimeMod:Berserker","VoidDream","KiyohimeMod:AgainstMagic","KiyohimeMod:GreenBlackKey"],"relics":["KiyohimeMod:FireDragon","CogitoBucket","LetterFromLob","aspiration:BabyByrd"],"acts_visited":["Exordium"],"potions_floor_usage":[],"damage_taken":[{"damage":2,"enemies":"Small Slimes","floor":1,"turns":5},{"damage":1,"enemies":"Jaw Worm","floor":2,"turns":2},{"damage":30,"enemies":"2 Louse","floor":4,"turns":1},{"damage":50,"enemies":"Gremlin Nob","floor":7,"turns":3}],"seed_played":"-9180492781007111875","potions_obtained":[{"floor":2,"key":"GamblersBrew"}],"is_trial":false,"path_per_floor":["M","M","?","M","?","R","E"],"character_chosen":"Kiyohime","items_purchased":[],"campfire_rested":0,"item_purchase_floors":[],"current_hp_per_floor":[58,57,57,27,47,47,0,0],"gold":140,"neow_bonus":"","is_daily":false,"chose_seed":false,"campfire_upgraded":1,"win_rate":0.0,"timestamp":1612636230,"path_taken":["M","M","?","M","?","R","E"],"items_purchased_type":[],"build_version":"2020-12-22","purchased_purges":0,"victory":false,"max_hp_per_floor":[60,60,60,60,60,60,60,60],"card_choices":[{"not_picked":["VoidDream","CherryBlossoms"],"picked":"Scorched","floor":1},{"not_picked":["KiyohimeMod:WaterTurn","KiyohimeMod:Tenacious"],"picked":"KiyohimeMod:Berserker","floor":1},{"not_picked":["OldLady","GreedKing"],"picked":"VoidDream","floor":2},{"not_picked":["KiyohimeMod:MagicCrystal","KiyohimeMod:WaterTurn"],"picked":"KiyohimeMod:AgainstMagic","floor":2},{"not_picked":["Funeral","PunishingBird","OSAHOGD"],"picked":"Singing Bowl","floor":4},{"not_picked":["KiyohimeMod:WaterTurn","KiyohimeMod:SteelTraining"],"picked":"KiyohimeMod:GreenBlackKey","floor":4}],"player_experience":204171,"relics_obtained":[{"floor":1,"key":"LetterFromLob"}],"event_choices":[{"damage_healed":20,"gold_gain":0,"player_choice":"Banana","damage_taken":0,"max_hp_gain":0,"max_hp_loss":0,"event_name":"Big Fish","floor":5,"gold_loss":0}],"is_beta":false,"boss_relics":[],"items_purged_floors":[],"is_endless":false,"potions_floor_spawned":[2],"killed_by":"Gremlin Nob","ascension_level":0}}