{"host":"9nzcajyrup44vdvf","time":1612611057,"event":{"mods":["2.2 Compatiblity","AchievementEnabler","AlwaysNeverKeys","BaseMod","Curses Come First","Downfall","Googly Eyes","Minty Spire (QoL Compilation)","Permanent Neow","Relic Stats","StSLib","SuperFastMode","everything is the same but u backflip on backflip","slay the spire mod where everything is the same but ironclad has a cowboy hat"],"gold_per_floor":[349,366,541,641,659,669,669,669,699,699,718,718,73,90,101,206,206,206,221,321,371,371,371],"floor_reached":21,"language":"ENG","playtime":1201,"items_purged":["Doubt"],"score":179,"play_id":"232d807c-8f55-4205-912e-314cfbd87e82","local_time":"20210206123057","is_ascension_mode":false,"campfire_choices":[{"data":"sneckomod:Nope","floor":8,"key":"SMITH"},{"data":"sneckomod:Unknown0Cost","floor":10,"key":"SMITH"},{"data":"sneckomod:UnknownUncommonAttack","floor":12,"key":"SMITH"},{"data":"sneckomod:Cheat","floor":18,"key":"SMITH"}],"circlet_count":0,"master_deck":["sneckomod:Strike","sneckomod:Strike","sneckomod:Strike","sneckomod:Defend","sneckomod:Defend","sneckomod:Defend","sneckomod:TailWhip","sneckomod:SnekBite","sneckomod:Unknown","bronze:HyperBeam","sneckomod:UnknownUncommonAttack+1","sneckomod:MasterEye","sneckomod:Nope+1","sneckomod:Unknown0Cost+1","sneckomod:WideSting","sneckomod:SoulRoll","sneckomod:UnknownUncommonPower","sneckomod:Unknown2Cost","sneckomod:DiceCrush","sneckomod:TrashToTreasure","sneckomod:UnknownX","sneckomod:IronFang","sneckomod:Cheat+1","sneckomod:UnknownDraw+1","sneckomod:Nope+1"],"relics":["sneckomod:SneckoSoul","Orichalcum","Meat on the Bone","Gambling Chip","Runic Pyramid","downfall:CloakOfManyFaces","CultistMask","FaceOfCleric","NlothsMask","GremlinMask","SsserpentHead"],"acts_visited":["Exordium","TheCity"],"potions_floor_usage":[16],"damage_taken":[{"damage":0,"enemies":"2 Louse","floor":2,"turns":1},{"damage":0,"enemies":"Small Slimes","floor":5,"turns":3},{"damage":0,"enemies":"Cultist","floor":6,"turns":2},{"damage":17,"enemies":"3 Sentries","floor":9,"turns":3},{"damage":12,"enemies":"2 Fungi Beasts","floor":11,"turns":3},{"damage":5,"enemies":"downfall:FleeingMerchant","floor":13,"turns":4},{"damage":15,"enemies":"Exordium Thugs","floor":14,"turns":2},{"damage":8,"enemies":"3 Louse","floor":15,"turns":2},{"damage":23,"enemies":"SI_SHIV_ARCHETYPE","floor":16,"turns":8},{"damage":5,"enemies":"Shell Parasite","floor":19,"turns":3},{"damage":15,"enemies":"downfall:FaceTrader","floor":20,"turns":10},{"damage":0,"enemies":"downfall:FleeingMerchant","floor":21,"turns":1}],"seed_played":"-4383420131307151224","potions_obtained":[{"floor":2,"key":"Explosive Potion"},{"floor":5,"key":"Dexterity Potion"},{"floor":15,"key":"bronze:BurnAndBuffPotion"},{"floor":16,"key":"Fruit Juice"}],"is_trial":false,"path_per_floor":["R","M","?","?","M","M","T","R","E","R","M","R","$","M","M","B",null,"R","M","?","$"],"character_chosen":"THE_SNECKO","items_purchased":["Gambling Chip","sneckomod:UnknownUncommonPower","sneckomod:Unknown2Cost","sneckomod:DiceCrush","sneckomod:TrashToTreasure"],"campfire_rested":0,"item_purchase_floors":[13,13,13,13,13],"current_hp_per_floor":[81,81,81,81,81,81,81,81,64,64,52,52,47,44,48,42,86,86,81,66,66,66,66],"gold":371,"neow_bonus":"TWO_FIFTY_GOLD","is_daily":false,"chose_seed":false,"campfire_upgraded":4,"win_rate":0.0,"timestamp":1612611057,"path_taken":["R","M","?","?","?","M","T","R","E","R","M","R","$","M","M","BOSS","R","M","?","?"],"items_purchased_type":["Relic","Card","Card","Card","Card"],"build_version":"2020-12-22","purchased_purges":1,"victory":false,"max_hp_per_floor":[81,81,81,81,81,81,81,81,81,81,81,81,81,81,81,86,86,86,86,86,86,86,86],"relic_stats":{"SsserpentHead":50,"FaceOfCleric":0,"counters":[12,42],"Gambling Chip":[12],"Orichalcum":[84],"obtain_stats":[{"SsserpentHead":20,"FaceOfCleric":20,"Gambling Chip":13,"GremlinMask":20,"CultistMask":20,"downfall:CloakOfManyFaces":20,"Orichalcum":7,"sneckomod:SneckoSoul":0,"Meat on the Bone":9,"Runic Pyramid":17,"NlothsMask":20},{"SsserpentHead":11,"FaceOfCleric":11,"Gambling Chip":6,"GremlinMask":11,"CultistMask":11,"downfall:CloakOfManyFaces":11,"Orichalcum":3,"sneckomod:SneckoSoul":0,"Meat on the Bone":4,"Runic Pyramid":9,"NlothsMask":11},{"SsserpentHead":41,"FaceOfCleric":41,"Gambling Chip":16,"GremlinMask":41,"CultistMask":41,"downfall:CloakOfManyFaces":41,"Orichalcum":6,"sneckomod:SneckoSoul":0,"Meat on the Bone":9,"Runic Pyramid":28,"NlothsMask":41}],"Meat on the Bone":36},"card_choices":[{"not_picked":["sneckomod:UnknownBlock","sneckomod:SoulRoll"],"picked":"sneckomod:UnknownUncommonAttack","floor":2},{"not_picked":["sneckomod:UnknownExhaust","sneckomod:SoulDraw"],"picked":"sneckomod:MasterEye","floor":5},{"not_picked":["sneckomod:UnknownUncommonSkill","sneckomod:QuickBite"],"picked":"sneckomod:Nope","floor":6},{"not_picked":["sneckomod:DiceCrush","sneckomod:UnknownWeak"],"picked":"sneckomod:Unknown0Cost","floor":9},{"not_picked":["sneckomod:DiceCrush","sneckomod:UnknownUncommonSkill"],"picked":"sneckomod:WideSting","floor":11},{"not_picked":["sneckomod:UnknownCommonSkill","sneckomod:UnknownDraw"],"picked":"sneckomod:SoulRoll","floor":13},{"not_picked":["sneckomod:WideSting","sneckomod:SoulExchange"],"picked":"sneckomod:UnknownX","floor":14},{"not_picked":["sneckomod:SoulCleanse","sneckomod:UnknownVulnerable"],"picked":"sneckomod:IronFang","floor":15},{"not_picked":["sneckomod:Unknown3Cost","sneckomod:UnknownBoss"],"picked":"sneckomod:Cheat","floor":16},{"not_picked":["sneckomod:QuickBite","sneckomod:ImprovisedGuard"],"picked":"sneckomod:UnknownDraw+1","floor":19},{"not_picked":["sneckomod:SoulRoll","sneckomod:SoulDraw"],"picked":"sneckomod:Nope+1","floor":20}],"player_experience":457610,"relics_obtained":[{"floor":7,"key":"Orichalcum"},{"floor":9,"key":"Meat on the Bone"},{"floor":20,"key":"downfall:CloakOfManyFaces"}],"event_choices":[],"is_beta":false,"boss_relics":[{"not_picked":["Black Star","bronze:MakeshiftBattery"],"picked":"Runic Pyramid"}],"items_purged_floors":[13],"is_endless":false,"potions_floor_spawned":[2,5,15,16],"killed_by":"downfall:FleeingMerchant","ascension_level":0}}