{"host":"1lwxixhv2lzh5ag1","time":1612631014,"event":{"mods":["AchievementEnabler","BaseMod","Minty Spire (QoL Compilation)","Permanent Neow","StSLib"],"gold_per_floor":[114,114,132,186,200,233,233,233,303,318,318,418,429,449,449,544,544,556,125,139,139,119,139,173,173,200,200,220,240,250,26,26,127,127,138,138,0,16,16,16],"floor_reached":39,"language":"ENG","playtime":1451,"items_purged":[],"score":453,"play_id":"a64cbc36-a16c-4a7a-9efe-4a5a9a246816","local_time":"20210206120334","is_ascension_mode":false,"campfire_choices":[{"data":"Anger","floor":8,"key":"SMITH"},{"floor":11,"key":"REST"},{"data":"Demon Form","floor":15,"key":"SMITH"},{"data":"Anger","floor":25,"key":"SMITH"},{"floor":27,"key":"REST"},{"floor":32,"key":"REST"}],"circlet_count":0,"master_deck":["Strike_R","Strike_R","Strike_R","Strike_R","Strike_R","Defend_R","Defend_R+1","Defend_R","Defend_R","Bash","Twin Strike","Anger+1","Twin Strike","Armaments","Rage","Demon Form+1","Warcry+1","Feed","CurseOfTheBell","Sword Boomerang","Mayhem","Anger+1","Decay","Perfected Strike+1","Whirlwind","Twin Strike","Flex+1","Thunderclap","Juggernaut","Perfected Strike+1","Good Instincts","Anger"],"relics":["Burning Blood","FaceOfCleric","Oddly Smooth Stone","Bronze Scales","Sundial","Calling Bell","Vajra","Pantograph","Lizard Tail","Membership Card","War Paint","Ornamental Fan","Gremlin Horn","Boot","Strawberry","Frozen Eye","Regal Pillow","Black Star","Red Mask"],"acts_visited":["Exordium","TheCity","TheBeyond"],"potions_floor_usage":[6,13,13,18,18,20,23,24,24,24],"damage_taken":[{"damage":1,"enemies":"2 Louse","floor":1,"turns":3},{"damage":6,"enemies":"Cultist","floor":3,"turns":3},{"damage":0,"enemies":"Small Slimes","floor":5,"turns":3},{"damage":30,"enemies":"3 Sentries","floor":6,"turns":9},{"damage":0,"enemies":"2 Fungi Beasts","floor":10,"turns":3},{"damage":12,"enemies":"Exordium Thugs","floor":13,"turns":3},{"damage":7,"enemies":"Red Slaver","floor":14,"turns":2},{"damage":38,"enemies":"The Guardian","floor":16,"turns":8},{"damage":10,"enemies":"Chosen","floor":18,"turns":3},{"damage":22,"enemies":"3 Byrds","floor":20,"turns":3},{"damage":30,"enemies":"Sentry and Sphere","floor":23,"turns":5},{"damage":59,"enemies":"Slavers","floor":24,"turns":6},{"damage":27,"enemies":"Cultist and Chosen","floor":28,"turns":6},{"damage":11,"enemies":"Snecko","floor":29,"turns":4},{"damage":7,"enemies":"Sentry and Sphere","floor":30,"turns":5},{"damage":90,"enemies":"Champ","floor":33,"turns":11},{"damage":48,"enemies":"3 Darklings","floor":35,"turns":6},{"damage":14,"enemies":"Orb Walker","floor":38,"turns":2},{"damage":66,"enemies":"Spire Growth","floor":39,"turns":4}],"seed_played":"-7912049696564532732","potions_obtained":[{"floor":6,"key":"EntropicBrew"},{"floor":14,"key":"SteroidPotion"},{"floor":18,"key":"Weak Potion"},{"floor":22,"key":"AttackPotion"},{"floor":23,"key":"Energy Potion"},{"floor":33,"key":"Dexterity Potion"},{"floor":35,"key":"LiquidBronze"},{"floor":38,"key":"Dexterity Potion"}],"is_trial":false,"path_per_floor":["M","?","M","T","M","E","?","R","T","M","R","?","M","M","R","B",null,"M","$","M","?","?","M","E","R","T","R","M","M","M","$","R","B",null,"M","?","?","M","M"],"character_chosen":"IRONCLAD","items_purchased":["Membership Card","War Paint","Ornamental Fan","Mayhem","Strawberry","Frozen Eye","Regal Pillow"],"campfire_rested":3,"item_purchase_floors":[19,19,19,19,31,31,31],"current_hp_per_floor":[80,80,81,81,82,59,59,59,59,66,84,84,79,79,79,48,87,84,84,73,73,73,50,54,54,54,82,65,61,61,68,108,25,109,68,68,68,61,0,0],"gold":16,"neow_bonus":"","is_daily":false,"chose_seed":false,"campfire_upgraded":3,"win_rate":0.0,"timestamp":1612631014,"path_taken":["M","?","?","?","M","E","?","R","T","M","R","?","M","?","R","BOSS","M","$","M","?","?","M","E","R","T","R","M","?","M","?","R","BOSS","M","?","?","M","M"],"items_purchased_type":["Relic","Relic","Relic","Card","Relic","Relic","Relic"],"build_version":"2020-12-22","purchased_purges":0,"victory":false,"max_hp_per_floor":[80,80,81,81,82,83,83,83,83,84,84,84,85,86,86,87,87,88,88,93,93,93,94,95,95,95,95,99,100,101,108,108,109,109,110,110,110,111,111,111],"card_choices":[{"not_picked":["Pommel Strike","Body Slam"],"picked":"Twin Strike","floor":1},{"not_picked":["Pommel Strike","Flex"],"picked":"Anger","floor":3},{"not_picked":["Power Through","Sword Boomerang"],"picked":"Twin Strike","floor":5},{"not_picked":["Entrench","Shrug It Off"],"picked":"Armaments","floor":6},{"not_picked":["Twin Strike","Rupture"],"picked":"Rage","floor":10},{"not_picked":["Pummel","Seeing Red"],"picked":"Demon Form","floor":13},{"not_picked":["Sever Soul","Clash"],"picked":"Warcry","floor":14},{"not_picked":["Berserk","Fiend Fire"],"picked":"Feed","floor":16},{"not_picked":["Thunderclap","Body Slam"],"picked":"Sword Boomerang","floor":18},{"not_picked":["Searing Blow","Bludgeon"],"picked":"Anger","floor":20},{"not_picked":["Twin Strike","Bloodletting"],"picked":"Perfected Strike+1","floor":23},{"not_picked":["Pommel Strike","Infernal Blade"],"picked":"Whirlwind","floor":24},{"not_picked":["Dark Embrace","Iron Wave"],"picked":"Twin Strike","floor":28},{"not_picked":["Sword Boomerang","Blood for Blood"],"picked":"Flex+1","floor":29},{"not_picked":["Clash","Flame Barrier"],"picked":"Thunderclap","floor":30},{"not_picked":["Corruption","Demon Form"],"picked":"Juggernaut","floor":33},{"not_picked":["Body Slam","Twin Strike"],"picked":"Perfected Strike+1","floor":35},{"not_picked":["Purity","HandOfGreed"],"picked":"Good Instincts","floor":36},{"not_picked":["Sword Boomerang+1","Body Slam"],"picked":"Anger","floor":38}],"player_experience":0,"relics_obtained":[{"floor":4,"key":"Oddly Smooth Stone"},{"floor":6,"key":"Bronze Scales"},{"floor":9,"key":"Sundial"},{"floor":17,"key":"Vajra"},{"floor":17,"key":"Pantograph"},{"floor":17,"key":"Lizard Tail"},{"floor":24,"key":"Gremlin Horn"},{"floor":26,"key":"Boot"}],"event_choices":[{"damage_healed":0,"gold_gain":0,"player_choice":"Trade","damage_taken":0,"relics_obtained":["FaceOfCleric"],"max_hp_gain":0,"max_hp_loss":0,"event_name":"FaceTrader","floor":2,"gold_loss":0},{"damage_healed":0,"gold_gain":0,"player_choice":"Ignored","damage_taken":0,"max_hp_gain":0,"max_hp_loss":0,"event_name":"Golden Wing","floor":7,"gold_loss":0},{"damage_healed":0,"gold_gain":100,"player_choice":"Pray","damage_taken":0,"max_hp_gain":0,"max_hp_loss":0,"event_name":"Golden Shrine","floor":12,"gold_loss":0},{"damage_healed":0,"gold_gain":0,"player_choice":"Smashed Altar","damage_taken":0,"max_hp_gain":0,"max_hp_loss":0,"event_name":"Forgotten Altar","floor":21,"gold_loss":0,"cards_obtained":["Decay"]},{"damage_healed":0,"gold_gain":0,"player_choice":"Bought 1 Potion","damage_taken":0,"max_hp_gain":0,"max_hp_loss":0,"event_name":"The Woman in Blue","floor":22,"gold_loss":0},{"damage_healed":0,"gold_gain":0,"player_choice":"Memory 1","damage_taken":0,"max_hp_gain":0,"max_hp_loss":0,"event_name":"SensoryStone","floor":36,"gold_loss":0},{"damage_healed":0,"gold_gain":0,"player_choice":"Paid","damage_taken":0,"relics_obtained":["Red Mask"],"max_hp_gain":0,"max_hp_loss":0,"event_name":"Tomb of Lord Red Mask","floor":37,"gold_loss":138}],"is_beta":false,"boss_relics":[{"not_picked":["SlaversCollar","Sozu"],"picked":"Calling Bell"},{"not_picked":["Runic Dome","Busted Crown"],"picked":"Black Star"}],"items_purged_floors":[],"is_endless":false,"potions_floor_spawned":[6,10,14,18,23,33,35,38],"killed_by":"Spire Growth","ascension_level":0}}