{"host":"23qk1co0p3p8qz56","time":1612597374,"event":{"mods":["100% Spire Juice","AchievementEnabler","Act Like it!","Arknights","BaseMod","Better Note","Better Third Choice","BetterRewards","CapriCore","Chen","Colored Map","Downfall","Friendly Minions","Gensokyo","Gold Saver","KinomotoSakuraMod(木之本?)","Koishi","Lobotomy","LobotomyExtend","Marisa（霧雨　魔理沙）","Minty Spire (QoL Compilation)","Prisma Mod","Reimu（博??梦）","Remilia（蕾米莉?）","StSLib","The Alterego","The Animator","The Immortal","The Senshi","Waifu the Spire","WarShipGirlsR/??少女R mod","Yakumo Yukari mod","Yohane!","Yuyuko"],"gold_per_floor":[109,109,109,119,136,136,151,162,140,158,170,170,188,203,203,203,214,214,244,244,244,343,343,363,376,376,390,390,390,390,390],"floor_reached":24,"language":"ENG","playtime":1668,"items_purged":[],"score":231,"play_id":"72ec27d2-ed2c-4a0a-ac5c-f4d0c1a0d465","local_time":"20210206004254","is_ascension_mode":false,"campfire_choices":[{"data":"rmod:basicallowance","floor":6,"key":"SMITH"},{"data":"rmod:fuelsupply","floor":6,"key":"SMITH"},{"data":"rmod:chargemoney","floor":12,"key":"SMITH"},{"data":"rmod:diamondstrike","floor":15,"key":"SMITH"},{"data":"rmod:expeditionaryescort","floor":23,"key":"SMITH"}],"circlet_count":0,"master_deck":["rmod:strick","rmod:strick","rmod:strick","rmod:strick","rmod:defend","rmod:defend","rmod:defend","rmod:defend","rmod:basicallowance+1","rmod:maingunfire","rmod:gendarmerie","rmod:garrisonisland","rmod:intelligenceanalysis","rmod:openingtorpedo","rmod:diaomin","rmod:fuelsupply+1","rmod:salvage","rmod:fletcherpendant","rmod:guardianhero","rmod:fletcherpendant","rmod:chargemoney+1","rmod:fletcherpendant","rmod:firesupport","rmod:mineteam","rmod:fletcherpendant","rmod:diamondstrike+1","rmod:expeditionaryescort+1","rmod:aggressivemary","rmod:heivgo+1","rmod:wife+1","rmod:fletcherpendant"],"relics":["rmod:firstchargereward","LetterFromLob","White Beast Statue","Mango","InkBottle","Coffee Dripper","Anchor","Blue Candle"],"acts_visited":["Exordium","TheBeyond"],"potions_floor_usage":[13,18,19,21,21,24],"damage_taken":[{"damage":4,"enemies":"Jaw Worm","floor":1,"turns":4},{"damage":0,"enemies":"Small Slimes","floor":4,"turns":3},{"damage":0,"enemies":"Cultist","floor":5,"turns":4},{"damage":0,"enemies":"Cultist","floor":1,"turns":4},{"damage":0,"enemies":"Small Slimes","floor":2,"turns":2},{"damage":0,"enemies":"2 Louse","floor":4,"turns":2},{"damage":5,"enemies":"Large Slime","floor":5,"turns":5},{"damage":1,"enemies":"Looter","floor":7,"turns":3},{"damage":8,"enemies":"Lots of Slimes","floor":8,"turns":4},{"damage":0,"enemies":"Exordium Thugs","floor":11,"turns":2},{"damage":5,"enemies":"3 Sentries","floor":13,"turns":5},{"damage":64,"enemies":"The Guardian","floor":16,"turns":9},{"damage":37,"enemies":"3 Shapes","floor":18,"turns":5},{"damage":22,"enemies":"3 Darklings","floor":19,"turns":5},{"damage":0,"enemies":"Transient","floor":21,"turns":5},{"damage":30,"enemies":"Sphere and 2 Shapes","floor":24,"turns":3}],"seed_played":"2013616367050605221","potions_obtained":[{"floor":0,"key":"Explosive Potion"},{"floor":0,"key":"Block Potion"},{"floor":0,"key":"GrandPatriotsElixir:ReiMu"},{"floor":7,"key":"GamblersBrew"},{"floor":11,"key":"BlessingOfTheForge"},{"floor":16,"key":"DistilledChaos"},{"floor":18,"key":"SteroidPotion"},{"floor":19,"key":"Explosive Potion"},{"floor":21,"key":"EssenceOfSteel"}],"is_trial":false,"path_per_floor":["M","?","?","M","M","R","M","M","M","$","M","M","R","M","M","T","?","M","R","E","?","R","B",null,"M","M","?","M","?","R","M"],"character_chosen":"PRAEFECT","items_purchased":["rmod:fuelsupply"],"campfire_rested":0,"item_purchase_floors":[3],"current_hp_per_floor":[71,71,71,71,71,71,75,75,75,75,70,70,69,61,61,61,61,61,70,70,70,6,89,52,30,30,30,25,25,0,0],"gold":390,"neow_bonus":"THREE_SMALL_POTIONS","is_daily":false,"chose_seed":false,"campfire_upgraded":5,"win_rate":0.0,"timestamp":1612597374,"path_taken":["M","?","?","?","M","R","M","M","M","?","M","M","R","M","M","T","?","?","R","E","?","R","BOSS","M","M","?","?","?","R","M"],"items_purchased_type":["Card"],"build_version":"2020-12-22","purchased_purges":0,"victory":false,"max_hp_per_floor":[75,75,75,75,75,75,75,75,75,75,75,75,75,75,75,75,75,75,89,89,89,89,89,89,89,89,89,89,89,89,89],"card_choices":[{"not_picked":["rmod:garrisonisland","rmod:victimresponsibility"],"picked":"rmod:gendarmerie","floor":1},{"not_picked":["rmod:luckystar","rmod:sl"],"picked":"rmod:garrisonisland","floor":4},{"not_picked":["rmod:wolves","rmod:ammunitionsupply"],"picked":"rmod:intelligenceanalysis","floor":5},{"not_picked":["rmod:heivgo","rmod:capitalist"],"picked":"rmod:openingtorpedo","floor":1},{"not_picked":["rmod:wolves","rmod:steelsupply"],"picked":"rmod:diaomin","floor":2},{"not_picked":["rmod:capitalist","rmod:aviationdawn"],"picked":"rmod:salvage","floor":4},{"not_picked":["rmod:aluminumsupply","rmod:capitalist"],"picked":"rmod:guardianhero","floor":5},{"not_picked":["rmod:rockthrower","rmod:tearstotiara"],"picked":"rmod:chargemoney","floor":7},{"not_picked":["rmod:ammunitionsupply","rmod:tearstotiara"],"picked":"rmod:firesupport","floor":8},{"not_picked":["rmod:selfconfidence","rmod:tearstotiara"],"picked":"rmod:mineteam","floor":11},{"not_picked":["rmod:victimresponsibility","rmod:guardianhero"],"picked":"rmod:diamondstrike","floor":13},{"not_picked":["rmod:windflower","rmod:supriseattacks"],"picked":"rmod:expeditionaryescort","floor":16},{"not_picked":["rmod:fuelsupply","rmod:firesupport"],"picked":"rmod:aggressivemary","floor":18},{"not_picked":["rmod:diamondstrike+1","rmod:capitalist"],"picked":"rmod:heivgo+1","floor":19},{"not_picked":["rmod:salvage+1","rmod:sl"],"picked":"rmod:wife+1","floor":21}],"player_experience":59800,"relics_obtained":[{"floor":1,"key":"LetterFromLob"},{"floor":1,"key":"LetterFromLob"},{"floor":9,"key":"White Beast Statue"},{"floor":13,"key":"Mango"},{"floor":20,"key":"Anchor"}],"event_choices":[{"damage_healed":71,"gold_gain":0,"player_choice":"Leave","damage_taken":0,"max_hp_gain":0,"max_hp_loss":75,"event_name":"betterThird:BetterShining","floor":2,"gold_loss":0},{"damage_healed":0,"gold_gain":0,"player_choice":"Ignored","damage_taken":0,"max_hp_gain":0,"max_hp_loss":0,"event_name":"betterNote:BetterNote","floor":3,"gold_loss":0,"cards_obtained":["animator:Megumin"]},{"damage_healed":0,"gold_gain":0,"player_choice":"Bought 0 Potions","damage_taken":0,"max_hp_gain":0,"max_hp_loss":0,"event_name":"The Woman in Blue","floor":10,"gold_loss":0},{"damage_healed":0,"gold_gain":0,"player_choice":"Gave Potion","damage_taken":0,"relics_obtained":["InkBottle"],"max_hp_gain":0,"max_hp_loss":0,"event_name":"WeMeetAgain","floor":14,"gold_loss":0},{"damage_healed":0,"gold_gain":0,"player_choice":"Relic","damage_taken":0,"max_hp_gain":0,"max_hp_loss":0,"event_name":"Wheel of Change","floor":20,"gold_loss":0}],"is_beta":false,"boss_relics":[{"not_picked":["RedLine:ReiMu","SlaversCollar"],"picked":"Coffee Dripper"}],"items_purged_floors":[],"is_endless":false,"potions_floor_spawned":[1,2,7,11,13,16,18,19,21],"killed_by":"Sphere and 2 Shapes","ascension_level":0}}