{"host":"ydh61a5ftgdajrbo","time":1612635192,"event":{"mods":["BaseMod","Colored Map","DeckTracker","Downfall","Koishi","Marisa¡]Ãú«B¡@Å]²z¨F¡^","Minty Spire (QoL Compilation)","Spire Arcade","StSLib","The Administrix","The Animator","The Cursed","The Mystic","The Servant 0.9.4"],"gold_per_floor":[109,109,109,259,38,38,52,52,52,79,79,94,119,119,119,119,119],"floor_reached":16,"language":"ZHS","playtime":379,"items_purged":["Doubt"],"score":168,"play_id":"a165174a-a700-44f2-8e02-f1620411f5e7","local_time":"20210207021312","is_ascension_mode":true,"campfire_choices":[{"data":"Cloak And Dagger","floor":6.0,"key":"SMITH"},{"floor":15,"key":"REST"}],"circlet_count":0,"master_deck":["AscendersBane","Strike_G","Strike_G","Strike_G","Strike_G","Defend_G","Defend_G","Defend_G+1","Defend_G","Survivor","Neutralize","Cloak And Dagger+1","Burst+1","Blade Dance","Blade Dance","Cloak And Dagger"],"relics":["Ring of the Snake","sneckomod:BlankCard","bronze:DecasWashers","hexamod:BolsterEngine","War Paint"],"acts_visited":["Exordium"],"potions_floor_usage":[],"damage_taken":[{"damage":4.0,"enemies":"Small Slimes","floor":1.0,"turns":4.0},{"damage":0.0,"enemies":"2 Louse","floor":7.0,"turns":2.0},{"damage":0.0,"enemies":"Jaw Worm","floor":12.0,"turns":3.0},{"damage":36.0,"enemies":"3 Sentries","floor":13.0,"turns":10.0},{"damage":11,"enemies":"The Guardian","floor":16,"turns":4}],"seed_played":"-2399409159568860453","potions_obtained":[{"floor":7.0,"key":"FearPotion"},{"floor":13.0,"key":"DuplicationPotion"}],"is_trial":false,"path_per_floor":["M","?","?","?","$","R","M","?","T","T","$","M","E","?","R","B"],"character_chosen":"THE_SILENT","items_purchased":["sneckomod:BlankCard"],"campfire_rested":1,"item_purchase_floors":[5],"current_hp_per_floor":[61,54,54,54,54,54,54,59,59,59,59,59,23,23,46,35,35],"gold":119,"neow_bonus":"TEN_PERCENT_HP_BONUS","is_daily":false,"chose_seed":false,"campfire_upgraded":1,"win_rate":0.0,"timestamp":1612635192,"path_taken":["M","?","?","?","?","R","M","?","T","?","$","M","E","?","R","BOSS"],"items_purchased_type":["Relic"],"build_version":"2020-12-22","purchased_purges":1,"victory":false,"max_hp_per_floor":[72,72,72,72,72,72,72,77,77,77,77,77,77,77,77,77,77],"card_choices":[{"not_picked":["Underhanded Strike","Dash"],"picked":"Cloak And Dagger","floor":1.0},{"not_picked":["Deflect","Blur"],"picked":"Blade Dance","floor":7.0},{"not_picked":["Riddle With Holes","Backflip"],"picked":"Blade Dance","floor":12.0},{"not_picked":["Venomology","Flechettes"],"picked":"Cloak And Dagger","floor":13.0}],"player_experience":359693,"relics_obtained":[{"floor":9.0,"key":"bronze:DecasWashers"},{"floor":10.0,"key":"hexamod:BolsterEngine"},{"floor":13.0,"key":"War Paint"}],"event_choices":[{"cards_removed":["Strike_G"],"damage_healed":0.0,"max_hp_gain":0.0,"max_hp_loss":0.0,"gold_gain":0.0,"event_name":"Golden Wing","player_choice":"Card Removal","floor":2.0,"gold_loss":0.0,"damage_taken":7.0},{"damage_healed":0.0,"max_hp_gain":0.0,"max_hp_loss":0.0,"gold_gain":0.0,"cards_transformed":["Defend_G"],"event_name":"Living Wall","player_choice":"Change","floor":3.0,"gold_loss":0.0,"damage_taken":0.0,"cards_obtained":["Burst"]},{"damage_healed":0.0,"max_hp_gain":0.0,"max_hp_loss":0.0,"gold_gain":150.0,"event_name":"Liars Game","player_choice":"AGREE","floor":4.0,"gold_loss":0.0,"damage_taken":0.0,"cards_obtained":["Doubt"]},{"damage_healed":0.0,"max_hp_gain":5.0,"max_hp_loss":0.0,"gold_gain":0.0,"event_name":"Big Fish","player_choice":"Donut","floor":8.0,"gold_loss":0.0,"damage_taken":0.0},{"damage_healed":0,"gold_gain":0,"player_choice":"Searched \u00270\u0027 times","damage_taken":0,"max_hp_gain":0,"max_hp_loss":0,"event_name":"Dead Adventurer","floor":14,"gold_loss":0}],"is_beta":false,"boss_relics":[],"items_purged_floors":[5],"is_endless":false,"potions_floor_spawned":[7,13],"killed_by":"The Guardian","ascension_level":15}}