{"host":"jvd5k9mqzerszifx","time":1612625674,"event":{"mods":["AchievementEnabler","Act Like it!","BaseMod","Bestiary","Better Note","Better Third Choice","Colored Map","Colored Powertips","Conspire","DeckTracker","Gensokyo","GungeonMod","Hallownest","Hermit","Hubris","Infinite Spire","Jorbs\u0027s Wanderer Trilogy","Koishi","Marisa（F雨　魔理沙）","Minty Spire (QoL Compilation)","MostiFishMod","Relic Stats","Replay The Spire","Reworked Bosses","Spicy Shops","StSLib","The Administrix","The Bug Knight","The Cursed","The Hierophant","The Jungle","The Servant 0.9.4","【功能Mod】聪明的最终Boss"],"gold_per_floor":[136,108,108,150,150,150,243,243,243,327,408,408,453,528,528,840,840,900,182,233,293,1118,1193,1193,1238,1238,1238,1340,1442,1442,178,178,478,478,538,448,448,448,520,694,694,754,754,67,109,29,29,104,104,104,104,104,3,93,93],"floor_reached":56,"language":"ZHS","playtime":2247,"items_purged":[],"score":2415,"play_id":"8f19af68-20a6-4dfa-80c5-cf0a98a2a205","local_time":"20210206233434","is_ascension_mode":true,"campfire_choices":[{"data":"TheCursedMod:Strike_TheCursed","floor":6,"key":"PURGE"},{"data":"TheCursedMod:Defend_TheCursed","floor":6,"key":"PURGE"},{"data":"TheCursedMod:Defend_TheCursed","floor":6,"key":"PURGE"},{"data":"TheCursedMod:Strike_TheCursed","floor":6,"key":"SMITH"},{"data":"TheCursedMod:Defend_TheCursed","floor":6,"key":"SMITH"},{"data":"TheCursedMod:CursedWand","floor":6,"key":"SMITH"},{"data":"TheCursedMod:CleanUpWorkshop","floor":6,"key":"SMITH"},{"data":"TheCursedMod:Torture","floor":6,"key":"SMITH"},{"data":"TheCursedMod:CircleOfFlame","floor":6,"key":"SMITH"},{"floor":6,"key":"REST"},{"floor":6,"key":"RECALL"},{"data":"TheCursedMod:CircleOfCorruption","floor":12,"key":"SMITH"},{"data":"TheCursedMod:CircleOfWindfury","floor":12,"key":"SMITH"},{"floor":12,"key":"REST"},{"data":"TheCursedMod:Strike_TheCursed+1","floor":15,"key":"PURGE"},{"data":"TheCursedMod:Defend_TheCursed+1","floor":15,"key":"PURGE"},{"data":"TheCursedMod:ManaBullet","floor":15,"key":"SMITH"},{"floor":15,"key":"REST"},{"data":"TheCursedMod:SpitefulPray","floor":27,"key":"SMITH"},{"data":"TheCursedMod:CircleOfAmplification","floor":27,"key":"SMITH"},{"data":"TheCursedMod:CircleOfFlame","floor":27,"key":"SMITH"},{"floor":27,"key":"REST"},{"data":"TheCursedMod:HellsGateOpen","floor":32,"key":"SMITH"},{"data":"TheCursedMod:HellfireBreathing","floor":32,"key":"SMITH"},{"data":"TheCursedMod:HellfireBreathing","floor":32,"key":"SMITH"},{"data":"TheCursedMod:LuckyCharm","floor":32,"key":"SMITH"},{"floor":32,"key":"REST"},{"floor":41,"key":"REST"},{"data":"Hallownest:attackMasterDashSlash+1","floor":49,"key":"PURGE"},{"floor":49,"key":"REST"},{"floor":52,"key":"REST"}],"circlet_count":0,"master_deck":["AscendersBane","TheCursedMod:AbyssShockwave+1","TheCursedMod:CursedWand+1","TheCursedMod:CleanUpWorkshop+1","TheCursedMod:Dregs","TheCursedMod:Torture+1","TheCursedMod:CircleOfFlame+1","TheCursedMod:CircleOfCorruption+1","TheCursedMod:CircleOfWindfury+1","TheCursedMod:ManaBullet+1","TheCursedMod:NeowsMight+1","TheCursedMod:FleshFromBone+1","TheCursedMod:SpitefulPray+1","TheCursedMod:CircleOfAmplification+1","TheCursedMod:CollectTribute+1","TheCursedMod:CircleOfFlame+1","TheCursedMod:HellsGateOpen+1","TheCursedMod:HellfireBreathing+1","TheCursedMod:LuckyCharm+1","TheCursedMod:AntiAging+1","TheCursedMod:HellfireBreathing+1","TheCursedMod:HellfireBreathing+1","TheCursedMod:WearCloak+1","TheCursedMod:ManaBullet+1"],"relics":["TheCursedMod:BlackMagic101","Peace Pipe","Ginger","Turnip","Unceasing Top","Omamori","Ice Cream","The Courier","Medical Kit","WingedGreaves","HandDrill","Frozen Eye","Blue Candle","BrkXgEgg","DaveBox","MetatronsCube","ReplayTheSpireMod:CursedCoin","hubris:GlazedTorus","Boot","Vajra","Toy Ornithopter","DemoMod:MonsterBlood","Bag of Preparation","Bird Faced Urn","RhineSuit","Potion Belt","hubris:EmptyBottle","Regal Pillow","DianDianMeat","Anchor","TheCursedMod:PinkPellets","SynthV:C4","Letter Opener","Onion Ring","hubris:TenFootPole","Red Mask","OrangePellets","DollysMirror","infinitespire:ShieldingShard","Singing Bowl","Replay:Rubber Ducky","Garlic","DianPoetry","DemoMod:WaxWing","Gremlin Horn","MealTicket","hubris:64BitClover","DemoMod:GlassGuonStoneRelic","DemoMod:MemoryAlloy","Toolbox","Oddly Smooth Stone","Mummified Hand","DemoMod:Metronome","Molten Egg 2","hubris:Icosahedron","Replay:Kaleidoscope","DemoMod:DecoyRelic","Orichalcum"],"acts_visited":["Gensokyo:Gensokyo","TheCity","Hallownest:KingdomsEdge","TheEnding"],"potions_floor_usage":[10,25,50],"damage_taken":[{"damage":0,"enemies":"Gensokyo:2_Kodama","floor":1,"turns":1},{"damage":0,"enemies":"Gensokyo:Gryphon","floor":4,"turns":3},{"damage":0,"enemies":"Gensokyo:Cirno","floor":7,"turns":4},{"damage":5,"enemies":"Gensokyo:Mamizou","floor":10,"turns":4},{"damage":11,"enemies":"Gensokyo:Aya","floor":11,"turns":3},{"damage":0,"enemies":"Gensokyo:Python","floor":13,"turns":1},{"damage":0,"enemies":"Gensokyo:Cirno","floor":14,"turns":5},{"damage":0,"enemies":"Gensokyo:Yukari","floor":16,"turns":1},{"damage":0,"enemies":"3 Byrds","floor":18,"turns":1},{"damage":0,"enemies":"3 Cultists","floor":20,"turns":1},{"damage":0,"enemies":"conspire:HollyBat","floor":21,"turns":3},{"damage":0,"enemies":"HollowMod:Nosk","floor":23,"turns":1},{"damage":1,"enemies":"Centurion and Healer","floor":25,"turns":2},{"damage":0,"enemies":"Slavers","floor":28,"turns":1},{"damage":0,"enemies":"Masked Bandits","floor":29,"turns":1},{"damage":9,"enemies":"conspire:MysteriousRune","floor":33,"turns":3},{"damage":0,"enemies":"Hallownest:3_Siblings","floor":35,"turns":2},{"damage":0,"enemies":"Hallownest:2_Primals","floor":40,"turns":2},{"damage":0,"enemies":"Hallownest:Shield_Heavy","floor":42,"turns":2},{"damage":0,"enemies":"Hallownest:2_Wandering_and_1_Horned","floor":45,"turns":2},{"damage":0,"enemies":"Hallownest:eliteCollector","floor":48,"turns":1},{"damage":0,"enemies":"Hallownest:BossGreyPrinceZote","floor":50,"turns":3},{"damage":0,"enemies":"Shield and Spear","floor":54,"turns":3},{"damage":0,"enemies":"The Heart","floor":55,"turns":4}],"seed_played":"-6169754124398199405","potions_obtained":[{"floor":1,"key":"Weak Potion"},{"floor":10,"key":"Regen Potion"},{"floor":18,"key":"ColorlessPotion"},{"floor":21,"key":"Weak Potion"},{"floor":25,"key":"Dexterity Potion"},{"floor":54,"key":"Block Potion"}],"is_trial":false,"path_per_floor":["M","$","?","M","?","R","E","?","T","?","E","R","M","E","R","B",null,"M","$","M","M","?","E","AVR","M","T","R","E","?","?","$","R","B",null,"M","?","?","?","T","?","R","M","T","$","M","?","?","E","R","B",null,"R","$","E","B",null],"character_chosen":"THE_CURSED","items_purchased":["ReplayTheSpireMod:CursedCoin","hubris:GlazedTorus","Boot","Vajra","Potion Belt","hubris:EmptyBottle","Regal Pillow","DianDianMeat","Anchor","TheCursedMod:PinkPellets","OrangePellets","DollysMirror","infinitespire:ShieldingShard","Singing Bowl","Replay:Rubber Ducky","Garlic","TheCursedMod:LuckyCharm","DianPoetry","Toolbox","Oddly Smooth Stone","Mummified Hand","DemoMod:Metronome","Molten Egg 2","DemoMod:DecoyRelic"],"campfire_rested":8,"item_purchase_floors":[2,2,2,2,19,19,19,19,19,19,31,31,31,31,31,31,31,31,44,44,44,44,44,53],"current_hp_per_floor":[38,38,61,61,61,75,75,68,68,75,64,82,82,82,82,82,82,82,82,83,85,85,88,88,91,91,92,97,97,103,118,118,118,125,129,129,129,150,150,165,165,167,167,167,172,185,185,190,190,190,190,190,190,204,207],"gold":93,"neow_bonus":"RANDOM_EVENT","is_daily":false,"chose_seed":false,"campfire_upgraded":16,"win_rate":0.0,"timestamp":1612625674,"path_taken":["M","$","?","?","?","R","E","?","T","?","E","R","M","E","R","BOSS","M","$","?","M","?","E","AVR","?","T","R","E","?","?","$","R","BOSS","M","?","?","?","?","?","R","?","T","$","M","?","?","E","R","BOSS","R","$","E","BOSS"],"items_purchased_type":["Relic","Relic","Relic","Relic","Relic","Relic","Relic","Relic","Relic","Relic","Relic","Relic","Relic","Relic","Relic","Relic","Card","Relic","Relic","Relic","Relic","Relic","Relic","Relic"],"build_version":"2020-12-22","purchased_purges":0,"victory":true,"max_hp_per_floor":[75,75,75,75,75,75,75,75,75,82,82,82,82,82,82,82,82,82,82,83,85,85,88,88,92,92,92,97,97,103,118,118,127,127,129,129,129,150,150,165,165,167,167,167,172,185,185,190,190,190,190,190,190,204,207],"relic_stats":{"Regal Pillow":0,"Singing Bowl":8,"Gremlin Horn":[1,2],"counters":[24,54],"Blue Candle":[2],"Bag of Preparation":[38],"Ginger":[5],"Letter Opener":[87],"Orichalcum":[0],"Medical Kit":[4],"Boot":[0],"Peace Pipe":10,"OrangePellets":[0],"Mummified Hand":[28],"Bird Faced Urn":[2],"MealTicket":0,"Turnip":[4],"HandDrill":[16],"obtain_stats":[{"Ice Cream":0,"Gremlin Horn":36,"Vajra":2,"DemoMod:GlassGuonStoneRelic":1,"Ginger":0,"Boot":2,"infinitespire:ShieldingShard":31,"DemoMod:MonsterBlood":10,"DollysMirror":31,"DemoMod:Metronome":44,"MealTicket":39,"HandDrill":0,"DianDianMeat":19,"TheCursedMod:BlackMagic101":0,"ReplayTheSpireMod:CursedCoin":2,"Blue Candle":0,"Oddly Smooth Stone":44,"Letter Opener":24,"Replay:Kaleidoscope":48,"OrangePellets":31,"Bird Faced Urn":14,"DemoMod:DecoyRelic":53,"Onion Ring":26,"Molten Egg 2":44,"hubris:TenFootPole":28,"Unceasing Top":0,"MetatronsCube":0,"Regal Pillow":19,"DaveBox":0,"Singing Bowl":31,"DianPoetry":31,"RhineSuit":17,"Bag of Preparation":11,"hubris:EmptyBottle":19,"SynthV:C4":23,"Replay:Rubber Ducky":31,"Frozen Eye":0,"hubris:Icosahedron":47,"Mummified Hand":44,"Toolbox":44,"WingedGreaves":0,"Red Mask":29,"hubris:GlazedTorus":2,"Potion Belt":19,"hubris:64BitClover":40,"DemoMod:MemoryAlloy":43,"TheCursedMod:PinkPellets":19,"The Courier":0,"BrkXgEgg":0,"Omamori":0,"Orichalcum":54,"Medical Kit":0,"Peace Pipe":0,"Anchor":19,"Turnip":0,"Garlic":31,"DemoMod:WaxWing":34,"Toy Ornithopter":7},{"Ice Cream":0,"Gremlin Horn":17,"Vajra":1,"DemoMod:GlassGuonStoneRelic":1,"Ginger":0,"Boot":1,"infinitespire:ShieldingShard":15,"DemoMod:MonsterBlood":4,"DollysMirror":15,"DemoMod:Metronome":19,"MealTicket":17,"HandDrill":0,"DianDianMeat":9,"TheCursedMod:BlackMagic101":0,"ReplayTheSpireMod:CursedCoin":1,"Blue Candle":0,"Oddly Smooth Stone":19,"Letter Opener":12,"Replay:Kaleidoscope":21,"OrangePellets":15,"Bird Faced Urn":7,"DemoMod:DecoyRelic":22,"Onion Ring":13,"Molten Egg 2":19,"hubris:TenFootPole":14,"Unceasing Top":0,"MetatronsCube":0,"Regal Pillow":9,"DaveBox":0,"Singing Bowl":15,"DianPoetry":15,"RhineSuit":8,"Bag of Preparation":5,"hubris:EmptyBottle":9,"SynthV:C4":12,"Replay:Rubber Ducky":15,"Frozen Eye":0,"hubris:Icosahedron":20,"Mummified Hand":19,"Toolbox":19,"WingedGreaves":0,"Red Mask":15,"hubris:GlazedTorus":1,"Potion Belt":9,"hubris:64BitClover":18,"DemoMod:MemoryAlloy":19,"TheCursedMod:PinkPellets":9,"The Courier":0,"BrkXgEgg":0,"Omamori":0,"Orichalcum":23,"Medical Kit":0,"Peace Pipe":0,"Anchor":9,"Turnip":0,"Garlic":15,"DemoMod:WaxWing":16,"Toy Ornithopter":3},{"Ice Cream":0,"Gremlin Horn":37,"Vajra":1,"DemoMod:GlassGuonStoneRelic":1,"Ginger":0,"Boot":1,"infinitespire:ShieldingShard":32,"DemoMod:MonsterBlood":12,"DollysMirror":32,"DemoMod:Metronome":41,"MealTicket":37,"HandDrill":0,"DianDianMeat":23,"TheCursedMod:BlackMagic101":0,"ReplayTheSpireMod:CursedCoin":1,"Blue Candle":0,"Oddly Smooth Stone":41,"Letter Opener":28,"Replay:Kaleidoscope":44,"OrangePellets":32,"Bird Faced Urn":21,"DemoMod:DecoyRelic":47,"Onion Ring":30,"Molten Egg 2":41,"hubris:TenFootPole":31,"Unceasing Top":0,"MetatronsCube":0,"Regal Pillow":23,"DaveBox":0,"Singing Bowl":32,"DianPoetry":32,"RhineSuit":22,"Bag of Preparation":15,"hubris:EmptyBottle":23,"SynthV:C4":28,"Replay:Rubber Ducky":32,"Frozen Eye":0,"hubris:Icosahedron":43,"Mummified Hand":41,"Toolbox":41,"WingedGreaves":0,"Red Mask":32,"hubris:GlazedTorus":1,"Potion Belt":23,"hubris:64BitClover":39,"DemoMod:MemoryAlloy":41,"TheCursedMod:PinkPellets":23,"The Courier":0,"BrkXgEgg":0,"Omamori":0,"Orichalcum":50,"Medical Kit":0,"Peace Pipe":0,"Anchor":23,"Turnip":0,"Garlic":32,"DemoMod:WaxWing":35,"Toy Ornithopter":8}],"Unceasing Top":[0],"Toy Ornithopter":5},"card_choices":[{"not_picked":["TheCursedMod:VitalStrike","TheCursedMod:SurpriseAttack"],"picked":"TheCursedMod:Torture","floor":1},{"not_picked":["TheCursedMod:RapidMovement","TheCursedMod:CursedArmor"],"picked":"TheCursedMod:CircleOfFlame","floor":4},{"not_picked":["TheCursedMod:Mangle","TheCursedMod:Stretching"],"picked":"TheCursedMod:CircleOfCorruption","floor":7},{"not_picked":["TheCursedMod:StingEye","TheCursedMod:Stretching"],"picked":"TheCursedMod:CircleOfWindfury","floor":10},{"not_picked":["TheCursedMod:AshesToAshes","TheCursedMod:SpreadPlague"],"picked":"TheCursedMod:NeowsMight+1","floor":11},{"not_picked":["TheCursedMod:Stigma","TheCursedMod:CursedMace","TheCursedMod:DoubleShield"],"picked":"SKIP","floor":13},{"not_picked":["TheCursedMod:VitalStrike","TheCursedMod:SoulReap"],"picked":"TheCursedMod:ManaBullet","floor":14},{"not_picked":["TheCursedMod:CursedRelics+1","TheCursedMod:VoidForm+1"],"picked":"TheCursedMod:NeowsMight+1","floor":16},{"not_picked":["TheCursedMod:RavingStaff","TheCursedMod:SmokeScreen"],"picked":"TheCursedMod:FleshFromBone+1","floor":18},{"not_picked":["TheCursedMod:StingEye","TheCursedMod:Stretching"],"picked":"TheCursedMod:SpitefulPray","floor":20},{"not_picked":["TheCursedMod:CursedMace","TheCursedMod:SaltUponWound+1"],"picked":"TheCursedMod:CircleOfAmplification","floor":21},{"not_picked":["TheCursedMod:StingEye+1","TheCursedMod:FleshFromBone"],"picked":"TheCursedMod:CollectTribute+1","floor":23},{"not_picked":["TheCursedMod:Torture","TheCursedMod:Stigma"],"picked":"TheCursedMod:CircleOfFlame","floor":25},{"not_picked":["TheCursedMod:RapidMovement","TheCursedMod:SpitefulStrike+1"],"picked":"TheCursedMod:HellsGateOpen","floor":28},{"not_picked":["TheCursedMod:DemonicPact+1","TheCursedMod:ParallelWorld+1"],"picked":"TheCursedMod:AntiAging+1","floor":33},{"not_picked":["TheCursedMod:SpitefulStrike","TheCursedMod:SurpriseAttack","TheCursedMod:FleshFromBone"],"picked":"Singing Bowl","floor":35},{"not_picked":["TheCursedMod:RapidMovement+1","TheCursedMod:Obscuration+1"],"picked":"TheCursedMod:WearCloak+1","floor":40},{"not_picked":["TheCursedMod:Stigma","TheCursedMod:TacticalStrike","TheCursedMod:CircleOfFocus"],"picked":"Singing Bowl","floor":42},{"not_picked":["TheCursedMod:RavingStaff+1","TheCursedMod:SpitefulStrike+1","TheCursedMod:Stigma+1"],"picked":"Singing Bowl","floor":45},{"not_picked":["TheCursedMod:ManaCirculation+1","TheCursedMod:Mangle+1","TheCursedMod:Wield+1"],"picked":"Singing Bowl","floor":48},{"not_picked":["TheCursedMod:CursedBlade+1","TheCursedMod:CursedAmulet"],"picked":"TheCursedMod:ManaBullet+1","floor":54}],"player_experience":339225,"relics_obtained":[{"floor":7,"key":"Toy Ornithopter"},{"floor":10,"key":"DemoMod:MonsterBlood"},{"floor":11,"key":"Bag of Preparation"},{"floor":14,"key":"Bird Faced Urn"},{"floor":23,"key":"SynthV:C4"},{"floor":26,"key":"Onion Ring"},{"floor":28,"key":"hubris:TenFootPole"},{"floor":29,"key":"Red Mask"},{"floor":39,"key":"MealTicket"},{"floor":40,"key":"hubris:64BitClover"},{"floor":43,"key":"DemoMod:MemoryAlloy"},{"floor":48,"key":"Replay:Kaleidoscope"},{"floor":54,"key":"Orichalcum"}],"event_choices":[{"damage_healed":0,"gold_gain":275,"player_choice":"Desecrate","damage_taken":0,"max_hp_gain":0,"max_hp_loss":0,"event_name":"Golden Shrine","floor":22,"gold_loss":0,"cards_obtained":["Regret"]},{"damage_healed":0,"gold_gain":0,"player_choice":"Fought Bandits","damage_taken":0,"max_hp_gain":0,"max_hp_loss":0,"event_name":"Masked Bandits","floor":29,"gold_loss":0},{"damage_healed":0,"gold_gain":0,"player_choice":"Read","damage_taken":0,"max_hp_gain":0,"max_hp_loss":0,"event_name":"The Library","floor":30,"gold_loss":0,"cards_obtained":["TheCursedMod:HellfireBreathing"]}],"is_beta":false,"boss_relics":[{"not_picked":["conspire:SlowCooker","Replay:Grab Bag"],"picked":"RhineSuit"},{"not_picked":["hubris:VirtuousBlindfold","RhineFirstAidKit"],"picked":"DemoMod:WaxWing"}],"items_purged_floors":[],"is_endless":false,"potions_floor_spawned":[1,10,18,21,25,29,42,45,54],"ascension_level":11}}