{"host":"4rvakrj1idbgia3f","time":1612630641,"event":{"mods":["BaseMod","Colored Map","Colored Powertips","DeckTracker","Highlight Path","Minty Spire (QoL Compilation)","Random Character Button","StSLib"],"gold_per_floor":[117,136,152,152,152,152,166,192,192,6,32,32,60,17,17,91,91,108,58,75,95,113,113,147,157,157,157,167,167,167,202,202,275,275,289,308,328,328,115,144,144,178,178,190,224,236,236,249,249,249,249,249,249,199,234,234],"floor_reached":57,"language":"JPN","playtime":3944,"items_purged":["Strike_P","Nirvana+1","Defend_P"],"score":2904,"play_id":"328da0f4-5edb-4761-8516-dbbab1e8065e","local_time":"20210207015721","is_ascension_mode":true,"campfire_choices":[{"data":"Eruption","floor":6.0,"key":"SMITH"},{"data":"Apotheosis","floor":12.0,"key":"SMITH"},{"data":"Omniscience","floor":15.0,"key":"SMITH"},{"data":"TalkToTheHand","floor":23.0,"key":"SMITH"},{"floor":27.0,"key":"REST"},{"floor":32.0,"key":"REST"},{"floor":47,"key":"RECALL"},{"floor":49,"key":"REST"},{"floor":53,"key":"REST"}],"circlet_count":0,"master_deck":["AscendersBane","Defend_P","Defend_P","Defend_P+1","Eruption+1","Vigilance","Conclude+1","Consecrate","EmptyFist","Omniscience+1","Apotheosis+1","FlurryOfBlows","FlurryOfBlows","TalkToTheHand+1","Ragnarok","Wallop","WreathOfFlame","Protect","Omniscience","Ghostly","Ghostly","Ghostly","Vault","Tantrum+1","Vengeance+1","EmptyBody","ClearTheMind","Vault","Omniscience+1","Indignation"],"relics":["PureWater","NeowsBlessing","Smiling Mask","Pear","Ice Cream","Singing Bowl","Runic Pyramid","Regal Pillow","Blue Candle","Bottled Lightning","Astrolabe","Strange Spoon","Damaru","Incense Burner","Centennial Puzzle","Sundial"],"acts_visited":["Exordium","TheCity","TheBeyond","TheEnding"],"potions_floor_usage":[56,56],"damage_taken":[{"damage":0.0,"enemies":"Small Slimes","floor":1.0,"turns":1.0},{"damage":0.0,"enemies":"2 Louse","floor":2.0,"turns":1.0},{"damage":0.0,"enemies":"Cultist","floor":3.0,"turns":1.0},{"damage":9.0,"enemies":"Exordium Wildlife","floor":7.0,"turns":2.0},{"damage":14.0,"enemies":"Lagavulin","floor":8.0,"turns":5.0},{"damage":0.0,"enemies":"3 Sentries","floor":11.0,"turns":2.0},{"damage":0.0,"enemies":"Gremlin Nob","floor":13.0,"turns":2.0},{"damage":2.0,"enemies":"The Guardian","floor":16.0,"turns":8.0},{"damage":12.0,"enemies":"2 Thieves","floor":18.0,"turns":3.0},{"damage":7.0,"enemies":"Shell Parasite","floor":20.0,"turns":2.0},{"damage":0.0,"enemies":"Snecko","floor":21.0,"turns":3.0},{"damage":26.0,"enemies":"Shelled Parasite and Fungi","floor":22.0,"turns":4.0},{"damage":11.0,"enemies":"Book of Stabbing","floor":24.0,"turns":4.0},{"damage":9.0,"enemies":"Centurion and Healer","floor":25.0,"turns":4.0},{"damage":0.0,"enemies":"Cultist and Chosen","floor":28.0,"turns":4.0},{"damage":3.0,"enemies":"Slavers","floor":31.0,"turns":6.0},{"damage":1,"enemies":"Automaton","floor":33,"turns":7},{"damage":3,"enemies":"3 Shapes","floor":35,"turns":3},{"damage":0,"enemies":"Orb Walker","floor":36,"turns":2},{"damage":2,"enemies":"Transient","floor":37,"turns":7},{"damage":1,"enemies":"Giant Head","floor":40,"turns":8},{"damage":0,"enemies":"Nemesis","floor":42,"turns":4},{"damage":3,"enemies":"Jaw Worm Horde","floor":44,"turns":3},{"damage":0,"enemies":"Reptomancer","floor":45,"turns":4},{"damage":0,"enemies":"Maw","floor":46,"turns":7},{"damage":0,"enemies":"Transient","floor":48,"turns":7},{"damage":23,"enemies":"Donu and Deca","floor":50,"turns":10},{"damage":10,"enemies":"Time Eater","floor":51,"turns":15},{"damage":7,"enemies":"Shield and Spear","floor":55,"turns":7},{"damage":20,"enemies":"The Heart","floor":56,"turns":13}],"seed_played":"-7410408858708100864","potions_obtained":[{"floor":1.0,"key":"EssenceOfSteel"},{"floor":2.0,"key":"StancePotion"},{"floor":16.0,"key":"LiquidMemories"},{"floor":22.0,"key":"Fire Potion"},{"floor":45,"key":"Ancient Potion"}],"is_trial":false,"path_per_floor":["M","M","M","?","?","R","M","E","T","$","E","R","E","$","R","B",null,"M","$","M","M","M","R","E","M","T","R","M","?","?","E","R","B",null,"M","M","M","?","$","E","?","E","T","M","E","M","R","M","R","B","B",null,"R","$","E","B",null],"character_chosen":"WATCHER","items_purchased":["Apotheosis","TalkToTheHand","Strange Spoon"],"campfire_rested":4,"item_purchase_floors":[10,14,39],"current_hp_per_floor":[61,61,61,66,44,44,35,21,31,31,31,31,31,31,31,29,70,60,60,53,55,31,31,20,11,11,52,52,44,44,43,46,45,46,43,43,43,43,43,42,42,44,44,43,45,47,47,47,56,33,23,48,56,56,51,31],"gold":234,"neow_bonus":"THREE_ENEMY_KILL","is_daily":false,"chose_seed":false,"campfire_upgraded":4,"win_rate":0.0,"timestamp":1612630641,"path_taken":["M","M","M","?","?","R","M","E","T","$","E","R","E","$","R","BOSS","M","$","M","M","M","R","E","M","T","R","M","?","?","E","R","BOSS","M","M","M","?","$","E","?","E","T","M","E","M","R","?","R","BOSS","BOSS","R","$","E","BOSS"],"items_purchased_type":["Card","Card","Relic"],"build_version":"2020-12-22","purchased_purges":3,"victory":true,"max_hp_per_floor":[68,68,68,73,73,73,73,73,83,83,83,83,83,83,83,83,83,85,85,85,87,89,89,89,89,89,89,89,44,44,46,46,46,46,46,46,48,48,48,48,48,50,50,52,54,56,56,56,56,56,56,56,56,56,58,58],"card_choices":[{"not_picked":["PathToVictory","Collect"],"picked":"Conclude","floor":1.0},{"not_picked":["JustLucky","EmptyBody"],"picked":"Consecrate","floor":2.0},{"not_picked":["Study","EmptyBody"],"picked":"EmptyFist","floor":3.0},{"not_picked":["JustLucky","FlyingSleeves","SashWhip"],"picked":"SKIP","floor":7.0},{"not_picked":["CarveReality","SashWhip"],"picked":"Omniscience","floor":8.0},{"not_picked":["WheelKick","BattleHymn"],"picked":"FlurryOfBlows","floor":11.0},{"not_picked":["WheelKick","Protect"],"picked":"FlurryOfBlows","floor":13.0},{"not_picked":["Wish","LessonLearned"],"picked":"Ragnarok","floor":16.0},{"not_picked":["CutThroughFate","Evaluate","SandsOfTime"],"picked":"Singing Bowl","floor":18.0},{"not_picked":["Halt","FlurryOfBlows"],"picked":"Wallop","floor":20.0},{"not_picked":["SashWhip","Vengeance","WreathOfFlame"],"picked":"Singing Bowl","floor":21.0},{"not_picked":["EmptyFist","FlyingSleeves","Prostrate"],"picked":"Singing Bowl","floor":22.0},{"not_picked":["Brilliance","Consecrate"],"picked":"WreathOfFlame","floor":24.0},{"not_picked":["Evaluate","Consecrate"],"picked":"Protect","floor":25.0},{"not_picked":["SandsOfTime","Crescendo"],"picked":"Omniscience","floor":28.0},{"not_picked":["Prostrate+1","Pray","WreathOfFlame"],"picked":"Singing Bowl","floor":31.0},{"not_picked":["DeusExMachina","SpiritShield"],"picked":"Vault","floor":33},{"not_picked":["Conclude+1","WindmillStrike"],"picked":"EmptyBody","floor":35},{"not_picked":["BattleHymn","JustLucky"],"picked":"ClearTheMind","floor":36},{"not_picked":["LikeWater","EmptyFist","Halt+1"],"picked":"Singing Bowl","floor":37},{"not_picked":["FollowUp+1","FlyingSleeves"],"picked":"Vault","floor":40},{"not_picked":["SashWhip","EmptyBody","Crescendo"],"picked":"Singing Bowl","floor":42},{"not_picked":["JustLucky+1","Fasting2","Conclude"],"picked":"Singing Bowl","floor":44},{"not_picked":["SashWhip","Protect","Consecrate"],"picked":"Singing Bowl","floor":45},{"not_picked":["Protect","Consecrate","FlyingSleeves+1"],"picked":"Singing Bowl","floor":46},{"not_picked":["Judgement","ThirdEye"],"picked":"Indignation","floor":48},{"not_picked":["SashWhip","Scrawl","MasterReality"],"picked":"Singing Bowl","floor":55}],"player_experience":2221796,"relics_obtained":[{"floor":8.0,"key":"Smiling Mask"},{"floor":9.0,"key":"Pear"},{"floor":11.0,"key":"Ice Cream"},{"floor":13.0,"key":"Singing Bowl"},{"floor":24.0,"key":"Regal Pillow"},{"floor":26.0,"key":"Blue Candle"},{"floor":31.0,"key":"Bottled Lightning"},{"floor":40,"key":"Damaru"},{"floor":42,"key":"Incense Burner"},{"floor":45,"key":"Centennial Puzzle"},{"floor":55,"key":"Sundial"}],"event_choices":[{"damage_healed":0.0,"max_hp_gain":5.0,"max_hp_loss":0.0,"gold_gain":0.0,"event_name":"Big Fish","player_choice":"Donut","floor":4.0,"gold_loss":0.0,"damage_taken":0.0},{"damage_healed":0.0,"max_hp_gain":0.0,"max_hp_loss":0.0,"gold_gain":0.0,"event_name":"Shining Light","player_choice":"Entered Light","floor":5.0,"gold_loss":0.0,"damage_taken":22.0,"cards_upgraded":["Conclude","Defend_P"]},{"damage_healed":0.0,"max_hp_gain":0.0,"max_hp_loss":45.0,"gold_gain":0.0,"event_name":"Ghosts","player_choice":"Became a Ghost","floor":29.0,"gold_loss":0.0,"damage_taken":0.0,"cards_obtained":["Ghostly","Ghostly","Ghostly"]},{"damage_healed":0.0,"max_hp_gain":0.0,"max_hp_loss":0.0,"gold_gain":0.0,"cards_transformed":["Strike_P","Strike_P"],"event_name":"Drug Dealer","player_choice":"Became Test Subject","floor":30.0,"gold_loss":0.0,"damage_taken":0.0,"cards_obtained":["Establishment","SignatureMove"]},{"damage_healed":0,"gold_gain":0,"player_choice":"Ignored","damage_taken":0,"max_hp_gain":0,"max_hp_loss":0,"event_name":"Mysterious Sphere","floor":38,"gold_loss":0},{"damage_healed":0,"gold_gain":0,"player_choice":"Copied","damage_taken":0,"max_hp_gain":0,"max_hp_loss":0,"event_name":"Duplicator","floor":41,"gold_loss":0,"cards_obtained":["Omniscience"]}],"is_beta":false,"boss_relics":[{"not_picked":["SacredBark","Ectoplasm"],"picked":"Runic Pyramid"},{"not_picked":["Cursed Key","Runic Dome"],"picked":"Astrolabe"}],"items_purged_floors":[19,39,54],"is_endless":false,"potions_floor_spawned":[1,2,8,13,16,20,22,25,28,33,37,42,45,46],"ascension_level":20}}