{"host":"jjunaul04msmo6r1","time":1612596888,"event":{"mods":["BaseMod","Better Third Choice","Booster Modes","Colored Map","Downfall","Minty Spire (QoL Compilation)","Relic Stats","StSLib","UnlockEverythingMod","everything is the same but u backflip on backflip"],"gold_per_floor":[99,115,131,231,231,249,298,748,777,791,816,207,7,42,53,153,153,153,171,186,198,215,248,248,273,373,473,496,141,41,41,58,162,162,162,179,193,193,208,236,236,267,267,296,92,118,118,146,165,165,165,197,47,47,47,47],"floor_reached":57,"language":"ENG","playtime":9658,"items_purged":["downfall:Haunted","downfall:Haunted","downfall:Icky","downfall:Icky"],"score":1563,"play_id":"50cfa57e-e5f4-4c56-a310-380ba32a8f59","local_time":"20210206003448","is_ascension_mode":true,"campfire_choices":[{"floor":1,"key":"RECALL"},{"data":"bronze:Mutator","floor":13,"key":"SMITH"},{"data":"bronze:Virus","floor":18,"key":"SMITH"},{"data":"bronze:DecaBeam","floor":30,"key":"SMITH"},{"data":"bronze:Verify","floor":35,"key":"SMITH"},{"data":"bronze:AlphaBuild","floor":43,"key":"SMITH"},{"data":"bronze:Optimize","floor":47,"key":"SMITH"},{"data":"bronze:Replicate","floor":54,"key":"SMITH"}],"circlet_count":0,"master_deck":["bronze:Replicate+1","bronze:Goto+1","bronze:Repulsor","bronze:Mutator+1","bronze:Invalidate","bronze:ChosenStrike","downfall:Icky","downfall:Icky","bronze:Repulsor","bronze:HyperBeam","bronze:Virus+1","bronze:Shield","bronze:Deprecate","bronze:InfiniteBeams","bronze:ForceShield","bronze:CutThrough","bronze:Constructor","bronze:MaxOutput","bronze:Verify+1","bronze:Flail","bronze:MaxOutput","bronze:Shield+1","bronze:ItsAFeature","bronze:DecaBeam+1","bronze:AlphaBuild+1","bronze:GetLatest","bronze:NullPointer","bronze:ThunderWave","bronze:InfiniteBeams","bronze:RecursiveStrike","bronze:Deprecate","bronze:Iterate","bronze:Fortify","bronze:DecaBeam+1","bronze:DelayedGuard+1","bronze:Optimize+1","bronze:ForceShield","bronze:CleanCode","bronze:Return+1"],"relics":["bronze:BronzeCore","Darkstone Periapt","WingedGreaves","Ancient Tea Set","Lee\u0027s Waffle","Bronze Scales","downfall:HeartBlessingRed","downfall:HeartBlessingGreen","Bag of Preparation","Sozu","Pantograph","Lantern","Ginger","Bird Faced Urn","Mercury Hourglass","Kunai","downfall:HeartBlessingBlue","downfall:RedIOU","Pandora\u0027s Box","bronze:Mallet","Eternal Feather","Happy Flower","Torii","HornCleat","Singing Bowl","Regal Pillow","Anchor"],"acts_visited":["Exordium","TheCity","TheBeyond","TheEnding"],"potions_floor_usage":[9,9,11,27,56],"damage_taken":[{"damage":3,"enemies":"Small Slimes","floor":2,"turns":3},{"damage":9,"enemies":"2 Louse","floor":3,"turns":3},{"damage":17,"enemies":"Jaw Worm","floor":6,"turns":4},{"damage":43,"enemies":"Gremlin Nob","floor":9,"turns":5},{"damage":0,"enemies":"Large Slime","floor":10,"turns":5},{"damage":26,"enemies":"Lagavulin","floor":11,"turns":6},{"damage":0,"enemies":"downfall:FleeingMerchant","floor":12,"turns":4},{"damage":14,"enemies":"Gremlin Nob","floor":14,"turns":5},{"damage":6,"enemies":"Exordium Wildlife","floor":15,"turns":4},{"damage":34,"enemies":"WA_ARCHETYPE_RETAIN","floor":16,"turns":5},{"damage":12,"enemies":"Shell Parasite","floor":19,"turns":3},{"damage":0,"enemies":"Cultist and Chosen","floor":20,"turns":4},{"damage":0,"enemies":"Centurion and Healer","floor":21,"turns":3},{"damage":21,"enemies":"Snake Plant","floor":22,"turns":3},{"damage":34,"enemies":"Gremlin Leader","floor":23,"turns":5},{"damage":54,"enemies":"Slavers","floor":25,"turns":4},{"damage":2,"enemies":"Slavers","floor":26,"turns":4},{"damage":0,"enemies":"Colosseum Nobs","floor":27,"turns":4},{"damage":0,"enemies":"downfall:FleeingMerchant","floor":29,"turns":4},{"damage":0,"enemies":"Cultist and Chosen","floor":32,"turns":5},{"damage":40,"enemies":"IC_MUSHROOM_ARCHETYPE","floor":33,"turns":7},{"damage":38,"enemies":"3 Darklings","floor":36,"turns":5},{"damage":5,"enemies":"3 Shapes","floor":37,"turns":5},{"damage":16,"enemies":"Writhing Mass","floor":39,"turns":7},{"damage":0,"enemies":"Giant Head","floor":40,"turns":9},{"damage":39,"enemies":"Nemesis","floor":42,"turns":9},{"damage":26,"enemies":"Reptomancer","floor":44,"turns":6},{"damage":0,"enemies":"downfall:FleeingMerchant","floor":45,"turns":2},{"damage":27,"enemies":"Nemesis","floor":46,"turns":7},{"damage":1,"enemies":"Reptomancer","floor":48,"turns":6},{"damage":0,"enemies":"Transient","floor":49,"turns":5},{"damage":47,"enemies":"SI_POISON_ARCHETYPE","floor":50,"turns":15},{"damage":83,"enemies":"downfall:CharBossMerchant","floor":52,"turns":8},{"damage":35,"enemies":"downfall:NeowBoss","floor":55,"turns":13},{"damage":120,"enemies":"downfall:NeowBossFinal","floor":56,"turns":13}],"seed_played":"-6448052684484232097","potions_obtained":[{"floor":3,"key":"bronze:FreeFunctionsPotion"},{"floor":6,"key":"Fruit Juice"},{"floor":10,"key":"Energy Potion"},{"floor":14,"key":"Dexterity Potion"},{"floor":15,"key":"FearPotion"}],"is_trial":false,"path_per_floor":["R","M","M","?","?","M","T","?","E","M","E","$","R","E","M","B",null,"R","M","M","M","M","E","T","E","?","?","T","$","R","?","M","B",null,"R","M","M","?","M","E","T","E","R","E","$","E","R","E","M","B",null,"E","$","R","B","B",null],"character_chosen":"THE_AUTOMATON","items_purchased":["bronze:Deprecate","Lee\u0027s Waffle","bronze:InfiniteBeams","bronze:ForceShield","Bronze Scales","bronze:CutThrough","Kunai","bronze:Optimize","bronze:ForceShield","HornCleat"],"campfire_rested":0,"item_purchase_floors":[12,12,12,12,12,12,29,45,45,45],"current_hp_per_floor":[70,67,58,82,82,65,65,83,45,45,19,124,124,110,104,70,124,124,112,112,112,91,57,57,3,26,26,26,36,46,46,64,65,134,134,106,121,121,125,134,134,115,134,108,108,107,128,136,138,111,138,67,67,88,114,38],"gold":47,"neow_bonus":"UPGRADE_CARD","is_daily":false,"chose_seed":false,"campfire_upgraded":7,"win_rate":0.0,"timestamp":1612596888,"path_taken":["R","M","M","?","?","M","T","?","E","M","E","$","R","E","M","BOSS","R","M","M","M","M","E","T","E","?","?","?","$","R","?","M","BOSS","R","M","M","?","?","E","T","E","R","E","$","E","R","E","M","BOSS","E","$","R","BOSS","BOSS"],"items_purchased_type":["Card","Relic","Card","Card","Relic","Card","Relic","Card","Card","Relic"],"build_version":"2020-12-22","purchased_purges":4,"victory":true,"max_hp_per_floor":[70,70,70,94,94,94,94,112,117,117,117,124,124,124,124,124,124,124,124,124,124,124,124,124,124,124,124,124,124,134,134,134,134,134,134,134,134,134,134,134,134,134,134,134,134,134,134,136,138,138,138,138,138,138,138,138],"relic_stats":{"Darkstone Periapt":42,"Lee\u0027s Waffle":105,"Regal Pillow":0,"Happy Flower":[25],"Torii":10,"Singing Bowl":4,"counters":[35,200],"Eternal Feather":61,"Bag of Preparation":[54],"Ginger":[58],"Mercury Hourglass":[343],"Sozu":3,"Bronze Scales":[416],"Pantograph":99,"Bird Faced Urn":[244],"Pandora\u0027s Box":["bronze:GetLatest","bronze:NullPointer","bronze:ThunderWave","bronze:InfiniteBeams","bronze:RecursiveStrike","bronze:Deprecate","bronze:Iterate","bronze:Fortify"],"Kunai":[63],"obtain_stats":[{"Darkstone Periapt":4,"Lantern":24,"Regal Pillow":48,"bronze:BronzeCore":0,"Torii":44,"Singing Bowl":46,"downfall:HeartBlessingGreen":13,"Juzu Bracelet":7,"Bag of Preparation":14,"Ginger":25,"bronze:Mallet":40,"Ancient Tea Set":11,"Sozu":17,"HornCleat":45,"downfall:HeartBlessingBlue":30,"Pantograph":23,"WingedGreaves":9,"downfall:RedIOU":31,"Kunai":29,"Lee\u0027s Waffle":12,"downfall:HeartBlessingRed":13,"Happy Flower":42,"Eternal Feather":41,"Mercury Hourglass":27,"Anchor":52,"Bronze Scales":12,"Bird Faced Urn":27,"Pandora\u0027s Box":34},{"Darkstone Periapt":2,"Lantern":15,"Regal Pillow":30,"bronze:BronzeCore":0,"Torii":27,"Singing Bowl":29,"downfall:HeartBlessingGreen":7,"Juzu Bracelet":3,"Bag of Preparation":8,"Ginger":16,"bronze:Mallet":25,"Ancient Tea Set":6,"Sozu":10,"HornCleat":28,"downfall:HeartBlessingBlue":19,"Pantograph":15,"WingedGreaves":4,"downfall:RedIOU":19,"Kunai":19,"Lee\u0027s Waffle":7,"downfall:HeartBlessingRed":7,"Happy Flower":26,"Eternal Feather":25,"Mercury Hourglass":18,"Anchor":33,"Bronze Scales":7,"Bird Faced Urn":18,"Pandora\u0027s Box":21},{"Darkstone Periapt":6,"Lantern":62,"Regal Pillow":146,"bronze:BronzeCore":0,"Torii":131,"Singing Bowl":140,"downfall:HeartBlessingGreen":30,"Juzu Bracelet":10,"Bag of Preparation":35,"Ginger":66,"bronze:Mallet":116,"Ancient Tea Set":26,"Sozu":44,"HornCleat":133,"downfall:HeartBlessingBlue":78,"Pantograph":62,"WingedGreaves":15,"downfall:RedIOU":78,"Kunai":78,"Lee\u0027s Waffle":30,"downfall:HeartBlessingRed":30,"Happy Flower":125,"Eternal Feather":116,"Mercury Hourglass":74,"Anchor":174,"Bronze Scales":30,"Bird Faced Urn":74,"Pandora\u0027s Box":90}]},"card_choices":[{"not_picked":["bronze:Turbo","bronze:Frontload"],"picked":"bronze:Repulsor","floor":2},{"not_picked":["bronze:BitShift","bronze:Backtrace","bronze:DelayedSlice"],"picked":"SKIP","floor":3},{"not_picked":["bronze:Constructor","bronze:Iterate"],"picked":"bronze:ChosenStrike","floor":6},{"not_picked":["bronze:ForceShield","bronze:DelayedSlice"],"picked":"bronze:Repulsor","floor":9},{"not_picked":["bronze:DigitalCarnage","bronze:Turbo"],"picked":"bronze:HyperBeam","floor":10},{"not_picked":["bronze:HyperBeam","bronze:FineTuning"],"picked":"bronze:Virus","floor":11},{"not_picked":["bronze:CloningBeam","bronze:Allocate"],"picked":"bronze:Shield","floor":12},{"not_picked":["bronze:BuggyMess","bronze:BitShift"],"picked":"bronze:Constructor","floor":14},{"not_picked":["bronze:BugBarrage","bronze:Frontload"],"picked":"bronze:MaxOutput","floor":15},{"not_picked":["bronze:ThunderWave","bronze:HyperBeam"],"picked":"bronze:Verify","floor":16},{"not_picked":["bronze:FineTuning","bronze:Separator"],"picked":"bronze:Flail","floor":19},{"not_picked":["bronze:GetLatest","bronze:Overheat"],"picked":"bronze:MaxOutput","floor":20},{"not_picked":["bronze:ThunderWave","bronze:Safeguard"],"picked":"bronze:Shield+1","floor":21},{"not_picked":["bronze:ClassDefault","bronze:Invalidate","bronze:Deprecate"],"picked":"SKIP","floor":22},{"not_picked":["bronze:Separator","bronze:Allocate"],"picked":"bronze:ItsAFeature","floor":23},{"not_picked":["bronze:BronzeArmor+1","bronze:ThunderWave","bronze:MaxOutput"],"picked":"SKIP","floor":25},{"not_picked":[],"picked":"bronze:DecaBeam","floor":26},{"not_picked":["bronze:OilSpill","bronze:WhirlingStrike","bronze:Virus"],"picked":"SKIP","floor":29},{"not_picked":["bronze:BitShift","bronze:Repair","bronze:Overheat+1"],"picked":"SKIP","floor":32},{"not_picked":["bronze:SpaghettiCode","bronze:Mutator"],"picked":"bronze:AlphaBuild","floor":33},{"not_picked":["bronze:Invalidate+1","bronze:WildBeam","bronze:CutThrough+1"],"picked":"SKIP","floor":36},{"not_picked":["bronze:Branch+1","bronze:ForLoop","bronze:Shield"],"picked":"SKIP","floor":37},{"not_picked":["bronze:AlphaBuild","bronze:ClassDefault"],"picked":"bronze:DelayedGuard+1","floor":39},{"not_picked":["bronze:ForLoop+1","bronze:BuggyMess+1","bronze:Invalidate+1"],"picked":"SKIP","floor":40},{"not_picked":["bronze:WhirlingStrike+1","bronze:Turbo+1","bronze:CloningBeam"],"picked":"SKIP","floor":42},{"not_picked":["bronze:Flail","bronze:Overheat","bronze:OilSpill+1"],"picked":"SKIP","floor":44},{"not_picked":["bronze:Boost","bronze:FollowUp+1","bronze:BitShift+1"],"picked":"SKIP","floor":45},{"not_picked":["bronze:SpaghettiCode","bronze:Fortify"],"picked":"bronze:CleanCode","floor":46},{"not_picked":["bronze:FineTuning+1","bronze:ChosenStrike","bronze:OilSpill"],"picked":"Singing Bowl","floor":48},{"not_picked":["bronze:BitShift+1","bronze:Turbo+1","bronze:OilSpill"],"picked":"Singing Bowl","floor":49},{"not_picked":["bronze:WildBeam","bronze:Constructor"],"picked":"bronze:Return+1","floor":52}],"player_experience":539336,"relics_obtained":[{"floor":7,"key":"Juzu Bracelet"},{"floor":9,"key":"WingedGreaves"},{"floor":11,"key":"Ancient Tea Set"},{"floor":14,"key":"Bag of Preparation"},{"floor":23,"key":"Pantograph"},{"floor":24,"key":"Lantern"},{"floor":25,"key":"Ginger"},{"floor":27,"key":"Bird Faced Urn"},{"floor":27,"key":"Mercury Hourglass"},{"floor":40,"key":"bronze:Mallet"},{"floor":41,"key":"Eternal Feather"},{"floor":42,"key":"Happy Flower"},{"floor":44,"key":"Torii"},{"floor":46,"key":"Singing Bowl"},{"floor":48,"key":"Regal Pillow"},{"floor":52,"key":"Anchor"}],"event_choices":[],"is_beta":false,"boss_relics":[{"not_picked":["Astrolabe","Black Star"],"picked":"Sozu"},{"not_picked":["expansioncontent:StudyCardRelic","Tiny House"],"picked":"Pandora\u0027s Box"}],"items_purged_floors":[12,29,45,53],"is_endless":false,"potions_floor_spawned":[3,6,10,14,15,20,21,22,23,32,37,40,44,48],"ascension_level":1}}