{"host":"8by3m8mve9y2rhh4","time":1612576219,"event":{"mods":["BaseMod","Minty Spire (QoL Compilation)","Quick Restart"],"gold_per_floor":[113,130,150,164,184,184,219,219,244,255,255,270,304,324,324,419,419,438,49,61,81,81,114,114,139,164,190,190,224,224,149,149,250,250,268,283,300,280,27,52,2,2,57,57,57,57],"floor_reached":45,"language":"ENG","playtime":1635,"items_purged":["Strike_G","Strike_G","Strike_G"],"score":617,"play_id":"6cfc01e7-0863-4b41-b358-345b16018e97","local_time":"20210206015019","is_ascension_mode":true,"campfire_choices":[{"floor":6.0,"key":"RECALL"},{"floor":8.0,"key":"REST"},{"data":"Distraction","floor":11.0,"key":"SMITH"},{"floor":15,"key":"REST"},{"floor":24,"key":"REST"},{"floor":28,"key":"REST"},{"floor":30,"key":"REST"},{"floor":32,"key":"REST"}],"circlet_count":0,"master_deck":["Strike_G","Defend_G","Defend_G","Defend_G","Defend_G","Defend_G","Survivor","Neutralize","Deadly Poison","Dagger Spray","Distraction+1","Dagger Spray","Riddle With Holes","Deadly Poison","Catalyst","Bouncing Flask","Night Terror","Bouncing Flask","Venomology","Catalyst"],"relics":["Ring of the Serpent","Du-Vu Doll","Snake Skull","Bag of Marbles","Busted Crown","WingedGreaves","Smiling Mask","Incense Burner","The Courier","TungstenRod","Matryoshka","White Beast Statue","Potion Belt","Molten Egg 2","Ancient Tea Set","MealTicket"],"acts_visited":["Exordium","TheCity","TheBeyond"],"potions_floor_usage":[13,13,16,18,21,21,21,23,23,25,29,36,37,37,40,44,44,44,45],"damage_taken":[{"damage":0.0,"enemies":"2 Louse","floor":1.0,"turns":4.0},{"damage":0.0,"enemies":"Cultist","floor":2.0,"turns":4.0},{"damage":2.0,"enemies":"Small Slimes","floor":3.0,"turns":3.0},{"damage":7.0,"enemies":"Looter","floor":4.0,"turns":4.0},{"damage":0.0,"enemies":"2 Fungi Beasts","floor":5.0,"turns":4.0},{"damage":24.0,"enemies":"Gremlin Nob","floor":7.0,"turns":5.0},{"damage":1.0,"enemies":"Blue Slaver","floor":10.0,"turns":4.0},{"damage":3,"enemies":"Exordium Thugs","floor":12,"turns":4},{"damage":11,"enemies":"3 Sentries","floor":13,"turns":3},{"damage":14,"enemies":"Gremlin Gang","floor":14,"turns":6},{"damage":16,"enemies":"Slime Boss","floor":16,"turns":6},{"damage":0,"enemies":"Chosen","floor":18,"turns":4},{"damage":7,"enemies":"Shell Parasite","floor":20,"turns":4},{"damage":10,"enemies":"Centurion and Healer","floor":21,"turns":4},{"damage":17,"enemies":"Book of Stabbing","floor":23,"turns":4},{"damage":19,"enemies":"Slavers","floor":25,"turns":5},{"damage":32,"enemies":"Book of Stabbing","floor":27,"turns":5},{"damage":21,"enemies":"Slavers","floor":29,"turns":6},{"damage":26,"enemies":"Automaton","floor":33,"turns":6},{"damage":7,"enemies":"Orb Walker","floor":35,"turns":3},{"damage":0,"enemies":"3 Darklings","floor":36,"turns":2},{"damage":13,"enemies":"4 Shapes","floor":37,"turns":7},{"damage":8,"enemies":"Giant Head","floor":40,"turns":5},{"damage":40,"enemies":"Reptomancer","floor":44,"turns":6},{"damage":13,"enemies":"Jaw Worm Horde","floor":45,"turns":1}],"seed_played":"-5826119471742118551","potions_obtained":[{"floor":3.0,"key":"SmokeBomb"},{"floor":4.0,"key":"EntropicBrew"},{"floor":7.0,"key":"LiquidMemories"},{"floor":10.0,"key":"LiquidMemories"},{"floor":18,"key":"EntropicBrew"},{"floor":23,"key":"AttackPotion"},{"floor":27,"key":"DistilledChaos"},{"floor":33,"key":"SneckoOil"},{"floor":35,"key":"DistilledChaos"},{"floor":38,"key":"GamblersBrew"},{"floor":40,"key":"DistilledChaos"}],"is_trial":false,"path_per_floor":["M","M","M","M","M","R","E","R","T","M","R","M","E","M","R","B",null,"M","$","M","M","$","E","R","E","T","E","R","E","R","?","R","B",null,"M","M","M","?","$","E","$","T","T","E","M"],"character_chosen":"THE_SILENT","items_purchased":["WingedGreaves","Matryoshka"],"campfire_rested":6,"item_purchase_floors":[19,39],"current_hp_per_floor":[77,77,75,68,68,68,44,67,67,66,66,63,52,38,61,45,77,77,77,70,60,60,43,66,47,47,15,38,17,40,40,63,37,77,70,70,57,57,57,49,49,49,49,9,0,0],"gold":57,"neow_bonus":"TEN_PERCENT_HP_BONUS","is_daily":false,"chose_seed":false,"campfire_upgraded":1,"win_rate":0.0,"timestamp":1612576219,"path_taken":["M","M","M","M","M","R","E","R","T","M","R","M","E","M","R","BOSS","M","$","M","M","$","E","R","E","T","E","R","E","R","?","R","BOSS","M","M","M","?","$","E","$","?","T","E","M"],"items_purchased_type":["Relic","Relic"],"build_version":"2020-12-22","purchased_purges":3,"victory":false,"max_hp_per_floor":[77,77,77,77,77,77,77,77,77,77,77,77,77,77,77,77,77,77,77,77,77,77,77,77,77,77,77,77,77,77,77,77,77,77,77,77,77,77,77,77,77,77,77,77,77,77],"card_choices":[{"not_picked":["Flechettes","Eviscerate"],"picked":"Deadly Poison","floor":1.0},{"not_picked":["Quick Slash","Underhanded Strike"],"picked":"Dagger Spray","floor":2.0},{"not_picked":["Acrobatics","Blade Dance"],"picked":"Distraction","floor":3.0},{"not_picked":["Sucker Punch","Underhanded Strike"],"picked":"Dagger Spray","floor":4.0},{"not_picked":["Setup","Quick Slash","Flying Knee"],"picked":"SKIP","floor":5.0},{"not_picked":["Well Laid Plans","Wraith Form v2"],"picked":"Riddle With Holes","floor":7.0},{"not_picked":["Deflect","Bane"],"picked":"Deadly Poison","floor":10.0},{"not_picked":["PiercingWail","Blade Dance","Predator"],"picked":"SKIP","floor":12},{"not_picked":["Blade Dance","Distraction"],"picked":"Catalyst","floor":13},{"not_picked":["Skewer","Underhanded Strike"],"picked":"Bouncing Flask","floor":14},{"not_picked":["Grand Finale","Die Die Die"],"picked":"Night Terror","floor":16},{"not_picked":["Predator"],"picked":"SKIP","floor":18},{"not_picked":["Deflect"],"picked":"SKIP","floor":20},{"not_picked":["Dagger Throw"],"picked":"SKIP","floor":21},{"not_picked":[],"picked":"Bouncing Flask","floor":23},{"not_picked":["Flying Knee"],"picked":"SKIP","floor":25},{"not_picked":["Dagger Spray+1"],"picked":"SKIP","floor":27},{"not_picked":["Heel Hook"],"picked":"SKIP","floor":29},{"not_picked":[],"picked":"Venomology","floor":33},{"not_picked":["Dagger Spray"],"picked":"SKIP","floor":35},{"not_picked":[],"picked":"Catalyst","floor":36},{"not_picked":["Choke+1"],"picked":"SKIP","floor":37},{"not_picked":["Setup+1"],"picked":"SKIP","floor":40}],"player_experience":763895,"relics_obtained":[{"floor":7.0,"key":"Du-Vu Doll"},{"floor":9.0,"key":"Snake Skull"},{"floor":13,"key":"Bag of Marbles"},{"floor":23,"key":"Smiling Mask"},{"floor":25,"key":"Incense Burner"},{"floor":27,"key":"The Courier"},{"floor":29,"key":"TungstenRod"},{"floor":40,"key":"White Beast Statue"},{"floor":42,"key":"Potion Belt"},{"floor":42,"key":"Molten Egg 2"},{"floor":43,"key":"Ancient Tea Set"},{"floor":43,"key":"MealTicket"}],"event_choices":[{"cards_removed":["Strike_G"],"damage_healed":0,"gold_gain":0,"player_choice":"Gave Gold","damage_taken":0,"max_hp_gain":0,"max_hp_loss":0,"event_name":"Beggar","floor":31,"gold_loss":75},{"damage_healed":0,"gold_gain":0,"player_choice":"Bought 1 Potion","damage_taken":0,"max_hp_gain":0,"max_hp_loss":0,"event_name":"The Woman in Blue","floor":38,"gold_loss":0}],"is_beta":false,"boss_relics":[{"not_picked":["Runic Dome","HoveringKite"],"picked":"Busted Crown"},{"not_picked":["Black Star","Calling Bell"],"picked":"Ring of the Serpent"}],"items_purged_floors":[19,39,41],"is_endless":false,"potions_floor_spawned":[3,4,7,10,12,18,23,27,33,35,40,44],"killed_by":"Jaw Worm Horde","ascension_level":1}}