{"host":"zsnmfqgcm92hlreo","time":1612589980,"event":{"mods":["AchievementEnabler","BaseMod","Bestiary","Block Reminder","Colored Map","Colored Powertips","Minty Spire (QoL Compilation)","Permanent Neow","Quick Restart","Relic Stats","StSLib","Weighted Paths"],"gold_per_floor":[118,136,211,211,226,253,253,283,283,283,297,315,330,178,178,252,252,264,281,281,295,295,295,327,340,340,367,385,32,44,58,58,136,136,150,162,208,227,239,239,271,271,316,326,339,357,17,17,17,17,17,17],"floor_reached":51,"language":"ENG","playtime":2201,"items_purged":["Strike_R","Decay"],"score":1395,"play_id":"516cbaea-2fbc-4272-bf28-d8e3708ac71b","local_time":"20210205233940","is_ascension_mode":true,"campfire_choices":[{"floor":7.0,"key":"REST"},{"floor":10.0,"key":"REST"},{"data":"Immolate","floor":15.0,"key":"SMITH"},{"data":"Spot Weakness","floor":23.0,"key":"SMITH"},{"floor":32.0,"key":"REST"},{"floor":42,"key":"REST"},{"floor":49,"key":"REST"}],"circlet_count":0,"master_deck":["AscendersBane","Strike_R+1","Strike_R+1","Strike_R+1","Strike_R+1","Defend_R+1","Defend_R+1","Defend_R+1","Defend_R+1","Bash","Immolate+1","Clothesline","Shrug It Off","Armaments","Disarm+1","Brutality","Spot Weakness+1","Impervious","Pommel Strike","Power Through","Barricade","Uppercut","Sword Boomerang","Reaper","Heavy Blade","Heavy Blade","Ghostly Armor+1","Whirlwind","Double Tap+1","Rupture","Shockwave","Pummel","Rupture","Disarm+1","Writhe"],"relics":["Burning Blood","Pear","Vajra","Mummified Hand","Bronze Scales","Velvet Choker","Nunchaku","Bottled Flame","InkBottle","Orrery","Philosopher\u0027s Stone","Ginger","Bird Faced Urn","War Paint","Strange Spoon","Pen Nib"],"acts_visited":["Exordium","TheCity","TheBeyond"],"potions_floor_usage":[37,41,50,50,50,50,51,51],"damage_taken":[{"damage":12.0,"enemies":"Jaw Worm","floor":1.0,"turns":3.0},{"damage":0.0,"enemies":"Cultist","floor":2.0,"turns":2.0},{"damage":4.0,"enemies":"2 Louse","floor":5.0,"turns":2.0},{"damage":42.0,"enemies":"Lagavulin","floor":6.0,"turns":10.0},{"damage":21.0,"enemies":"3 Sentries","floor":8.0,"turns":7.0},{"damage":12.0,"enemies":"Blue Slaver","floor":11.0,"turns":3.0},{"damage":14.0,"enemies":"Exordium Thugs","floor":12.0,"turns":3.0},{"damage":0.0,"enemies":"Lots of Slimes","floor":13.0,"turns":2.0},{"damage":34.0,"enemies":"Hexaghost","floor":16.0,"turns":9.0},{"damage":13.0,"enemies":"Chosen","floor":18.0,"turns":5.0},{"damage":0.0,"enemies":"3 Byrds","floor":19.0,"turns":3.0},{"damage":2.0,"enemies":"Snake Plant","floor":21.0,"turns":4.0},{"damage":7.0,"enemies":"Gremlin Leader","floor":24.0,"turns":7.0},{"damage":23.0,"enemies":"Centurion and Healer","floor":25.0,"turns":6.0},{"damage":20.0,"enemies":"Slavers","floor":27.0,"turns":5.0},{"damage":7.0,"enemies":"Chosen and Byrds","floor":28.0,"turns":4.0},{"damage":10.0,"enemies":"Snake Plant","floor":30.0,"turns":3.0},{"damage":24.0,"enemies":"Centurion and Healer","floor":31.0,"turns":7.0},{"damage":72.0,"enemies":"Automaton","floor":33.0,"turns":8.0},{"damage":1,"enemies":"3 Shapes","floor":35,"turns":5},{"damage":41,"enemies":"3 Darklings","floor":36,"turns":3},{"damage":0,"enemies":"2 Orb Walkers","floor":37,"turns":2},{"damage":8,"enemies":"Writhing Mass","floor":38,"turns":7},{"damage":0,"enemies":"Jaw Worm Horde","floor":39,"turns":1},{"damage":72,"enemies":"Giant Head","floor":41,"turns":7},{"damage":48,"enemies":"4 Shapes","floor":44,"turns":6},{"damage":19,"enemies":"Maw","floor":45,"turns":8},{"damage":29,"enemies":"Sphere and 2 Shapes","floor":46,"turns":4},{"damage":19,"enemies":"Time Eater","floor":50,"turns":8},{"damage":54,"enemies":"Donu and Deca","floor":51,"turns":3}],"seed_played":"1167808637855773606","potions_obtained":[{"floor":6.0,"key":"SkillPotion"},{"floor":11.0,"key":"Strength Potion"},{"floor":12.0,"key":"ColorlessPotion"},{"floor":18.0,"key":"CultistPotion"},{"floor":30.0,"key":"SteroidPotion"},{"floor":33.0,"key":"SkillPotion"},{"floor":36,"key":"BloodPotion"},{"floor":37,"key":"Dexterity Potion"},{"floor":44,"key":"EntropicBrew"}],"is_trial":false,"path_per_floor":["M","M","?","T","M","E","R","E","T","R","M","M","M","$","R","B",null,"M","M","?","M","?","R","E","M","T","E","M","$","M","M","R","B",null,"M","M","?","M","M","?","E","R","T","M","M","M","$","?","R","B","B"],"character_chosen":"IRONCLAD","items_purchased":["Spot Weakness","Orrery","Whirlwind","Strange Spoon","Pen Nib"],"campfire_rested":5,"item_purchase_floors":[14,29,29,47,47],"current_hp_per_floor":[44,50,39,49,51,15,40,25,25,50,44,36,42,42,42,14,67,60,66,66,70,70,70,69,52,52,38,37,37,33,27,52,19,69,79,50,56,67,73,73,34,58,58,38,32,15,15,31,55,48,0,0],"gold":17,"neow_bonus":"THREE_RARE_CARDS","is_daily":false,"chose_seed":false,"campfire_upgraded":2,"win_rate":0.0,"timestamp":1612589980,"path_taken":["M","M","?","?","M","E","R","E","T","R","M","?","M","?","R","BOSS","M","M","?","M","?","R","E","M","T","E","?","$","?","M","R","BOSS","M","M","?","M","M","?","E","R","T","?","M","M","$","?","R","BOSS","BOSS"],"items_purchased_type":["Card","Relic","Card","Relic","Relic"],"build_version":"2020-12-22","purchased_purges":2,"victory":false,"max_hp_per_floor":[75,75,75,85,85,85,85,85,85,85,85,85,85,85,85,85,85,85,85,85,85,85,85,85,85,85,85,85,85,85,85,85,85,85,85,85,85,85,85,82,82,82,82,82,82,82,82,82,82,82,82,82],"relic_stats":{"Strange Spoon":[6],"Nunchaku":[15],"counters":[30,147],"Mummified Hand":[27],"Bronze Scales":[367],"Bird Faced Urn":[22],"Pen Nib":[2],"Ginger":[12],"War Paint":["Double Tap","Disarm"],"obtain_stats":[{"Pear":4,"Vajra":6,"Velvet Choker":17,"Pen Nib":47,"Ginger":37,"War Paint":43,"Burning Blood":0,"Strange Spoon":47,"Nunchaku":24,"Bottled Flame":26,"Mummified Hand":8,"Bronze Scales":9,"Bird Faced Urn":41,"Orrery":29,"Philosopher\u0027s Stone":34,"InkBottle":27},{"Pear":2,"Vajra":4,"Velvet Choker":9,"Pen Nib":28,"Ginger":22,"War Paint":25,"Burning Blood":0,"Strange Spoon":28,"Nunchaku":13,"Bottled Flame":14,"Mummified Hand":5,"Bronze Scales":5,"Bird Faced Urn":25,"Orrery":16,"Philosopher\u0027s Stone":19,"InkBottle":15},{"Pear":5,"Vajra":17,"Velvet Choker":41,"Pen Nib":136,"Ginger":103,"War Paint":118,"Burning Blood":0,"Strange Spoon":136,"Nunchaku":60,"Bottled Flame":66,"Mummified Hand":24,"Bronze Scales":24,"Bird Faced Urn":118,"Orrery":75,"Philosopher\u0027s Stone":93,"InkBottle":71}],"Burning Blood":174,"InkBottle":[23]},"card_choices":[{"not_picked":["Juggernaut","Fiend Fire"],"picked":"Immolate","floor":0.0},{"not_picked":["True Grit","Warcry"],"picked":"Clothesline","floor":1.0},{"not_picked":["Anger","Sentinel"],"picked":"Shrug It Off","floor":2.0},{"not_picked":["Clothesline","Headbutt"],"picked":"Armaments","floor":5.0},{"not_picked":["Cleave","Power Through"],"picked":"Disarm","floor":6.0},{"not_picked":["Dual Wield","Sever Soul"],"picked":"Brutality","floor":8.0},{"not_picked":["Headbutt","Cleave","Iron Wave"],"picked":"SKIP","floor":11.0},{"not_picked":["Clash","Combust","Havoc"],"picked":"SKIP","floor":12.0},{"not_picked":["True Grit","Burning Pact","Headbutt"],"picked":"SKIP","floor":13.0},{"not_picked":["Immolate","Exhume"],"picked":"Impervious","floor":16.0},{"not_picked":["Body Slam","Rampage","Iron Wave"],"picked":"SKIP","floor":18.0},{"not_picked":["Wild Strike","Power Through","Dual Wield"],"picked":"SKIP","floor":19.0},{"not_picked":["Clash","Iron Wave"],"picked":"Pommel Strike","floor":21.0},{"not_picked":["Dark Embrace","Sword Boomerang"],"picked":"Power Through","floor":24.0},{"not_picked":["Pommel Strike","Wild Strike"],"picked":"Barricade","floor":25.0},{"not_picked":["Inflame","Sword Boomerang"],"picked":"Uppercut","floor":27.0},{"not_picked":["Clothesline","Shrug It Off"],"picked":"Sword Boomerang","floor":28.0},{"not_picked":["Dual Wield","Pommel Strike"],"picked":"Reaper","floor":29.0},{"not_picked":["Spot Weakness","Clothesline"],"picked":"Heavy Blade","floor":29.0},{"not_picked":["Metallicize","Flame Barrier"],"picked":"Heavy Blade","floor":29.0},{"not_picked":["True Grit","Clothesline"],"picked":"Ghostly Armor+1","floor":29.0},{"not_picked":["Rampage","Armaments","Searing Blow"],"picked":"SKIP","floor":30.0},{"not_picked":["Armaments","Carnage","Iron Wave"],"picked":"SKIP","floor":31.0},{"not_picked":["Juggernaut","Barricade"],"picked":"Double Tap","floor":33.0},{"not_picked":["Havoc","Wild Strike+1","Rupture"],"picked":"SKIP","floor":35},{"not_picked":["Havoc","Wild Strike+1"],"picked":"Rupture","floor":35},{"not_picked":["Twin Strike","Cleave"],"picked":"Shockwave","floor":36},{"not_picked":["Sword Boomerang","Feel No Pain"],"picked":"Pummel","floor":37},{"not_picked":["Headbutt","Flex+1","True Grit"],"picked":"SKIP","floor":38},{"not_picked":["Clash","Iron Wave+1","Perfected Strike"],"picked":"SKIP","floor":39},{"not_picked":["Headbutt+1","True Grit","Carnage"],"picked":"SKIP","floor":41},{"not_picked":["Evolve+1","Reckless Charge","Seeing Red"],"picked":"SKIP","floor":44},{"not_picked":["Blood for Blood","Combust"],"picked":"Rupture","floor":45},{"not_picked":["Barricade","Body Slam"],"picked":"Disarm+1","floor":46}],"player_experience":1030994,"relics_obtained":[{"floor":4.0,"key":"Pear"},{"floor":6.0,"key":"Vajra"},{"floor":8.0,"key":"Mummified Hand"},{"floor":9.0,"key":"Bronze Scales"},{"floor":24.0,"key":"Nunchaku"},{"floor":26.0,"key":"Bottled Flame"},{"floor":27.0,"key":"InkBottle"},{"floor":37,"key":"Ginger"},{"floor":41,"key":"Bird Faced Urn"},{"floor":43,"key":"War Paint"}],"event_choices":[{"damage_healed":0.0,"max_hp_gain":0.0,"max_hp_loss":0.0,"gold_gain":75.0,"event_name":"World of Goop","player_choice":"Gather Gold","floor":3.0,"gold_loss":0.0,"damage_taken":11.0},{"damage_healed":0.0,"max_hp_gain":0.0,"max_hp_loss":0.0,"gold_gain":0.0,"event_name":"Back to Basics","player_choice":"Simplicity","floor":20.0,"gold_loss":0.0,"damage_taken":0.0,"cards_upgraded":["Strike_R","Strike_R","Strike_R","Strike_R","Defend_R","Defend_R","Defend_R","Defend_R"]},{"damage_healed":0.0,"max_hp_gain":0.0,"max_hp_loss":0.0,"gold_gain":0.0,"event_name":"Forgotten Altar","player_choice":"Smashed Altar","floor":22.0,"gold_loss":0.0,"damage_taken":0.0,"cards_obtained":["Decay"]},{"damage_healed":0,"gold_gain":0,"player_choice":"Fight","damage_taken":0,"max_hp_gain":0,"max_hp_loss":0,"event_name":"Mysterious Sphere","floor":37,"gold_loss":0},{"cards_removed":["Parasite"],"damage_healed":0,"gold_gain":0,"player_choice":"Purged","damage_taken":0,"max_hp_gain":0,"max_hp_loss":0,"event_name":"Purifier","floor":40,"gold_loss":0},{"damage_healed":16,"gold_gain":0,"player_choice":"Writhe","damage_taken":0,"max_hp_gain":0,"max_hp_loss":0,"event_name":"Winding Halls","floor":48,"gold_loss":0,"cards_obtained":["Writhe"]}],"is_beta":false,"boss_relics":[{"not_picked":["Ectoplasm","Runic Cube"],"picked":"Velvet Choker"},{"not_picked":["Calling Bell","Astrolabe"],"picked":"Philosopher\u0027s Stone"}],"items_purged_floors":[14,29],"is_endless":false,"potions_floor_spawned":[6,11,12,13,18,21,24,30,33,36,37,44,45],"killed_by":"Donu and Deca","ascension_level":20}}