{"host":"mulvwr6fzlda1d2f","time":1612601392,"event":{"mods":["BaseMod","Colored Powertips","Downfall","Hermit","Marisa????????","Minty Spire (QoL Compilation)","Quick Restart","Remove Card Discount Mod","Replay The Spire","StSLib","The Bladedancer","egg"],"gold_per_floor":[110,124,134,146,157,157,157],"floor_reached":6,"language":"ENG","playtime":324,"items_purged":[],"score":40,"play_id":"72c45825-5bbe-4ed7-9417-2a2432c8537b","local_time":"20210206004952","is_ascension_mode":false,"campfire_choices":[],"circlet_count":0,"master_deck":["blademaster:Strike","blademaster:Strike","blademaster:Strike","blademaster:Strike","blademaster:Defend","blademaster:Defend","blademaster:Defend","blademaster:Defend","blademaster:RagingBlow","blademaster:HighVoltage","blademaster:Reversal","blademaster:Momentum","blademaster:LightningCrash","blademaster:Cut","blademaster:AspectOfLightning","blademaster:SlyStabs"],"relics":["blademaster:DancersAmulet"],"acts_visited":["Exordium"],"potions_floor_usage":[6],"damage_taken":[{"damage":0,"enemies":"Cultist","floor":1,"turns":3},{"damage":2,"enemies":"Jaw Worm","floor":2,"turns":6},{"damage":0,"enemies":"2 Louse","floor":3,"turns":3},{"damage":13,"enemies":"Gremlin Gang","floor":4,"turns":3},{"damage":9,"enemies":"Large Slime","floor":5,"turns":7},{"damage":16,"enemies":"Gremlin Nob","floor":6,"turns":4}],"seed_played":"1219822431191952622","potions_obtained":[{"floor":2,"key":"Block Potion"},{"floor":3,"key":"SteroidPotion"}],"is_trial":false,"path_per_floor":["M","M","M","M","M","E"],"character_chosen":"THE_BLADEMASTER","items_purchased":[],"campfire_rested":0,"item_purchase_floors":[],"current_hp_per_floor":[82,80,80,67,58,42,42],"gold":157,"neow_bonus":"TEN_PERCENT_HP_BONUS","is_daily":false,"chose_seed":false,"campfire_upgraded":0,"win_rate":0.0,"timestamp":1612601392,"path_taken":["M","?","M","M","M","E"],"items_purchased_type":[],"build_version":"2020-12-22","purchased_purges":0,"victory":false,"max_hp_per_floor":[82,82,82,82,82,82,82],"card_choices":[{"not_picked":["blademaster:AirSlash","blademaster:Momentum"],"picked":"blademaster:Reversal","floor":1},{"not_picked":["blademaster:AirSlash","blademaster:Reversal"],"picked":"blademaster:Momentum","floor":1},{"not_picked":["blademaster:CullingStrike","blademaster:DaggerAndCloak"],"picked":"blademaster:LightningCrash","floor":2},{"not_picked":["blademaster:Thrust","blademaster:Safeguard"],"picked":"blademaster:Cut","floor":3},{"not_picked":["blademaster:Frontflip","blademaster:Breeze"],"picked":"blademaster:AspectOfLightning","floor":4},{"not_picked":["blademaster:Momentum","blademaster:Frenzy"],"picked":"blademaster:SlyStabs","floor":5}],"player_experience":261455,"relics_obtained":[],"event_choices":[],"is_beta":false,"boss_relics":[],"items_purged_floors":[],"is_endless":false,"potions_floor_spawned":[2,3],"killed_by":"Gremlin Nob","ascension_level":0}}