{"host":"1bzbl1adcbkdzqlf","time":1612573949,"event":{"mods":["BaseMod","Minty Spire (QoL Compilation)","Slay the Relics Exporter"],"gold_per_floor":[113,131,149,163,238,273,273,305,376,393,393,407,332,342,342,444,444,462,377,390,400,400,400,432,432,459,476,182,199,42,55,55,55,55],"floor_reached":33,"language":"ENG","playtime":3364,"items_purged":["Strike_G"],"score":392,"play_id":"654228ce-29bc-437a-a2a3-2ea79f10a27d","local_time":"20210205191229","is_ascension_mode":true,"campfire_choices":[{"floor":7,"key":"REST"},{"floor":15,"key":"DIG"},{"floor":23,"key":"REST"},{"floor":25,"key":"DIG"},{"floor":32,"key":"REST"}],"circlet_count":0,"master_deck":["Strike_G","Strike_G","Defend_G","Defend_G","Defend_G","Defend_G","Defend_G","Survivor","Neutralize","Footwork","Bane","Noxious Fumes","Well Laid Plans","Dagger Throw","Backflip","Poisoned Stab","Phantasmal Killer","Caltrops","Catalyst","Adrenaline","Quick Slash","Catalyst","Acrobatics+1","Phantasmal Killer","Cloak And Dagger+1","Underhanded Strike+1","PiercingWail","Outmaneuver+1"],"relics":["Ring of the Snake","TungstenRod","Torii","Shovel","Ninja Scroll","Happy Flower","Black Star","Vajra","Nunchaku","Mercury Hourglass","Pear","Lantern","Anchor","TwistedFunnel","Frozen Eye"],"acts_visited":["Exordium","TheCity"],"potions_floor_usage":[6,8,16,16,24,24,29],"damage_taken":[{"damage":0,"enemies":"2 Louse","floor":1,"turns":4},{"damage":0,"enemies":"Small Slimes","floor":2,"turns":4},{"damage":9,"enemies":"Cultist","floor":3,"turns":4},{"damage":8,"enemies":"Large Slime","floor":4,"turns":7},{"damage":10,"enemies":"3 Sentries","floor":6,"turns":8},{"damage":13,"enemies":"Gremlin Nob","floor":8,"turns":4},{"damage":0,"enemies":"Red Slaver","floor":10,"turns":3},{"damage":0,"enemies":"Exordium Wildlife","floor":12,"turns":4},{"damage":0,"enemies":"Large Slime","floor":14,"turns":5},{"damage":0,"enemies":"The Guardian","floor":16,"turns":5},{"damage":25,"enemies":"3 Byrds","floor":18,"turns":4},{"damage":6,"enemies":"Chosen","floor":20,"turns":5},{"damage":15,"enemies":"Sentry and Sphere","floor":21,"turns":5},{"damage":0,"enemies":"Slavers","floor":24,"turns":5},{"damage":27,"enemies":"Cultist and Chosen","floor":27,"turns":7},{"damage":0,"enemies":"Snake Plant","floor":29,"turns":3},{"damage":15,"enemies":"Sentry and Sphere","floor":31,"turns":4},{"damage":34,"enemies":"Automaton","floor":33,"turns":6}],"seed_played":"-7880659171114019843","potions_obtained":[{"floor":2,"key":"Poison Potion"},{"floor":3,"key":"Fire Potion"},{"floor":8,"key":"BlessingOfTheForge"},{"floor":10,"key":"Poison Potion"},{"floor":12,"key":"GhostInAJar"},{"floor":21,"key":"AttackPotion"},{"floor":24,"key":"Energy Potion"}],"is_trial":false,"path_per_floor":["M","M","M","M","?","E","R","E","T","M","?","M","$","M","R","B",null,"M","?","M","M","?","R","E","R","T","M","$","M","$","M","R","B"],"character_chosen":"THE_SILENT","items_purchased":["Anchor","TwistedFunnel","Frozen Eye"],"campfire_rested":3,"item_purchase_floors":[28,28,30],"current_hp_per_floor":[63,63,54,46,36,26,44,31,31,31,31,31,31,31,31,31,63,38,38,32,17,17,35,35,45,45,18,18,18,18,3,24,0,0],"gold":55,"neow_bonus":"ONE_RARE_RELIC","is_daily":false,"chose_seed":false,"campfire_upgraded":0,"win_rate":0.0,"timestamp":1612573949,"path_taken":["M","M","M","M","?","E","R","E","T","M","?","M","$","M","R","BOSS","M","?","M","M","?","R","E","R","T","M","$","?","$","M","R","BOSS"],"items_purchased_type":["Relic","Relic","Relic"],"build_version":"2020-12-22","purchased_purges":1,"victory":false,"max_hp_per_floor":[63,63,63,63,63,63,63,63,63,63,63,63,63,63,63,63,63,63,63,63,63,63,63,63,73,73,73,73,73,73,73,73,73,73],"card_choices":[{"not_picked":["Flying Knee","Dodge and Roll"],"picked":"Footwork","floor":1},{"not_picked":["Flechettes","Prepared"],"picked":"Bane","floor":2},{"not_picked":["Cloak And Dagger","Tactician"],"picked":"Noxious Fumes","floor":3},{"not_picked":["Quick Slash","Sucker Punch"],"picked":"Well Laid Plans","floor":4},{"not_picked":["Bane","Finisher"],"picked":"Dagger Throw","floor":6},{"not_picked":["Acrobatics","Underhanded Strike"],"picked":"Backflip","floor":8},{"not_picked":["Concentrate","Outmaneuver"],"picked":"Poisoned Stab","floor":10},{"not_picked":["PiercingWail","Dagger Spray"],"picked":"Caltrops","floor":12},{"not_picked":["Sucker Punch","Deadly Poison"],"picked":"Catalyst","floor":14},{"not_picked":["Glass Knife","Die Die Die"],"picked":"Adrenaline","floor":16},{"not_picked":["Predator","Blade Dance+1"],"picked":"Quick Slash","floor":18},{"not_picked":["Masterful Stab","Flechettes+1"],"picked":"Catalyst","floor":20},{"not_picked":["Endless Agony","All Out Attack"],"picked":"Acrobatics+1","floor":21},{"not_picked":["Well Laid Plans","Skewer"],"picked":"Cloak And Dagger+1","floor":24},{"not_picked":["Bane","Poisoned Stab"],"picked":"Underhanded Strike+1","floor":27},{"not_picked":["Cloak And Dagger","Acrobatics+1"],"picked":"PiercingWail","floor":29},{"not_picked":["Calculated Gamble","Infinite Blades"],"picked":"Outmaneuver+1","floor":31}],"player_experience":338444,"relics_obtained":[{"floor":6,"key":"Torii"},{"floor":8,"key":"Shovel"},{"floor":9,"key":"Ninja Scroll"},{"floor":15,"key":"Happy Flower"},{"floor":24,"key":"Nunchaku"},{"floor":24,"key":"Mercury Hourglass"},{"floor":25,"key":"Pear"},{"floor":26,"key":"Lantern"}],"event_choices":[{"damage_healed":0,"gold_gain":75,"player_choice":"Gather Gold","damage_taken":11,"max_hp_gain":0,"max_hp_loss":0,"event_name":"World of Goop","floor":5,"gold_loss":0},{"damage_healed":0,"gold_gain":0,"cards_transformed":["Strike_G"],"player_choice":"Transformed","damage_taken":0,"max_hp_gain":0,"max_hp_loss":0,"event_name":"Transmorgrifier","floor":11,"gold_loss":0,"cards_obtained":["Phantasmal Killer"]},{"damage_healed":0,"gold_gain":0,"player_choice":"Obtained Relic","damage_taken":0,"relics_obtained":["Vajra"],"max_hp_gain":0,"max_hp_loss":0,"event_name":"Addict","floor":19,"gold_loss":85},{"damage_healed":0,"gold_gain":0,"cards_transformed":["Strike_G"],"player_choice":"Transformed","damage_taken":0,"max_hp_gain":0,"max_hp_loss":0,"event_name":"Transmorgrifier","floor":22,"gold_loss":0,"cards_obtained":["Phantasmal Killer"]}],"is_beta":false,"boss_relics":[{"not_picked":["Astrolabe","WristBlade"],"picked":"Black Star"}],"items_purged_floors":[13],"is_endless":false,"potions_floor_spawned":[2,3,8,10,12,21,24],"killed_by":"Automaton","ascension_level":2}}