{"host":"qhn6g0owdgjb77rz","time":1612613898,"event":{"mods":["BaseMod","BetterRewards","Colored Map","Downfall","Minty Spire (QoL Compilation)","Relic Sorter","Reliquary","Spire Arcade","StSLib"],"gold_per_floor":[116,116,166,187,187,187,221,221,246,246,246,267,286,316,316,316,316],"floor_reached":16,"language":"ENG","playtime":521,"items_purged":[],"score":281,"play_id":"300c6fbe-1106-4ade-b989-bd2254a44711","local_time":"20210206211818","is_ascension_mode":true,"campfire_choices":[{"data":"Searing Blow","floor":6,"key":"SMITH"},{"data":"Searing Blow+1","floor":8,"key":"SMITH"},{"data":"Searing Blow+2","floor":15,"key":"SMITH"}],"circlet_count":0,"master_deck":["AscendersBane","Strike_R","Strike_R","Strike_R","Strike_R","Strike_R","Defend_R","Defend_R","Defend_R","Defend_R","Bash","Metallicize","Searing Blow+3","True Grit","Thunderclap"],"relics":["Burning Blood","Peace Pipe","Golden Idol","Blood Vial","Centennial Puzzle","reliquary:BallBearing","Self Forming Clay","reliquary:MedicineBall"],"acts_visited":["Exordium"],"potions_floor_usage":[16],"damage_taken":[{"damage":9,"enemies":"Jaw Worm","floor":1,"turns":5},{"damage":4,"enemies":"2 Louse","floor":4,"turns":4},{"damage":48,"enemies":"3 Sentries","floor":7,"turns":14},{"damage":1,"enemies":"Cultist","floor":12,"turns":4},{"damage":6,"enemies":"Looter","floor":13,"turns":4},{"damage":22,"enemies":"Hexaghost","floor":16,"turns":9}],"seed_played":"-1683188562695863026","potions_obtained":[{"floor":7,"key":"bronze:BurnAndBuffPotion"},{"floor":13,"key":"SpeedPotion"}],"is_trial":false,"path_per_floor":["M","?","?","M","?","R","E","R","T","T","?","M","M","?","R","B"],"character_chosen":"IRONCLAD","items_purchased":["Metallicize","Searing Blow","FearPotion"],"campfire_rested":0,"item_purchase_floors":[0,0,0],"current_hp_per_floor":[65,65,58,60,53,53,11,11,11,11,11,18,20,20,20,0,0],"gold":316,"neow_bonus":"","is_daily":false,"chose_seed":false,"campfire_upgraded":3,"win_rate":0.0,"timestamp":1612613898,"path_taken":["M","?","?","?","?","R","E","R","T","?","?","M","?","?","R","BOSS"],"items_purchased_type":["Card","Card","Potion"],"build_version":"2020-12-22","purchased_purges":0,"victory":false,"max_hp_per_floor":[75,75,75,75,75,75,75,75,75,75,75,75,75,75,75,75,75],"card_choices":[{"not_picked":["Armaments","Burning Pact"],"picked":"True Grit","floor":1},{"not_picked":["Warcry","Cleave","Body Slam"],"picked":"SKIP","floor":4},{"not_picked":["Spot Weakness","Blood for Blood","Uppercut"],"picked":"SKIP","floor":7},{"not_picked":["Shockwave","Dark Embrace","Evolve"],"picked":"SKIP","floor":12},{"not_picked":["Wild Strike","Armaments"],"picked":"Thunderclap","floor":13}],"player_experience":672230,"relics_obtained":[{"floor":7,"key":"Blood Vial"},{"floor":9,"key":"Centennial Puzzle"},{"floor":10,"key":"reliquary:BallBearing"}],"event_choices":[{"damage_healed":0,"gold_gain":0,"player_choice":"Take Wound","damage_taken":0,"relics_obtained":["Golden Idol"],"max_hp_gain":0,"max_hp_loss":0,"event_name":"Golden Idol","floor":2,"gold_loss":0,"cards_obtained":["Injury"]},{"damage_healed":0,"gold_gain":50,"player_choice":"Touch","damage_taken":7,"max_hp_gain":0,"max_hp_loss":0,"event_name":"FaceTrader","floor":3,"gold_loss":0},{"cards_removed":["Injury"],"damage_healed":0,"gold_gain":0,"player_choice":"Card Removal","damage_taken":7,"max_hp_gain":0,"max_hp_loss":0,"event_name":"Golden Wing","floor":5,"gold_loss":0},{"damage_healed":0,"gold_gain":0,"player_choice":"Gave Potion","damage_taken":0,"relics_obtained":["Self Forming Clay"],"max_hp_gain":0,"max_hp_loss":0,"event_name":"WeMeetAgain","floor":11,"gold_loss":0},{"damage_healed":0,"gold_gain":30,"player_choice":"Searched \u00272\u0027 times","damage_taken":0,"relics_obtained":["reliquary:MedicineBall"],"max_hp_gain":0,"max_hp_loss":0,"event_name":"Dead Adventurer","floor":14,"gold_loss":0}],"is_beta":false,"boss_relics":[],"items_purged_floors":[],"is_endless":false,"potions_floor_spawned":[7,13],"killed_by":"Hexaghost","ascension_level":18}}