{"host":"m3qxensetu6036ua","time":1612617997,"event":{"mods":["2.2 Compatiblity","AchievementEnabler","BaseMod","Better Altar","Better Match","Better Sensory Stone","Better Skull","Better Third Choice","Better Vampires","Block Reminder","Colored Powertips","Displayed Cursed Tome","Evolution","Good Game Mod","GungeonMod","Hubris","Jedi Mod","Minty Spire (QoL Compilation)","Rare Cards Sparkle","Remove Card Discount Mod","Replay The Spire","Spicy Shops","StSLib","The Cursed"],"gold_per_floor":[113,113,113,136,136,171,171,184,209,240,255,255,288,301,301,420,420,444,143,143,166,186,222,222,261,261,284,284,297,65,78,78,202,202,222,497,516,454,512,512,555,555,555,555,599,670,694,708,708,708,708,708,501,535,535],"floor_reached":56,"language":"ENG","playtime":5695,"items_purged":["CommonCold","Injury","Doubt","Parasite","Defend_G","Regret","Slice","Normality"],"score":1598,"play_id":"8527abcc-c45b-49cb-ba14-837cd5a153f0","local_time":"20210206142637","is_ascension_mode":true,"campfire_choices":[{"data":"Venomology","floor":7,"key":"SMITH"},{"floor":12,"key":"REST"},{"data":"Sadistic Nature","floor":15,"key":"SMITH"},{"data":"Footwork","floor":24,"key":"SMITH"},{"data":"Dodge and Roll","floor":28,"key":"SMITH"},{"data":"Terror","floor":40,"key":"SMITH"},{"floor":42,"key":"RECALL"},{"data":"Poison Darts","floor":44,"key":"SMITH"},{"data":"Footwork","floor":49,"key":"SMITH"},{"data":"Fluid Movement","floor":52,"key":"SMITH"}],"circlet_count":0,"master_deck":["Quick Slash","Quick Slash","Quick Slash+1","Backflip","Defend_G","Defend_G","Defend_G","Survivor","Neutralize","Sadistic Nature+1","Dodge and Roll+1","Venomology+1","Sucker Punch+1","Backflip","ReplayTheSpireMod:From All Sides+1","Footwork+1","Poisoned Stab","Calculated Gamble+1","PiercingWail","Corpse Explosion","Deadly Poison+1","Fluid Movement+1","Terror+1","Noxious Fumes","Poison Darts+1","Poisoned Stab+1","Footwork+1","PiercingWail","Masterful Stab","Heel Hook"],"relics":["Ring of the Snake","EVO:Axolotl","REME:ComplimentaryCards","NeowsBlessing","Golden Idol","Happy Flower","Blood Vial","HornCleat","Whetstone","Replay:Ancient Bell","DemoMod:WhiteGuonStone","Darkstone Periapt","hubris:64BitClover","DemoMod:ClearGuonStone","Sundial","Replay:Rubber Ducky","DemoMod:Relodestone","Replay:Towering Pillar of Hats","Vajra","Guide Book","Snake Skull","Black Star","Lizard Tail","Singing Bowl","Replay:PocketPolymizer","Regal Pillow","jedi:gremlinknob","Snack Pack","Ice Cream","DemoMod:MonsterBlood","jedi:catwich"],"acts_visited":["Exordium","TheCity","TheBeyond","TheEnding"],"potions_floor_usage":[10,13,16,16,18,18,22,23,23,25,27,31,33,33,33,37,39,41,47,50,55,55,55,55],"damage_taken":[{"damage":0,"enemies":"2 Louse","floor":1,"turns":1},{"damage":0,"enemies":"Small Slimes","floor":4,"turns":1},{"damage":0,"enemies":"Gremlin Nob","floor":6,"turns":1},{"damage":0,"enemies":"Cultist","floor":8,"turns":3},{"damage":16,"enemies":"Lagavulin","floor":10,"turns":9},{"damage":9,"enemies":"Lots of Slimes","floor":11,"turns":4},{"damage":0,"enemies":"3 Sentries","floor":13,"turns":8},{"damage":6,"enemies":"Large Slime","floor":14,"turns":5},{"damage":0,"enemies":"Hexaghost","floor":16,"turns":7},{"damage":0,"enemies":"Spheric Guardian","floor":18,"turns":4},{"damage":0,"enemies":"Chosen","floor":21,"turns":3},{"damage":0,"enemies":"Snecko","floor":22,"turns":3},{"damage":7,"enemies":"Slavers","floor":23,"turns":4},{"damage":12,"enemies":"Gremlin Leader","floor":25,"turns":7},{"damage":0,"enemies":"Snake Plant","floor":27,"turns":4},{"damage":0,"enemies":"Cultist and Chosen","floor":29,"turns":5},{"damage":3,"enemies":"Centurion and Healer","floor":31,"turns":5},{"damage":4,"enemies":"Pondfish","floor":33,"turns":8},{"damage":6,"enemies":"3 Shapes","floor":35,"turns":4},{"damage":4,"enemies":"3 Darklings","floor":37,"turns":3},{"damage":5,"enemies":"2 Orb Walkers","floor":39,"turns":5},{"damage":0,"enemies":"R_Hoarder","floor":41,"turns":8},{"damage":0,"enemies":"Nemesis","floor":45,"turns":5},{"damage":0,"enemies":"Maw","floor":47,"turns":6},{"damage":0,"enemies":"4 Shapes","floor":48,"turns":3},{"damage":12,"enemies":"Donu and Deca","floor":50,"turns":7},{"damage":13,"enemies":"Shield and Spear","floor":54,"turns":7},{"damage":53,"enemies":"The Heart","floor":55,"turns":10}],"seed_played":"355640711829264975","potions_obtained":[{"floor":8,"key":"PowerPotion"},{"floor":16,"key":"Strength Potion"},{"floor":21,"key":"Venom Potion"},{"floor":23,"key":"FearPotion"},{"floor":41,"key":"Dexterity Potion"},{"floor":48,"key":"Dexterity Potion"}],"is_trial":false,"path_per_floor":["M","?","?","M","$","E","R","M","T","E","M","R","E","M","R","B",null,"M","$","?","M","M","E","R","E","T","M","R","M","$","M","R","B",null,"M","?","M","$","?","R","E","R","T","R","E","T","M","M","R","B",null,"R","$","E","B",null],"character_chosen":"THE_SILENT","items_purchased":["DemoMod:ClearGuonStone","Sundial","Poisoned Stab","Vajra","Guide Book","Fluid Movement","Ice Cream","Heel Hook"],"campfire_rested":1,"item_purchase_floors":[19,19,19,30,30,38,53,53],"current_hp_per_floor":[70,53,53,53,53,53,53,53,53,39,32,53,55,51,51,53,88,88,91,91,91,91,84,84,74,74,76,76,78,78,77,77,75,91,85,91,89,89,86,86,88,88,88,88,90,90,94,99,99,87,99,99,105,103,56],"gold":535,"neow_bonus":"THREE_ENEMY_KILL","is_daily":false,"chose_seed":false,"campfire_upgraded":8,"win_rate":0.0,"timestamp":1612617997,"path_taken":["M","?","?","M","$","E","R","M","T","E","?","R","E","?","R","BOSS","M","$","?","?","?","E","R","E","T","M","R","M","$","M","R","BOSS","M","?","?","$","?","R","E","R","T","R","E","?","?","M","R","BOSS","R","$","E","BOSS"],"items_purchased_type":["Relic","Relic","Card","Relic","Relic","Card","Relic","Card"],"build_version":"2020-12-22","purchased_purges":8,"victory":true,"max_hp_per_floor":[70,70,70,70,70,70,70,70,70,70,70,70,70,70,70,70,88,88,91,91,91,91,91,91,91,91,91,91,91,91,91,91,91,91,91,97,97,97,97,97,97,97,97,97,97,97,97,99,99,99,99,99,105,114,114],"card_choices":[{"not_picked":["Infinite Blades","Quick Slash"],"picked":"Replay:Poison Smokescreen","floor":1},{"not_picked":["Quick Slash","Deflect"],"picked":"Dodge and Roll","floor":4},{"not_picked":["Heel Hook","Accuracy"],"picked":"Venomology","floor":6},{"not_picked":["Acrobatics","Quick Slash","jedi:acidrain"],"picked":"SKIP","floor":8},{"not_picked":["Prepared","Burst"],"picked":"Sucker Punch","floor":10},{"not_picked":["Quick Slash","Acrobatics"],"picked":"Backflip","floor":11},{"not_picked":["Slice","All Out Attack","Burst"],"picked":"SKIP","floor":13},{"not_picked":["Backflip","Cloak And Dagger","Quick Slash"],"picked":"SKIP","floor":14},{"not_picked":["Replay:Bag of Tricks","Unload"],"picked":"ReplayTheSpireMod:From All Sides","floor":16},{"not_picked":["Amnesia","Voices"],"picked":"CommonCold","floor":17},{"not_picked":["jedi:thedog","CurseOfTheBell"],"picked":"Injury","floor":17},{"not_picked":["jedi:thedog","Spreading Infection"],"picked":"Doubt","floor":17},{"not_picked":["Prepared","Riddle With Holes"],"picked":"Footwork","floor":18},{"not_picked":["Outmaneuver","Cloak And Dagger+1"],"picked":"Calculated Gamble","floor":21},{"not_picked":["Prepared","Distraction","Wraith Form v2"],"picked":"SKIP","floor":22},{"not_picked":["Dagger Throw+1","Sucker Punch"],"picked":"Cloak And Dagger+1","floor":23},{"not_picked":["Slice","hubris:SlightOfHand","Calculated Gamble+1"],"picked":"SKIP","floor":25},{"not_picked":["hubris:SlightOfHand","Malaise"],"picked":"PiercingWail","floor":27},{"not_picked":["ReplayTheSpireMod:Speed Training","Backflip"],"picked":"Dagger Spray","floor":29},{"not_picked":["Finisher","Acrobatics"],"picked":"Leg Sweep+1","floor":31},{"not_picked":["Adrenaline","Bullet Time"],"picked":"Corpse Explosion","floor":33},{"not_picked":["Blade Dance","Accuracy","Bane"],"picked":"SKIP","floor":35},{"not_picked":["Deflect","Dagger Throw"],"picked":"Deadly Poison+1","floor":37},{"not_picked":["Flying Knee+1","Eviscerate+1"],"picked":"Terror","floor":39},{"not_picked":["Underhanded Strike","Flying Knee+1"],"picked":"Noxious Fumes","floor":41},{"not_picked":["Expertise+1","Corpse Explosion"],"picked":"Poisoned Stab+1","floor":45},{"not_picked":["Flying Knee+1","Slice"],"picked":"Footwork","floor":47},{"not_picked":["Endless Agony","hubris:SlightOfHand","Hidden Blade"],"picked":"Singing Bowl","floor":48},{"not_picked":["Dagger Spray","Outmaneuver+1","Acrobatics"],"picked":"Singing Bowl","floor":54}],"player_experience":223235,"relics_obtained":[{"floor":6,"key":"Happy Flower"},{"floor":9,"key":"Blood Vial"},{"floor":10,"key":"HornCleat"},{"floor":13,"key":"Whetstone"},{"floor":23,"key":"Replay:Rubber Ducky"},{"floor":25,"key":"DemoMod:Relodestone"},{"floor":26,"key":"Replay:Towering Pillar of Hats"},{"floor":33,"key":"Snake Skull"},{"floor":39,"key":"Lizard Tail"},{"floor":41,"key":"Singing Bowl"},{"floor":41,"key":"Replay:PocketPolymizer"},{"floor":45,"key":"Regal Pillow"},{"floor":45,"key":"jedi:gremlinknob"},{"floor":46,"key":"Snack Pack"},{"floor":54,"key":"DemoMod:MonsterBlood"},{"floor":54,"key":"jedi:catwich"}],"event_choices":[{"damage_healed":0,"gold_gain":0,"player_choice":"Take Damage","damage_taken":17,"relics_obtained":["Golden Idol"],"max_hp_gain":0,"max_hp_loss":0,"event_name":"Golden Idol","floor":2,"gold_loss":0},{"cards_removed":["Quick Slash"],"damage_healed":0,"gold_gain":0,"player_choice":"Purged","damage_taken":0,"max_hp_gain":0,"max_hp_loss":0,"event_name":"Purifier","floor":3,"gold_loss":0},{"cards_removed":["Replay:Poison Smokescreen"],"damage_healed":0,"gold_gain":0,"player_choice":"Purged","damage_taken":0,"max_hp_gain":0,"max_hp_loss":0,"event_name":"Purifier","floor":20,"gold_loss":0},{"damage_healed":0,"gold_gain":275,"player_choice":"Desecrate","damage_taken":0,"max_hp_gain":0,"max_hp_loss":0,"event_name":"Golden Shrine","floor":36,"gold_loss":0,"cards_obtained":["Regret"]},{"damage_healed":0,"gold_gain":0,"player_choice":"Fight","damage_taken":0,"max_hp_gain":0,"max_hp_loss":0,"event_name":"Mysterious Sphere","floor":39,"gold_loss":0}],"is_beta":false,"boss_relics":[{"not_picked":["Coffee Dripper","Honey Jar"],"picked":"Replay:Ancient Bell"},{"not_picked":["War Paint","Nunchaku"],"picked":"DemoMod:WhiteGuonStone"},{"not_picked":["ReplayTheSpireMod:Ninjato","DemoMod:DecoyRelic"],"picked":"Darkstone Periapt"},{"not_picked":["Dead Branch","hubris:GlazedTorus"],"picked":"hubris:64BitClover"},{"not_picked":["Sozu","Replay:Bronze Core"],"picked":"Black Star"}],"items_purged_floors":[19,19,19,19,30,38,38,53],"is_endless":false,"potions_floor_spawned":[8,13,14,16,21,23,25,41,47,48,54],"ascension_level":1}}