{"host":"sc0o2qwpf9j16a4i","time":1612627919,"event":{"mods":["AchievementEnabler","BaseMod","BetterRewards","Block Reminder","Colored Map","Colored Powertips","Custom Start","Highlight Path","Minty Spire (QoL Compilation)","Relic Stats"],"gold_per_floor":[153,228,228,403,442,544,544,604,604,604,706,706,766,796,796,1096,1096,1153,528,528,528,528,558,558,612,612,711,753,813,867,957,957,1263,1263,1317,2316,2249,2285,2318,2708,2102,2102,2129,2159,2195,2351,2390,1381,1381,1381],"floor_reached":51,"language":"ENG","playtime":1461,"items_purged":["Normality","Normality","Normality"],"score":1204,"play_id":"552a8b98-38b1-493a-8371-145c2aa1e7f2","local_time":"20210206181159","daily_mods":["Cursed Run","Purple Cards","Midas"],"is_ascension_mode":false,"campfire_choices":[{"floor":7,"key":"REST"},{"floor":15,"key":"REST"},{"floor":24,"key":"REST"},{"floor":32,"key":"REST"},{"floor":42,"key":"REST"},{"floor":49,"key":"REST"}],"circlet_count":0,"master_deck":["Strike_R","Strike_R","Strike_R","Strike_R","Strike_R","Defend_R","Defend_R","Defend_R","Defend_R","Bash","ClearTheMind","Regret","Doubt","Sword Boomerang","Thunderclap","Parasite","Injury","Perfected Strike","ThirdEye","Pommel Strike","Reaper","CurseOfTheBell","Armaments+1","RitualDagger","Shrug It Off","Havoc","Normality","Shrug It Off+1","Headbutt+1","Consecrate","Whirlwind+1","LikeWater+1","Parasite","MasterReality","Spot Weakness+1","InnerPeace+1","Burning Pact+1","Shrug It Off+1","Decay","SashWhip+1","Parasite","Worship+1","Meditate+1","BattleHymn","Swivel+1","Mind Blast","Conclude","Decay"],"relics":["Cursed Key","Darkstone Periapt","Du-Vu Doll","StrikeDummy","Boot","Ornamental Fan","Sundial","CaptainsWheel","Shuriken","Calling Bell","Bag of Preparation","Gremlin Horn","Thread and Needle","Frozen Eye","Letter Opener","Strawberry","MutagenicStrength","Dead Branch","Toxic Egg 2","Oddly Smooth Stone","Black Star","Incense Burner","Old Coin","Ancient Tea Set","Red Skull","Vajra","Anchor","Peace Pipe","OrangePellets","Singing Bowl","Bronze Scales"],"acts_visited":["Exordium","TheCity","TheBeyond"],"potions_floor_usage":[16,27,31,33,33,40,41,47,50,50],"damage_taken":[{"damage":0,"enemies":"2 Louse","floor":1,"turns":2},{"damage":2,"enemies":"Cultist","floor":5,"turns":3},{"damage":8,"enemies":"Gremlin Nob","floor":6,"turns":3},{"damage":5,"enemies":"Small Slimes","floor":8,"turns":2},{"damage":12,"enemies":"3 Sentries","floor":11,"turns":5},{"damage":0,"enemies":"Looter","floor":13,"turns":2},{"damage":4,"enemies":"2 Fungi Beasts","floor":14,"turns":2},{"damage":0,"enemies":"Slime Boss","floor":16,"turns":5},{"damage":0,"enemies":"Spheric Guardian","floor":18,"turns":1},{"damage":6,"enemies":"3 Byrds","floor":23,"turns":7},{"damage":6,"enemies":"Snake Plant","floor":25,"turns":2},{"damage":2,"enemies":"Gremlin Leader","floor":27,"turns":4},{"damage":9,"enemies":"Centurion and Healer","floor":28,"turns":5},{"damage":5,"enemies":"3 Cultists","floor":29,"turns":5},{"damage":0,"enemies":"Snake Plant","floor":30,"turns":2},{"damage":9,"enemies":"Book of Stabbing","floor":31,"turns":4},{"damage":33,"enemies":"Champ","floor":33,"turns":9},{"damage":11,"enemies":"3 Darklings","floor":35,"turns":5},{"damage":7,"enemies":"Orb Walker","floor":38,"turns":4},{"damage":5,"enemies":"Transient","floor":39,"turns":5},{"damage":9,"enemies":"Nemesis","floor":40,"turns":3},{"damage":0,"enemies":"Jaw Worm Horde","floor":44,"turns":2},{"damage":0,"enemies":"Writhing Mass","floor":45,"turns":2},{"damage":3,"enemies":"2 Orb Walkers","floor":46,"turns":4},{"damage":21,"enemies":"Maw","floor":47,"turns":6},{"damage":0,"enemies":"Time Eater","floor":50,"turns":7}],"seed_played":"-2197834510436623817","potions_obtained":[{"floor":6,"key":"Weak Potion"},{"floor":11,"key":"SmokeBomb"},{"floor":14,"key":"GamblersBrew"},{"floor":16,"key":"LiquidBronze"},{"floor":25,"key":"Explosive Potion"},{"floor":27,"key":"Swift Potion"},{"floor":28,"key":"Energy Potion"},{"floor":33,"key":"BlessingOfTheForge"},{"floor":39,"key":"Dexterity Potion"},{"floor":44,"key":"Block Potion"},{"floor":46,"key":"Strength Potion"}],"is_trial":true,"path_per_floor":["M","?","?","?","M","E","R","M","T","T","E","?","M","M","R","B",null,"M","$","?","?","?","M","R","M","T","E","M","M","M","E","R","B",null,"M","?","?","M","M","E","$","R","T","M","M","?","M","$","R","B",null],"character_chosen":"IRONCLAD","items_purchased":["Frozen Eye","Letter Opener","Strawberry","Red Skull","Vajra","Shrug It Off+1","Fruit Juice","SpeedPotion","OrangePellets","Singing Bowl","Bronze Scales","BattleHymn","Swivel+1","Mind Blast","Conclude","Ancient Potion"],"campfire_rested":6,"item_purchase_floors":[19,19,19,41,41,41,41,41,48,48,48,48,48,48,48,48],"current_hp_per_floor":[80,69,75,81,79,71,92,87,93,99,87,84,84,80,104,110,116,116,123,117,117,117,111,123,123,129,127,129,124,124,126,129,106,135,135,147,147,147,144,135,140,152,158,158,164,161,156,156,164,170],"gold":1381,"neow_bonus":"","is_daily":false,"chose_seed":false,"campfire_upgraded":0,"win_rate":0.0,"timestamp":1612627919,"path_taken":["M","?","?","?","?","E","R","M","T","?","E","?","M","M","R","BOSS","M","$","?","?","?","M","R","?","T","E","M","M","M","E","R","BOSS","M","?","?","?","M","E","?","R","T","?","M","?","M","$","R","BOSS"],"items_purchased_type":["Relic","Relic","Relic","Relic","Relic","Card","Potion","Potion","Relic","Relic","Relic","Card","Card","Card","Card","Potion"],"build_version":"2020-12-22","purchased_purges":3,"victory":true,"max_hp_per_floor":[80,80,86,92,92,92,92,92,98,104,104,104,104,104,104,110,116,116,123,123,123,123,123,123,123,129,129,129,129,129,129,129,135,135,135,147,147,147,147,147,152,152,158,158,164,164,164,164,164,170],"relic_stats":{"Darkstone Periapt":78,"Gremlin Horn":[14,14],"Singing Bowl":0,"counters":[26,101],"Dead Branch":[27],"Bag of Preparation":[36],"Letter Opener":[51],"Cursed Key":4,"Boot":[7],"Peace Pipe":0,"OrangePellets":[1],"Ornamental Fan":[108],"Sundial":[4],"Shuriken":[25],"Bronze Scales":[30],"Black Star":1,"obtain_stats":[{"Darkstone Periapt":0,"Gremlin Horn":17,"Singing Bowl":48,"Vajra":41,"Bag of Preparation":17,"Incense Burner":37,"Cursed Key":0,"Boot":6,"Ancient Tea Set":40,"Old Coin":40,"Frozen Eye":19,"Sundial":10,"Strawberry":19,"Toxic Egg 2":27,"Red Skull":41,"Dead Branch":26,"Oddly Smooth Stone":31,"Thread and Needle":17,"Letter Opener":19,"Du-Vu Doll":0,"Calling Bell":17,"Peace Pipe":46,"OrangePellets":48,"CaptainsWheel":11,"Anchor":43,"Ornamental Fan":9,"Shuriken":12,"MutagenicStrength":21,"Bronze Scales":48,"Black Star":34,"StrikeDummy":3},{"Darkstone Periapt":0,"Gremlin Horn":8,"Singing Bowl":25,"Vajra":21,"Bag of Preparation":8,"Incense Burner":18,"Cursed Key":0,"Boot":3,"Ancient Tea Set":21,"Old Coin":21,"Frozen Eye":9,"Sundial":4,"Strawberry":9,"Toxic Egg 2":12,"Red Skull":21,"Dead Branch":11,"Oddly Smooth Stone":16,"Thread and Needle":8,"Letter Opener":9,"Du-Vu Doll":0,"Calling Bell":8,"Peace Pipe":24,"OrangePellets":25,"CaptainsWheel":5,"Anchor":21,"Ornamental Fan":4,"Shuriken":5,"MutagenicStrength":9,"Bronze Scales":25,"Black Star":17,"StrikeDummy":1},{"Darkstone Periapt":0,"Gremlin Horn":24,"Singing Bowl":94,"Vajra":80,"Bag of Preparation":24,"Incense Burner":68,"Cursed Key":0,"Boot":8,"Ancient Tea Set":80,"Old Coin":80,"Frozen Eye":25,"Sundial":10,"Strawberry":25,"Toxic Egg 2":38,"Red Skull":80,"Dead Branch":34,"Oddly Smooth Stone":54,"Thread and Needle":24,"Letter Opener":25,"Du-Vu Doll":0,"Calling Bell":24,"Peace Pipe":88,"OrangePellets":94,"CaptainsWheel":15,"Anchor":80,"Ornamental Fan":10,"Shuriken":15,"MutagenicStrength":25,"Bronze Scales":94,"Black Star":63,"StrikeDummy":2}]},"card_choices":[{"not_picked":["Entrench","Halt"],"picked":"ClearTheMind","floor":1},{"not_picked":["ClearTheMind","Inflame"],"picked":"Sword Boomerang","floor":5},{"not_picked":["Searing Blow","Warcry","PathToVictory"],"picked":"SKIP","floor":6},{"not_picked":["Carnage","Pummel"],"picked":"Thunderclap","floor":8},{"not_picked":["Dark Embrace","CarveReality"],"picked":"Perfected Strike","floor":11},{"not_picked":["Consecrate","Body Slam"],"picked":"ThirdEye","floor":13},{"not_picked":["PathToVictory","Twin Strike"],"picked":"Pommel Strike","floor":14},{"not_picked":["ConjureBlade","Double Tap"],"picked":"Reaper","floor":16},{"not_picked":["FlyingSleeves","ClearTheMind"],"picked":"Armaments+1","floor":18},{"not_picked":["Armaments","ClearTheMind"],"picked":"Shrug It Off","floor":23},{"not_picked":["Clothesline","Cleave+1"],"picked":"Havoc","floor":25},{"not_picked":["Pommel Strike","Pummel"],"picked":"Shrug It Off+1","floor":27},{"not_picked":["Rampage","SignatureMove"],"picked":"Headbutt+1","floor":28},{"not_picked":["EmptyFist","WindmillStrike"],"picked":"Consecrate","floor":29},{"not_picked":["Worship+1","Rampage"],"picked":"Whirlwind+1","floor":30},{"not_picked":["Tantrum","Collect+1"],"picked":"LikeWater+1","floor":31},{"not_picked":["Impervious+1","Barricade"],"picked":"MasterReality","floor":33},{"not_picked":["ThirdEye+1","Pommel Strike+1"],"picked":"Spot Weakness+1","floor":35},{"not_picked":["Rupture","Entrench+1"],"picked":"InnerPeace+1","floor":38},{"not_picked":["FollowUp","EmptyMind+1","Wild Strike"],"picked":"SKIP","floor":39},{"not_picked":["Sentinel+1","BowlingBash+1"],"picked":"Burning Pact+1","floor":40},{"not_picked":["FlyingSleeves+1","Wireheading"],"picked":"SashWhip+1","floor":44},{"not_picked":["FlyingSleeves","Adaptation+1","BowlingBash+1"],"picked":"SKIP","floor":45},{"not_picked":["Pummel","Carnage+1"],"picked":"Worship+1","floor":46},{"not_picked":["Flex+1","PathToVictory+1"],"picked":"Meditate+1","floor":47}],"player_experience":1233136,"relics_obtained":[{"floor":6,"key":"Boot"},{"floor":9,"key":"Ornamental Fan"},{"floor":10,"key":"Sundial"},{"floor":11,"key":"CaptainsWheel"},{"floor":17,"key":"Bag of Preparation"},{"floor":17,"key":"Gremlin Horn"},{"floor":17,"key":"Thread and Needle"},{"floor":26,"key":"Dead Branch"},{"floor":27,"key":"Toxic Egg 2"},{"floor":31,"key":"Oddly Smooth Stone"},{"floor":40,"key":"Old Coin"},{"floor":40,"key":"Ancient Tea Set"},{"floor":43,"key":"Anchor"},{"floor":46,"key":"Peace Pipe"}],"event_choices":[{"damage_healed":0,"gold_gain":75,"player_choice":"Gather Gold","damage_taken":11,"max_hp_gain":0,"max_hp_loss":0,"event_name":"World of Goop","floor":2,"gold_loss":0},{"damage_healed":0,"gold_gain":0,"player_choice":"Box","damage_taken":0,"relics_obtained":["StrikeDummy"],"max_hp_gain":0,"max_hp_loss":0,"event_name":"Big Fish","floor":3,"gold_loss":0,"cards_obtained":["Regret"]},{"damage_healed":0,"gold_gain":175,"player_choice":"AGREE","damage_taken":0,"max_hp_gain":0,"max_hp_loss":0,"event_name":"Liars Game","floor":4,"gold_loss":0,"cards_obtained":["Doubt"]},{"damage_healed":0,"gold_gain":0,"player_choice":"Success","damage_taken":3,"relics_obtained":["Shuriken"],"max_hp_gain":0,"max_hp_loss":0,"event_name":"Scrap Ooze","floor":12,"gold_loss":0},{"damage_healed":0,"gold_gain":0,"player_choice":"Joined the Cult","damage_taken":6,"max_hp_gain":0,"max_hp_loss":0,"event_name":"Nest","floor":20,"gold_loss":0,"cards_obtained":["RitualDagger"]},{"damage_healed":0,"gold_gain":0,"player_choice":"Inject Mutagens","damage_taken":0,"relics_obtained":["MutagenicStrength"],"max_hp_gain":0,"max_hp_loss":0,"event_name":"Drug Dealer","floor":21,"gold_loss":0},{"damage_healed":0,"gold_gain":0,"player_choice":"Ignored","damage_taken":0,"max_hp_gain":0,"max_hp_loss":0,"event_name":"Beggar","floor":22,"gold_loss":0},{"damage_healed":0,"gold_gain":999,"player_choice":"Gold","damage_taken":0,"max_hp_gain":0,"max_hp_loss":0,"event_name":"MindBloom","floor":36,"gold_loss":0,"cards_obtained":["Normality","Normality"]},{"damage_healed":0,"gold_gain":0,"player_choice":"Paid Gold","damage_taken":0,"relics_obtained":["Incense Burner"],"max_hp_gain":0,"max_hp_loss":0,"event_name":"WeMeetAgain","floor":37,"gold_loss":67},{"damage_healed":0,"gold_gain":0,"player_choice":"Fight","damage_taken":0,"max_hp_gain":0,"max_hp_loss":0,"event_name":"Mysterious Sphere","floor":46,"gold_loss":0}],"is_beta":false,"boss_relics":[{"not_picked":["Runic Dome","Philosopher\u0027s Stone"],"picked":"Calling Bell"},{"not_picked":["Velvet Choker","Mark of Pain"],"picked":"Black Star"}],"items_purged_floors":[19,41,48],"is_endless":false,"potions_floor_spawned":[6,11,14,16,25,27,28,33,39,44,45,46],"ascension_level":0}}