{"host":"06gxn1c1bsk424jw","time":1612629521,"event":{"mods":["BaseMod","DeckTracker","Minty Spire (QoL Compilation)","SuperFastMode"],"gold_per_floor":[12,31,51,71,107,107,107,107],"floor_reached":7,"language":"KOR","playtime":690,"items_purged":[],"score":81,"play_id":"942ba96d-1311-4094-96f5-d13f42be1312","local_time":"20210207013841","is_ascension_mode":true,"campfire_choices":[{"data":"Neutralize","floor":6,"key":"SMITH"}],"circlet_count":0,"master_deck":["AscendersBane","Strike_G","Strike_G","Strike_G","Strike_G","Strike_G","Defend_G","Defend_G","Defend_G","Defend_G","Defend_G","Survivor","Neutralize+1","Tools of the Trade","Eviscerate","Dagger Spray","Backflip","PiercingWail"],"relics":["Ring of the Snake"],"acts_visited":["Exordium"],"potions_floor_usage":[4,5],"damage_taken":[{"damage":0,"enemies":"Jaw Worm","floor":1,"turns":5},{"damage":0,"enemies":"2 Louse","floor":2,"turns":2},{"damage":0,"enemies":"Small Slimes","floor":3,"turns":2},{"damage":21,"enemies":"Exordium Thugs","floor":4,"turns":6},{"damage":7,"enemies":"Large Slime","floor":5,"turns":7},{"damage":35,"enemies":"Gremlin Nob","floor":7,"turns":5}],"seed_played":"-1655755984540507466","potions_obtained":[{"floor":2,"key":"BlessingOfTheForge"},{"floor":4,"key":"ColorlessPotion"}],"is_trial":false,"path_per_floor":["M","M","M","M","M","R","E"],"character_chosen":"THE_SILENT","items_purchased":[],"campfire_rested":0,"item_purchase_floors":[],"current_hp_per_floor":[59,59,59,38,31,31,0,0],"gold":107,"neow_bonus":"THREE_RARE_CARDS","is_daily":false,"chose_seed":false,"campfire_upgraded":1,"win_rate":0.0,"timestamp":1612629521,"path_taken":["M","M","M","M","M","R","E"],"items_purchased_type":[],"build_version":"2020-12-22","purchased_purges":0,"victory":false,"max_hp_per_floor":[66,66,66,66,66,66,66,66],"card_choices":[{"not_picked":["Envenom","Adrenaline"],"picked":"Tools of the Trade","floor":0},{"not_picked":["Underhanded Strike","Backflip"],"picked":"Eviscerate","floor":1},{"not_picked":["Well Laid Plans","Sucker Punch"],"picked":"Dagger Spray","floor":2},{"not_picked":["Deadly Poison","Bane","Sucker Punch"],"picked":"SKIP","floor":3},{"not_picked":["Deadly Poison","Bane","Sucker Punch"],"picked":"SKIP","floor":3},{"not_picked":["Bane","Endless Agony"],"picked":"Backflip","floor":4},{"not_picked":["Deflect","Acrobatics"],"picked":"PiercingWail","floor":5}],"player_experience":776675,"relics_obtained":[],"event_choices":[],"is_beta":false,"boss_relics":[],"items_purged_floors":[],"is_endless":false,"potions_floor_spawned":[2,4],"killed_by":"Gremlin Nob","ascension_level":16}}