{"host":"xp5rvh2jwe2ejyfm","time":1612646393,"event":{"mods":["2.2 Compatiblity","Aspiration","BaseMod","Better Altar","Better Match","Better Note","Better Sensory Stone","Better Skull","BetterRewards","Colored Powertips","Conspire","Downfall","GifTheSpireLib","Gremlin Mod","GungeonMod","Hermit","Hubris","Jorbs\u0027s Wanderer Trilogy","Minty Spire (QoL Compilation)","Potionbrewer","Quick Restart","Replay The Spire","Robot Space Explorer","Shade Mod","Somnambulant","StSLib","The Bug Knight","The Clintock","The Construct","The Cursed","The Disciple","The Forsaken","The Hierophant","The Necromancer","The Runesmith","The Servant 0.9.4","The Valiant","The Witch","TheFirefly","thorton"],"gold_per_floor":[110,5,15,115,134,134,52,52,75,75,107,107,135,155,155,252,252,271,283,303,121,133,133,147,172,172,192,192,192,225,225,225,323,323,342,356,356,356],"floor_reached":37,"language":"ENG","playtime":1480,"items_purged":[],"score":569,"play_id":"8960d732-221f-4963-a367-94e961cee935","local_time":"20210206161953","is_ascension_mode":false,"campfire_choices":[{"floor":6,"key":"RECALL"},{"data":"Shade:AnimateDead","floor":12,"key":"SMITH"},{"data":"Shade:OpenGraves","floor":15,"key":"SMITH"},{"data":"Shade:SensePrey","floor":23,"key":"SMITH"},{"data":"hubris:DuctTapeCard","floor":28,"key":"SMITH"},{"data":"Shade:UnbarTheGrave","floor":32,"key":"SMITH"}],"circlet_count":0,"master_deck":["Shade:Strike_Shade+1","Shade:Strike_Shade","Shade:Strike_Shade","Shade:Strike_Shade","Shade:Defend_Shade","Shade:Defend_Shade","Shade:Defend_Shade","Shade:Defend_Shade","Shade:CarefulCut+1","Dramatic Entrance","Shade:FingerOfDeath","Shade:Brains","Shade:ClawBack","Shade:FingerOfDeath","Shade:OpenGraves+1","CommonCold","Shade:CommandSoldier","Shade:SensePrey+1","Shade:SkeletonHug","Shade:UnbarTheGrave+1","Shade:Brains","Shade:Brains","Shade:FleshToFlesh+1","Shade:GraveStillness","Shade:FreshBones","Shade:AuraOfUnlife","hubris:DuctTapeCard+2","Shade:FleshOffering","Shade:Brains","Shade:WallOfFlesh","Shade:Coordination","Shade:WallOfFlesh","Shade:GraveStillness+1"],"relics":["Shade:YorickSkull","Whetstone","Ring of Panic","Omamori","aspiration:ChemicalBlood","Anchor","hubris:DuctTape","potionbrewer:Torch","FaceOfCleric","aspiration:StickyExplosives_weak","thethorton:BottledFunds"],"acts_visited":["Exordium","TheCity","TheBeyond"],"potions_floor_usage":[11,16,20,25,37,37,37],"damage_taken":[{"damage":0,"enemies":"Small Slimes","floor":1,"turns":2},{"damage":0,"enemies":"Cultist","floor":3,"turns":2},{"damage":0,"enemies":"2 Louse","floor":5,"turns":1},{"damage":0,"enemies":"3 Sentries","floor":11,"turns":5},{"damage":11,"enemies":"Lagavulin","floor":13,"turns":6},{"damage":0,"enemies":"Exordium Wildlife","floor":14,"turns":2},{"damage":0,"enemies":"Slime Boss","floor":16,"turns":5},{"damage":0,"enemies":"Chosen","floor":18,"turns":4},{"damage":0,"enemies":"Shell Parasite","floor":19,"turns":6},{"damage":22,"enemies":"Chosen and Byrds","floor":20,"turns":6},{"damage":0,"enemies":"Snake Plant","floor":22,"turns":5},{"damage":0,"enemies":"Shelled Parasite and Fungi","floor":24,"turns":5},{"damage":0,"enemies":"Book of Stabbing","floor":25,"turns":6},{"damage":0,"enemies":"Snecko","floor":27,"turns":5},{"damage":0,"enemies":"Gremlin Leader","floor":30,"turns":5},{"damage":8,"enemies":"conspire:MysteriousRune","floor":33,"turns":11},{"damage":0,"enemies":"3 Darklings","floor":35,"turns":3},{"damage":0,"enemies":"3 Shapes","floor":36,"turns":3},{"damage":79,"enemies":"Maw","floor":37,"turns":11}],"seed_played":"-8067615130878024501","potions_obtained":[{"floor":5,"key":"AttackPotion"},{"floor":13,"key":"AttackPotion"},{"floor":14,"key":"potionbrewer:FreezingPotion"},{"floor":18,"key":"conspire:TimeTravelPotion"},{"floor":19,"key":"sneckomod:MuddlingPotion"},{"floor":20,"key":"Weak Potion"},{"floor":36,"key":"Swift Potion"},{"floor":37,"key":"potionbrewer:EndurancePotion"},{"floor":37,"key":"Adrenaline Potion"}],"is_trial":false,"path_per_floor":["M","$","M","?","M","R","$","?","T","?","E","R","E","M","R","B",null,"M","M","M","$","M","R","M","E","T","M","R","?","E","?","R","B",null,"M","M","M"],"character_chosen":"SHADE","items_purchased":["Shade:Brains","Shade:Bonestorm","Shade:OpenGraves","Anchor","Shade:GraveStillness"],"campfire_rested":0,"item_purchase_floors":[2,2,7,21,21],"current_hp_per_floor":[65,65,65,65,65,65,65,65,65,65,65,65,54,54,54,54,65,65,65,62,62,62,62,62,62,62,62,62,62,63,66,66,59,67,68,69,0,0],"gold":356,"neow_bonus":"RANDOM_COLORLESS","is_daily":false,"chose_seed":false,"campfire_upgraded":5,"win_rate":0.0,"timestamp":1612646393,"path_taken":["M","$","M","?","?","R","$","?","T","?","E","R","E","M","R","BOSS","M","M","M","$","M","R","M","E","T","M","R","?","E","?","R","BOSS","M","M","M"],"items_purchased_type":["Card","Card","Card","Relic","Card"],"build_version":"2020-12-22","purchased_purges":0,"victory":false,"max_hp_per_floor":[65,65,65,65,65,65,65,65,65,65,65,65,65,65,65,65,65,65,65,65,65,65,65,65,65,65,65,65,65,66,66,66,67,67,68,69,69,69],"card_choices":[{"not_picked":["Replay:Parry","Replay:BasicMightCard"],"picked":"Dramatic Entrance","floor":0},{"not_picked":["Shade:SanguineRitual","Shade:FreshBones"],"picked":"Shade:FingerOfDeath","floor":1},{"not_picked":["Shade:PotionOfRestlessness","Shade:GreyBargain"],"picked":"Shade:ClawBack","floor":3},{"not_picked":["Shade:CoffinDance","Shade:WallOfFlesh"],"picked":"Shade:FingerOfDeath","floor":5},{"not_picked":["Shade:SpontaneousRitual","Shade:OfferingToTheBeyond"],"picked":"Shade:CommandSoldier","floor":11},{"not_picked":["Shade:Trample","Shade:CallOfTheGrave"],"picked":"Shade:SensePrey","floor":13},{"not_picked":["Shade:Excise","Shade:SpontaneousRitual"],"picked":"Shade:SkeletonHug","floor":14},{"not_picked":["Shade:LastGasp","Shade:DarkOfNight"],"picked":"Shade:UnbarTheGrave","floor":16},{"not_picked":["Shade:AblativeArmor+1","Shade:Frenzy"],"picked":"Shade:Brains","floor":18},{"not_picked":["Shade:ScuttlingHand","Shade:Excise+1"],"picked":"Shade:Brains","floor":19},{"not_picked":["Shade:BoneShards","Shade:SpectralStrikes"],"picked":"Shade:FleshToFlesh+1","floor":20},{"not_picked":["Shade:CommandSoldier","Shade:OminousRitual"],"picked":"Shade:FreshBones","floor":22},{"not_picked":["Shade:WallOfFlesh+1","Shade:SpontaneousRitual"],"picked":"Shade:AuraOfUnlife","floor":24},{"not_picked":["Shade:BoneShards","Shade:ExtraLimbs+1"],"picked":"Shade:FleshOffering","floor":25},{"not_picked":["Shade:LyeBath","Shade:Carnophage"],"picked":"Shade:Brains","floor":27},{"not_picked":["Shade:OfferingToTheBeyond","Shade:Patience+1"],"picked":"Shade:WallOfFlesh","floor":30},{"not_picked":["Shade:Putrefaction","Shade:OfferingToTheBeyond"],"picked":"Shade:Coordination","floor":33},{"not_picked":["Shade:GoDigging+1","Shade:FleshOffering"],"picked":"Shade:WallOfFlesh","floor":35},{"not_picked":["Shade:GreyBargain","Shade:Excise"],"picked":"Shade:GraveStillness+1","floor":36}],"player_experience":447828,"relics_obtained":[{"floor":9,"key":"Whetstone"},{"floor":10,"key":"Ring of Panic"},{"floor":11,"key":"Omamori"},{"floor":13,"key":"aspiration:ChemicalBlood"},{"floor":25,"key":"hubris:DuctTape"},{"floor":26,"key":"potionbrewer:Torch"},{"floor":30,"key":"aspiration:StickyExplosives_weak"}],"event_choices":[{"damage_healed":0,"gold_gain":100,"player_choice":"Gold","damage_taken":0,"max_hp_gain":0,"max_hp_loss":0,"event_name":"Wheel of Change","floor":4,"gold_loss":0},{"damage_healed":0,"gold_gain":0,"player_choice":"Disagree","damage_taken":0,"max_hp_gain":0,"max_hp_loss":0,"event_name":"conspire:LoneGhost","floor":8,"gold_loss":0},{"damage_healed":0,"gold_gain":0,"player_choice":"Trade","damage_taken":0,"relics_obtained":["FaceOfCleric"],"max_hp_gain":0,"max_hp_loss":0,"event_name":"FaceTrader","floor":29,"gold_loss":0},{"damage_healed":3,"gold_gain":0,"player_choice":"Full Heal","damage_taken":0,"max_hp_gain":0,"max_hp_loss":0,"event_name":"Wheel of Change","floor":31,"gold_loss":0}],"is_beta":false,"boss_relics":[{"not_picked":["Kintsugi","bronze:MakeshiftBattery","Empty Cage"]},{"not_picked":["Philosopher\u0027s Stone","aspiration:SecretTechniqueScroll"],"picked":"thethorton:BottledFunds"}],"items_purged_floors":[],"is_endless":false,"potions_floor_spawned":[5,13,14,18,19,20,24,36],"killed_by":"Maw","ascension_level":0}}