{"host":"qm4rv4rkpk76sbxu","time":1612647864,"event":{"mods":["BaseMod","Bestiary","Block Reminder","DeckTracker","Filter the Spire","Keyboard Shortcuts","Minty Spire (QoL Compilation)","MonsterHotkey","Quick Restart","Random Character Button","Relic Stats","Slay-I","StSLib","Unceasing Turn Reminder","ojb\u0027s Better Paths Mod","ojb\u0027s Info Mod"],"gold_per_floor":[117,117,166,194,417,417,437,476,476,519,519,538,573,599,599,712,712,750,750,792,807,843,882,48,82,82,110,166,166,199,208,208,316,325,349,367,398,411,411,438,458,458,505,505,535,557,557,595,595,595,595,595,1,34,34],"floor_reached":56,"language":"ENG","playtime":3773,"items_purged":["Strike_G"],"score":1995,"play_id":"e1fd677c-341d-4ef7-8e27-7adee1114893","local_time":"20210206224424","is_ascension_mode":true,"campfire_choices":[{"data":"Poisoned Stab","floor":6,"key":"SMITH"},{"data":"Finisher","floor":11,"key":"SMITH"},{"data":"Eviscerate","floor":15,"key":"SMITH"},{"data":"Apotheosis","floor":29,"key":"SMITH"},{"floor":32,"key":"RECALL"},{"data":"Reflex","floor":42,"key":"SMITH"},{"data":"Calculated Gamble","floor":47,"key":"SMITH"},{"data":"Adrenaline","floor":49,"key":"SMITH"},{"data":"Venomology","floor":52,"key":"SMITH"}],"circlet_count":0,"master_deck":["Strike_G","Strike_G","Strike_G","Strike_G","Defend_G","Defend_G","Defend_G","Defend_G","Defend_G","Survivor","Neutralize","Backstab","Poisoned Stab+1","Finisher+1","Eviscerate+1","Tactician","Venomology+1","Backflip","Wraith Form v2+1","Poisoned Stab+1","Leg Sweep","Tactician+1","Backflip","Calculated Gamble+1","Adrenaline+1","Apotheosis+1","All Out Attack","Dagger Throw","Backflip+1","Terror","Reflex+1","Tactician","Adrenaline+1","CurseOfTheBell","Footwork+1","Madness","Madness","Calculated Gamble+1","Predator+1","Corpse Explosion","Leg Sweep","Backflip","Concentrate"],"relics":["Ring of the Snake","Orichalcum","Pear","CeramicFish","Old Coin","InkBottle","Ninja Scroll","Mercury Hourglass","Prayer Wheel","Runic Dome","Red Mask","Tingsha","Calipers","HornCleat","Ice Cream","Singing Bowl","MealTicket","White Beast Statue","Calling Bell","Vajra","Sundial","Bird Faced Urn","Potion Belt","Bottled Tornado","War Paint","Shuriken","Pen Nib","Mango"],"acts_visited":["Exordium","TheCity","TheBeyond","TheEnding"],"potions_floor_usage":[8,16,20,22,23,25,28,30,33,33,35,37,40,41,45,48,50,55,55,55,55,55,55,55,55,55,55,55],"damage_taken":[{"damage":1,"enemies":"2 Louse","floor":1,"turns":3},{"damage":2,"enemies":"Jaw Worm","floor":4,"turns":4},{"damage":0,"enemies":"Cultist","floor":7,"turns":3},{"damage":0,"enemies":"3 Sentries","floor":8,"turns":9},{"damage":2,"enemies":"Gremlin Nob","floor":10,"turns":3},{"damage":0,"enemies":"Exordium Wildlife","floor":12,"turns":1},{"damage":9,"enemies":"3 Sentries","floor":13,"turns":5},{"damage":0,"enemies":"Gremlin Gang","floor":14,"turns":2},{"damage":0,"enemies":"Slime Boss","floor":16,"turns":4},{"damage":6,"enemies":"Chosen","floor":18,"turns":2},{"damage":0,"enemies":"Masked Bandits","floor":20,"turns":3},{"damage":0,"enemies":"Spheric Guardian","floor":21,"turns":1},{"damage":0,"enemies":"Centurion and Healer","floor":22,"turns":3},{"damage":11,"enemies":"Slavers","floor":23,"turns":7},{"damage":0,"enemies":"Book of Stabbing","floor":25,"turns":5},{"damage":0,"enemies":"Snecko","floor":27,"turns":1},{"damage":6,"enemies":"Slavers","floor":28,"turns":3},{"damage":0,"enemies":"Gremlin Leader","floor":30,"turns":4},{"damage":9,"enemies":"Champ","floor":33,"turns":7},{"damage":0,"enemies":"3 Darklings","floor":35,"turns":5},{"damage":0,"enemies":"Orb Walker","floor":37,"turns":1},{"damage":0,"enemies":"Sphere and 2 Shapes","floor":38,"turns":4},{"damage":0,"enemies":"Giant Head","floor":40,"turns":6},{"damage":8,"enemies":"4 Shapes","floor":41,"turns":4},{"damage":0,"enemies":"Nemesis","floor":45,"turns":3},{"damage":0,"enemies":"3 Darklings","floor":46,"turns":1},{"damage":0,"enemies":"Giant Head","floor":48,"turns":5},{"damage":0,"enemies":"Donu and Deca","floor":50,"turns":8},{"damage":0,"enemies":"Shield and Spear","floor":54,"turns":2},{"damage":31,"enemies":"The Heart","floor":55,"turns":6}],"seed_played":"3978810266259790969","potions_obtained":[{"floor":7,"key":"EssenceOfSteel"},{"floor":16,"key":"Ancient Potion"},{"floor":18,"key":"SkillPotion"},{"floor":28,"key":"LiquidMemories"},{"floor":33,"key":"FearPotion"},{"floor":35,"key":"CunningPotion"},{"floor":37,"key":"Energy Potion"},{"floor":40,"key":"SkillPotion"},{"floor":41,"key":"Poison Potion"},{"floor":45,"key":"Swift Potion"},{"floor":46,"key":"Ancient Potion"},{"floor":48,"key":"DistilledChaos"}],"is_trial":false,"path_per_floor":["M","?","T","M","?","R","M","E","T","E","R","M","E","M","R","B",null,"M","?","?","M","M","E","$","E","T","M","E","R","E","?","R","B",null,"M","?","M","M","?","E","M","R","T","?","E","M","R","E","R","B",null,"R","$","E","B",null],"character_chosen":"THE_SILENT","items_purchased":["Apotheosis","All Out Attack","Dagger Throw","Calipers","HornCleat","Shuriken","Concentrate","Pen Nib","PowerPotion","Energy Potion"],"campfire_rested":0,"item_purchase_floors":[24,24,24,24,24,53,53,53,53,53],"current_hp_per_floor":[69,61,61,59,59,59,59,59,59,57,57,57,48,48,48,48,80,74,74,74,74,74,63,63,63,63,65,59,59,61,61,61,52,84,86,75,75,83,83,89,87,87,87,92,96,98,98,98,98,98,98,98,98,114,88],"gold":34,"neow_bonus":"RANDOM_COMMON_RELIC","is_daily":false,"chose_seed":false,"campfire_upgraded":8,"win_rate":0.0,"timestamp":1612647864,"path_taken":["M","?","?","?","?","R","?","E","T","E","R","M","E","M","R","BOSS","M","?","?","M","M","E","$","E","T","M","E","R","E","?","R","BOSS","M","?","M","M","?","E","?","R","T","?","E","M","R","E","R","BOSS","R","$","E","BOSS"],"items_purchased_type":["Card","Card","Card","Relic","Relic","Relic","Card","Relic","Potion","Potion"],"build_version":"2020-12-22","purchased_purges":1,"victory":true,"max_hp_per_floor":[70,80,80,80,80,80,80,80,80,80,80,80,80,80,80,80,80,80,80,80,80,80,80,80,80,80,82,82,82,84,84,84,84,84,86,86,86,90,90,92,94,94,94,94,96,98,98,98,98,98,98,98,98,114,114],"relic_stats":{"Singing Bowl":20,"counters":[30,112],"CeramicFish":288,"Tingsha":[450],"Pen Nib":[2],"Orichalcum":[138],"War Paint":["Tactician","Adrenaline"],"Mercury Hourglass":[393],"Sundial":[4],"Shuriken":[5],"Bird Faced Urn":[19],"Prayer Wheel":10,"MealTicket":0,"obtain_stats":[{"Ice Cream":25,"Calipers":24,"Singing Bowl":26,"CeramicFish":3,"Vajra":34,"Mango":54,"Bottled Tornado":45,"Old Coin":5,"HornCleat":24,"Ninja Scroll":9,"Sundial":34,"Prayer Wheel":13,"MealTicket":28,"Red Mask":20,"InkBottle":8,"Ring of the Snake":0,"Potion Belt":40,"Pear":2,"Tingsha":23,"Pen Nib":53,"Orichalcum":0,"War Paint":48,"White Beast Statue":30,"Mercury Hourglass":10,"Calling Bell":34,"Runic Dome":17,"Shuriken":53,"Bird Faced Urn":34},{"Ice Cream":15,"Calipers":14,"Singing Bowl":15,"CeramicFish":1,"Vajra":19,"Mango":29,"Bottled Tornado":25,"Old Coin":2,"HornCleat":14,"Ninja Scroll":4,"Sundial":19,"Prayer Wheel":7,"MealTicket":17,"Red Mask":11,"InkBottle":4,"Ring of the Snake":0,"Potion Belt":23,"Pear":1,"Tingsha":14,"Pen Nib":28,"Orichalcum":0,"War Paint":27,"White Beast Statue":18,"Mercury Hourglass":5,"Calling Bell":19,"Runic Dome":9,"Shuriken":28,"Bird Faced Urn":19},{"Ice Cream":53,"Calipers":48,"Singing Bowl":53,"CeramicFish":3,"Vajra":68,"Mango":106,"Bottled Tornado":90,"Old Coin":7,"HornCleat":48,"Ninja Scroll":19,"Sundial":68,"Prayer Wheel":27,"MealTicket":57,"Red Mask":38,"InkBottle":19,"Ring of the Snake":0,"Potion Belt":84,"Pear":3,"Tingsha":48,"Pen Nib":104,"Orichalcum":0,"War Paint":96,"White Beast Statue":61,"Mercury Hourglass":22,"Calling Bell":68,"Runic Dome":33,"Shuriken":104,"Bird Faced Urn":68}],"InkBottle":[58],"Ring of the Snake":[60]},"card_choices":[{"not_picked":["Deflect","Crippling Poison"],"picked":"Backstab","floor":1},{"not_picked":["Sucker Punch","Quick Slash"],"picked":"Poisoned Stab","floor":4},{"not_picked":["Slice","Prepared"],"picked":"Finisher","floor":7},{"not_picked":["Deadly Poison","Concentrate"],"picked":"Eviscerate","floor":8},{"not_picked":["Outmaneuver","Deflect"],"picked":"Tactician","floor":10},{"not_picked":["Infinite Blades","Masterful Stab"],"picked":"Underhanded Strike","floor":12},{"not_picked":["Underhanded Strike","Dagger Throw"],"picked":"Venomology","floor":13},{"not_picked":["Cloak And Dagger","Underhanded Strike"],"picked":"Backflip","floor":14},{"not_picked":["Catalyst","Riddle With Holes","Infinite Blades"],"picked":"SKIP","floor":14},{"not_picked":["Catalyst","Riddle With Holes","Infinite Blades"],"picked":"SKIP","floor":14},{"not_picked":["Storm of Steel","Night Terror"],"picked":"Wraith Form v2","floor":16},{"not_picked":["Outmaneuver","Underhanded Strike+1"],"picked":"Poisoned Stab+1","floor":18},{"not_picked":["Backflip","Finisher"],"picked":"Leg Sweep","floor":18},{"not_picked":["Poisoned Stab","Slice"],"picked":"Tactician","floor":20},{"not_picked":["Predator","Accuracy+1","Setup"],"picked":"SKIP","floor":21},{"not_picked":["Sucker Punch","Distraction+1","Bane+1"],"picked":"SKIP","floor":21},{"not_picked":["Expertise+1","Masterful Stab"],"picked":"Backflip","floor":22},{"not_picked":["Quick Slash","Eviscerate"],"picked":"Calculated Gamble","floor":22},{"not_picked":["Acrobatics","PiercingWail+1"],"picked":"Adrenaline","floor":23},{"not_picked":["Quick Slash+1","Blade Dance"],"picked":"Backflip+1","floor":25},{"not_picked":["Caltrops","Bane","Dodge and Roll"],"picked":"Singing Bowl","floor":27},{"not_picked":["Setup","Flechettes+1"],"picked":"Terror","floor":27},{"not_picked":["Dodge and Roll+1","Flechettes"],"picked":"Reflex","floor":28},{"not_picked":["Expertise","Flying Knee","Blade Dance+1"],"picked":"Singing Bowl","floor":30},{"not_picked":["Envenom","Unload"],"picked":"Adrenaline","floor":33},{"not_picked":["Eviscerate+1","Finisher","Predator"],"picked":"Singing Bowl","floor":35},{"not_picked":["Endless Agony","Blur"],"picked":"Footwork+1","floor":35},{"not_picked":["Bane","Cloak And Dagger"],"picked":"Calculated Gamble+1","floor":37},{"not_picked":["Outmaneuver+1","Heel Hook+1"],"picked":"Predator+1","floor":37},{"not_picked":["Cloak And Dagger","Masterful Stab","Quick Slash+1"],"picked":"Singing Bowl","floor":38},{"not_picked":["Choke","Flying Knee","Catalyst+1"],"picked":"Singing Bowl","floor":38},{"not_picked":["Escape Plan","Dodge and Roll+1","Distraction+1"],"picked":"Singing Bowl","floor":40},{"not_picked":["Flechettes+1","Poisoned Stab+1","Cloak And Dagger+1"],"picked":"Singing Bowl","floor":41},{"not_picked":["Sucker Punch","Choke+1"],"picked":"Corpse Explosion","floor":41},{"not_picked":["Dagger Spray+1","Masterful Stab","Backstab"],"picked":"Singing Bowl","floor":45},{"not_picked":["Deflect","Blade Dance","Dagger Throw"],"picked":"Singing Bowl","floor":46},{"not_picked":["Setup","Predator"],"picked":"Leg Sweep","floor":46},{"not_picked":["Venomology","Skewer"],"picked":"Backflip","floor":48},{"not_picked":["Terror+1","Setup","Flying Knee"],"picked":"Singing Bowl","floor":54}],"player_experience":1513611,"relics_obtained":[{"floor":3,"key":"CeramicFish"},{"floor":8,"key":"InkBottle"},{"floor":9,"key":"Ninja Scroll"},{"floor":10,"key":"Mercury Hourglass"},{"floor":13,"key":"Prayer Wheel"},{"floor":20,"key":"Red Mask"},{"floor":23,"key":"Tingsha"},{"floor":25,"key":"Ice Cream"},{"floor":26,"key":"Singing Bowl"},{"floor":28,"key":"MealTicket"},{"floor":30,"key":"White Beast Statue"},{"floor":34,"key":"Vajra"},{"floor":34,"key":"Sundial"},{"floor":34,"key":"Bird Faced Urn"},{"floor":40,"key":"Potion Belt"},{"floor":45,"key":"Bottled Tornado"},{"floor":48,"key":"War Paint"},{"floor":54,"key":"Mango"}],"event_choices":[{"damage_healed":0,"gold_gain":0,"player_choice":"Success","damage_taken":18,"relics_obtained":["Pear"],"max_hp_gain":0,"max_hp_loss":0,"event_name":"Scrap Ooze","floor":2,"gold_loss":0},{"damage_healed":0,"gold_gain":0,"player_choice":"Paid Gold","damage_taken":0,"relics_obtained":["Old Coin"],"max_hp_gain":0,"max_hp_loss":0,"event_name":"WeMeetAgain","floor":5,"gold_loss":77},{"damage_healed":0,"gold_gain":0,"player_choice":"Ignored","damage_taken":0,"max_hp_gain":0,"max_hp_loss":0,"event_name":"Vampires","floor":19,"gold_loss":0},{"damage_healed":0,"gold_gain":0,"player_choice":"Fought Bandits","damage_taken":0,"max_hp_gain":0,"max_hp_loss":0,"event_name":"Masked Bandits","floor":20,"gold_loss":0},{"damage_healed":0,"gold_gain":0,"player_choice":"Read","damage_taken":0,"max_hp_gain":0,"max_hp_loss":0,"event_name":"The Library","floor":31,"gold_loss":0,"cards_obtained":["Tactician"]},{"damage_healed":0,"gold_gain":0,"player_choice":"Embrace Madness","damage_taken":11,"max_hp_gain":0,"max_hp_loss":0,"event_name":"Winding Halls","floor":36,"gold_loss":0,"cards_obtained":["Madness","Madness"]},{"damage_healed":0,"gold_gain":0,"player_choice":"Upgraded","damage_taken":0,"max_hp_gain":0,"max_hp_loss":0,"event_name":"Upgrade Shrine","floor":39,"gold_loss":0,"cards_upgraded":["Wraith Form v2"]},{"cards_removed":["Underhanded Strike"],"damage_healed":5,"gold_gain":0,"player_choice":"Offered Common","damage_taken":0,"max_hp_gain":0,"max_hp_loss":0,"event_name":"Bonfire Elementals","floor":44,"gold_loss":0},{"cards_removed":["Underhanded Strike"],"damage_healed":5,"gold_gain":0,"player_choice":"Offered Special","damage_taken":0,"max_hp_gain":0,"max_hp_loss":0,"event_name":"Bonfire Elementals","floor":44,"gold_loss":0}],"is_beta":false,"boss_relics":[{"not_picked":["Sozu","Ectoplasm"],"picked":"Runic Dome"},{"not_picked":["Busted Crown","Astrolabe"],"picked":"Calling Bell"}],"items_purged_floors":[53],"is_endless":false,"potions_floor_spawned":[7,16,18,21,28,33,35,37,38,40,41,45,46,48,54],"ascension_level":4}}