{"host":"995ppxxqmb2p2due","time":1612637508,"event":{"mods":["BaseMod","Downfall","Minty Spire (QoL Compilation)","StSLib"],"gold_per_floor":[99,114,133,133,148,48,48,65,65,96,96,106,116,146,160,260,260,160,176,186,205,34,58,81,81,107,128,137,160,81,93,112,225,225,125,145,173,173,200,119,119,119,140,140,140,140,267,295,317,317,317,317],"floor_reached":50,"language":"ENG","playtime":3604,"items_purged":["Slimebound:Tackle"],"score":562,"play_id":"32595d88-720c-4092-9989-ab98bce99d38","local_time":"20210206135148","is_ascension_mode":false,"campfire_choices":[{"floor":1,"key":"RECALL"},{"data":"Slimebound:CorrosiveSpit","floor":6,"key":"SMITH"},{"data":"Slimebound:RejuvenatingLick","floor":9,"key":"SMITH"},{"data":"Slimebound:Split","floor":11,"key":"SMITH"},{"data":"Slimebound:LevelUp","floor":18,"key":"SMITH"},{"data":"Slimebound:TongueLash","floor":25,"key":"SMITH"},{"data":"Slimebound:RainOfGoop","floor":35,"key":"SMITH"},{"floor":42,"key":"REST"},{"floor":45,"key":"REST"}],"circlet_count":0,"master_deck":["Slimebound:Strike_Slimebound","Slimebound:Strike_Slimebound","Slimebound:Strike_Slimebound","Slimebound:Defend_Slimebound","Slimebound:Defend_Slimebound","Slimebound:Defend_Slimebound","Slimebound:Defend_Slimebound","Slimebound:Split+1","Slimebound:CorrosiveSpit+1","Slimebound:HauntingLick","Slimebound:LeechingTouch","Slimebound:LeechingTouch","Slimebound:SamplingLick","Slimebound:RejuvenatingLick+1","Slimebound:LevelUp+1","Slimebound:Schlurp","Slimebound:SpikyOuterGoop","Slimebound:Schlurp","Slimebound:RallyTheTroops","CurseOfTheBell","Slimebound:TongueLash+1","Slimebound:ViciousTackle","Slimebound:SplitAcid","Slimebound:OozeBath","Slimebound:LeadByExample+1","Slimebound:Gluttony+1","Slimebound:GoopSpray","Slimebound:Replication+1","Slimebound:Schlurp+1","Slimebound:RainOfGoop+1","Slimebound:SplitAcid+1","Slimebound:OozeBath","Slimebound:ProtectTheBoss+1","Slimebound:LeadByExample","Slimebound:MegaLick","Slimebound:Nibble+1","Slimebound:ItLooksTasty+1","Slimebound:AcidTongue","Slimebound:SamplingLick+1","Slimebound:SplitMire+1"],"relics":["Slimebound:AbsorbEndCombat","downfall:HeartBlessingRed","Mummified Hand","Pantograph","Anchor","Calling Bell","StrikeDummy","Bird Faced Urn","Blood Vial","downfall:HeartBlessingGreen","CeramicFish","Black Star","downfall:HeartBlessingBlue","Pen Nib","Vajra"],"acts_visited":["Exordium","TheCity","TheBeyond"],"potions_floor_usage":[27,33,33,50,50],"damage_taken":[{"damage":3,"enemies":"2 Louse","floor":2,"turns":3},{"damage":4,"enemies":"Cultist","floor":3,"turns":3},{"damage":10,"enemies":"Small Slimes","floor":5,"turns":4},{"damage":11,"enemies":"Lots of Slimes","floor":8,"turns":4},{"damage":20,"enemies":"Lagavulin","floor":10,"turns":8},{"damage":0,"enemies":"Blue Slaver","floor":12,"turns":2},{"damage":3,"enemies":"Large Slime","floor":13,"turns":5},{"damage":17,"enemies":"3 Sentries","floor":14,"turns":6},{"damage":0,"enemies":"3 Louse","floor":15,"turns":2},{"damage":17,"enemies":"SI_SHIV_ARCHETYPE","floor":16,"turns":9},{"damage":27,"enemies":"Chosen","floor":19,"turns":7},{"damage":16,"enemies":"Spheric Guardian","floor":20,"turns":4},{"damage":12,"enemies":"3 Cultists","floor":21,"turns":6},{"damage":8,"enemies":"downfall:FleeingMerchant","floor":22,"turns":4},{"damage":4,"enemies":"Shelled Parasite and Fungi","floor":26,"turns":4},{"damage":27,"enemies":"Sentry and Sphere","floor":27,"turns":5},{"damage":3,"enemies":"Chosen and Byrds","floor":29,"turns":4},{"damage":0,"enemies":"downfall:FleeingMerchant","floor":30,"turns":4},{"damage":21,"enemies":"Snake Plant","floor":31,"turns":4},{"damage":18,"enemies":"Snecko","floor":32,"turns":4},{"damage":48,"enemies":"IC_MUSHROOM_ARCHETYPE","floor":33,"turns":7},{"damage":48,"enemies":"Orb Walker","floor":36,"turns":5},{"damage":11,"enemies":"3 Shapes","floor":37,"turns":3},{"damage":27,"enemies":"Transient","floor":39,"turns":5},{"damage":6,"enemies":"downfall:FleeingMerchant","floor":40,"turns":4},{"damage":34,"enemies":"Spire Growth","floor":43,"turns":5},{"damage":25,"enemies":"downfall:FleeingMerchant","floor":47,"turns":3},{"damage":0,"enemies":"Writhing Mass","floor":48,"turns":4},{"damage":56,"enemies":"Transient","floor":49,"turns":5},{"damage":75,"enemies":"DF_ARCHETYPE_ORBS","floor":50,"turns":6}],"seed_played":"-7294181329393355330","potions_obtained":[{"floor":3,"key":"AttackPotion"},{"floor":10,"key":"Swift Potion"},{"floor":13,"key":"Regen Potion"},{"floor":21,"key":"BlessingOfTheForge"},{"floor":29,"key":"Swift Potion"},{"floor":31,"key":"champ:CounterPotion"},{"floor":32,"key":"Slimebound:SpawnSlimePotion"},{"floor":36,"key":"Ancient Potion"},{"floor":48,"key":"Ancient Potion"},{"floor":49,"key":"LiquidMemories"}],"is_trial":false,"path_per_floor":["R","M","M","?","M","R","T","M","R","E","R","M","M","E","M","B",null,"R","M","M","M","$","T","T","R","M","M","?","M","$","M","M","B",null,"R","M","M","?","M","$","T","R","M","?","R","?","$","M","M","B"],"character_chosen":"SLIMEBOUND","items_purchased":["Slimebound:OozeBath","Slimebound:RainOfGoop","Slimebound:AcidTongue","Vajra"],"campfire_rested":2,"item_purchase_floors":[22,30,47,47],"current_hp_per_floor":[71,70,70,70,64,64,64,59,59,47,47,51,56,47,53,57,71,71,48,38,40,40,40,40,40,48,31,31,40,54,43,37,32,71,81,37,42,42,31,35,35,59,39,39,63,63,48,62,22,0,0,0],"gold":317,"neow_bonus":"TEN_PERCENT_HP_BONUS","is_daily":false,"chose_seed":false,"campfire_upgraded":6,"win_rate":0.0,"timestamp":1612637508,"path_taken":["R","M","M","?","M","R","T","M","R","E","R","M","?","E","M","BOSS","R","M","M","M","$","?","T","R","M","?","?","M","$","M","M","BOSS","R","M","?","?","M","$","T","R","M","?","R","?","$","?","M","BOSS"],"items_purchased_type":["Card","Card","Card","Relic"],"build_version":"2020-12-22","purchased_purges":1,"victory":false,"max_hp_per_floor":[71,71,71,71,71,71,71,71,71,71,71,71,71,71,71,71,71,71,71,71,71,71,71,71,71,71,71,71,71,71,71,71,71,71,81,81,81,81,81,81,81,81,81,81,81,81,81,81,81,81,81,81],"card_choices":[{"not_picked":["Slimebound:Dissolve","Slimebound:LivingWall"],"picked":"Slimebound:HauntingLick","floor":2},{"not_picked":["Slimebound:LivingWall","Slimebound:LeadByExample"],"picked":"Slimebound:LeechingTouch","floor":3},{"not_picked":["Slimebound:SplitAcid","Slimebound:Dissolve"],"picked":"Slimebound:SamplingLick","floor":5},{"not_picked":["Slimebound:LeechingTouch","Slimebound:Schlurp"],"picked":"Slimebound:RejuvenatingLick","floor":8},{"not_picked":["Slimebound:SplitBruiser","Slimebound:Overexert"],"picked":"Slimebound:LevelUp","floor":10},{"not_picked":["Slimebound:FinishingTackle","Slimebound:LeechEnergy"],"picked":"Slimebound:PressTheAttack","floor":12},{"not_picked":["Slimebound:Dissolve","Slimebound:ProtectTheBoss"],"picked":"Slimebound:Schlurp","floor":13},{"not_picked":["Slimebound:Repurpose","Slimebound:Nibble"],"picked":"Slimebound:SpikyOuterGoop","floor":14},{"not_picked":["Slimebound:LeechingTouch","Slimebound:FinishingTackle"],"picked":"Slimebound:Schlurp","floor":15},{"not_picked":["Slimebound:Teamwork","Slimebound:WasteNot"],"picked":"Slimebound:RallyTheTroops","floor":16},{"not_picked":["Slimebound:LivingWall","Slimebound:SplitLeeching+1","Slimebound:SlimeBrawl+1"],"picked":"SKIP","floor":19},{"not_picked":["Slimebound:Schlurp","Slimebound:SplitLeeching"],"picked":"Slimebound:TongueLash","floor":20},{"not_picked":["Slimebound:SlimeBrawl","Slimebound:SlimeTap+1"],"picked":"Slimebound:ViciousTackle","floor":21},{"not_picked":["Slimebound:MassFeed","Slimebound:FlameTackle"],"picked":"Slimebound:SplitAcid","floor":22},{"not_picked":["Slimebound:FinishingTackle","Slimebound:LeechEnergy"],"picked":"Slimebound:LeadByExample+1","floor":26},{"not_picked":["Slimebound:SamplingLick","Slimebound:RejuvenatingLick"],"picked":"Slimebound:Gluttony+1","floor":27},{"not_picked":["Slimebound:SamplingLick","Slimebound:GoopTackle"],"picked":"Slimebound:Replication+1","floor":29},{"not_picked":["Slimebound:MassFeed","Slimebound:GoopSpray"],"picked":"Slimebound:Schlurp+1","floor":30},{"not_picked":["Slimebound:FinishingTackle+1","Slimebound:SplitLeeching","Slimebound:SlimeBrawl"],"picked":"SKIP","floor":31},{"not_picked":["Slimebound:ForwardTackle","Slimebound:GoopTackle+1"],"picked":"Slimebound:SplitAcid+1","floor":32},{"not_picked":["Slimebound:RallyTheTroops","Slimebound:SlimeSlap"],"picked":"Slimebound:OozeBath","floor":33},{"not_picked":["Slimebound:BestDefense","Slimebound:Chomp"],"picked":"Slimebound:ProtectTheBoss+1","floor":36},{"not_picked":["Slimebound:Replication+1","Slimebound:LeechEnergy"],"picked":"Slimebound:LeadByExample","floor":37},{"not_picked":["Slimebound:LeechEnergy+1","Slimebound:Repurpose+1"],"picked":"Slimebound:MegaLick","floor":39},{"not_picked":["Slimebound:RollThrough+1","Slimebound:LeechingTouch+1"],"picked":"Slimebound:Nibble+1","floor":40},{"not_picked":["Slimebound:FinishingTackle+1","Slimebound:MegaLick+1"],"picked":"Slimebound:ItLooksTasty+1","floor":43},{"not_picked":["Slimebound:SlimeBarrage+1","Slimebound:Replication","Slimebound:SlimeTap"],"picked":"SKIP","floor":47},{"not_picked":["Slimebound:SplitLeeching","Slimebound:ComboTackle+1"],"picked":"Slimebound:SamplingLick+1","floor":48},{"not_picked":["Slimebound:RollThrough","Slimebound:Schlurp+1"],"picked":"Slimebound:SplitMire+1","floor":49}],"player_experience":105488,"relics_obtained":[{"floor":7,"key":"Mummified Hand"},{"floor":10,"key":"Pantograph"},{"floor":14,"key":"Anchor"},{"floor":17,"key":"StrikeDummy"},{"floor":17,"key":"Bird Faced Urn"},{"floor":17,"key":"Blood Vial"},{"floor":24,"key":"CeramicFish"},{"floor":41,"key":"Pen Nib"}],"event_choices":[{"damage_healed":0,"gold_gain":0,"player_choice":"Ignored","damage_taken":0,"max_hp_gain":0,"max_hp_loss":0,"event_name":"Mysterious Sphere","floor":44,"gold_loss":0}],"is_beta":false,"boss_relics":[{"not_picked":["Empty Cage","Astrolabe"],"picked":"Calling Bell"},{"not_picked":["Coffee Dripper","Fusion Hammer"],"picked":"Black Star"}],"items_purged_floors":[40],"is_endless":false,"potions_floor_spawned":[3,10,13,14,16,21,26,29,31,32,36,48,49],"killed_by":"DF_ARCHETYPE_ORBS","ascension_level":0}}