{"host":"92ge7uk92o4z80va","time":1612579828,"event":{"mods":["AchievementEnabler","Act Like it!","BaseMod","Better Third Choice","BetterRewards","Curses Come First","Evolution","Hermit","Hubris","Infinite Spire","Lobotomy","LobotomyExtend","Marisa????????","Minty Spire (QoL Compilation)","Prisma Mod","Quick Restart","Replay The Spire","Robot Space Explorer","Spire Arcade","StSLib","The Blue Laboratory","The Bug Knight","The Runesmith","Yakumo Yukari mod","????"],"gold_per_floor":[132,132,132,148,165,165,165,165],"floor_reached":7,"language":"ENG","playtime":335,"items_purged":[],"score":41,"play_id":"3b444a51-3afe-473c-becf-9eb3f2816be1","local_time":"20210205215028","is_ascension_mode":false,"campfire_choices":[{"data":"BarrageBoundary_PipeDream_purple","floor":6,"key":"SMITH"},{"data":"Observe_purple_2","floor":6,"key":"SMITH"}],"circlet_count":0,"master_deck":["AT_purpleEX","AT_purpleEX","AT_purpleEX","AT_purpleEX","Defend_purpleEX","Defend_purpleEX","Defend_purpleEX","Defend_purpleEX","Observe_purple_1","Observe_purple_2+1","BarrageBoundary_PipeDream_purple+1","CommonSense_AntiCommonSense_purple","Charmbait_purple","StretchesForeverDream_purple","Fantasy_PerpetualMotionMachine_purple","Worldmountain_purple","Boundary_of_Extermination_purpleEX","RuptureOfTimeAndSpace_purple"],"relics":["Boundary_crack","Memoryfragments_purpleEX","EVO:Axolotl","Replay:Arrowhead","hubris:OldNail","hubris:Towel"],"acts_visited":["Exordium"],"potions_floor_usage":[],"damage_taken":[{"damage":3,"enemies":"2 Louse","floor":1,"turns":2},{"damage":7,"enemies":"Small Slimes","floor":4,"turns":3},{"damage":5,"enemies":"Jaw Worm","floor":5,"turns":3},{"damage":34,"enemies":"Gremlin Nob","floor":7,"turns":4}],"seed_played":"-8454142774844353500","potions_obtained":[],"is_trial":false,"path_per_floor":["M","?","?","M","M","R","E"],"character_chosen":"Youkari","items_purchased":["BarrageBoundary_PipeDream_purple","CommonSense_AntiCommonSense_purple","hubris:OldNail","Charmbait_purple","StretchesForeverDream_purple","Fantasy_PerpetualMotionMachine_purple"],"campfire_rested":0,"item_purchase_floors":[0,0,0,0,0,0],"current_hp_per_floor":[38,38,38,35,34,34,0,0],"gold":165,"neow_bonus":"","is_daily":false,"chose_seed":false,"campfire_upgraded":2,"win_rate":0.0,"timestamp":1612579828,"path_taken":["M","?","?","M","M","R","E"],"items_purchased_type":["Card","Card","Relic","Card","Card","Card"],"build_version":"2020-12-22","purchased_purges":0,"victory":false,"max_hp_per_floor":[70,70,70,70,70,70,70,70],"card_choices":[{"not_picked":["StateErode_purple","Charmbait_purple"],"picked":"Worldmountain_purple","floor":1},{"not_picked":["Mirror_FormAndEmptin_purple","Charmbait_purple"],"picked":"Boundary_of_Extermination_purpleEX","floor":4},{"not_picked":["EighthInstrument_OneDividesIntoTwo_purple","SfantasyHide_purple"],"picked":"RuptureOfTimeAndSpace_purple","floor":5}],"player_experience":45678,"relics_obtained":[],"event_choices":[],"is_beta":false,"boss_relics":[],"items_purged_floors":[],"is_endless":false,"potions_floor_spawned":[],"killed_by":"Gremlin Nob","ascension_level":0}}