{"host":"md0dejzd6k70gl1f","time":1612649136,"event":{"mods":["BaseMod","Minty Spire (QoL Compilation)","Quick Restart"],"gold_per_floor":[217,217,17,32,52,52,86,86,109,135,135,163,163,174,174,276,276,296,329,341,34,51,51,77,77,103,103,3,3,22,54,54,154,154,167,178,193,246,246,271,271,271,271,289,289,300,310,310,310],"floor_reached":48,"language":"ENG","playtime":1747,"items_purged":["Strike_B","Strike_B"],"score":777,"play_id":"ed4e93e1-be35-4f00-b08f-93bf984cd8c3","local_time":"20210206230536","is_ascension_mode":true,"campfire_choices":[{"data":"Tempest","floor":6.0,"key":"SMITH"},{"data":"Barrage","floor":8.0,"key":"SMITH"},{"floor":13.0,"key":"REST"},{"data":"Hologram","floor":15.0,"key":"SMITH"},{"floor":23,"key":"REST"},{"floor":25,"key":"REST"},{"data":"Dualcast","floor":27,"key":"SMITH"},{"data":"Loop","floor":32,"key":"SMITH"},{"floor":41,"key":"REST"},{"data":"Glacier","floor":45,"key":"SMITH"}],"circlet_count":0,"master_deck":["AscendersBane","Strike_B","Strike_B","Defend_B","Defend_B","Defend_B","Defend_B","Dualcast+1","Tempest+1","Core Surge+1","Ball Lightning","Barrage+1","Turbo","Loop+1","Steam","Hologram+1","Rebound","Electrodynamics","BootSequence","Leap","Static Discharge+1","Glacier+1","Core Surge","Static Discharge+1","Self Repair","Barrage+1","Parasite"],"relics":["Cracked Core","Regal Pillow","Bronze Scales","Tiny Chest","Nunchaku","Runic Pyramid","Red Mask","Runic Capacitor","Oddly Smooth Stone","Torii","Orichalcum","Mercury Hourglass","Happy Flower","Sozu","Pocketwatch","Question Card","Ancient Tea Set","Mummified Hand"],"acts_visited":["Exordium","TheCity","TheBeyond"],"potions_floor_usage":[24,33,38],"damage_taken":[{"damage":5.0,"enemies":"Small Slimes","floor":1.0,"turns":3.0},{"damage":1.0,"enemies":"Cultist","floor":4.0,"turns":3.0},{"damage":11.0,"enemies":"2 Louse","floor":5.0,"turns":3.0},{"damage":10.0,"enemies":"3 Sentries","floor":7.0,"turns":5.0},{"damage":25.0,"enemies":"Lagavulin","floor":10.0,"turns":5.0},{"damage":6.0,"enemies":"Gremlin Nob","floor":12.0,"turns":3.0},{"damage":0.0,"enemies":"Exordium Wildlife","floor":14.0,"turns":2.0},{"damage":27.0,"enemies":"The Guardian","floor":16.0,"turns":10.0},{"damage":0.0,"enemies":"Spheric Guardian","floor":18.0,"turns":3.0},{"damage":44,"enemies":"Masked Bandits","floor":19,"turns":3},{"damage":13,"enemies":"2 Thieves","floor":20,"turns":3},{"damage":0,"enemies":"Centurion and Healer","floor":22,"turns":6},{"damage":20,"enemies":"Book of Stabbing","floor":24,"turns":5},{"damage":0,"enemies":"Cultist and Chosen","floor":30,"turns":4},{"damage":21,"enemies":"Slavers","floor":31,"turns":3},{"damage":17,"enemies":"Champ","floor":33,"turns":13},{"damage":0,"enemies":"3 Darklings","floor":35,"turns":3},{"damage":0,"enemies":"3 Shapes","floor":36,"turns":5},{"damage":13,"enemies":"Maw","floor":37,"turns":6},{"damage":23,"enemies":"2 Orb Walkers","floor":38,"turns":4},{"damage":30,"enemies":"Reptomancer","floor":40,"turns":5},{"damage":0,"enemies":"Spire Growth","floor":44,"turns":4},{"damage":7,"enemies":"Jaw Worm Horde","floor":46,"turns":3},{"damage":7,"enemies":"Writhing Mass","floor":47,"turns":5},{"damage":52,"enemies":"Transient","floor":48,"turns":5}],"seed_played":"-7274220086797950719","potions_obtained":[{"floor":4.0,"key":"Fire Potion"},{"floor":5.0,"key":"PowerPotion"},{"floor":10.0,"key":"Swift Potion"},{"floor":12.0,"key":"Fire Potion"},{"floor":22,"key":"EssenceOfSteel"},{"floor":31,"key":"BlessingOfTheForge"},{"floor":33,"key":"DistilledChaos"}],"is_trial":false,"path_per_floor":["M","?","$","M","M","R","E","R","T","E","?","E","R","M","R","B",null,"M","?","M","$","M","R","E","R","T","R","$","T","M","E","R","B",null,"M","M","M","?","T","E","R","?","T","M","R","M","M","M"],"character_chosen":"DEFECT","items_purchased":["Core Surge","Ball Lightning","Runic Capacitor","Oddly Smooth Stone"],"campfire_rested":4,"item_purchase_floors":[3,3,21,21],"current_hp_per_floor":[63,56,56,55,44,44,34,34,34,9,9,3,40,40,40,13,60,60,16,3,3,3,40,20,57,57,57,57,57,57,36,36,19,61,61,61,48,32,32,9,46,46,46,53,53,46,46,0,0],"gold":310,"neow_bonus":"HUNDRED_GOLD","is_daily":false,"chose_seed":false,"campfire_upgraded":6,"win_rate":0.0,"timestamp":1612649136,"path_taken":["M","?","$","?","M","R","E","R","T","E","?","E","R","?","R","BOSS","M","?","M","$","M","R","E","R","T","R","$","?","?","E","R","BOSS","M","?","M","?","?","E","R","?","T","?","R","M","M","M"],"items_purchased_type":["Card","Card","Relic","Relic"],"build_version":"2020-12-22","purchased_purges":2,"victory":false,"max_hp_per_floor":[75,75,75,75,75,75,75,75,75,75,75,75,75,75,75,75,75,75,75,75,75,75,75,75,75,75,75,75,75,75,75,75,75,75,75,75,75,75,75,75,75,75,75,75,75,75,75,75,75],"card_choices":[{"not_picked":["Leap","Hello World"],"picked":"Tempest","floor":1.0},{"not_picked":["Beam Cell","Rip and Tear"],"picked":"Barrage","floor":4.0},{"not_picked":["Sweeping Beam","Hello World"],"picked":"Turbo","floor":5.0},{"not_picked":["Blizzard","Recycle"],"picked":"Loop","floor":7.0},{"not_picked":["Darkness","Skim"],"picked":"Steam","floor":10.0},{"not_picked":["Leap","Double Energy"],"picked":"Hologram","floor":12.0},{"not_picked":["Stack","Beam Cell"],"picked":"Rebound","floor":14.0},{"not_picked":["Multi-Cast","Reboot"],"picked":"Electrodynamics","floor":16.0},{"not_picked":["Compile Driver+1","Sweeping Beam","Tempest"],"picked":"SKIP","floor":18},{"not_picked":["Self Repair","Go for the Eyes"],"picked":"BootSequence","floor":19},{"not_picked":["Darkness","Skim","Compile Driver"],"picked":"SKIP","floor":20},{"not_picked":["Streamline","Stack","Tempest+1"],"picked":"SKIP","floor":22},{"not_picked":["Compile Driver","Turbo"],"picked":"Leap","floor":24},{"not_picked":["Chill","Force Field"],"picked":"Static Discharge+1","floor":30},{"not_picked":["Double Energy","BootSequence"],"picked":"Glacier","floor":31},{"not_picked":["Machine Learning","Buffer"],"picked":"Core Surge","floor":33},{"not_picked":["Go for the Eyes","Rebound+1"],"picked":"Static Discharge+1","floor":35},{"not_picked":["Redo+1","Sunder","Melter"],"picked":"SKIP","floor":36},{"not_picked":["Coolheaded","Sweeping Beam"],"picked":"Self Repair","floor":37},{"not_picked":["Streamline+1","Barrage","Sweeping Beam+1","All For One"],"picked":"SKIP","floor":40},{"not_picked":["Tempest+1","Fusion","Genetic Algorithm"],"picked":"Barrage+1","floor":44},{"not_picked":["Hologram+1","BootSequence","Leap","Rebound"],"picked":"SKIP","floor":46},{"not_picked":["Steam","Hologram+1","Conserve Battery","Fusion"],"picked":"SKIP","floor":47}],"player_experience":493848,"relics_obtained":[{"floor":7.0,"key":"Regal Pillow"},{"floor":9.0,"key":"Bronze Scales"},{"floor":10.0,"key":"Tiny Chest"},{"floor":12.0,"key":"Nunchaku"},{"floor":19,"key":"Red Mask"},{"floor":24,"key":"Torii"},{"floor":26,"key":"Orichalcum"},{"floor":29,"key":"Mercury Hourglass"},{"floor":31,"key":"Happy Flower"},{"floor":38,"key":"Pocketwatch"},{"floor":39,"key":"Question Card"},{"floor":40,"key":"Ancient Tea Set"},{"floor":43,"key":"Mummified Hand"}],"event_choices":[{"damage_healed":0.0,"max_hp_gain":0.0,"max_hp_loss":0.0,"gold_gain":0.0,"event_name":"Wheel of Change","player_choice":"Damaged","floor":2.0,"gold_loss":0.0,"damage_taken":7.0},{"damage_healed":0.0,"max_hp_gain":0.0,"max_hp_loss":0.0,"gold_gain":0.0,"event_name":"Upgrade Shrine","player_choice":"Upgraded","floor":11.0,"gold_loss":0.0,"damage_taken":0.0,"cards_upgraded":["Core Surge"]},{"damage_healed":0,"gold_gain":0,"player_choice":"Fought Bandits","damage_taken":0,"max_hp_gain":0,"max_hp_loss":0,"event_name":"Masked Bandits","floor":19,"gold_loss":0},{"damage_healed":0,"gold_gain":0,"player_choice":"Fight","damage_taken":0,"max_hp_gain":0,"max_hp_loss":0,"event_name":"Mysterious Sphere","floor":38,"gold_loss":0},{"cards_removed":["Zap"],"damage_healed":0,"gold_gain":0,"player_choice":"Removed Skill","damage_taken":0,"max_hp_gain":0,"max_hp_loss":0,"event_name":"Falling","floor":42,"gold_loss":0}],"is_beta":false,"boss_relics":[{"not_picked":["Tiny House","SacredBark"],"picked":"Runic Pyramid"},{"not_picked":["Astrolabe","Inserter"],"picked":"Sozu"}],"items_purged_floors":[3,28],"is_endless":false,"potions_floor_spawned":[4,5,10,12,22,31,33,35,40,44,46],"killed_by":"Transient","ascension_level":10}}