{"host":"oiw60b5ins9fyx34","time":1612601124,"event":{"mods":["BaseMod","Colored Map","Colored Powertips","Minty Spire (QoL Compilation)","Permanent Neow","Quick Restart","Rare Cards Sparkle","Relic Stats","StSLib","The Cursed"],"gold_per_floor":[19,19,19,33,46,79,79,104,104,139,33,33,46,74,74,172,172,185,203,217,73,92,92,126,126,202,235,250,250,250,267,267,369,369,384,331,153,6,24,24,36,56,80,80,0,0,0,0,0,0,0,0,0,29,29],"floor_reached":56,"language":"JPN","playtime":3214,"items_purged":["Strike_R"],"score":1566,"play_id":"89009a3d-a6b0-4124-abd6-c5c772ccd820","local_time":"20210206174524","is_ascension_mode":true,"campfire_choices":[{"data":"Feed","floor":7,"key":"SMITH"},{"data":"Offering","floor":12,"key":"SMITH"},{"data":"Uppercut","floor":15,"key":"SMITH"},{"data":"Infernal Blade","floor":23,"key":"SMITH"},{"floor":32,"key":"REST"},{"data":"Dark Embrace","floor":40,"key":"SMITH"},{"floor":44,"key":"RECALL"},{"data":"Double Tap","floor":47,"key":"SMITH"},{"data":"Offering","floor":49,"key":"SMITH"},{"data":"Seeing Red","floor":52,"key":"SMITH"}],"circlet_count":0,"master_deck":["Strike_R","Strike_R+1","Strike_R","Defend_R","Defend_R","Defend_R","Defend_R","Bash","Seeing Red+1","Berserk+1","Carnage","Offering+1","Feed+1","Warcry","Hemokinesis","Intimidate","Reckless Charge","Immolate","Uppercut+1","Reaper","True Grit","Disarm+1","Double Tap+1","Infernal Blade+1","Feed","Infernal Blade+1","Shockwave","Intimidate","Battle Trance+1","Offering+1","Rupture","Havoc","Dark Embrace+1","Second Wind","Havoc","Havoc+1","Burning Pact+1","Regret","Reaper"],"relics":["Burning Blood","Dead Branch","Orichalcum","Pantograph","PreservedInsect","Bag of Preparation","Oddly Smooth Stone","SlaversCollar","MealTicket","Darkstone Periapt","StrikeDummy","Cursed Key","Ice Cream","Strawberry","Red Mask","Toy Ornithopter"],"acts_visited":["Exordium","TheCity","TheBeyond","TheEnding"],"potions_floor_usage":[8,10,33,33,33,55,55],"damage_taken":[{"damage":1,"enemies":"Cultist","floor":1,"turns":4},{"damage":8,"enemies":"2 Louse","floor":4,"turns":3},{"damage":7,"enemies":"Jaw Worm","floor":5,"turns":3},{"damage":6,"enemies":"Lagavulin","floor":6,"turns":4},{"damage":29,"enemies":"Gremlin Nob","floor":8,"turns":4},{"damage":17,"enemies":"Lagavulin","floor":10,"turns":5},{"damage":6,"enemies":"Lots of Slimes","floor":13,"turns":1},{"damage":6,"enemies":"Gremlin Nob","floor":14,"turns":2},{"damage":30,"enemies":"The Guardian","floor":16,"turns":7},{"damage":12,"enemies":"2 Thieves","floor":18,"turns":2},{"damage":8,"enemies":"Chosen","floor":19,"turns":4},{"damage":21,"enemies":"Snecko","floor":20,"turns":3},{"damage":16,"enemies":"Snake Plant","floor":22,"turns":3},{"damage":9,"enemies":"Book of Stabbing","floor":24,"turns":3},{"damage":6,"enemies":"Gremlin Leader","floor":27,"turns":3},{"damage":21,"enemies":"Shelled Parasite and Fungi","floor":28,"turns":3},{"damage":0,"enemies":"3 Cultists","floor":31,"turns":2},{"damage":67,"enemies":"Champ","floor":33,"turns":12},{"damage":27,"enemies":"3 Darklings","floor":35,"turns":1},{"damage":27,"enemies":"3 Shapes","floor":39,"turns":4},{"damage":57,"enemies":"Writhing Mass","floor":41,"turns":6},{"damage":20,"enemies":"Sphere and 2 Shapes","floor":42,"turns":3},{"damage":38,"enemies":"Donu and Deca","floor":50,"turns":5},{"damage":12,"enemies":"Shield and Spear","floor":54,"turns":3},{"damage":151,"enemies":"The Heart","floor":55,"turns":8}],"seed_played":"-6407729758589269707","potions_obtained":[{"floor":1,"key":"LiquidBronze"},{"floor":5,"key":"Regen Potion"},{"floor":6,"key":"Regen Potion"},{"floor":13,"key":"Energy Potion"},{"floor":19,"key":"DuplicationPotion"},{"floor":33,"key":"SkillPotion"},{"floor":35,"key":"FairyPotion"},{"floor":41,"key":"ColorlessPotion"}],"is_trial":false,"path_per_floor":["M","?","?","M","M","E","R","E","T","E","$","R","M","E","R","B",null,"M","M","M","$","M","R","E","?","T","E","M","T","?","M","R","B",null,"M","?","$","$","M","R","M","M","T","R","?","$","R","?","R","B",null,"R","$","E","B",null],"character_chosen":"IRONCLAD","items_purchased":["Intimidate","Reckless Charge","Double Tap","Infernal Blade","Rupture","Havoc","Dark Embrace","Second Wind"],"campfire_rested":1,"item_purchase_floors":[11,11,21,21,37,37,38,38],"current_hp_per_floor":[80,80,64,62,61,61,61,50,50,53,53,53,57,57,57,58,84,82,80,73,73,63,63,70,70,70,74,62,62,42,51,83,49,110,93,93,108,114,97,97,59,49,62,62,62,77,77,77,77,70,139,139,139,139,45],"gold":29,"neow_bonus":"ONE_RARE_RELIC","is_daily":false,"chose_seed":false,"campfire_upgraded":8,"win_rate":0.0,"timestamp":1612601124,"path_taken":["M","?","?","M","M","E","R","E","T","E","?","R","M","E","R","BOSS","M","M","?","?","M","R","E","?","T","E","M","?","?","M","R","BOSS","M","?","?","$","M","R","M","?","T","R","?","?","R","?","R","BOSS","R","$","E","BOSS"],"items_purchased_type":["Card","Card","Card","Card","Card","Card","Card","Card"],"build_version":"2020-12-22","purchased_purges":1,"victory":true,"max_hp_per_floor":[80,80,80,80,80,80,80,80,80,80,80,80,84,84,84,84,84,88,88,88,88,88,88,92,92,92,96,99,99,104,107,107,110,110,114,114,114,114,118,118,122,126,139,139,139,139,139,139,139,139,139,139,139,139,139],"relic_stats":{"Darkstone Periapt":6,"counters":[25,98],"Dead Branch":[288],"Pantograph":74,"MealTicket":36,"PreservedInsect":205,"Bag of Preparation":[38],"Orichalcum":[150],"Cursed Key":1,"obtain_stats":[{"Darkstone Periapt":27,"Ice Cream":36,"Dead Branch":0,"Oddly Smooth Stone":14,"PreservedInsect":9,"Bag of Preparation":10,"Orichalcum":6,"Cursed Key":34,"Burning Blood":0,"SlaversCollar":17,"Pantograph":8,"Strawberry":43,"MealTicket":24,"Red Mask":45,"StrikeDummy":29,"Toy Ornithopter":54},{"Darkstone Periapt":15,"Ice Cream":19,"Dead Branch":0,"Oddly Smooth Stone":8,"PreservedInsect":5,"Bag of Preparation":6,"Orichalcum":4,"Cursed Key":18,"Burning Blood":0,"SlaversCollar":9,"Pantograph":5,"Strawberry":22,"MealTicket":14,"Red Mask":22,"StrikeDummy":16,"Toy Ornithopter":24},{"Darkstone Periapt":51,"Ice Cream":69,"Dead Branch":0,"Oddly Smooth Stone":26,"PreservedInsect":18,"Bag of Preparation":23,"Orichalcum":14,"Cursed Key":68,"Burning Blood":0,"SlaversCollar":33,"Pantograph":18,"Strawberry":82,"MealTicket":48,"Red Mask":82,"StrikeDummy":54,"Toy Ornithopter":90}],"Burning Blood":141,"Toy Ornithopter":10},"card_choices":[{"not_picked":["Blood for Blood","Flex"],"picked":"Seeing Red","floor":1},{"not_picked":["Armaments","Havoc"],"picked":"Carnage","floor":4},{"not_picked":["Dropkick","Body Slam"],"picked":"Offering","floor":5},{"not_picked":["Sword Boomerang","Pummel"],"picked":"Feed","floor":6},{"not_picked":["Body Slam","Armaments"],"picked":"Warcry","floor":8},{"not_picked":["Twin Strike","Anger"],"picked":"Hemokinesis","floor":10},{"not_picked":["Armaments","Twin Strike"],"picked":"Immolate","floor":13},{"not_picked":["True Grit","Battle Trance"],"picked":"Uppercut","floor":14},{"not_picked":["Exhume","Juggernaut"],"picked":"Reaper","floor":16},{"not_picked":["Dropkick","Perfected Strike+1"],"picked":"True Grit","floor":18},{"not_picked":["Searing Blow","Twin Strike"],"picked":"Disarm+1","floor":19},{"not_picked":["Iron Wave+1","Armaments","Headbutt"],"picked":"SKIP","floor":20},{"not_picked":["Searing Blow","Entrench"],"picked":"Feed","floor":22},{"not_picked":["Rage+1","Body Slam+1"],"picked":"Infernal Blade","floor":24},{"not_picked":["Feed","Clothesline+1"],"picked":"Intimidate","floor":27},{"not_picked":["Clash+1","Iron Wave"],"picked":"Battle Trance+1","floor":28},{"not_picked":["Clothesline","Flex+1","Wild Strike"],"picked":"SKIP","floor":31},{"not_picked":["Brutality","Limit Break"],"picked":"Offering","floor":33},{"not_picked":["Anger+1","Clash","Rampage+1"],"picked":"SKIP","floor":35},{"not_picked":["Armaments+1","Flex+1"],"picked":"Havoc","floor":39},{"not_picked":["Twin Strike","Anger"],"picked":"Havoc+1","floor":41},{"not_picked":["Clothesline+1","Headbutt+1"],"picked":"Burning Pact+1","floor":42},{"not_picked":["Heavy Blade+1","Pommel Strike"],"picked":"Reaper","floor":54}],"player_experience":699787,"relics_obtained":[{"floor":6,"key":"Orichalcum"},{"floor":8,"key":"Pantograph"},{"floor":9,"key":"PreservedInsect"},{"floor":10,"key":"Bag of Preparation"},{"floor":14,"key":"Oddly Smooth Stone"},{"floor":24,"key":"MealTicket"},{"floor":27,"key":"Darkstone Periapt"},{"floor":29,"key":"StrikeDummy"},{"floor":43,"key":"Strawberry"},{"floor":54,"key":"Toy Ornithopter"}],"event_choices":[{"damage_healed":0,"gold_gain":0,"cards_transformed":["Strike_R"],"player_choice":"Change","damage_taken":0,"max_hp_gain":0,"max_hp_loss":0,"event_name":"Living Wall","floor":2,"gold_loss":0,"cards_obtained":["Berserk"]},{"damage_healed":0,"gold_gain":0,"player_choice":"Entered Light","damage_taken":16,"max_hp_gain":0,"max_hp_loss":0,"event_name":"Shining Light","floor":3,"gold_loss":0,"cards_upgraded":["Strike_R","Berserk"]},{"damage_healed":0,"gold_gain":0,"player_choice":"Read","damage_taken":0,"max_hp_gain":0,"max_hp_loss":0,"event_name":"The Library","floor":25,"gold_loss":0,"cards_obtained":["Shockwave"]},{"damage_healed":0,"gold_gain":0,"player_choice":"Shed Blood","damage_taken":25,"max_hp_gain":5,"max_hp_loss":0,"event_name":"Forgotten Altar","floor":30,"gold_loss":0},{"damage_healed":0,"gold_gain":0,"player_choice":"Paid Gold","damage_taken":0,"relics_obtained":["Ice Cream"],"max_hp_gain":0,"max_hp_loss":0,"event_name":"WeMeetAgain","floor":36,"gold_loss":53},{"damage_healed":0,"gold_gain":0,"player_choice":"Paid","damage_taken":0,"relics_obtained":["Red Mask"],"max_hp_gain":0,"max_hp_loss":0,"event_name":"Tomb of Lord Red Mask","floor":45,"gold_loss":80},{"damage_healed":0,"gold_gain":0,"player_choice":"Upgraded","damage_taken":0,"max_hp_gain":0,"max_hp_loss":0,"event_name":"Upgrade Shrine","floor":48,"gold_loss":0,"cards_upgraded":["Infernal Blade"]}],"is_beta":false,"boss_relics":[{"not_picked":["Runic Dome","SacredBark"],"picked":"SlaversCollar"},{"not_picked":["Runic Cube","Runic Pyramid"],"picked":"Cursed Key"}],"items_purged_floors":[37],"is_endless":false,"potions_floor_spawned":[1,5,6,13,19,22,31,33,35,41,54],"ascension_level":4}}