{"host":"zxkjcgzis4pm3za5","time":1612585031,"event":{"mods":["AchievementEnabler","Act Like it!","BaseMod","Colored Map","Colored Powertips","Friendly Minions","GifTheSpireLib","Minty Spire (QoL Compilation)","Quick Restart","RNG Fix","Random Character Button","Relic Sorter","Relic Stats","StSLib"],"gold_per_floor":[117,136,152,65,140,166,91,122,192,212,212,224,224,242,242,321,321,332,332,345,345,345,345,376,394,421,421,435,435,435],"floor_reached":29,"language":"ENG","playtime":1286,"items_purged":[],"score":497,"play_id":"7d912244-948b-48d5-8c86-9c363a5c583d","local_time":"20210206094711","is_ascension_mode":true,"campfire_choices":[{"floor":11,"key":"REST"},{"data":"Demon Form","floor":13,"key":"SMITH"},{"data":"Armaments","floor":15,"key":"SMITH"},{"floor":23,"key":"REST"},{"floor":27,"key":"REST"}],"circlet_count":0,"master_deck":["AscendersBane","Strike_R","Strike_R","Strike_R","Strike_R","Defend_R","Defend_R","Defend_R","Defend_R","Bash","Uppercut","Anger","Armaments+1","Immolate","Rampage","Burning Pact","Demon Form+1","Shrug It Off","Impervious","Warcry+1","Impervious","Armaments+1","Feel No Pain","Dark Embrace+1","Feel No Pain"],"relics":["Burning Blood","Bag of Preparation","Ancient Tea Set","Centennial Puzzle","HornCleat","Runic Pyramid","Omamori","Oddly Smooth Stone"],"acts_visited":["Exordium","TheCity"],"potions_floor_usage":[8,16,20,24,29,29],"damage_taken":[{"damage":1,"enemies":"Cultist","floor":1,"turns":3},{"damage":9,"enemies":"2 Louse","floor":2,"turns":4},{"damage":7,"enemies":"Small Slimes","floor":3,"turns":4},{"damage":32,"enemies":"3 Sentries","floor":6,"turns":6},{"damage":19,"enemies":"Lagavulin","floor":8,"turns":5},{"damage":5,"enemies":"Gremlin Gang","floor":10,"turns":2},{"damage":0,"enemies":"2 Fungi Beasts","floor":12,"turns":1},{"damage":6,"enemies":"Lots of Slimes","floor":14,"turns":2},{"damage":18,"enemies":"The Guardian","floor":16,"turns":8},{"damage":21,"enemies":"Chosen","floor":18,"turns":6},{"damage":24,"enemies":"2 Thieves","floor":20,"turns":4},{"damage":14,"enemies":"Slavers","floor":24,"turns":5},{"damage":16,"enemies":"Centurion and Healer","floor":25,"turns":7},{"damage":11,"enemies":"Shelled Parasite and Fungi","floor":28,"turns":7},{"damage":53,"enemies":"Book of Stabbing","floor":29,"turns":8}],"seed_played":"2624346847431045836","potions_obtained":[{"floor":3,"key":"Dexterity Potion"},{"floor":6,"key":"EssenceOfSteel"},{"floor":8,"key":"SteroidPotion"},{"floor":10,"key":"LiquidMemories"},{"floor":16,"key":"Strength Potion"},{"floor":20,"key":"ElixirPotion"},{"floor":28,"key":"SkillPotion"}],"is_trial":false,"path_per_floor":["M","M","M","$","?","E","?","E","T","M","R","M","R","M","R","B",null,"M","?","M","?","?","R","E","M","T","R","M","E"],"character_chosen":"IRONCLAD","items_purchased":["Immolate"],"campfire_rested":3,"item_purchase_floors":[4],"current_hp_per_floor":[73,70,69,69,58,32,32,19,19,20,42,48,48,48,48,36,65,50,50,32,32,32,54,46,36,36,58,53,0,0],"gold":435,"neow_bonus":"RANDOM_COMMON_RELIC","is_daily":false,"chose_seed":false,"campfire_upgraded":2,"win_rate":0.0,"timestamp":1612585031,"path_taken":["M","?","M","?","?","E","?","E","T","M","R","M","R","M","R","BOSS","M","?","M","?","?","R","E","M","T","R","?","E"],"items_purchased_type":["Card"],"build_version":"2020-12-22","purchased_purges":0,"victory":false,"max_hp_per_floor":[75,75,75,75,75,75,75,75,75,75,75,75,75,75,75,75,75,75,75,75,75,75,75,75,75,75,75,75,75,75],"relic_stats":{"Centennial Puzzle":[26],"counters":[15,72],"Bag of Preparation":[30],"obtain_stats":[{"Centennial Puzzle":8,"HornCleat":9,"Oddly Smooth Stone":26,"Bag of Preparation":0,"Omamori":24,"Ancient Tea Set":6,"Burning Blood":0,"Runic Pyramid":17},{"Centennial Puzzle":5,"HornCleat":5,"Oddly Smooth Stone":13,"Bag of Preparation":0,"Omamori":12,"Ancient Tea Set":4,"Burning Blood":0,"Runic Pyramid":9},{"Centennial Puzzle":22,"HornCleat":22,"Oddly Smooth Stone":57,"Bag of Preparation":0,"Omamori":50,"Ancient Tea Set":17,"Burning Blood":0,"Runic Pyramid":35}],"Burning Blood":84},"card_choices":[{"not_picked":["Iron Wave","Pommel Strike"],"picked":"Uppercut","floor":1},{"not_picked":["Shrug It Off","Heavy Blade"],"picked":"Anger","floor":2},{"not_picked":["Dual Wield","Flex"],"picked":"Armaments","floor":3},{"not_picked":["Armaments","Battle Trance"],"picked":"Rampage","floor":6},{"not_picked":["Sword Boomerang","Rupture","Pummel"],"picked":"SKIP","floor":8},{"not_picked":["Twin Strike","Sentinel"],"picked":"Burning Pact","floor":10},{"not_picked":["Thunderclap","Rupture"],"picked":"Demon Form","floor":12},{"not_picked":["Armaments","Thunderclap"],"picked":"Shrug It Off","floor":14},{"not_picked":["Bludgeon","Demon Form"],"picked":"Impervious","floor":16},{"not_picked":["Hemokinesis+1","Havoc"],"picked":"Warcry+1","floor":18},{"not_picked":["Sword Boomerang","Anger+1"],"picked":"Armaments","floor":20},{"not_picked":["Ghostly Armor","Dark Embrace"],"picked":"Feel No Pain","floor":24},{"not_picked":["Intimidate","Dropkick"],"picked":"Dark Embrace+1","floor":25},{"not_picked":["Havoc","Shrug It Off"],"picked":"Feel No Pain","floor":28}],"player_experience":319267,"relics_obtained":[{"floor":6,"key":"Ancient Tea Set"},{"floor":8,"key":"Centennial Puzzle"},{"floor":9,"key":"HornCleat"},{"floor":24,"key":"Omamori"},{"floor":26,"key":"Oddly Smooth Stone"}],"event_choices":[{"damage_healed":0,"gold_gain":75,"player_choice":"Gather Gold","damage_taken":11,"max_hp_gain":0,"max_hp_loss":0,"event_name":"World of Goop","floor":5,"gold_loss":0},{"cards_removed":["Strike_R"],"damage_healed":0,"gold_gain":0,"player_choice":"Card Removal","damage_taken":0,"max_hp_gain":0,"max_hp_loss":0,"event_name":"The Cleric","floor":7,"gold_loss":75},{"damage_healed":0,"gold_gain":0,"player_choice":"Copied","damage_taken":0,"max_hp_gain":0,"max_hp_loss":0,"event_name":"Duplicator","floor":19,"gold_loss":0,"cards_obtained":["Impervious"]},{"damage_healed":0,"gold_gain":0,"player_choice":"Forge","damage_taken":0,"max_hp_gain":0,"max_hp_loss":0,"event_name":"Accursed Blacksmith","floor":21,"gold_loss":0,"cards_upgraded":["Armaments"]},{"damage_healed":0,"gold_gain":0,"player_choice":"Ignored","damage_taken":0,"max_hp_gain":0,"max_hp_loss":0,"event_name":"Cursed Tome","floor":22,"gold_loss":0}],"is_beta":false,"boss_relics":[{"not_picked":["Empty Cage","Astrolabe"],"picked":"Runic Pyramid"}],"items_purged_floors":[],"is_endless":false,"potions_floor_spawned":[3,6,8,10,16,20,28],"killed_by":"Book of Stabbing","ascension_level":19}}