{"host":"tw8l0ya62jpokcsf","time":1612584056,"event":{"mods":["2.2 Compatiblity","AchievementEnabler","BaseMod","Colored Map","GifTheSpireLib","Hermit","Hubris","Infinite Spire","Marisa????????","Minty Spire (QoL Compilation)","Permanent Neow","Relic Stats","Reliquary","Replay The Spire","Shade Mod","StSLib","Stuff the Spire","The Death Knight","The Servant 0.9.4"],"gold_per_floor":[117,117,130,144,144,144,170,184,184,211,224,288,341,341,341,438,438,454,466,466,479,492,517,529,529,552,567,284,311,311,324,324,419,419,431,431,446,460,471,471,486,486,554,567,567,580,580,609,609,609,609,609,86,115,115],"floor_reached":56,"language":"ENG","playtime":3934,"items_purged":["Shade:FeralStrike"],"score":1033,"play_id":"da9e396a-5302-4495-a32c-5e2c224b068e","local_time":"20210206050056","is_ascension_mode":false,"campfire_choices":[{"data":"Shade:FreshBones","floor":6,"key":"SMITH"},{"floor":15,"key":"REST"},{"data":"Shade:UnbarTheGrave","floor":25,"key":"SMITH"},{"floor":30,"key":"REST"},{"floor":32,"key":"REST"},{"floor":40,"key":"REST"},{"data":"Shade:LichForm","floor":42,"key":"SMITH"},{"data":"Shade:UnbarTheGrave","floor":45,"key":"SMITH"},{"floor":49,"key":"RECALL"},{"data":"Shade:Putrefaction","floor":52,"key":"SMITH"}],"circlet_count":0,"master_deck":["Shade:Strike_Shade+1","Shade:Strike_Shade","Shade:Strike_Shade","Shade:Defend_Shade","Shade:Defend_Shade","Shade:Defend_Shade","Shade:Defend_Shade","Shade:AnimateDead","Shade:CarefulCut","Shade:OpenGraves+1","Shade:Asphyxiate","Shade:FreshBones+1","Shade:FingerOfDeath+1","Shade:Brains","Shade:UnbarTheGrave+1","Shade:SkeletonHug","Shade:GraveStillness+1","Shade:RitualOffering+1","Shade:Putrefaction+1","Shade:UnbarTheGrave+1","StuffTheSpire:Rapture","Shade:LichForm+1","Shade:Bonestorm","Shade:SensePrey","Shade:SkeletonHug+1","Shade:SkeletonHug+1","Parasite","Shade:CallWraith","Shade:GraveStillness","Shade:SoulToxin+1","Shade:Putrefaction+1","ReplayTheSpireMod:Private Reserves","Master of Strategy","hubris:Insight","Shade:FuneraryJewels+1"],"relics":["Shade:YorickSkull","hubris:Towel","ReplayFunnel","Bottled Flame","reliquary:RoseTintedGlasses","StuffTheSpire:Experiment12","Painkiller Herb","Whetstone","Thread and Needle","hubris:Backtick","reliquary:RadioactivePellet","hubris:Reverence","StuffTheSpire:Expresso","reliquary:Boomerang","ReplayTheSpireMod:ShopPack","Orichalcum","infinitespire:Satchel"],"acts_visited":["Exordium","TheCity","TheBeyond","TheEnding"],"potions_floor_usage":[7,19,23,33,50,50,50,50,55,55],"damage_taken":[{"damage":0,"enemies":"Jaw Worm","floor":1,"turns":5},{"damage":5,"enemies":"Small Slimes","floor":3,"turns":3},{"damage":0,"enemies":"2 Louse","floor":4,"turns":3},{"damage":23,"enemies":"Gremlin Nob","floor":7,"turns":4},{"damage":7,"enemies":"Blue Slaver","floor":8,"turns":4},{"damage":0,"enemies":"Replay:BlueRogue","floor":10,"turns":4},{"damage":14,"enemies":"Exordium Wildlife","floor":11,"turns":6},{"damage":23,"enemies":"The Guardian","floor":16,"turns":10},{"damage":8,"enemies":"2 Thieves","floor":18,"turns":4},{"damage":0,"enemies":"Shell Parasite","floor":19,"turns":6},{"damage":5,"enemies":"3 Cultists","floor":21,"turns":7},{"damage":8,"enemies":"Centurion and Healer","floor":22,"turns":6},{"damage":14,"enemies":"Book of Stabbing","floor":23,"turns":5},{"damage":4,"enemies":"Shelled Parasite and Fungi","floor":24,"turns":7},{"damage":2,"enemies":"Snecko","floor":27,"turns":4},{"damage":22,"enemies":"Slavers","floor":29,"turns":5},{"damage":1,"enemies":"Centurion and Healer","floor":31,"turns":6},{"damage":4,"enemies":"Champ","floor":33,"turns":7},{"damage":25,"enemies":"3 Darklings","floor":35,"turns":5},{"damage":0,"enemies":"Orb Walker","floor":37,"turns":4},{"damage":10,"enemies":"Spire Growth","floor":38,"turns":4},{"damage":6,"enemies":"3 Darklings","floor":39,"turns":4},{"damage":1,"enemies":"Writhing Mass","floor":41,"turns":6},{"damage":0,"enemies":"Maw","floor":44,"turns":6},{"damage":3,"enemies":"Jaw Worm Horde","floor":46,"turns":4},{"damage":0,"enemies":"Giant Head","floor":48,"turns":7},{"damage":8,"enemies":"Replay:Hell Engine","floor":50,"turns":8},{"damage":39,"enemies":"Shield and Spear","floor":54,"turns":7},{"damage":40,"enemies":"The Heart","floor":55,"turns":9}],"seed_played":"794934896727694731","potions_obtained":[{"floor":0,"key":"FearPotion"},{"floor":0,"key":"LiquidBronze"},{"floor":0,"key":"Venom Potion"},{"floor":3,"key":"Swift Potion"},{"floor":4,"key":"Reflective Coating"},{"floor":10,"key":"DuplicationPotion"},{"floor":19,"key":"Swift Potion"},{"floor":22,"key":"Fruit Juice"},{"floor":23,"key":"LiquidBronze"},{"floor":27,"key":"CultistPotion"},{"floor":33,"key":"Explosive Potion"},{"floor":37,"key":"EntropicBrew"}],"is_trial":false,"path_per_floor":["M","?","M","M","?","R","E","M","T","E","M","?","T","?","R","B",null,"?","?","?","?","?","E","?","T","T","?","?","E","T","?","T","B",null,"?","?","?","?","?","T","?","T","T","?","T","?","T","E","T","B",null,"T","T","E","B",null],"character_chosen":"SHADE","items_purchased":["ReplayTheSpireMod:Private Reserves","ReplayTheSpireMod:ShopPack","Orichalcum","Regen Potion"],"campfire_rested":4,"item_purchase_floors":[53,53,53,53],"current_hp_per_floor":[65,65,60,60,60,60,37,30,30,30,16,16,16,16,35,12,65,57,57,57,52,44,35,31,31,31,29,29,7,28,27,48,44,70,45,45,45,35,29,50,49,49,49,49,49,46,46,46,46,38,70,70,70,31,6],"gold":115,"neow_bonus":"THREE_SMALL_POTIONS","is_daily":false,"chose_seed":false,"campfire_upgraded":5,"win_rate":0.0,"timestamp":1612584056,"path_taken":["M","?","M","M","?","R","E","M","T","E","M","?","?","?","R","BOSS","?","?","?","?","?","E","?","T","T","?","?","E","T","?","T","BOSS","?","?","?","?","?","T","?","T","T","?","T","?","?","E","T","BOSS","T","T","E","BOSS"],"items_purchased_type":["Card","Relic","Relic","Potion"],"build_version":"2020-12-22","purchased_purges":1,"victory":true,"max_hp_per_floor":[65,65,65,65,65,65,65,65,65,65,65,65,65,65,65,65,65,65,65,65,65,65,70,70,70,70,70,70,70,70,70,70,70,70,70,70,70,70,70,70,70,70,70,70,70,70,70,70,70,70,70,70,70,70,70],"relic_stats":{"counters":[29,160],"Whetstone":["Shade:Strike_Shade","Shade:FingerOfDeath"],"Orichalcum":[48],"obtain_stats":[{"ReplayFunnel":7,"reliquary:Boomerang":48,"Shade:YorickSkull":0,"StuffTheSpire:Expresso":47,"Painkiller Herb":17,"Thread and Needle":29,"Whetstone":23,"hubris:Towel":2,"Orichalcum":53,"StuffTheSpire:Experiment12":13,"Bottled Flame":9,"hubris:Backtick":34,"infinitespire:Satchel":54,"reliquary:RoseTintedGlasses":10,"reliquary:RadioactivePellet":34,"hubris:Reverence":43,"ReplayTheSpireMod:ShopPack":53},{"ReplayFunnel":4,"reliquary:Boomerang":26,"Shade:YorickSkull":0,"StuffTheSpire:Expresso":25,"Painkiller Herb":8,"Thread and Needle":16,"Whetstone":13,"hubris:Towel":1,"Orichalcum":27,"StuffTheSpire:Experiment12":7,"Bottled Flame":5,"hubris:Backtick":18,"infinitespire:Satchel":28,"reliquary:RoseTintedGlasses":6,"reliquary:RadioactivePellet":18,"hubris:Reverence":23,"ReplayTheSpireMod:ShopPack":27},{"ReplayFunnel":15,"reliquary:Boomerang":136,"Shade:YorickSkull":0,"StuffTheSpire:Expresso":129,"Painkiller Herb":39,"Thread and Needle":83,"Whetstone":67,"hubris:Towel":5,"Orichalcum":144,"StuffTheSpire:Experiment12":29,"Bottled Flame":19,"hubris:Backtick":96,"infinitespire:Satchel":151,"reliquary:RoseTintedGlasses":23,"reliquary:RadioactivePellet":96,"hubris:Reverence":119,"ReplayTheSpireMod:ShopPack":144}]},"card_choices":[{"not_picked":["Shade:WallOfFlesh","Shade:FuneraryArmor"],"picked":"Shade:OpenGraves","floor":1},{"not_picked":["Shade:Trample","Shade:WallOfFlesh"],"picked":"Shade:Asphyxiate","floor":3},{"not_picked":["Shade:CommandSoldier","Shade:AncientSpear"],"picked":"Shade:FreshBones","floor":4},{"not_picked":["Shade:CallWraith","Shade:Trample","Shade:Frenzy"],"picked":"SKIP","floor":7},{"not_picked":["Shade:TouchOfTheGrave","Shade:AncientSpear"],"picked":"Shade:FingerOfDeath","floor":8},{"not_picked":["Shade:AncientSpear","Shade:AblativeArmor"],"picked":"Shade:Brains","floor":10},{"not_picked":["Shade:AncientSpear","Shade:Brains","Shade:BoneShards"],"picked":"SKIP","floor":11},{"not_picked":["Shade:SoulPierce","Shade:MadHubris"],"picked":"Shade:UnbarTheGrave","floor":16},{"not_picked":["Shade:GreaterAnimation","Shade:WallOfFlesh"],"picked":"Shade:SkeletonHug","floor":18},{"not_picked":["Shade:FuneraryArmor+1","Shade:ClawBack"],"picked":"Shade:GraveStillness+1","floor":19},{"not_picked":["Shade:GraveStillness","Shade:FuneraryArmor"],"picked":"Shade:RitualOffering+1","floor":21},{"not_picked":["Shade:FuneraryArmor","Shade:RitualOffering"],"picked":"Shade:Putrefaction","floor":22},{"not_picked":["Shade:Frenzy+1","Shade:ExtraLimbs"],"picked":"Shade:FeralStrike","floor":23},{"not_picked":["Shade:CoffinDance","Shade:FleshToFlesh","Shade:FeralStrike"],"picked":"SKIP","floor":24},{"not_picked":["Shade:GraveStillness","Shade:Frenzy"],"picked":"Shade:UnbarTheGrave","floor":27},{"not_picked":["Shade:SkeletonHug","Shade:LyeBath"],"picked":"Shade:LichForm","floor":29},{"not_picked":["Shade:CallWraith","Shade:CommandSoldier"],"picked":"Shade:Bonestorm","floor":31},{"not_picked":["Shade:FreshBones+1","Shade:ExtraLimbs+1","Shade:Patience"],"picked":"SKIP","floor":35},{"not_picked":["Shade:FreshBones+1","Shade:SoulToxin"],"picked":"Shade:SensePrey","floor":37},{"not_picked":["Shade:ScuttlingHand","Shade:Trample"],"picked":"Shade:SkeletonHug+1","floor":38},{"not_picked":["Shade:Frenzy","Shade:Haruspicy+1"],"picked":"Shade:SkeletonHug+1","floor":39},{"not_picked":["Shade:LastGasp","Shade:BoneShards+1"],"picked":"Shade:CallWraith","floor":41},{"not_picked":["Shade:FleshToFlesh","Shade:FeralStrike"],"picked":"Shade:GraveStillness","floor":44},{"not_picked":["Shade:FingerOfDeath","Shade:ExtraLimbs"],"picked":"Shade:SoulToxin+1","floor":46},{"not_picked":["Shade:GoDigging","Shade:AblativeArmor"],"picked":"Shade:Putrefaction","floor":48},{"not_picked":["Crow Ritual","Midas Touch"],"picked":"Master of Strategy","floor":53},{"not_picked":["Purity","StuffTheSpire:PlasmaPulse"],"picked":"hubris:Insight","floor":53},{"not_picked":["Shade:SanguineRitual","Shade:FuneraryArmor"],"picked":"Shade:FuneraryJewels+1","floor":54}],"player_experience":309497,"relics_obtained":[{"floor":7,"key":"ReplayFunnel"},{"floor":9,"key":"Bottled Flame"},{"floor":10,"key":"reliquary:RoseTintedGlasses"},{"floor":13,"key":"StuffTheSpire:Experiment12"},{"floor":23,"key":"Whetstone"},{"floor":29,"key":"Thread and Needle"},{"floor":43,"key":"hubris:Reverence"},{"floor":47,"key":"StuffTheSpire:Expresso"},{"floor":48,"key":"reliquary:Boomerang"},{"floor":54,"key":"infinitespire:Satchel"}],"event_choices":[{"damage_healed":0,"gold_gain":0,"player_choice":"Grow","damage_taken":0,"max_hp_gain":0,"max_hp_loss":0,"event_name":"Living Wall","floor":5,"gold_loss":0,"cards_upgraded":["Shade:OpenGraves"]},{"damage_healed":0,"gold_gain":64,"player_choice":"Gained Gold","damage_taken":0,"max_hp_gain":0,"max_hp_loss":0,"event_name":"Golden Wing","floor":12,"gold_loss":0},{"damage_healed":0,"gold_gain":0,"player_choice":"Ignored","damage_taken":0,"max_hp_gain":0,"max_hp_loss":0,"event_name":"Ghosts","floor":20,"gold_loss":0},{"damage_healed":0,"gold_gain":0,"player_choice":"Forge","damage_taken":0,"max_hp_gain":0,"max_hp_loss":0,"event_name":"Accursed Blacksmith","floor":36,"gold_loss":0,"cards_upgraded":["Shade:Putrefaction"]}],"is_beta":false,"boss_relics":[{"not_picked":["Runic Dome","Cursed Key"],"picked":"Painkiller Herb"},{"not_picked":["Replay:Ancient Bell","hubris:TerracottaHorce"],"picked":"hubris:Backtick"}],"items_purged_floors":[53],"is_endless":false,"potions_floor_spawned":[3,4,10,19,22,23,27,33,37,44,46,48],"ascension_level":0}}