{"host":"n3vqtvx9hbigdfc4","time":1612593087,"event":{"mods":["AchievementEnabler","BaseMod","Better Third Choice","Block Reminder","Colored Map","Colored Powertips","Downfall","Minty Spire (QoL Compilation)","Permanent Neow","Rare Cards Sparkle","Relic Stats","Replay The Spire","Shop Mod","StSLib"],"gold_per_floor":[10,22,32,32,57,57,0,39,39,39,70,90,90,129,129,248,248,268,238,257,527,540,540,540],"floor_reached":23,"language":"ENG","playtime":1277,"items_purged":[],"score":306,"play_id":"a4f07df9-8bbb-487d-ad94-55af94b979f0","local_time":"20210206003127","is_ascension_mode":true,"campfire_choices":[{"data":"Zap","floor":6,"key":"SMITH"},{"data":"Go for the Eyes","floor":10,"key":"SMITH"},{"floor":13,"key":"REST"},{"data":"Genetic Algorithm","floor":15,"key":"SMITH"}],"circlet_count":0,"master_deck":["Strike_B","Strike_B","Strike_B","Defend_B","Defend_B","Defend_B","Zap+1","Dualcast","Go for the Eyes+1","Rebound","Melter","Steam","Enlightenment","Conserve Battery","Cold Snap","Genetic Algorithm+1","FTL","Echo Form","ReplayTheSpireMod:Calculation Training","Streamline","Dark Shackles","Panic Button+1"],"relics":["Cracked Core","Golden Idol","FossilizedHelix","Mummified Hand","Chameleon Ring","Lantern","Inserter"],"acts_visited":["Exordium","TheCity"],"potions_floor_usage":[5,8,8,14,20,22,22],"damage_taken":[{"damage":0,"enemies":"Cultist","floor":1,"turns":4},{"damage":1,"enemies":"Small Slimes","floor":2,"turns":3},{"damage":2,"enemies":"Jaw Worm","floor":3,"turns":3},{"damage":0,"enemies":"Lots of Slimes","floor":5,"turns":3},{"damage":7,"enemies":"Gremlin Nob","floor":8,"turns":4},{"damage":4,"enemies":"Replay:BlueRogue","floor":11,"turns":7},{"damage":0,"enemies":"Exordium Wildlife","floor":12,"turns":2},{"damage":19,"enemies":"3 Sentries","floor":14,"turns":9},{"damage":32,"enemies":"The Guardian","floor":16,"turns":12},{"damage":3,"enemies":"Shell Parasite","floor":18,"turns":6},{"damage":0,"enemies":"Spheric Guardian","floor":20,"turns":2},{"damage":11,"enemies":"Shelled Parasite and Fungi","floor":22,"turns":6},{"damage":21,"enemies":"Book of Stabbing","floor":23,"turns":6}],"seed_played":"-1784952826515309332","potions_obtained":[{"floor":1,"key":"DistilledChaos"},{"floor":2,"key":"PowerPotion"},{"floor":5,"key":"Block Potion"},{"floor":12,"key":"Strength Potion"},{"floor":18,"key":"Swift Potion"},{"floor":19,"key":"AttackPotion"},{"floor":19,"key":"Languid Potion"}],"is_trial":false,"path_per_floor":["M","M","M","?","M","R","?","E","T","R","E","M","R","E","R","B",null,"M","?","M","?","M","E"],"character_chosen":"DEFECT","items_purchased":[],"campfire_rested":1,"item_purchase_floors":[],"current_hp_per_floor":[68,67,65,47,47,47,53,46,46,46,42,42,66,47,47,15,65,62,62,62,29,18,0,0],"gold":540,"neow_bonus":"REMOVE_TWO","is_daily":false,"chose_seed":false,"campfire_upgraded":3,"win_rate":0.0,"timestamp":1612593087,"path_taken":["M","?","M","?","M","R","?","E","T","R","E","M","R","E","R","BOSS","M","?","?","?","?","E"],"items_purchased_type":[],"build_version":"2020-12-22","purchased_purges":0,"victory":false,"max_hp_per_floor":[75,75,75,75,75,75,81,81,81,81,81,81,81,81,81,81,81,81,81,81,81,81,81,81],"relic_stats":{"Inserter":[10],"counters":[13,67],"Golden Idol":66,"Mummified Hand":[1],"obtain_stats":[{"Lantern":14,"Chameleon Ring":11,"Inserter":17,"Golden Idol":4,"Mummified Hand":9,"Cracked Core":0,"FossilizedHelix":8},{"Lantern":8,"Chameleon Ring":6,"Inserter":9,"Golden Idol":3,"Mummified Hand":5,"Cracked Core":0,"FossilizedHelix":5},{"Lantern":35,"Chameleon Ring":24,"Inserter":47,"Golden Idol":10,"Mummified Hand":17,"Cracked Core":0,"FossilizedHelix":17}]},"card_choices":[{"not_picked":["Redo","Steam"],"picked":"Go for the Eyes","floor":1},{"not_picked":["Coolheaded","Steam Power"],"picked":"Rebound","floor":2},{"not_picked":["Turbo","Chaos"],"picked":"Melter","floor":3},{"not_picked":["Sunder","Leap"],"picked":"Steam","floor":5},{"not_picked":["Aggregate","Barrage"],"picked":"Conserve Battery","floor":8},{"not_picked":["Blizzard","Sweeping Beam"],"picked":"Cold Snap","floor":11},{"not_picked":["Stack","Static Discharge"],"picked":"Genetic Algorithm","floor":12},{"not_picked":["Sweeping Beam","Aggregate"],"picked":"FTL","floor":14},{"not_picked":["ReplayTheSpireMod:Omega Cannon","Machine Learning"],"picked":"Echo Form","floor":16},{"not_picked":["Gash","Coolheaded"],"picked":"ReplayTheSpireMod:Calculation Training","floor":18},{"not_picked":["Gash+1","Redo"],"picked":"Streamline","floor":20},{"not_picked":["Cold Snap+1","Streamline+1"],"picked":"Panic Button+1","floor":22}],"player_experience":508303,"relics_obtained":[{"floor":8,"key":"FossilizedHelix"},{"floor":9,"key":"Mummified Hand"},{"floor":11,"key":"Chameleon Ring"},{"floor":14,"key":"Lantern"}],"event_choices":[{"damage_healed":0,"gold_gain":0,"player_choice":"Take Damage","damage_taken":18,"relics_obtained":["Golden Idol"],"max_hp_gain":0,"max_hp_loss":0,"event_name":"Golden Idol","floor":4,"gold_loss":0},{"damage_healed":0,"gold_gain":0,"player_choice":"RENOUNCE","damage_taken":57,"max_hp_gain":0,"max_hp_loss":0,"event_name":"betterThird:BetterSerpent","floor":7,"gold_loss":57,"cards_obtained":["Enlightenment"]},{"damage_healed":0,"gold_gain":0,"player_choice":"Bought 2 Potions","damage_taken":0,"max_hp_gain":0,"max_hp_loss":0,"event_name":"The Woman in Blue","floor":19,"gold_loss":0},{"damage_healed":0,"gold_gain":270,"player_choice":"CARD GOLD GOLD GOLD ","damage_taken":33,"max_hp_gain":0,"max_hp_loss":0,"event_name":"Knowing Skull","floor":21,"potions_obtained":[],"gold_loss":0,"cards_obtained":["Dark Shackles"]}],"is_beta":false,"boss_relics":[{"not_picked":["Ectoplasm","Ring of Chaos"],"picked":"Inserter"}],"items_purged_floors":[],"is_endless":false,"potions_floor_spawned":[1,2,5,12,18],"killed_by":"Book of Stabbing","ascension_level":9}}