{"host":"3wijtn94dq1zoyhj","time":1612585313,"event":{"mods":["ATMod(阿瑾Mod)","Act Like it!","Ascension Reborn","Aspiration","BaseMod","Dota2Spire","Gensokyo","GifTheSpireLib","Marisa（F雨　魔理沙）","Minty Spire (QoL Compilation)","MostiFishMod","Quick Restart","Reimu（博丽灵梦）","Remilia（蕾米莉亚）","Replay The Spire","Shop Mod","Spicy Shops","StSLib","The Animator","The Construct","The Cursed","The Servant 0.9.4","【功能Mod】聪明的最终Boss","【遗物卡牌】REMEMod","篝火指南"],"gold_per_floor":[111,125,100,110,110,144,144,144,144,69,84,17,17,17,17,115,115,134,134,160,7,19,19,19,54,54,69,69,69,69,87,87,188,188,207,224,446,464,181,215,215,228,280,300,347,647,661,679,679,679,679,679,431,461,461],"floor_reached":56,"language":"ZHS","playtime":2883,"items_purged":["Poor:ReiMu"],"score":1370,"play_id":"f163657c-76b3-4f99-a0db-88349ea48fa9","local_time":"20210206122153","is_ascension_mode":true,"campfire_choices":[{"floor":7,"key":"RECALL"},{"floor":13,"key":"REST"},{"floor":24,"key":"REST"},{"floor":32,"key":"REST"},{"floor":41,"key":"REST"},{"floor":52,"key":"REST"}],"circlet_count":0,"master_deck":["Strike_S","Strike_S","Strike_S","Strike_S+1","Defend_S","Defend_S","Defend_S","Defend_S","KidneyShot","Exchange","animator:Shizu+1","Starlight","TrueSight","BottledTime","Contraction","DancingSilver","Defy","Snipe","MurderousAura","Orbit","InstantArmor","TimeTheft","TheWorld","Spin","Pride","DualDimension","LightFlow","FanOfKnives+1","Barrier","FlawlessForm","Read","Luminosity","SoulSculpture","GearUp","Luminosity+1","FastForward+1","Misdirection+1","SpecialFormula+1","Contraction+1","PendulumOfEternity"],"relics":["Uniform","DaveBox","AT_ATBox","REME_ComplimentaryCards","BirthdayGift-Tetrahedron","NeowsBlessing","SynthV:TestCard","Incense Burner","YidongShenshe:ReiMu","Runic Pyramid","Red Mask","Sling","SynthV:C4","Gremlin Horn","GreatHeart","MutagenicStrength","ExusiaiGun","Bottled Tornado","Dream Catcher","CatCart","Dota2Spire:EchoSabre","Kunai"],"acts_visited":["Exordium","TheCity","TheBeyond","TheEnding"],"potions_floor_usage":[6,36,42,42],"damage_taken":[{"damage":0,"enemies":"2 Louse","floor":1,"turns":1},{"damage":0,"enemies":"Small Slimes","floor":2,"turns":1},{"damage":0,"enemies":"Jaw Worm","floor":4,"turns":1},{"damage":2,"enemies":"Lagavulin","floor":6,"turns":4},{"damage":3,"enemies":"Large Slime","floor":11,"turns":3},{"damage":4,"enemies":"Slime Boss","floor":16,"turns":6},{"damage":8,"enemies":"Chosen","floor":18,"turns":3},{"damage":2,"enemies":"Masked Bandits","floor":20,"turns":3},{"damage":0,"enemies":"3 Byrds","floor":22,"turns":4},{"damage":5,"enemies":"Book of Stabbing","floor":25,"turns":3},{"damage":0,"enemies":"Snecko","floor":27,"turns":4},{"damage":0,"enemies":"Chosen and Byrds","floor":31,"turns":3},{"damage":0,"enemies":"Champ","floor":33,"turns":9},{"damage":0,"enemies":"3 Shapes","floor":35,"turns":1},{"damage":0,"enemies":"3 Darklings","floor":36,"turns":1},{"damage":0,"enemies":"Spire Growth","floor":38,"turns":2},{"damage":0,"enemies":"R_Hoarder","floor":40,"turns":1},{"damage":0,"enemies":"Transient","floor":42,"turns":5},{"damage":3,"enemies":"Jaw Worm Horde","floor":44,"turns":2},{"damage":6,"enemies":"Orin","floor":45,"turns":3},{"damage":6,"enemies":"4 Shapes","floor":47,"turns":3},{"damage":0,"enemies":"Transient","floor":48,"turns":5},{"damage":29,"enemies":"Time Eater","floor":50,"turns":3},{"damage":0,"enemies":"Shield and Spear","floor":54,"turns":1},{"damage":12,"enemies":"The Heart","floor":55,"turns":3}],"seed_played":"6391124170542777228","potions_obtained":[{"floor":1,"key":"Weak Potion"},{"floor":4,"key":"SneckoOil"},{"floor":18,"key":"Strength Potion"},{"floor":22,"key":"Elixir"},{"floor":33,"key":"Strength Potion"},{"floor":35,"key":"Explosive Potion"},{"floor":42,"key":"SpeedPotion"},{"floor":47,"key":"PowerPotion"}],"is_trial":false,"path_per_floor":["M","M","$","M","?","E","R","?","T","$","M","$","R","?","R","B",null,"M","?","?","$","M","$","R","E","T","M","?","R","?","M","R","B",null,"M","M","?","M","$","E","R","M","T","M","?","?","M","M","R","B",null,"R","$","E","B",null],"character_chosen":"THE_SERVANT","items_purchased":["BottledTime","Snipe","Sling","Read","Luminosity","SoulSculpture","FairyPotion","Dota2Spire:EchoSabre"],"campfire_rested":5,"item_purchase_floors":[3,12,21,39,39,39,53,53],"current_hp_per_floor":[65,65,65,65,65,63,63,63,63,63,60,60,65,52,52,48,65,57,57,55,55,55,55,65,60,60,60,60,60,60,60,65,65,65,65,65,65,65,65,65,65,65,65,62,56,56,50,50,50,29,65,65,65,65,53],"gold":461,"neow_bonus":"THREE_ENEMY_KILL","is_daily":false,"chose_seed":false,"campfire_upgraded":0,"win_rate":0.0,"timestamp":1612585313,"path_taken":["M","M","$","M","?","E","R","?","T","$","M","?","R","?","R","BOSS","M","?","?","$","M","$","R","E","T","M","?","R","?","M","R","BOSS","M","M","?","M","$","E","R","M","T","M","?","?","?","M","R","BOSS","R","$","E","BOSS"],"items_purchased_type":["Card","Card","Relic","Card","Card","Card","Potion","Relic"],"build_version":"2020-12-22","purchased_purges":1,"victory":true,"max_hp_per_floor":[65,65,65,65,65,65,65,65,65,65,65,65,65,65,65,65,65,65,65,65,65,65,65,65,65,65,65,65,65,65,65,65,65,65,65,65,65,65,65,65,65,65,65,65,65,65,65,65,65,65,65,65,65,65,65],"card_choices":[{"not_picked":["Rewind","Unruled"],"picked":"Starlight","floor":1},{"not_picked":["TimeWarp","Alleviate","Potential","MoonPhase"],"picked":"TrueSight","floor":2},{"not_picked":["Unruled","Replace","Spin","TimeWarp"],"picked":"Contraction","floor":4},{"not_picked":["StarChef","Replace","Moondial","DoubleEdge"],"picked":"DancingSilver","floor":6},{"not_picked":["StarChef","Spin","Rearm","Sabotage"],"picked":"Defy","floor":11},{"not_picked":["Initiator","TheWorld","SoulSculpture","Dilation"],"picked":"MurderousAura","floor":16},{"not_picked":["Moonlight","Ricochet","DoubleEdge","ShatteredReality"],"picked":"Orbit","floor":18},{"not_picked":["Revamp","Rewind+1","ShatteredReality","Defy"],"picked":"InstantArmor","floor":20},{"not_picked":["Unruled","MoonPhase+1","Alleviate","Collapse"],"picked":"TimeTheft","floor":22},{"not_picked":["Manipulate","Comet+1","DoubleEdge+1","ReturningBlade"],"picked":"TheWorld","floor":25},{"not_picked":["ReturningBlade","SilverBlades","Alleviate","Moonlight"],"picked":"Spin","floor":27},{"not_picked":["Revamp","Unruled","BottledTime","Starlight"],"picked":"DualDimension","floor":31},{"not_picked":["Initiator","Duplication","FloweringNight","TheWorld"],"picked":"LightFlow","floor":33},{"not_picked":["Ricochet+1","ShatteredReality","Replace+1","Moonlight"],"picked":"FanOfKnives+1","floor":35},{"not_picked":["Potential+1","Unruled+1","Alleviate+1","Replace+1"],"picked":"Barrier","floor":36},{"not_picked":["ShatteredReality","Misdirection","FastForward","Read+1"],"picked":"FlawlessForm","floor":38},{"not_picked":["Unruled+1","FastForward","BestPractice","Alleviate"],"picked":"GearUp","floor":40},{"not_picked":["Hightail+1","Potential","Defy","ShatteredReality+1"],"picked":"Luminosity+1","floor":42},{"not_picked":["Sabotage","Defy+1","BottledTime+1","GearUp+1"],"picked":"FastForward+1","floor":44},{"not_picked":["DoubleEdge+1","BestPractice+1","BottledTime+1","ShiftingGears"],"picked":"Misdirection+1","floor":45},{"not_picked":["Unruled+1","ShatteredReality+1","FlawlessForm","BestPractice"],"picked":"SpecialFormula+1","floor":47},{"not_picked":["ShatteredReality+1","Alleviate","DoubleEdge","FanOfKnives","TimeWarp"],"picked":"SKIP","floor":48},{"not_picked":["Potential+1","Shuttle","Unruled","Defy"],"picked":"Contraction+1","floor":52},{"not_picked":["Snipe","Collapse","Potential","ShatteredReality+1"],"picked":"PendulumOfEternity","floor":54}],"player_experience":50585,"relics_obtained":[{"floor":1,"key":"SynthV:TestCard"},{"floor":6,"key":"Incense Burner"},{"floor":20,"key":"Red Mask"},{"floor":25,"key":"SynthV:C4"},{"floor":26,"key":"Gremlin Horn"},{"floor":40,"key":"Bottled Tornado"},{"floor":43,"key":"Dream Catcher"},{"floor":45,"key":"CatCart"},{"floor":54,"key":"Kunai"}],"event_choices":[{"damage_healed":0,"gold_gain":0,"player_choice":"Leave","damage_taken":0,"max_hp_gain":0,"max_hp_loss":0,"event_name":"The Cleric","floor":5,"gold_loss":0},{"damage_healed":0,"gold_gain":0,"player_choice":"带走神社","damage_taken":0,"relics_obtained":["YidongShenshe:ReiMu"],"max_hp_gain":0,"max_hp_loss":0,"event_name":"yidonshenshe","floor":8,"gold_loss":0,"cards_obtained":["Poor:ReiMu"]},{"damage_healed":0,"gold_gain":0,"player_choice":"Entered Light","damage_taken":13,"max_hp_gain":0,"max_hp_loss":0,"event_name":"Shining Light","floor":14,"gold_loss":0,"cards_upgraded":["Strike_S","animator:Shizu"]},{"damage_healed":0,"gold_gain":0,"player_choice":"Fought Bandits","damage_taken":0,"max_hp_gain":0,"max_hp_loss":0,"event_name":"Masked Bandits","floor":20,"gold_loss":0},{"damage_healed":0,"gold_gain":0,"player_choice":"Inject Mutagens","damage_taken":0,"relics_obtained":["MutagenicStrength"],"max_hp_gain":0,"max_hp_loss":0,"event_name":"Drug Dealer","floor":30,"gold_loss":0},{"damage_healed":0,"gold_gain":222,"player_choice":"Wore Mask","damage_taken":0,"max_hp_gain":0,"max_hp_loss":0,"event_name":"Tomb of Lord Red Mask","floor":37,"gold_loss":0},{"damage_healed":0,"gold_gain":0,"player_choice":"Fight","damage_taken":0,"max_hp_gain":0,"max_hp_loss":0,"event_name":"OrinTheCat","floor":45,"gold_loss":0},{"damage_healed":0,"gold_gain":300,"player_choice":"Gold","damage_taken":0,"max_hp_gain":0,"max_hp_loss":0,"event_name":"Wheel of Change","floor":46,"gold_loss":0}],"is_beta":false,"boss_relics":[{"not_picked":["ReplayTheSpireMod:DimensionalGlitch","Empty Cage"],"picked":"Runic Pyramid"},{"not_picked":["REME_DemonsWealth","construct:ClawGrip"],"picked":"ExusiaiGun"}],"items_purged_floors":[10],"is_endless":false,"potions_floor_spawned":[1,4,18,22,25,33,35,42,47],"ascension_level":0}}