{"host":"xp5rvh2jwe2ejyfm","time":1612622308,"event":{"mods":["2.2 Compatiblity","Aspiration","BaseMod","BetterRewards","Colored Powertips","Conspire","Downfall","GifTheSpireLib","Gremlin Mod","Hermit","Hubris","Jorbs\u0027s Wanderer Trilogy","Minty Spire (QoL Compilation)","Quick Restart","Replay The Spire","Robot Space Explorer","Shade Mod","Somnambulant","StSLib","The Bug Knight","The Clintock","The Construct","The Cursed","The Disciple","The Forsaken","The Hierophant","The Necromancer","The Runesmith","The Servant 0.9.4","The Valiant","The Witch","TheFirefly","thorton"],"gold_per_floor":[116,116,185,410,424,424,437,437,437],"floor_reached":8,"language":"ENG","playtime":310,"items_purged":[],"score":48,"play_id":"ac093bc0-8bb8-44f2-a843-62f1bec2fb33","local_time":"20210206093828","is_ascension_mode":false,"campfire_choices":[{"floor":6,"key":"REST"}],"circlet_count":0,"master_deck":["thefirefly:Strike","thefirefly:Strike","thefirefly:Strike","thefirefly:Strike","thefirefly:Defend","thefirefly:Defend","thefirefly:Defend","thefirefly:Defend","thefirefly:StealthMode","thefirefly:PhotonBlast","thefirefly:InterceptingShot","thefirefly:AuroralDischarge","Doubt","thefirefly:InterceptingShot","thefirefly:StoredPower"],"relics":["thefirefly:StealthSystem","Durian","SsserpentHead"],"acts_visited":["Exordium"],"potions_floor_usage":[7,8,8],"damage_taken":[{"damage":5,"enemies":"2 Louse","floor":1,"turns":3},{"damage":5,"enemies":"conspire:RoseBush","floor":3,"turns":3},{"damage":4,"enemies":"Small Slimes","floor":5,"turns":3},{"damage":8,"enemies":"Blue Slaver","floor":7,"turns":5},{"damage":47,"enemies":"Lagavulin","floor":8,"turns":8}],"seed_played":"-309969513321973452","potions_obtained":[{"floor":1,"key":"ColorlessPotion"},{"floor":5,"key":"DistilledChaos"},{"floor":7,"key":"SkillPotion"}],"is_trial":false,"path_per_floor":["M","?","M","?","M","R","M","E"],"character_chosen":"THE_FIREFLY","items_purchased":[],"campfire_rested":1,"item_purchase_floors":[],"current_hp_per_floor":[40,40,35,35,31,49,41,0,0],"gold":437,"neow_bonus":"ONE_RARE_RELIC","is_daily":false,"chose_seed":false,"campfire_upgraded":0,"win_rate":0.0,"timestamp":1612622308,"path_taken":["M","?","?","?","M","R","M","E"],"items_purchased_type":[],"build_version":"2020-12-22","purchased_purges":0,"victory":false,"max_hp_per_floor":[60,60,60,60,60,60,60,60,60],"card_choices":[{"not_picked":["thefirefly:NebulaVeil","thefirefly:Pacify"],"picked":"thefirefly:InterceptingShot","floor":1},{"not_picked":["thefirefly:PotentAmmunition","thefirefly:Boost"],"picked":"thefirefly:AuroralDischarge","floor":3},{"not_picked":["thefirefly:Exile","thefirefly:Boost"],"picked":"thefirefly:InterceptingShot","floor":5},{"not_picked":["thefirefly:Boost","thefirefly:Teleport"],"picked":"thefirefly:StoredPower","floor":7}],"player_experience":442106,"relics_obtained":[],"event_choices":[{"damage_healed":0,"gold_gain":0,"player_choice":"Trade","damage_taken":0,"relics_obtained":["SsserpentHead"],"max_hp_gain":0,"max_hp_loss":0,"event_name":"FaceTrader","floor":2,"gold_loss":0},{"damage_healed":0,"gold_gain":175,"player_choice":"AGREE","damage_taken":0,"max_hp_gain":0,"max_hp_loss":0,"event_name":"Liars Game","floor":4,"gold_loss":0,"cards_obtained":["Doubt"]}],"is_beta":false,"boss_relics":[],"items_purged_floors":[],"is_endless":false,"potions_floor_spawned":[1,5,7],"killed_by":"Lagavulin","ascension_level":0}}