{"host":"hfxahm4y1ssattqc","time":1612584436,"event":{"mods":["2.2 Compatiblity","Act Like it!","Aspiration","BaseMod","Beaked The Cultist","Better Third Choice","BetterRewards","Colored Map","Colored Powertips","Custom Start","Downfall","Googly Eyes","Halation","Hallownest","Hermit","Highlight Path","Hubris","Mimic Mod","Minty Spire (QoL Compilation)","Reorder Act Four","Replay The Spire","Shop Mod","Spikes Relics","StSLib","The Bug Knight","The IronCluck","The Jungle","Unknown Chances","slay the spire mod where everything is the same but ironclad has a cowboy hat"],"gold_per_floor":[99,113,217,234,57,82,112,112,130,64,75,75,95,110,129,225,225,225,240,240,255,81,81,81,94,94,94,114,99,99,134,148,148,148,148],"floor_reached":33,"language":"ENG","playtime":2234,"items_purged":[],"score":294,"play_id":"8fa3d8f9-572f-4794-b195-2af1183db980","local_time":"20210205200716","is_ascension_mode":false,"campfire_choices":[{"data":"Guardian:CurlUp","floor":1.0,"key":"SMITH"},{"data":"expansioncontent:StudyTheSpire","floor":8.0,"key":"SMITH"},{"floor":12.0,"key":"REST"},{"data":"Guardian:DecasProtection","floor":18.0,"key":"SMITH"},{"floor":26.0,"key":"REST"},{"data":"Guardian:BaubleBeam","floor":30.0,"key":"SMITH"}],"circlet_count":0,"master_deck":["Guardian:Strike_Guardian","Guardian:Strike_Guardian","Guardian:Strike_Guardian","Guardian:Strike_Guardian","Guardian:Defend_Guardian","Guardian:Defend_Guardian","Guardian:Defend_Guardian","Guardian:Defend_Guardian","Guardian:CurlUp+1","Guardian:TwinSlam","Guardian:Clone","Guardian:PiercingHide","Guardian:FloatingOrbs","expansioncontent:StudyTheSpire+1","Guardian:EvasiveProtocol","Guardian:RevengeProtocol","Guardian:DecasProtection+1","Guardian:BaubleBeam+1","Guardian:Gem_Green"],"relics":["Guardian:ModeShifter","Lantern","halation:Toothbrush","Orichalcum","CosmicIsotope","hubris:Towel","halation:EternalFortune","hubris:Potato","ReplayTheSpireMod:Ring of Collecting","Ring of Peace","Blood Vial"],"acts_visited":["Exordium","TheCity"],"potions_floor_usage":[],"damage_taken":[{"damage":8.0,"enemies":"2 Louse","floor":2.0,"turns":4.0},{"damage":8.0,"enemies":"Small Slimes","floor":4.0,"turns":4.0},{"damage":0.0,"enemies":"downfall:FleeingMerchant","floor":5.0,"turns":4.0},{"damage":15.0,"enemies":"3 Sentries","floor":6.0,"turns":8.0},{"damage":0.0,"enemies":"Cultist","floor":7.0,"turns":4.0},{"damage":6.0,"enemies":"Cultist","floor":9.0,"turns":5.0},{"damage":0.0,"enemies":"downfall:FleeingMerchant","floor":10.0,"turns":4.0},{"damage":0.0,"enemies":"2 Fungi Beasts","floor":11.0,"turns":4.0},{"damage":10.0,"enemies":"Large Slime","floor":13.0,"turns":8.0},{"damage":2.0,"enemies":"Blue Slaver","floor":14.0,"turns":4.0},{"damage":0.0,"enemies":"3 Louse","floor":15.0,"turns":5.0},{"damage":6.0,"enemies":"SI_SHIV_ARCHETYPE","floor":16.0,"turns":8.0},{"damage":10.0,"enemies":"Chosen","floor":19.0,"turns":6.0},{"damage":19.0,"enemies":"3 Byrds","floor":21.0,"turns":5.0},{"damage":5.0,"enemies":"downfall:FleeingMerchant","floor":22.0,"turns":4.0},{"damage":26.0,"enemies":"Centurion and Healer","floor":25.0,"turns":15.0},{"damage":3.0,"enemies":"Snake Plant","floor":28.0,"turns":6.0},{"damage":5.0,"enemies":"downfall:FleeingMerchant","floor":29.0,"turns":4.0},{"damage":38.0,"enemies":"Gremlin Leader","floor":31.0,"turns":10.0},{"damage":0.0,"enemies":"Snecko","floor":32.0,"turns":6.0},{"damage":31,"enemies":"WA_ARCHETYPE_CALM","floor":33,"turns":20}],"seed_played":"-6850398368266231830","potions_obtained":[{"floor":6.0,"key":"SpeedPotion"},{"floor":9.0,"key":"Fire Potion"},{"floor":11.0,"key":"Guardian:DefensiveModePotion"},{"floor":32.0,"key":"SmokeBomb"}],"is_trial":false,"path_per_floor":["R","M","?","M","$","E","MIM","R","M","$","M","R","M","M","M","B",null,"R","M","?","M","$","?","T","M","R","?","M","$","R","E","M","B"],"character_chosen":"GUARDIAN","items_purchased":["expansioncontent:StudyTheSpire","Guardian:Gem_Red","Guardian:Gem_Synthetic"],"campfire_rested":2,"item_purchase_floors":[5,10,22],"current_hp_per_floor":[88,80,58,50,50,35,35,38,32,32,32,63,53,51,51,45,94,97,87,87,68,63,66,66,40,73,73,70,65,65,27,29,0,0,0],"gold":148,"neow_bonus":"TEN_PERCENT_HP_BONUS","is_daily":false,"chose_seed":false,"campfire_upgraded":4,"win_rate":0.0,"timestamp":1612584436,"path_taken":["R","M","?","M","$","E","MIM","R","M","$","M","R","M","M","M","BOSS","R","M","?","M","$","?","T","M","R","?","M","$","R","E","M","BOSS"],"items_purchased_type":["Card","Card","Card"],"build_version":"2020-12-22","purchased_purges":0,"victory":false,"max_hp_per_floor":[88,88,88,88,88,88,88,91,91,91,91,94,94,94,94,94,94,97,97,97,97,97,100,100,100,103,103,103,103,103,103,103,103,103,103],"card_choices":[{"not_picked":["Guardian:TemporalShield","Guardian:CrystalBeam"],"picked":"Guardian:Clone","floor":2.0},{"not_picked":["Guardian:Incinerate","Guardian:Gem_Red"],"picked":"Guardian:PiercingHide","floor":3.0},{"not_picked":["Guardian:TemporalStrike","Guardian:VentSteam"],"picked":"Guardian:FloatingOrbs","floor":4.0},{"not_picked":["Guardian:VentSteam","Guardian:GuardianWhirl"],"picked":"Guardian:Gem_Yellow","floor":5.0},{"not_picked":["Guardian:ChargeCore","Guardian:RollAttack"],"picked":"Guardian:EvasiveProtocol","floor":6.0},{"not_picked":["Guardian:Repulse","Guardian:DonusPower"],"picked":"Guardian:RevengeProtocol","floor":7.0},{"not_picked":["Guardian:RollAttack","Guardian:TimeCapacitor","Guardian:PrimingBeam"],"picked":"SKIP","floor":9.0},{"not_picked":["Guardian:PiercingHide","Guardian:TimeBomb","Guardian:ShieldCharger"],"picked":"SKIP","floor":10.0},{"not_picked":["Guardian:TemporalStrike","Guardian:ShieldCharger","Guardian:PrismaticBarrier"],"picked":"SKIP","floor":11.0},{"not_picked":["Guardian:ShieldCharger","Guardian:PiercingHide","Guardian:TemporalShield"],"picked":"SKIP","floor":13.0},{"not_picked":["Guardian:CrystalBeam","Guardian:Gem_Cyan"],"picked":"Guardian:Gem_Green","floor":14.0},{"not_picked":["Guardian:Reroute","Guardian:Gem_Yellow"],"picked":"Guardian:DecasProtection","floor":15.0},{"not_picked":["Guardian:SphericShield","Guardian:StasisField"],"picked":"Guardian:BaubleBeam","floor":16.0},{"not_picked":["Guardian:Recover","Guardian:Gem_Fragmented"],"picked":"Guardian:Gem_Green","floor":19.0},{"not_picked":["Guardian:TemporalShield+1","Guardian:TemporalStrike","Guardian:ChargeCore"],"picked":"SKIP","floor":21.0},{"not_picked":["Guardian:Planning","Guardian:PrimingBeam","Guardian:Gem_Red"],"picked":"SKIP","floor":22.0},{"not_picked":["Guardian:TemporalShield","Guardian:Reroute","Guardian:ChargeCore+1"],"picked":"SKIP","floor":25.0},{"not_picked":["Guardian:Gem_Cyan","Guardian:SphericShield","Guardian:VentSteam+1"],"picked":"SKIP","floor":28.0},{"not_picked":["Guardian:ChargeCore","Guardian:TemporalStrike","Guardian:Reroute"],"picked":"SKIP","floor":29.0},{"not_picked":["Guardian:PrimingBeam","Guardian:WalkerClaw","Guardian:Gem_Lightblue"],"picked":"SKIP","floor":31.0},{"not_picked":["Guardian:Repulse","Guardian:Gem_Red","Guardian:DonusPower"],"picked":"SKIP","floor":32.0}],"player_experience":950783,"relics_obtained":[{"floor":3.0,"key":"Lantern"},{"floor":6.0,"key":"halation:Toothbrush"},{"floor":7.0,"key":"Orichalcum"},{"floor":24.0,"key":"hubris:Potato"},{"floor":27.0,"key":"ReplayTheSpireMod:Ring of Collecting"},{"floor":27.0,"key":"Ring of Peace"},{"floor":31.0,"key":"Blood Vial"}],"event_choices":[],"is_beta":false,"boss_relics":[{"not_picked":["halation:MonkeysPaw","halation:PlatinumPhoenix"],"picked":"CosmicIsotope"}],"items_purged_floors":[],"is_endless":false,"potions_floor_spawned":[6,9,11,14,15,21,25,28,32],"killed_by":"WA_ARCHETYPE_CALM","ascension_level":0}}