{"host":"6q6idgl71g9ab7at","time":1612578766,"event":{"mods":["BaseMod","Minty Spire (QoL Compilation)","StSLib","SuperFastMode"],"gold_per_floor":[10,29,48,60,60,92,109,128,179,210,210,210,45,65,65,161,161,173,193,211,67,67,100,100,113,113,113,138,153,184,202,202,305,305,325,336,42,42,92,92,92,92,161,161,174,174,227,74,74,74],"floor_reached":51,"language":"KOR","playtime":1266,"items_purged":["Defend_G","Strike_G"],"score":842,"play_id":"850d933f-4f3e-4d19-be7a-c30936e7abd7","local_time":"20210206113246","is_ascension_mode":true,"campfire_choices":[{"data":"Glass Knife","floor":11.0,"key":"SMITH"},{"data":"Sucker Punch","floor":15.0,"key":"SMITH"},{"data":"Terror","floor":24,"key":"SMITH"},{"data":"Venomology","floor":27,"key":"SMITH"},{"floor":32,"key":"REST"},{"data":"Blade Dance","floor":40,"key":"SMITH"},{"data":"Footwork","floor":42,"key":"SMITH"},{"data":"Tactician","floor":44,"key":"SMITH"},{"data":"Cloak And Dagger","floor":49,"key":"SMITH"}],"circlet_count":0,"master_deck":["Strike_G","Defend_G","Defend_G","Survivor+1","Neutralize+1","Glass Knife+1","Quick Slash+1","Tactician+1","Sucker Punch+1","Dagger Throw","Terror+1","Venomology+1","PiercingWail","Backstab+1","Finesse","Blur","Glass Knife+1","Burst+1","Finisher+1","Outmaneuver+1","Acrobatics","Escape Plan","Well Laid Plans+1","Footwork+1","Dodge and Roll+1","Choke+1","Heel Hook+1","Cloak And Dagger+1","Burst+1","Prepared+1","Blade Dance+1","Cloak And Dagger+1","Glass Knife+1","PiercingWail+1","Cloak And Dagger+1","Expertise+1","Dodge and Roll+1","Dodge and Roll+1"],"relics":["Ring of the Snake","Molten Egg 2","Whetstone","Snake Skull","Astrolabe","Omamori","InkBottle","Centennial Puzzle","Lantern","Bronze Scales","Mummified Hand","Philosopher\u0027s Stone","War Paint","Torii","Toxic Egg 2","Nunchaku","Orrery"],"acts_visited":["Exordium","TheCity","TheBeyond"],"potions_floor_usage":[20,23,23,28,28,29,30,31,33,33,33,33,33,39,50,50,50],"damage_taken":[{"damage":0.0,"enemies":"2 Louse","floor":1.0,"turns":2.0},{"damage":1.0,"enemies":"Cultist","floor":2.0,"turns":3.0},{"damage":0.0,"enemies":"Small Slimes","floor":3.0,"turns":2.0},{"damage":3.0,"enemies":"Looter","floor":4.0,"turns":3.0},{"damage":22.0,"enemies":"3 Sentries","floor":6.0,"turns":8.0},{"damage":10.0,"enemies":"3 Louse","floor":7.0,"turns":3.0},{"damage":14.0,"enemies":"Exordium Wildlife","floor":8.0,"turns":5.0},{"damage":25.0,"enemies":"Lagavulin","floor":10.0,"turns":5.0},{"damage":0.0,"enemies":"2 Fungi Beasts","floor":14.0,"turns":1.0},{"damage":13.0,"enemies":"The Guardian","floor":16.0,"turns":10.0},{"damage":9.0,"enemies":"Shell Parasite","floor":18.0,"turns":3.0},{"damage":0.0,"enemies":"Spheric Guardian","floor":19.0,"turns":2.0},{"damage":0,"enemies":"Snake Plant","floor":20,"turns":2},{"damage":27,"enemies":"Gremlin Leader","floor":23,"turns":7},{"damage":4,"enemies":"Shelled Parasite and Fungi","floor":25,"turns":4},{"damage":17,"enemies":"Slavers","floor":28,"turns":7},{"damage":2,"enemies":"Centurion and Healer","floor":29,"turns":2},{"damage":6,"enemies":"Book of Stabbing","floor":30,"turns":4},{"damage":6,"enemies":"Cultist and Chosen","floor":31,"turns":3},{"damage":15,"enemies":"Collector","floor":33,"turns":9},{"damage":0,"enemies":"Orb Walker","floor":35,"turns":1},{"damage":0,"enemies":"3 Shapes","floor":36,"turns":3},{"damage":0,"enemies":"Mind Bloom Boss Battle","floor":39,"turns":5},{"damage":0,"enemies":"Jaw Worm Horde","floor":45,"turns":3},{"damage":32,"enemies":"Time Eater","floor":50,"turns":7}],"seed_played":"-5637570482705706091","potions_obtained":[{"floor":4.0,"key":"Ancient Potion"},{"floor":5.0,"key":"Fruit Juice"},{"floor":5.0,"key":"Swift Potion"},{"floor":5.0,"key":"Regen Potion"},{"floor":7.0,"key":"Weak Potion"},{"floor":14.0,"key":"SkillPotion"},{"floor":16.0,"key":"SteroidPotion"},{"floor":18.0,"key":"BlessingOfTheForge"},{"floor":23,"key":"Poison Potion"},{"floor":28,"key":"DuplicationPotion"},{"floor":30,"key":"LiquidBronze"},{"floor":36,"key":"DuplicationPotion"}],"is_trial":false,"path_per_floor":["M","M","M","M","?","E","M","M","T","E","R","?","$","M","R","B",null,"M","M","M","$","?","E","R","M","T","R","E","M","E","M","R","B",null,"M","M","$","?","?","R","$","R","T","R","M","?","T","$","R","B",null],"character_chosen":"THE_SILENT","items_purchased":["Finesse","Omamori","Blade Dance","War Paint","Orrery"],"campfire_rested":1,"item_purchase_floors":[13,21,37,37,48],"current_hp_per_floor":[70,69,69,66,71,49,39,39,39,14,14,14,14,14,14,1,75,66,66,66,66,66,39,39,35,35,35,18,16,10,4,26,11,75,75,75,75,75,75,75,75,75,75,75,75,71,71,71,71,39],"gold":74,"neow_bonus":"THREE_RARE_CARDS","is_daily":false,"chose_seed":false,"campfire_upgraded":8,"win_rate":0.0,"timestamp":1612578766,"path_taken":["M","M","M","M","?","E","M","?","T","E","R","?","$","M","R","BOSS","M","M","?","$","?","E","R","M","T","R","E","M","E","M","R","BOSS","M","M","$","?","?","R","?","R","T","R","M","?","?","$","R","BOSS"],"items_purchased_type":["Card","Relic","Card","Relic","Relic"],"build_version":"2020-12-22","purchased_purges":2,"victory":true,"max_hp_per_floor":[70,70,70,70,75,75,75,75,75,75,75,75,75,75,75,75,75,75,75,75,75,75,75,75,75,75,75,75,75,75,75,75,75,75,75,75,75,75,75,75,75,75,75,75,75,71,71,71,71,71],"card_choices":[{"not_picked":["Storm of Steel","Bullet Time"],"picked":"Glass Knife","floor":0.0},{"not_picked":["Underhanded Strike","Poisoned Stab"],"picked":"Quick Slash","floor":1.0},{"not_picked":["Bouncing Flask","Outmaneuver"],"picked":"Tactician","floor":2.0},{"not_picked":["Deflect","Underhanded Strike"],"picked":"Sucker Punch","floor":3.0},{"not_picked":["Slice","Deflect"],"picked":"Dagger Throw","floor":4.0},{"not_picked":["Crippling Poison","Underhanded Strike+1"],"picked":"Terror","floor":6.0},{"not_picked":["Accuracy","Eviscerate+1"],"picked":"Venomology","floor":7.0},{"not_picked":["Deadly Poison","Bane+1"],"picked":"PiercingWail","floor":8.0},{"not_picked":["Cloak And Dagger","Dodge and Roll"],"picked":"Backstab+1","floor":10.0},{"not_picked":["Riddle With Holes+1","Sucker Punch+1"],"picked":"Blur","floor":14.0},{"not_picked":["Phantasmal Killer","Night Terror"],"picked":"Glass Knife+1","floor":16.0},{"not_picked":["Dagger Spray+1","Deadly Poison+1"],"picked":"Acrobatics","floor":18.0},{"not_picked":["All Out Attack+1","Terror"],"picked":"Escape Plan","floor":19.0},{"not_picked":["Dagger Throw+1","Flechettes+1"],"picked":"Well Laid Plans+1","floor":20},{"not_picked":["Catalyst","Noxious Fumes"],"picked":"Footwork","floor":23},{"not_picked":["Well Laid Plans","Flying Knee+1"],"picked":"Dodge and Roll+1","floor":25},{"not_picked":["Deadly Poison","Acrobatics"],"picked":"Choke+1","floor":28},{"not_picked":["Doppelganger","Sucker Punch+1","Well Laid Plans"],"picked":"SKIP","floor":29},{"not_picked":["Caltrops","Skewer+1"],"picked":"Heel Hook+1","floor":30},{"not_picked":["Outmaneuver","Underhanded Strike+1"],"picked":"Cloak And Dagger","floor":31},{"not_picked":["Tools of the Trade","Venomology"],"picked":"Burst","floor":33},{"not_picked":["Flying Knee+1","Deadly Poison"],"picked":"Prepared+1","floor":35},{"not_picked":["Noxious Fumes+1","Crippling Poison+1","Calculated Gamble"],"picked":"SKIP","floor":36},{"not_picked":["PiercingWail","Endless Agony+1"],"picked":"Cloak And Dagger+1","floor":39},{"not_picked":["Prepared+1","Dagger Throw+1"],"picked":"Glass Knife+1","floor":45},{"not_picked":["Dagger Spray+1","Flying Knee+1"],"picked":"PiercingWail+1","floor":48},{"not_picked":["Flying Knee+1","Backflip+1"],"picked":"Cloak And Dagger+1","floor":48},{"not_picked":["Outmaneuver+1","Catalyst+1"],"picked":"Expertise+1","floor":48},{"not_picked":["Escape Plan+1","Endless Agony+1"],"picked":"Dodge and Roll+1","floor":48},{"not_picked":["Infinite Blades+1","Dash+1"],"picked":"Dodge and Roll+1","floor":48}],"player_experience":13613,"relics_obtained":[{"floor":6.0,"key":"Molten Egg 2"},{"floor":9.0,"key":"Whetstone"},{"floor":10.0,"key":"Snake Skull"},{"floor":23,"key":"Centennial Puzzle"},{"floor":26,"key":"Lantern"},{"floor":28,"key":"Bronze Scales"},{"floor":30,"key":"Mummified Hand"},{"floor":39,"key":"Torii"},{"floor":43,"key":"Toxic Egg 2"},{"floor":47,"key":"Nunchaku"}],"event_choices":[{"damage_healed":0.0,"max_hp_gain":0.0,"max_hp_loss":0.0,"gold_gain":0.0,"event_name":"Lab","player_choice":"Got Potions","floor":5.0,"gold_loss":0.0,"damage_taken":0.0},{"cards_removed":["Strike_G"],"damage_healed":0.0,"max_hp_gain":0.0,"max_hp_loss":0.0,"gold_gain":0.0,"event_name":"Bonfire Elementals","player_choice":"Offered Basic","floor":12.0,"gold_loss":0.0,"damage_taken":0.0},{"damage_healed":0,"gold_gain":0,"player_choice":"Opened","damage_taken":0,"relics_obtained":["InkBottle"],"max_hp_gain":0,"max_hp_loss":0,"event_name":"The Mausoleum","floor":22,"gold_loss":0,"cards_obtained":["Writhe"]},{"cards_removed":["Defend_G"],"damage_healed":0,"gold_gain":0,"player_choice":"Removed Skill","damage_taken":0,"max_hp_gain":0,"max_hp_loss":0,"event_name":"Falling","floor":38,"gold_loss":0},{"damage_healed":0,"gold_gain":0,"player_choice":"Fight","damage_taken":0,"max_hp_gain":0,"max_hp_loss":0,"event_name":"MindBloom","floor":39,"gold_loss":0},{"damage_healed":0,"gold_gain":0,"player_choice":"Max HP","damage_taken":0,"max_hp_gain":0,"max_hp_loss":4,"event_name":"Winding Halls","floor":46,"gold_loss":0}],"is_beta":false,"boss_relics":[{"not_picked":["Busted Crown","Coffee Dripper"],"picked":"Astrolabe"},{"not_picked":["Snecko Eye","Runic Pyramid"],"picked":"Philosopher\u0027s Stone"}],"items_purged_floors":[13,37],"is_endless":false,"potions_floor_spawned":[4,7,14,16,18,23,28,30,36],"ascension_level":3}}