{"host":"aqym1xxr3lb31d9m","time":1612577542,"event":{"mods":["BaseMod","Block Reminder","Colored Map","Colored Powertips","DeckTracker","Highlight Path","Minty Spire (QoL Compilation)","Quick Restart","Random Character Button","StSLib","SuperFastMode","UnlockEverythingMod"],"gold_per_floor":[109,126,137,157,157,157,185,198,198,198,213,224,256,273,273,347,347,347,347,347,267,155,155,64,64,64,64,64],"floor_reached":27,"language":"JPN","playtime":1097,"items_purged":[],"score":490,"play_id":"10290922-6b2c-4c82-89dc-840a84b851dc","local_time":"20210206111222","is_ascension_mode":true,"campfire_choices":[{"data":"Beam Cell","floor":6.0,"key":"SMITH"},{"data":"Coolheaded","floor":10,"key":"SMITH"},{"data":"Recycle","floor":15,"key":"SMITH"},{"data":"Sunder","floor":23,"key":"SMITH"}],"circlet_count":0,"master_deck":["AscendersBane","Strike_B","Strike_B","Defend_B","Defend_B","Defend_B","Defend_B","Zap","Dualcast","Beam Cell+1","Sweeping Beam","Cold Snap","Self Repair","Coolheaded+1","FTL","Streamline","Recycle+1","Barrage","Electrodynamics","Sweeping Beam+1","Hologram","Sunder+1","Deep Breath","Barrage+1"],"relics":["Cracked Core","NeowsBlessing","Mummified Hand","Sundial","Lizard Tail","Ectoplasm","White Beast Statue","Nunchaku"],"acts_visited":["Exordium","TheCity"],"potions_floor_usage":[7,16],"damage_taken":[{"damage":0.0,"enemies":"Cultist","floor":1.0,"turns":1.0},{"damage":0.0,"enemies":"Small Slimes","floor":2.0,"turns":1.0},{"damage":0.0,"enemies":"2 Louse","floor":3.0,"turns":1.0},{"damage":14.0,"enemies":"Exordium Wildlife","floor":4.0,"turns":5.0},{"damage":30,"enemies":"Lagavulin","floor":7,"turns":6},{"damage":2,"enemies":"Blue Slaver","floor":8,"turns":3},{"damage":1,"enemies":"2 Fungi Beasts","floor":11,"turns":3},{"damage":5,"enemies":"Gremlin Gang","floor":12,"turns":4},{"damage":26,"enemies":"3 Sentries","floor":13,"turns":7},{"damage":8,"enemies":"Looter","floor":14,"turns":4},{"damage":21,"enemies":"Hexaghost","floor":16,"turns":9},{"damage":17,"enemies":"3 Byrds","floor":18,"turns":4},{"damage":17,"enemies":"2 Thieves","floor":21,"turns":3},{"damage":41,"enemies":"Slavers","floor":25,"turns":4},{"damage":45,"enemies":"Book of Stabbing","floor":27,"turns":3}],"seed_played":"-6631172175942867432","potions_obtained":[{"floor":3.0,"key":"Block Potion"},{"floor":8,"key":"PotionOfCapacity"},{"floor":14,"key":"FairyPotion"},{"floor":21,"key":"SpeedPotion"}],"is_trial":false,"path_per_floor":["M","M","M","M","?","R","E","M","T","R","M","M","E","M","R","B",null,"M","?","?","M","$","R","$","E","T","E"],"character_chosen":"DEFECT","items_purchased":["Hologram","Sunder","Deep Breath"],"campfire_rested":0,"item_purchase_floors":[22,22,24],"current_hp_per_floor":[64,64,64,50,50,50,27,32,32,32,38,40,21,20,20,28,60,50,50,50,40,40,40,40,42,42,0,0],"gold":64,"neow_bonus":"THREE_ENEMY_KILL","is_daily":false,"chose_seed":false,"campfire_upgraded":4,"win_rate":0.0,"timestamp":1612577542,"path_taken":["M","?","M","M","?","R","E","M","T","R","M","?","E","M","R","BOSS","M","?","?","?","$","R","?","E","T","E"],"items_purchased_type":["Card","Card","Card"],"build_version":"2020-12-22","purchased_purges":0,"victory":false,"max_hp_per_floor":[71,71,71,71,71,71,71,71,71,71,71,71,71,71,71,71,71,71,71,71,71,71,71,71,71,71,71,71],"card_choices":[{"not_picked":["Stack","Coolheaded"],"picked":"Beam Cell","floor":1.0},{"not_picked":["Stack","Hello World"],"picked":"Sweeping Beam","floor":2.0},{"not_picked":["BootSequence","Go for the Eyes"],"picked":"Cold Snap","floor":3.0},{"not_picked":["Chaos","Sweeping Beam"],"picked":"Self Repair","floor":4.0},{"not_picked":["Stack","Barrage"],"picked":"Coolheaded","floor":7},{"not_picked":["Hologram","Multi-Cast"],"picked":"FTL","floor":8},{"not_picked":["Blizzard","Steam"],"picked":"Streamline","floor":11},{"not_picked":["Sweeping Beam","Auto Shields","Melter"],"picked":"SKIP","floor":12},{"not_picked":["Sweeping Beam","Auto Shields","Melter"],"picked":"SKIP","floor":12},{"not_picked":["BootSequence","Gash"],"picked":"Recycle","floor":13},{"not_picked":["Beam Cell","Rebound"],"picked":"Barrage","floor":14},{"not_picked":["Seek","Machine Learning"],"picked":"Electrodynamics","floor":16},{"not_picked":["Streamline","Compile Driver"],"picked":"Sweeping Beam+1","floor":18},{"not_picked":["Beam Cell","Streamline","Cold Snap"],"picked":"SKIP","floor":21},{"not_picked":["Gash","Rebound"],"picked":"Barrage+1","floor":25}],"player_experience":4181803,"relics_obtained":[{"floor":7,"key":"Mummified Hand"},{"floor":9,"key":"Sundial"},{"floor":13,"key":"Lizard Tail"},{"floor":25,"key":"White Beast Statue"},{"floor":26,"key":"Nunchaku"}],"event_choices":[{"cards_removed":["Strike_B"],"damage_healed":0.0,"max_hp_gain":0.0,"max_hp_loss":0.0,"gold_gain":0.0,"event_name":"Purifier","player_choice":"Purged","floor":5.0,"gold_loss":0.0,"damage_taken":0.0},{"damage_healed":0,"gold_gain":50,"player_choice":"Stole From Cult","damage_taken":0,"max_hp_gain":0,"max_hp_loss":0,"event_name":"Nest","floor":19,"gold_loss":0},{"cards_removed":["Strike_B"],"damage_healed":0,"gold_gain":0,"player_choice":"Purged","damage_taken":0,"max_hp_gain":0,"max_hp_loss":0,"event_name":"Purifier","floor":20,"gold_loss":0}],"is_beta":false,"boss_relics":[{"not_picked":["FrozenCore","Tiny House"],"picked":"Ectoplasm"}],"items_purged_floors":[],"is_endless":false,"potions_floor_spawned":[3,8,14,21],"killed_by":"Book of Stabbing","ascension_level":20}}