{"host":"hpdezpg731xgox4e","time":1612649094,"event":{"mods":["2.2 Compatiblity","Aspiration","BaseMod","Downfall","GifTheSpireLib","Minty Spire (QoL Compilation)","Shop Mod","StSLib"],"gold_per_floor":[99,109,128,141,160,178,204,204,216,216,316,20,20,5,24,127,127,127,139,153,172,13,23,48,48,63,63,81,81,81,101,155,254,254,254,306,405,405,463,463,463,463,563,333,386,440,491,65,77,77],"floor_reached":51,"language":"ENG","playtime":6610,"items_purged":["bronze:Strike","bronze:DigitalCarnage","bronze:Strike","Normality","bronze:Strike"],"score":797,"play_id":"1c47abf3-6bfd-4b9a-8efb-a563cfffb5cc","local_time":"20210206170454","is_ascension_mode":false,"campfire_choices":[{"data":"bronze:Replicate","floor":1.0,"key":"SMITH"},{"data":"bronze:AlphaBuild","floor":13.0,"key":"SMITH"},{"data":"bronze:AlphaBuild","floor":18.0,"key":"SMITH"},{"floor":29,"key":"REST"},{"data":"bronze:ItsAFeature","floor":35,"key":"SMITH"},{"data":"bronze:Assembly","floor":42,"key":"SMITH"}],"circlet_count":0,"master_deck":["bronze:Defend","bronze:Defend","bronze:Defend","bronze:Defend","bronze:Replicate+1","bronze:Goto","bronze:Iterate","bronze:Overheat","bronze:Backtrace","bronze:ForLoop","bronze:AlphaBuild+1","bronze:NullPointer","bronze:FindAndReplace","bronze:Branch","bronze:DelayedGuard","bronze:FineTuning","bronze:AlphaBuild+1","CurseOfTheBell","bronze:ChosenStrike","bronze:Deprecate","bronze:Overheat","bronze:FindAndReplace","bronze:Repair","bronze:Optimize+1","bronze:BugBarrage+1","bronze:DelayedGuard","bronze:ItsAFeature+1","bronze:ItsAFeature","bronze:CleanCode","bronze:BugBarrage","bronze:Assembly+1","bronze:Iterate+1","bronze:AlphaBuild","bronze:Deprecate+1","bronze:DelayedGuard+1","bronze:DelayedGuard+1","downfall:Haunted","downfall:Haunted","Decay","Writhe","bronze:Break","bronze:CloningBeam","bronze:Optimize","bronze:Safeguard+1","bronze:WhirlingStrike+1","bronze:DelayedSlice+1","bronze:FindAndReplace","bronze:AlphaBuild","bronze:Verify"],"relics":["bronze:BronzeCore","bronze:SilverBullet","Membership Card","Calling Bell","Ancient Tea Set","Sundial","Calipers","Blood Vial","Vajra","downfall:KnowingSkull","Velvet Choker","Orrery","Ginger","HornCleat","Centennial Puzzle","Du-Vu Doll","Oddly Smooth Stone","Chemical X","Bronze Scales"],"acts_visited":["Exordium","TheCity","TheBeyond"],"potions_floor_usage":[20,31,33,33,47,50,50],"damage_taken":[{"damage":1.0,"enemies":"Jaw Worm","floor":2.0,"turns":2.0},{"damage":5.0,"enemies":"2 Louse","floor":3.0,"turns":2.0},{"damage":0.0,"enemies":"Cultist","floor":4.0,"turns":2.0},{"damage":14.0,"enemies":"Blue Slaver","floor":5.0,"turns":3.0},{"damage":0.0,"enemies":"2 Fungi Beasts","floor":6.0,"turns":2.0},{"damage":0.0,"enemies":"3 Louse","floor":9.0,"turns":2.0},{"damage":0.0,"enemies":"downfall:FleeingMerchant","floor":12.0,"turns":4.0},{"damage":5.0,"enemies":"downfall:FleeingMerchant","floor":14.0,"turns":4.0},{"damage":0.0,"enemies":"Red Slaver","floor":15.0,"turns":1.0},{"damage":41.0,"enemies":"DF_ARCHETYPE_STREAMLINE","floor":16.0,"turns":11.0},{"damage":8.0,"enemies":"3 Byrds","floor":19.0,"turns":5.0},{"damage":10,"enemies":"Chosen and Byrds","floor":20,"turns":4},{"damage":16,"enemies":"Shelled Parasite and Fungi","floor":21,"turns":4},{"damage":7,"enemies":"downfall:FleeingMerchant","floor":22,"turns":4},{"damage":30,"enemies":"Centurion and Healer","floor":23,"turns":6},{"damage":12,"enemies":"Sentry and Sphere","floor":26,"turns":4},{"damage":13,"enemies":"Snake Plant","floor":28,"turns":2},{"damage":6,"enemies":"Cultist and Chosen","floor":31,"turns":5},{"damage":3,"enemies":"Snecko","floor":32,"turns":2},{"damage":44,"enemies":"SI_MIRROR_ARCHETYPE","floor":33,"turns":14},{"damage":18,"enemies":"Orb Walker","floor":36,"turns":2},{"damage":17,"enemies":"downfall:FleeingMerchant","floor":37,"turns":4},{"damage":33,"enemies":"3 Darklings","floor":39,"turns":5},{"damage":13,"enemies":"4 Shapes","floor":45,"turns":4},{"damage":3,"enemies":"Jaw Worm Horde","floor":46,"turns":2},{"damage":12,"enemies":"3 Darklings","floor":47,"turns":2},{"damage":16,"enemies":"Maw","floor":49,"turns":6},{"damage":50,"enemies":"IC_BLOCK_ARCHETYPE","floor":50,"turns":8}],"seed_played":"-6062547562831100418","potions_obtained":[{"floor":5.0,"key":"Block Potion"},{"floor":6.0,"key":"SteroidPotion"},{"floor":9.0,"key":"Slimebound:ThreeZeroPotion"},{"floor":20,"key":"Fruit Juice"},{"floor":21,"key":"Energy Potion"},{"floor":23,"key":"bronze:BurnAndBuffPotion"},{"floor":26,"key":"Swift Potion"},{"floor":31,"key":"SpeedPotion"},{"floor":39,"key":"Explosive Potion"},{"floor":45,"key":"Slimebound:ThreeZeroPotion"},{"floor":46,"key":"CultistPotion"}],"is_trial":false,"path_per_floor":["R","M","M","M","M","M","T","?","M","?","?","$","R","$","M","B",null,"R","M","M","M","$","M","T","?","M","?","M","R","?","M","M","B",null,"R","M","$","?","M","?","T","R","?","$","M","M","M","$","M","B",null],"character_chosen":"THE_AUTOMATON","items_purchased":["Membership Card","bronze:FindAndReplace","bronze:Branch","bronze:Repair","Blood Vial","Orrery","Ginger","Oddly Smooth Stone","bronze:CloningBeam","bronze:Optimize","bronze:FindAndReplace","bronze:AlphaBuild","GamblersBrew","GamblersBrew","Chemical X","Bronze Scales"],"campfire_rested":1,"item_purchase_floors":[12,12,12,22,22,37,37,44,44,44,48,48,48,48,48,48],"current_hp_per_floor":[77,76,71,71,57,57,57,62,62,62,62,62,62,57,57,16,82,82,74,69,53,46,25,25,54,44,44,33,59,52,55,54,19,87,87,69,54,54,33,76,76,76,81,81,78,77,67,67,60,19],"gold":77,"neow_bonus":"TEN_PERCENT_HP_BONUS","is_daily":false,"chose_seed":false,"campfire_upgraded":5,"win_rate":0.0,"timestamp":1612649094,"path_taken":["R","M","M","M","M","M","T","?","M","?","?","$","R","?","M","BOSS","R","M","M","?","$","M","T","?","M","?","M","R","?","?","M","BOSS","R","M","$","?","M","?","T","R","?","$","M","M","M","$","M","BOSS"],"items_purchased_type":["Relic","Card","Card","Card","Relic","Relic","Relic","Relic","Card","Card","Card","Card","Potion","Potion","Relic","Relic"],"build_version":"2020-12-22","purchased_purges":5,"victory":true,"max_hp_per_floor":[77,77,77,77,77,77,77,82,82,82,82,82,82,82,82,82,82,82,82,87,87,87,87,87,87,87,87,87,87,87,87,87,87,87,87,87,87,87,87,76,76,76,81,81,81,81,81,81,81,81],"card_choices":[{"not_picked":["bronze:Frontload","bronze:Branch"],"picked":"bronze:Iterate","floor":2.0},{"not_picked":["bronze:Allocate","bronze:Shell"],"picked":"bronze:DigitalCarnage","floor":3.0},{"not_picked":["bronze:Branch","bronze:WildBeam"],"picked":"bronze:Overheat","floor":4.0},{"not_picked":["bronze:ForceShield","bronze:BitShift"],"picked":"bronze:Backtrace","floor":5.0},{"not_picked":["bronze:DigitalCarnage","bronze:Repulsor","bronze:Shell"],"picked":"SKIP","floor":6.0},{"not_picked":["bronze:Flail","bronze:Optimize"],"picked":"bronze:ForLoop","floor":9.0},{"not_picked":["bronze:OilSpill","bronze:DarkDash"],"picked":"bronze:NullPointer","floor":12.0},{"not_picked":["bronze:Turbo","bronze:DelayedSlice"],"picked":"bronze:DelayedGuard","floor":14.0},{"not_picked":["bronze:Branch","bronze:Turbo"],"picked":"bronze:FineTuning","floor":15.0},{"not_picked":["bronze:Virus","bronze:Assembly"],"picked":"bronze:AlphaBuild","floor":16.0},{"not_picked":["bronze:CutThrough+1","bronze:Overheat+1"],"picked":"bronze:ChosenStrike","floor":19.0},{"not_picked":["bronze:CutThrough","bronze:OilSpill"],"picked":"bronze:Deprecate","floor":20},{"not_picked":["bronze:Iterate","bronze:DelayedGuard"],"picked":"bronze:Overheat","floor":21},{"not_picked":["bronze:Backtrace","bronze:Shell"],"picked":"bronze:FindAndReplace","floor":22},{"not_picked":["bronze:Branch","bronze:ChildClass+1"],"picked":"bronze:Optimize+1","floor":23},{"not_picked":["bronze:MaxOutput","bronze:CutThrough+1"],"picked":"bronze:BugBarrage+1","floor":26},{"not_picked":["bronze:DigitalCarnage+1","bronze:Overheat"],"picked":"bronze:DelayedGuard","floor":28},{"not_picked":["bronze:ForceShield","bronze:CloningBeam+1"],"picked":"bronze:ItsAFeature","floor":31},{"not_picked":["bronze:FineTuning","bronze:OilSpill+1"],"picked":"bronze:ItsAFeature","floor":32},{"not_picked":["bronze:ShipIt","bronze:HyperBeam"],"picked":"bronze:CleanCode","floor":33},{"not_picked":["bronze:CutThrough","bronze:WhirlingStrike"],"picked":"bronze:BugBarrage","floor":36},{"not_picked":["bronze:OilSpill","bronze:HardenedForm"],"picked":"bronze:Assembly","floor":37},{"not_picked":["bronze:Turbo","bronze:WildBeam+1"],"picked":"bronze:Iterate+1","floor":37},{"not_picked":["bronze:FineTuning","bronze:Frontload+1"],"picked":"bronze:AlphaBuild","floor":37},{"not_picked":["bronze:DigitalCarnage","bronze:ForceShield"],"picked":"bronze:Deprecate+1","floor":37},{"not_picked":["bronze:BitShift","bronze:OilSpill+1"],"picked":"bronze:DelayedGuard+1","floor":37},{"not_picked":["bronze:ForLoop","bronze:DigitalCarnage+1"],"picked":"bronze:DelayedGuard+1","floor":39},{"not_picked":["bronze:BuggyMess+1","bronze:Deprecate+1"],"picked":"bronze:Safeguard+1","floor":45},{"not_picked":["bronze:DelayedSlice","bronze:DarkDash"],"picked":"bronze:WhirlingStrike+1","floor":46},{"not_picked":["bronze:CloningBeam+1","bronze:WildBeam+1"],"picked":"bronze:DelayedSlice+1","floor":47},{"not_picked":["bronze:WildBeam","bronze:WhirlingStrike+1"],"picked":"bronze:Verify","floor":49}],"player_experience":42047,"relics_obtained":[{"floor":7.0,"key":"bronze:SilverBullet"},{"floor":17.0,"key":"Ancient Tea Set"},{"floor":17.0,"key":"Sundial"},{"floor":17.0,"key":"Calipers"},{"floor":24,"key":"Vajra"},{"floor":38,"key":"HornCleat"},{"floor":41,"key":"Centennial Puzzle"}],"event_choices":[{"damage_healed":0.0,"max_hp_gain":5.0,"max_hp_loss":0.0,"gold_gain":0.0,"event_name":"Big Fish","player_choice":"Donut","floor":8.0,"gold_loss":0.0,"damage_taken":0.0},{"damage_healed":29,"gold_gain":0,"player_choice":"Heal","damage_taken":0,"max_hp_gain":0,"max_hp_loss":0,"event_name":"The Library","floor":25,"gold_loss":0}],"is_beta":false,"boss_relics":[{"not_picked":["bronze:MakeshiftBattery","Fusion Hammer"],"picked":"Calling Bell"},{"not_picked":["Runic Dome","SlaversCollar"],"picked":"Velvet Choker"}],"items_purged_floors":[12,22,37,44,48],"is_endless":false,"potions_floor_spawned":[5,6,9,20,21,23,26,31,39,45,46],"ascension_level":0}}