{"host":"wvcyfzs99um8is6a","time":1612626832,"event":{"mods":["AchievementEnabler","BaseMod","Colored Map","Colored Powertips","Highlight Path","Minty Spire (QoL Compilation)","Random Character Button","Relic Filter","StSLib","SuperFastMode"],"gold_per_floor":[111,130,55,70,70,70,97,97,97,129,129,141,41,66,66,168,168,187,187,202,2,2,2,14,14,89,102,122,47,72,90,90,204,204,231,54,54,54,129,488,530,530,557,557,570,31,40,52,52,52],"floor_reached":51,"language":"ENG","playtime":4469,"items_purged":["Defend_P","Strike_P","Defend_P","Defend_P","Defend_P"],"score":864,"play_id":"2af0ee8b-312c-4d5c-ad11-f99218287b81","local_time":"20210206105352","is_ascension_mode":true,"campfire_choices":[{"data":"Ragnarok","floor":6.0,"key":"SMITH"},{"data":"Study","floor":8.0,"key":"SMITH"},{"data":"Eruption","floor":11.0,"key":"SMITH"},{"data":"Vigilance","floor":15.0,"key":"SMITH"},{"data":"Blasphemy","floor":23.0,"key":"SMITH"},{"data":"RitualDagger","floor":25.0,"key":"SMITH"},{"data":"LikeWater","floor":32,"key":"SMITH"},{"data":"Swivel","floor":42,"key":"SMITH"},{"data":"EmptyMind","floor":44,"key":"SMITH"},{"floor":49,"key":"REST"}],"circlet_count":0,"master_deck":["Strike_P","Strike_P","Eruption+1","Vigilance+1","Ragnarok+1","EmptyMind+1","DeceiveReality","Study+1","MentalFortress","Blasphemy+1","Adaptation+1","FearNoEvil","DeceiveReality+1","LikeWater+1","RitualDagger+1","ClearTheMind+1","Wish","WheelKick+1","LikeWater","Swivel+1","Thinking Ahead","Apotheosis"],"relics":["PureWater","MealTicket","Pear","Calipers","TungstenRod","VioletLotus","Shuriken","CeramicFish","Philosopher\u0027s Stone","Gambling Chip","Old Coin","Centennial Puzzle","Medical Kit"],"acts_visited":["TheBeyond"],"potions_floor_usage":[40,41,45,50],"damage_taken":[{"damage":0.0,"enemies":"Cultist","floor":1.0,"turns":3.0},{"damage":7.0,"enemies":"2 Louse","floor":2.0,"turns":4.0},{"damage":0.0,"enemies":"Jaw Worm","floor":4.0,"turns":3.0},{"damage":28.0,"enemies":"3 Sentries","floor":7.0,"turns":8.0},{"damage":3.0,"enemies":"Lagavulin","floor":10.0,"turns":7.0},{"damage":3.0,"enemies":"Blue Slaver","floor":12.0,"turns":2.0},{"damage":0.0,"enemies":"Gremlin Nob","floor":14.0,"turns":2.0},{"damage":8.0,"enemies":"The Guardian","floor":16.0,"turns":9.0},{"damage":9.0,"enemies":"3 Byrds","floor":18.0,"turns":6.0},{"damage":0.0,"enemies":"Shell Parasite","floor":20.0,"turns":5.0},{"damage":2.0,"enemies":"Snecko","floor":24.0,"turns":5.0},{"damage":8.0,"enemies":"Centurion and Healer","floor":27.0,"turns":3.0},{"damage":3.0,"enemies":"Shelled Parasite and Fungi","floor":28.0,"turns":4.0},{"damage":16,"enemies":"Slavers","floor":30,"turns":4},{"damage":0,"enemies":"Sentry and Sphere","floor":31,"turns":5},{"damage":0,"enemies":"Champ","floor":33,"turns":8},{"damage":0,"enemies":"3 Darklings","floor":35,"turns":5},{"damage":0,"enemies":"Mind Bloom Boss Battle","floor":39,"turns":6},{"damage":17,"enemies":"Nemesis","floor":40,"turns":3},{"damage":20,"enemies":"3 Shapes","floor":41,"turns":3},{"damage":0,"enemies":"Jaw Worm Horde","floor":45,"turns":4},{"damage":11,"enemies":"Maw","floor":48,"turns":6},{"damage":10,"enemies":"Time Eater","floor":50,"turns":7}],"seed_played":"2560018342544428462","potions_obtained":[{"floor":2.0,"key":"Swift Potion"},{"floor":4.0,"key":"SkillPotion"},{"floor":7.0,"key":"AttackPotion"},{"floor":24.0,"key":"Block Potion"},{"floor":27.0,"key":"Ancient Potion"},{"floor":28.0,"key":"EssenceOfSteel"},{"floor":35,"key":"Regen Potion"},{"floor":41,"key":"Fire Potion"}],"is_trial":false,"path_per_floor":["M","M","$","M","?","R","E","R","T","E","R","M","$","E","R","B",null,"M","?","M","$","?","R","M","R","T","M","M","?","E","M","R","B",null,"M","$","?","$","?","E","M","R","T","R","M","$","?","M","R","B",null],"character_chosen":"WATCHER","items_purchased":["LikeWater","LikeWater","Thinking Ahead","Medical Kit","SteroidPotion"],"campfire_rested":1,"item_purchase_floors":[21,36,46,46,46],"current_hp_per_floor":[72,65,65,65,65,65,37,37,47,44,44,41,56,56,56,48,82,73,73,73,82,77,77,75,75,75,67,64,64,48,48,48,48,82,82,82,82,82,82,65,45,45,45,45,45,60,60,49,73,63],"gold":52,"neow_bonus":"ONE_RANDOM_RARE_CARD","is_daily":false,"chose_seed":false,"campfire_upgraded":9,"win_rate":0.0,"timestamp":1612626832,"path_taken":["M","?","$","M","?","R","E","R","T","E","R","M","?","E","R","BOSS","M","?","M","$","?","R","M","R","T","M","M","?","E","M","R","BOSS","M","$","?","?","?","E","M","R","T","R","M","$","?","M","R","BOSS"],"items_purchased_type":["Card","Card","Card","Relic","Potion"],"build_version":"2020-12-22","purchased_purges":5,"victory":true,"max_hp_per_floor":[72,72,72,72,72,72,72,72,82,82,82,82,82,82,82,82,82,82,82,82,82,82,82,82,82,82,82,82,82,82,82,82,82,82,82,82,82,82,82,82,82,82,82,82,82,82,82,82,82,82],"card_choices":[{"not_picked":["BowlingBash","Perseverance"],"picked":"EmptyMind","floor":1.0},{"not_picked":["JustLucky","Adaptation"],"picked":"DeceiveReality","floor":2.0},{"not_picked":["Crescendo","SashWhip","JustLucky"],"picked":"SKIP","floor":4.0},{"not_picked":["WreathOfFlame","EmptyBody"],"picked":"Study","floor":7.0},{"not_picked":["ReachHeaven","SandsOfTime"],"picked":"MentalFortress","floor":10.0},{"not_picked":["Consecrate","Halt","SashWhip"],"picked":"SKIP","floor":12.0},{"not_picked":["PathToVictory","CutThroughFate","Halt"],"picked":"SKIP","floor":14.0},{"not_picked":["Alpha","Vault"],"picked":"Blasphemy","floor":16.0},{"not_picked":["Weave","SashWhip+1"],"picked":"Adaptation+1","floor":18.0},{"not_picked":["Evaluate","FollowUp"],"picked":"DeceiveReality+1","floor":20.0},{"not_picked":["FollowUp+1","JustLucky"],"picked":"ClearTheMind+1","floor":24.0},{"not_picked":["JustLucky","Protect","FlurryOfBlows"],"picked":"SKIP","floor":27.0},{"not_picked":["Prostrate","Tantrum","CrushJoints+1"],"picked":"SKIP","floor":28.0},{"not_picked":["FlyingSleeves","Sanctity","CrushJoints"],"picked":"SKIP","floor":30},{"not_picked":["EmptyBody","FollowUp","EmptyMind"],"picked":"SKIP","floor":31},{"not_picked":["Vault","Brilliance"],"picked":"Wish","floor":33},{"not_picked":["Prostrate+1","EmptyBody"],"picked":"WheelKick+1","floor":35},{"not_picked":["Protect","BowlingBash"],"picked":"Swivel","floor":40},{"not_picked":["EmptyBody","EmptyFist","BowlingBash+1"],"picked":"SKIP","floor":41},{"not_picked":["WaveOfTheHand","Blasphemy","SashWhip"],"picked":"SKIP","floor":45},{"not_picked":["Jack Of All Trades","Trip"],"picked":"Apotheosis","floor":47},{"not_picked":["EmptyBody","Evaluate+1","Consecrate+1"],"picked":"SKIP","floor":48}],"player_experience":1017116,"relics_obtained":[{"floor":7.0,"key":"MealTicket"},{"floor":9.0,"key":"Pear"},{"floor":10.0,"key":"Calipers"},{"floor":14.0,"key":"TungstenRod"},{"floor":26.0,"key":"Shuriken"},{"floor":30,"key":"CeramicFish"},{"floor":39,"key":"Gambling Chip"},{"floor":40,"key":"Old Coin"},{"floor":43,"key":"Centennial Puzzle"}],"event_choices":[{"damage_healed":0.0,"max_hp_gain":0.0,"max_hp_loss":0.0,"gold_gain":0.0,"event_name":"Liars Game","player_choice":"Ignored","floor":5.0,"gold_loss":0.0,"damage_taken":0.0},{"damage_healed":0.0,"max_hp_gain":0.0,"max_hp_loss":0.0,"gold_gain":0.0,"event_name":"The Library","player_choice":"Read","floor":19.0,"gold_loss":0.0,"damage_taken":0.0,"cards_obtained":["FearNoEvil"]},{"damage_healed":0.0,"max_hp_gain":0.0,"max_hp_loss":0.0,"gold_gain":0.0,"event_name":"Nest","player_choice":"Joined the Cult","floor":22.0,"gold_loss":0.0,"damage_taken":6.0,"cards_obtained":["RitualDagger"]},{"cards_removed":["Strike_P"],"damage_healed":0.0,"max_hp_gain":0.0,"max_hp_loss":0.0,"gold_gain":0.0,"event_name":"Beggar","player_choice":"Gave Gold","floor":29.0,"gold_loss":75.0,"damage_taken":0.0},{"damage_healed":0,"gold_gain":0,"player_choice":"Ignored","damage_taken":0,"max_hp_gain":0,"max_hp_loss":0,"event_name":"SecretPortal","floor":37,"gold_loss":0},{"damage_healed":0,"gold_gain":0,"player_choice":"Fight","damage_taken":0,"max_hp_gain":0,"max_hp_loss":0,"event_name":"MindBloom","floor":39,"gold_loss":0},{"damage_healed":0,"gold_gain":0,"player_choice":"Memory 1","damage_taken":0,"max_hp_gain":0,"max_hp_loss":0,"event_name":"SensoryStone","floor":47,"gold_loss":0}],"is_beta":false,"boss_relics":[{"not_picked":["Black Star","Empty Cage"],"picked":"VioletLotus"},{"not_picked":["Cursed Key","Astrolabe"],"picked":"Philosopher\u0027s Stone"}],"items_purged_floors":[3,13,21,36,46],"is_endless":false,"potions_floor_spawned":[2,4,7,14,24,27,28,35,41],"ascension_level":2}}