{"host":"f8toxsj3bk02pkeu","time":1612625353,"event":{"mods":["BaseMod","Minty Spire (QoL Compilation)","Permanent Neow","Quick Restart","StSLib","SuperFastMode"],"gold_per_floor":[115,126,145,162,172,206,206,235,235,249,249,249,267,267,267,342,342,360,375,393,308,320,320,353,353,353,353,353,366,377,407,407,478,478,492,504,529,529,543,543,98,132,158,158,170,182,199,227,227,227,227,227],"floor_reached":51,"language":"ENG","playtime":3131,"items_purged":[],"score":1476,"play_id":"c2826104-b3f8-4e1c-91bb-c85c77b8c7ae","local_time":"20210206082913","is_ascension_mode":true,"campfire_choices":[{"data":"Neutralize","floor":7,"key":"SMITH"},{"floor":11,"key":"REST"},{"data":"Corpse Explosion","floor":15,"key":"SMITH"},{"data":"Cloak And Dagger","floor":23,"key":"SMITH"},{"floor":25,"key":"REST"},{"data":"Outmaneuver","floor":27,"key":"SMITH"},{"data":"Blur","floor":32,"key":"SMITH"},{"data":"Forethought","floor":40,"key":"SMITH"},{"floor":44,"key":"RECALL"},{"data":"Blind","floor":49,"key":"SMITH"}],"circlet_count":0,"master_deck":["AscendersBane","Strike_G+1","Strike_G+1","Strike_G+1","Strike_G+1","Strike_G+1","Defend_G+1","Defend_G+1","Defend_G+1","Defend_G+1","Survivor","Neutralize+1","Blur+1","Cloak And Dagger+1","Outmaneuver+1","Terror","Corpse Explosion+1","Slice","Deflect","After Image","PiercingWail+1","Escape Plan+1","Die Die Die+1","Forethought+1","Blind+1","Slice+1","Underhanded Strike+1"],"relics":["Runic Pyramid","Singing Bowl","Dead Branch","Anchor","Busted Crown","Bag of Preparation","Meat on the Bone","StoneCalendar","Molten Egg 2","Coffee Dripper","Unceasing Top","Shuriken","ClockworkSouvenir","Tough Bandages","StrikeDummy"],"acts_visited":["Exordium","TheCity","TheBeyond"],"potions_floor_usage":[6,8,22,31,45,50],"damage_taken":[{"damage":0.0,"enemies":"2 Louse","floor":1.0,"turns":4.0},{"damage":0.0,"enemies":"Cultist","floor":2.0,"turns":5.0},{"damage":4.0,"enemies":"Small Slimes","floor":3.0,"turns":4.0},{"damage":0.0,"enemies":"2 Fungi Beasts","floor":4.0,"turns":4.0},{"damage":6.0,"enemies":"Large Slime","floor":5.0,"turns":10.0},{"damage":4,"enemies":"Lagavulin","floor":6,"turns":10},{"damage":31,"enemies":"Gremlin Nob","floor":8,"turns":4},{"damage":2,"enemies":"Gremlin Gang","floor":10,"turns":4},{"damage":0,"enemies":"Looter","floor":13,"turns":3},{"damage":38,"enemies":"Slime Boss","floor":16,"turns":12},{"damage":1,"enemies":"Shell Parasite","floor":18,"turns":4},{"damage":0,"enemies":"3 Byrds","floor":19,"turns":2},{"damage":17,"enemies":"Snake Plant","floor":20,"turns":5},{"damage":1,"enemies":"Snecko","floor":22,"turns":4},{"damage":18,"enemies":"Book of Stabbing","floor":24,"turns":6},{"damage":0,"enemies":"Cultist and Chosen","floor":29,"turns":5},{"damage":0,"enemies":"Sentry and Sphere","floor":30,"turns":7},{"damage":4,"enemies":"Slavers","floor":31,"turns":3},{"damage":1,"enemies":"Champ","floor":33,"turns":12},{"damage":0,"enemies":"3 Shapes","floor":35,"turns":4},{"damage":3,"enemies":"3 Darklings","floor":36,"turns":3},{"damage":0,"enemies":"Mind Bloom Boss Battle","floor":37,"turns":7},{"damage":12,"enemies":"4 Shapes","floor":39,"turns":3},{"damage":11,"enemies":"Giant Head","floor":42,"turns":6},{"damage":0,"enemies":"Writhing Mass","floor":45,"turns":5},{"damage":0,"enemies":"Jaw Worm Horde","floor":46,"turns":2},{"damage":0,"enemies":"Sphere and 2 Shapes","floor":47,"turns":4},{"damage":6,"enemies":"Nemesis","floor":48,"turns":7},{"damage":52,"enemies":"Time Eater","floor":50,"turns":9},{"damage":61,"enemies":"Awakened One","floor":51,"turns":7}],"seed_played":"3580575361202522459","potions_obtained":[{"floor":1.0,"key":"Fire Potion"},{"floor":2.0,"key":"ColorlessPotion"},{"floor":3.0,"key":"Dexterity Potion"},{"floor":6,"key":"DistilledChaos"},{"floor":18,"key":"DuplicationPotion"},{"floor":22,"key":"ColorlessPotion"},{"floor":24,"key":"SkillPotion"},{"floor":30,"key":"Poison Potion"},{"floor":31,"key":"Energy Potion"},{"floor":37,"key":"SteroidPotion"},{"floor":45,"key":"FairyPotion"}],"is_trial":false,"path_per_floor":["M","M","M","M","M","E","R","E","T","M","R","?","M","?","R","B",null,"M","M","M","?","M","R","E","R","T","R","?","M","M","E","R","B",null,"M","M","?","?","M","R","$","E","T","R","M","M","M","E","R","B","B"],"character_chosen":"THE_SILENT","items_purchased":["Shuriken","ClockworkSouvenir"],"campfire_rested":2,"item_purchase_floors":[41,41],"current_hp_per_floor":[59,59,55,55,49,45,45,14,14,14,34,34,34,39,39,1,55,56,58,43,43,44,44,28,52,52,52,52,52,54,50,50,49,76,78,77,79,71,61,61,61,52,52,52,54,56,56,62,62,22,0,0],"gold":227,"neow_bonus":"BOSS_RELIC","is_daily":false,"chose_seed":false,"campfire_upgraded":7,"win_rate":0.0,"timestamp":1612625353,"path_taken":["M","M","M","M","M","E","R","E","T","M","R","?","?","?","R","BOSS","M","M","M","?","M","R","E","R","T","R","?","M","M","E","R","BOSS","M","M","?","?","M","R","$","E","T","R","M","M","M","E","R","BOSS","BOSS"],"items_purchased_type":["Relic","Relic"],"build_version":"2020-12-22","purchased_purges":0,"victory":false,"max_hp_per_floor":[66,66,66,66,66,66,66,66,66,68,68,68,68,73,73,73,73,75,77,79,79,81,81,83,83,83,83,83,83,85,85,85,85,85,87,89,91,93,95,95,95,97,97,97,99,101,101,101,101,101,101,101],"card_choices":[{"not_picked":["Backstab","Endless Agony"],"picked":"Blur","floor":1.0},{"not_picked":["Bane","PiercingWail"],"picked":"Cloak And Dagger","floor":2.0},{"not_picked":["Calculated Gamble","Prepared"],"picked":"Outmaneuver","floor":3.0},{"not_picked":["Grand Finale","Deadly Poison","Quick Slash"],"picked":"SKIP","floor":4.0},{"not_picked":["Deadly Poison","Dagger Throw"],"picked":"Terror","floor":5.0},{"not_picked":["Cloak And Dagger","Escape Plan"],"picked":"Corpse Explosion","floor":6},{"not_picked":["Sucker Punch","Acrobatics"],"picked":"Slice","floor":8},{"not_picked":["All Out Attack","Slice","Die Die Die"],"picked":"Singing Bowl","floor":10},{"not_picked":["Flying Knee","Underhanded Strike"],"picked":"Deflect","floor":13},{"not_picked":["Die Die Die","Grand Finale"],"picked":"After Image","floor":16},{"not_picked":["Outmaneuver"],"picked":"Singing Bowl","floor":18},{"not_picked":["Backflip"],"picked":"Singing Bowl","floor":19},{"not_picked":["Deadly Poison"],"picked":"Singing Bowl","floor":20},{"not_picked":["Dodge and Roll"],"picked":"Singing Bowl","floor":22},{"not_picked":["Bane"],"picked":"Singing Bowl","floor":24},{"not_picked":[],"picked":"PiercingWail+1","floor":29},{"not_picked":["Crippling Poison"],"picked":"Singing Bowl","floor":30},{"not_picked":[],"picked":"Escape Plan+1","floor":31},{"not_picked":[],"picked":"Die Die Die+1","floor":33},{"not_picked":["Dagger Spray+1"],"picked":"Singing Bowl","floor":35},{"not_picked":["Eviscerate+1"],"picked":"Singing Bowl","floor":36},{"not_picked":["Setup"],"picked":"Singing Bowl","floor":37},{"not_picked":[],"picked":"Forethought","floor":38},{"not_picked":[],"picked":"Blind","floor":38},{"not_picked":["Deep Breath"],"picked":"Singing Bowl","floor":38},{"not_picked":["Backflip+1"],"picked":"Singing Bowl","floor":39},{"not_picked":["Tools of the Trade"],"picked":"Singing Bowl","floor":42},{"not_picked":["Well Laid Plans"],"picked":"Singing Bowl","floor":45},{"not_picked":["Tactician"],"picked":"Singing Bowl","floor":46},{"not_picked":[],"picked":"Slice+1","floor":47},{"not_picked":[],"picked":"Underhanded Strike+1","floor":48}],"player_experience":981838,"relics_obtained":[{"floor":6,"key":"Singing Bowl"},{"floor":8,"key":"Dead Branch"},{"floor":9,"key":"Anchor"},{"floor":24,"key":"Meat on the Bone"},{"floor":26,"key":"StoneCalendar"},{"floor":31,"key":"Molten Egg 2"},{"floor":37,"key":"Unceasing Top"},{"floor":42,"key":"Tough Bandages"},{"floor":48,"key":"StrikeDummy"}],"event_choices":[{"cards_removed":["Defend_G"],"damage_healed":0,"gold_gain":0,"player_choice":"Offered Basic","damage_taken":0,"max_hp_gain":0,"max_hp_loss":0,"event_name":"Bonfire Elementals","floor":12,"gold_loss":0},{"damage_healed":0,"gold_gain":0,"player_choice":"Donut","damage_taken":0,"max_hp_gain":5,"max_hp_loss":0,"event_name":"Big Fish","floor":14,"gold_loss":0},{"damage_healed":0,"gold_gain":0,"player_choice":"Obtained Relic","damage_taken":0,"relics_obtained":["Bag of Preparation"],"max_hp_gain":0,"max_hp_loss":0,"event_name":"Addict","floor":21,"gold_loss":85},{"damage_healed":0,"gold_gain":0,"player_choice":"Simplicity","damage_taken":0,"max_hp_gain":0,"max_hp_loss":0,"event_name":"Back to Basics","floor":28,"gold_loss":0,"cards_upgraded":["Strike_G","Strike_G","Strike_G","Strike_G","Strike_G","Defend_G","Defend_G","Defend_G","Defend_G"]},{"damage_healed":0,"gold_gain":0,"player_choice":"Fight","damage_taken":0,"max_hp_gain":0,"max_hp_loss":0,"event_name":"MindBloom","floor":37,"gold_loss":0},{"damage_healed":0,"gold_gain":0,"player_choice":"Memory 3","damage_taken":10,"max_hp_gain":0,"max_hp_loss":0,"event_name":"SensoryStone","floor":38,"gold_loss":0}],"is_beta":false,"boss_relics":[{"not_picked":["Black Star","Pandora\u0027s Box"],"picked":"Busted Crown"},{"not_picked":["Runic Dome","Velvet Choker"],"picked":"Coffee Dripper"}],"items_purged_floors":[],"is_endless":false,"potions_floor_spawned":[1,2,3,6,18,22,24,30,31,37,39,45,46,48],"killed_by":"Awakened One","ascension_level":20}}