{"host":"6rz02yiipefhcw4r","time":1612604918,"event":{"mods":["2.2 Compatiblity","BaseMod","Block Reminder","Colored Map","Curses Come First","DeckTracker","Googly Eyes","Minty Spire (QoL Compilation)","Quick Restart","Rare Cards Sparkle","StSLib"],"gold_per_floor":[110,110,30,44,44,85,100,138,138,164,36,36,36,74,74,154,154,183,204,42,65,65,65,65,105,105,105,115,115,151,160,160,160,160],"floor_reached":33,"language":"ENG","playtime":1802,"items_purged":[],"score":652,"play_id":"a7bc938d-686a-44db-8009-9eb7f792f892","local_time":"20210206074838","is_ascension_mode":true,"campfire_choices":[{"floor":12,"key":"REST"},{"floor":15,"key":"REST"},{"floor":23,"key":"REST"},{"floor":27,"key":"REST"},{"floor":32,"key":"REST"}],"circlet_count":0,"master_deck":["AscendersBane","Strike_G+1","Strike_G+1","Strike_G+1","Strike_G+1","Strike_G+1","Defend_G+1","Defend_G+1","Defend_G+1","Defend_G+1","Defend_G+1","Survivor","Neutralize","Terror","Footwork+1","Predator","Dagger Throw","Backflip","PiercingWail","Well Laid Plans","Backflip","After Image","Adrenaline","Dagger Spray","Underhanded Strike","Footwork","Dagger Throw","Bouncing Flask","Flechettes+1","PiercingWail","Backflip","Decay"],"relics":["Ring of the Snake","NeowsBlessing","CeramicFish","StrikeDummy","Whetstone","Bag of Marbles","Sozu","Girya","CaptainsWheel","Molten Egg 2"],"acts_visited":["Exordium","TheCity"],"potions_floor_usage":[21,25],"damage_taken":[{"damage":0,"enemies":"Jaw Worm","floor":1,"turns":1},{"damage":0,"enemies":"2 Louse","floor":4,"turns":1},{"damage":0,"enemies":"3 Sentries","floor":6,"turns":1},{"damage":0,"enemies":"Small Slimes","floor":7,"turns":4},{"damage":47,"enemies":"Gremlin Nob","floor":8,"turns":5},{"damage":1,"enemies":"3 Louse","floor":10,"turns":5},{"damage":8,"enemies":"Lagavulin","floor":14,"turns":6},{"damage":1,"enemies":"The Guardian","floor":16,"turns":12},{"damage":16,"enemies":"3 Byrds","floor":18,"turns":9},{"damage":2,"enemies":"Spheric Guardian","floor":19,"turns":8},{"damage":18,"enemies":"Cultist and Chosen","floor":21,"turns":7},{"damage":24,"enemies":"Slavers","floor":25,"turns":8},{"damage":13,"enemies":"Centurion and Healer","floor":28,"turns":6},{"damage":32,"enemies":"Book of Stabbing","floor":30,"turns":6},{"damage":24,"enemies":"Champ","floor":33,"turns":9}],"seed_played":"-4034552757164688324","potions_obtained":[{"floor":4,"key":"GhostInAJar"},{"floor":8,"key":"Swift Potion"}],"is_trial":false,"path_per_floor":["M","?","$","M","?","E","M","E","T","M","$","R","?","E","R","B",null,"M","M","$","M","$","R","?","E","T","R","M","?","E","?","R","B"],"character_chosen":"THE_SILENT","items_purchased":["Footwork","Well Laid Plans","Backflip","Footwork","Dagger Throw","Bouncing Flask"],"campfire_rested":5,"item_purchase_floors":[3,11,11,20,20,20],"current_hp_per_floor":[59,64,64,64,64,64,64,17,17,16,16,37,37,29,50,49,66,50,48,48,30,30,51,51,27,27,48,35,35,3,3,24,0,0],"gold":160,"neow_bonus":"THREE_ENEMY_KILL","is_daily":false,"chose_seed":false,"campfire_upgraded":0,"win_rate":0.0,"timestamp":1612604918,"path_taken":["M","?","$","M","?","E","?","E","T","M","$","R","?","E","R","BOSS","M","M","$","M","$","R","?","E","T","R","M","?","E","?","R","BOSS"],"items_purchased_type":["Card","Card","Card","Card","Card","Card"],"build_version":"2020-12-22","purchased_purges":0,"victory":false,"max_hp_per_floor":[66,71,71,71,71,71,71,71,71,71,71,71,71,71,71,71,71,71,71,71,71,71,71,71,71,71,71,71,71,71,71,71,71,71],"card_choices":[{"not_picked":["Slice","PiercingWail"],"picked":"Terror","floor":1},{"not_picked":["Flying Knee","Dagger Throw"],"picked":"Predator","floor":4},{"not_picked":["Cloak And Dagger","Acrobatics"],"picked":"Dagger Throw","floor":6},{"not_picked":["Flechettes","Prepared","Phantasmal Killer"],"picked":"SKIP","floor":7},{"not_picked":["Flechettes","Prepared","Phantasmal Killer"],"picked":"SKIP","floor":7},{"not_picked":["Deflect","Finisher"],"picked":"Backflip","floor":8},{"not_picked":["Flying Knee","Blade Dance"],"picked":"PiercingWail","floor":10},{"not_picked":["Slice","Sucker Punch"],"picked":"After Image","floor":14},{"not_picked":["Tools of the Trade","Storm of Steel"],"picked":"Adrenaline","floor":16},{"not_picked":["Flechettes","Bane"],"picked":"Dagger Spray","floor":18},{"not_picked":["Tactician","All Out Attack"],"picked":"Underhanded Strike","floor":19},{"not_picked":["Catalyst","Quick Slash"],"picked":"Flechettes+1","floor":21},{"not_picked":["Underhanded Strike","Outmaneuver"],"picked":"PiercingWail","floor":25},{"not_picked":["Expertise","A Thousand Cuts","Poisoned Stab"],"picked":"SKIP","floor":28},{"not_picked":["Riddle With Holes+1","Terror"],"picked":"Backflip","floor":30}],"player_experience":799054,"relics_obtained":[{"floor":6,"key":"CeramicFish"},{"floor":8,"key":"StrikeDummy"},{"floor":9,"key":"Whetstone"},{"floor":14,"key":"Bag of Marbles"},{"floor":25,"key":"Girya"},{"floor":26,"key":"CaptainsWheel"},{"floor":30,"key":"Molten Egg 2"}],"event_choices":[{"damage_healed":0,"gold_gain":0,"player_choice":"Donut","damage_taken":0,"max_hp_gain":5,"max_hp_loss":0,"event_name":"Big Fish","floor":2,"gold_loss":0},{"damage_healed":0,"gold_gain":0,"player_choice":"Grow","damage_taken":0,"max_hp_gain":0,"max_hp_loss":0,"event_name":"Living Wall","floor":5,"gold_loss":0,"cards_upgraded":["Footwork"]},{"damage_healed":0,"gold_gain":0,"player_choice":"Searched \u00270\u0027 times","damage_taken":0,"max_hp_gain":0,"max_hp_loss":0,"event_name":"Dead Adventurer","floor":13,"gold_loss":0},{"damage_healed":0,"gold_gain":0,"player_choice":"Simplicity","damage_taken":0,"max_hp_gain":0,"max_hp_loss":0,"event_name":"Back to Basics","floor":29,"gold_loss":0,"cards_upgraded":["Strike_G","Strike_G","Strike_G","Defend_G","Defend_G","Defend_G","Defend_G","Defend_G"]},{"damage_healed":0,"gold_gain":0,"player_choice":"Smashed Altar","damage_taken":0,"max_hp_gain":0,"max_hp_loss":0,"event_name":"Forgotten Altar","floor":31,"gold_loss":0,"cards_obtained":["Decay"]}],"is_beta":false,"boss_relics":[{"not_picked":["Empty Cage","Runic Dome"],"picked":"Sozu"}],"items_purged_floors":[],"is_endless":false,"potions_floor_spawned":[4,8,14,18,28,30],"killed_by":"Champ","ascension_level":20}}