{"host":"1u4f3pkortkfc57w","time":1612621540,"event":{"mods":["BaseMod","Colored Powertips","Minty Spire (QoL Compilation)","StSLib","UnlockEverythingMod"],"gold_per_floor":[114,114,114,128,143,143,156,173,173,191,203,216,216,8860,8860,8986,8986,9006,9006,8768,8781,8781,8821,8821,8834,8834,8858,8883,8898,8898,8038,8038,8038,8038],"floor_reached":33,"language":"ZHS","playtime":3183,"items_purged":["Strike_R","Pain","Strike_R"],"score":288,"play_id":"548a48b0-5bbe-4e20-9746-4970919a0b0d","local_time":"20210206222540","is_ascension_mode":false,"campfire_choices":[{"data":"Flame Barrier","floor":6,"key":"SMITH"},{"data":"Infernal Blade","floor":15,"key":"SMITH"},{"data":"Armaments","floor":24,"key":"SMITH"},{"data":"Body Slam","floor":30,"key":"SMITH"},{"data":"Fire Breathing","floor":32,"key":"SMITH"}],"circlet_count":0,"master_deck":["Strike_R","Strike_R","Strike_R","Defend_R","Defend_R","Defend_R","Defend_R","Bash","Ghostly Armor","Thunderclap","Flame Barrier+1","Body Slam+1","Power Through","Offering","Flex","Injury","Infernal Blade+1","Fire Breathing+1","Chrysalis","Anger+1","True Grit+1","Violence+1","Infernal Blade","Blind","Warcry","Rupture","Feel No Pain","Armaments+1","Flame Barrier","Shrug It Off","Havoc","Wild Strike+1","Blind","Body Slam","Shrug It Off"],"relics":["Burning Blood","NeowsBlessing","Ornamental Fan","Golden Idol","Kunai","Pocketwatch","Astrolabe","WarpedTongs","Strange Spoon","Gremlin Horn","Anchor","Paper Frog","Bottled Flame","OrangePellets","Dream Catcher","Letter Opener"],"acts_visited":["Exordium","TheCity"],"potions_floor_usage":[7,8,16,16,20,21,29],"damage_taken":[{"damage":0,"enemies":"Cultist","floor":1,"turns":1},{"damage":0,"enemies":"2 Louse","floor":4,"turns":1},{"damage":0,"enemies":"Jaw Worm","floor":5,"turns":1},{"damage":2,"enemies":"3 Louse","floor":7,"turns":4},{"damage":4,"enemies":"Lots of Slimes","floor":8,"turns":5},{"damage":14,"enemies":"Large Slime","floor":10,"turns":9},{"damage":10,"enemies":"Gremlin Gang","floor":11,"turns":5},{"damage":6,"enemies":"Lots of Slimes","floor":12,"turns":6},{"damage":17,"enemies":"The Guardian","floor":16,"turns":10},{"damage":23,"enemies":"Chosen","floor":18,"turns":5},{"damage":46,"enemies":"Spheric Guardian","floor":21,"turns":6},{"damage":33,"enemies":"Slavers","floor":23,"turns":7},{"damage":16,"enemies":"Snecko","floor":25,"turns":5},{"damage":12,"enemies":"Snake Plant","floor":27,"turns":5},{"damage":8,"enemies":"Shelled Parasite and Fungi","floor":28,"turns":9},{"damage":0,"enemies":"Centurion and Healer","floor":29,"turns":9},{"damage":80,"enemies":"Collector","floor":33,"turns":5}],"seed_played":"2341961921869616699","potions_obtained":[{"floor":1,"key":"SteroidPotion"},{"floor":3,"key":"Block Potion"},{"floor":3,"key":"BlessingOfTheForge"},{"floor":10,"key":"BlessingOfTheForge"},{"floor":16,"key":"BloodPotion"},{"floor":21,"key":"GamblersBrew"},{"floor":25,"key":"SkillPotion"},{"floor":28,"key":"SpeedPotion"}],"is_trial":false,"path_per_floor":["M","?","?","M","M","R","M","M","T","M","M","M","?","$","R","B",null,"M","?","$","M","?","E","R","M","T","M","M","M","R","$","R","B"],"character_chosen":"IRONCLAD","items_purchased":["Infernal Blade","Fire Breathing","Kunai","Pocketwatch","Dark Shackles","Chrysalis","Dexterity Potion","Strange Spoon","Gremlin Horn","Anchor","BloodPotion","DuplicationPotion","Blind","Warcry","DuplicationPotion","Rupture","OrangePellets","Dream Catcher","Letter Opener","Blind","Body Slam","Shrug It Off"],"campfire_rested":0,"item_purchase_floors":[14,14,14,14,14,14,14,20,20,20,20,20,20,20,20,20,31,31,31,31,31,31],"current_hp_per_floor":[80,80,80,80,80,80,80,80,80,72,68,68,68,68,68,57,80,63,63,79,39,39,80,80,80,80,74,80,80,80,80,80,0,0],"gold":8038,"neow_bonus":"THREE_ENEMY_KILL","is_daily":false,"chose_seed":false,"campfire_upgraded":5,"win_rate":0.0,"timestamp":1612621540,"path_taken":["M","?","?","M","M","R","M","M","T","?","M","?","?","$","R","BOSS","M","?","$","?","?","E","R","M","T","M","M","M","R","$","R","BOSS"],"items_purchased_type":["Card","Card","Relic","Relic","Card","Card","Potion","Relic","Relic","Relic","Potion","Potion","Card","Card","Potion","Card","Relic","Relic","Relic","Card","Card","Card"],"build_version":"2020-12-22","purchased_purges":3,"victory":false,"max_hp_per_floor":[80,80,80,80,80,80,80,80,80,80,80,80,80,80,80,80,80,80,80,80,80,80,80,80,80,80,80,80,80,80,80,80,80,80],"card_choices":[{"not_picked":["Rampage","Headbutt"],"picked":"Ghostly Armor","floor":1},{"not_picked":["Hemokinesis","Heavy Blade"],"picked":"Thunderclap","floor":4},{"not_picked":["Cleave","Warcry"],"picked":"Flame Barrier","floor":5},{"not_picked":["Reckless Charge","Clash"],"picked":"Inflame","floor":7},{"not_picked":["Dark Embrace","Thunderclap"],"picked":"Body Slam","floor":8},{"not_picked":["Whirlwind","Warcry"],"picked":"Power Through","floor":10},{"not_picked":["Inflame","Headbutt"],"picked":"Offering","floor":11},{"not_picked":["Carnage","Burning Pact"],"picked":"Flex","floor":12},{"not_picked":["Fiend Fire","Exhume"],"picked":"Juggernaut","floor":16},{"not_picked":["Anger","Hemokinesis"],"picked":"Infernal Blade","floor":18},{"not_picked":["Havoc","Iron Wave"],"picked":"Feel No Pain","floor":21},{"not_picked":["Anger","Havoc"],"picked":"Flame Barrier","floor":23},{"not_picked":["Havoc","Sever Soul"],"picked":"Shrug It Off","floor":25},{"not_picked":["Rupture","Dark Embrace"],"picked":"Havoc","floor":27},{"not_picked":["Thunderclap+1","Searing Blow"],"picked":"Wild Strike+1","floor":28},{"not_picked":["Heavy Blade","Warcry","Blood for Blood"],"picked":"SKIP","floor":29}],"player_experience":38384,"relics_obtained":[{"floor":9,"key":"Ornamental Fan"},{"floor":23,"key":"Paper Frog"},{"floor":26,"key":"Bottled Flame"}],"event_choices":[{"damage_healed":0,"gold_gain":0,"player_choice":"Leave","damage_taken":0,"max_hp_gain":0,"max_hp_loss":0,"event_name":"The Cleric","floor":2,"gold_loss":0},{"damage_healed":0,"gold_gain":0,"player_choice":"Got Potions","damage_taken":0,"max_hp_gain":0,"max_hp_loss":0,"event_name":"Lab","floor":3,"gold_loss":0},{"damage_healed":0,"gold_gain":0,"player_choice":"Take Wound","damage_taken":0,"relics_obtained":["Golden Idol"],"max_hp_gain":0,"max_hp_loss":0,"event_name":"Golden Idol","floor":13,"gold_loss":0,"cards_obtained":["Injury"]},{"damage_healed":0,"gold_gain":0,"player_choice":"Rummage","damage_taken":0,"relics_obtained":["WarpedTongs"],"max_hp_gain":0,"max_hp_loss":0,"event_name":"Accursed Blacksmith","floor":19,"gold_loss":0,"cards_obtained":["Pain"]},{"damage_healed":0,"gold_gain":0,"player_choice":"Read","damage_taken":0,"max_hp_gain":0,"max_hp_loss":0,"event_name":"The Library","floor":22,"gold_loss":0,"cards_obtained":["Armaments"]}],"is_beta":false,"boss_relics":[{"not_picked":["Sozu","Mark of Pain"],"picked":"Astrolabe"}],"items_purged_floors":[14,20,31],"is_endless":false,"potions_floor_spawned":[1,10,16,21,25,27,28],"killed_by":"Collector","ascension_level":0}}