{"host":"i0m6ffz3lpe3z1ky","time":1612632743,"event":{"mods":["Aspiration","BaseMod","Bestiary","BetterRewards","Colored Map","Conspire","Energized Spire","Highlight Path","Hubris","Ironclad Rager","Minty Spire (QoL Compilation)","Quick Restart","Reliquary","Shop Mod","Spicy Shops","StSLib","Thieving Mod"],"gold_per_floor":[119,132,132,143,68,68,96,112,167,194,194,194,194],"floor_reached":12,"language":"KOR","playtime":485,"items_purged":[],"score":176,"play_id":"729f3d17-8e9d-4b41-9a41-0940895c9c5b","local_time":"20210207023223","is_ascension_mode":true,"campfire_choices":[{"data":"Rampage","floor":6.0,"key":"SMITH"}],"circlet_count":0,"master_deck":["AscendersBane","Strike_R","Strike_R","Defend_R","Defend_R","Defend_R","Defend_R","Bash","Rampage+1","Havoc","Pommel Strike","Double Tap","Battle Trance","conspire:Purge"],"relics":["Burning Blood","Lee\u0027s Waffle","reliquary:Knoch","Bag of Marbles","hubris:Potato","hubris:Towel","Bag of Preparation","Shovel"],"acts_visited":["Exordium"],"potions_floor_usage":[],"damage_taken":[{"damage":5.0,"enemies":"Small Slimes","floor":1.0,"turns":3.0},{"damage":12.0,"enemies":"Jaw Worm","floor":2.0,"turns":3.0},{"damage":4.0,"enemies":"2 Louse","floor":4.0,"turns":4.0},{"damage":32.0,"enemies":"Gremlin Nob","floor":7.0,"turns":4.0},{"damage":21.0,"enemies":"Lots of Slimes","floor":8.0,"turns":6.0},{"damage":27.0,"enemies":"3 Sentries","floor":10.0,"turns":9.0},{"damage":15,"enemies":"Lagavulin","floor":12,"turns":4}],"seed_played":"2475483104886704742","potions_obtained":[{"floor":1.0,"key":"Explosive Potion"},{"floor":8.0,"key":"PowerPotion"}],"is_trial":false,"path_per_floor":["M","M","?","M","?","R","E","M","T","E","?","E"],"character_chosen":"IRONCLAD","items_purchased":["Lee\u0027s Waffle","reliquary:Knoch","Bag of Marbles","hubris:Potato","Rampage"],"campfire_rested":0,"item_purchase_floors":[0,0,0,0,0],"current_hp_per_floor":[82,76,76,78,78,78,52,37,37,16,16,1,1],"gold":194,"neow_bonus":"","is_daily":false,"chose_seed":false,"campfire_upgraded":1,"win_rate":0.0,"timestamp":1612632743,"path_taken":["M","M","?","M","?","R","E","M","T","E","?","E"],"items_purchased_type":["Relic","Relic","Relic","Relic","Card"],"build_version":"2020-12-22","purchased_purges":0,"victory":false,"max_hp_per_floor":[82,82,82,82,82,82,82,82,82,82,82,82,82],"card_choices":[{"not_picked":["Anger","Reckless Charge","Havoc"],"picked":"SKIP","floor":1.0},{"not_picked":["Anger","Reckless Charge"],"picked":"Havoc","floor":1.0},{"not_picked":["Perfected Strike","Body Slam"],"picked":"Pommel Strike","floor":2.0},{"not_picked":["Iron Wave","Reckless Charge"],"picked":"Double Tap","floor":4.0},{"not_picked":["Anger","Metallicize","Thunderclap"],"picked":"SKIP","floor":7.0},{"not_picked":["Second Wind","Pommel Strike"],"picked":"Battle Trance","floor":8.0},{"not_picked":["Infernal Blade","Bludgeon"],"picked":"conspire:Purge","floor":10.0}],"player_experience":505727,"relics_obtained":[{"floor":7.0,"key":"Bag of Preparation"},{"floor":10.0,"key":"Shovel"}],"event_choices":[{"cards_removed":["Strike_R"],"damage_healed":0.0,"max_hp_gain":0.0,"max_hp_loss":0.0,"gold_gain":0.0,"event_name":"The Cleric","player_choice":"Card Removal","floor":5.0,"gold_loss":75.0,"damage_taken":0.0},{"cards_removed":["Strike_R"],"damage_healed":0.0,"max_hp_gain":0.0,"max_hp_loss":0.0,"gold_gain":0.0,"event_name":"Bonfire Elementals","player_choice":"Offered Basic","floor":11.0,"gold_loss":0.0,"damage_taken":0.0}],"is_beta":false,"boss_relics":[],"items_purged_floors":[],"is_endless":false,"potions_floor_spawned":[1,8],"killed_by":"Lagavulin","ascension_level":20}}