{"host":"tetk82fuf8thwxol","time":1612646789,"event":{"mods":["AchievementEnabler","BaseMod","BetterRewards","GifTheSpireLib","Hermit","Minty Spire (QoL Compilation)","Permanent Neow","Quick Restart","Shop Mod","Spicy Shops","StSLib","The Bug Knight","The Cursed","The Runesmith"],"gold_per_floor":[110,78,253,273,36,61,61,91,168,194,214,214,214,234,234,338,338,352,352,277,277,94,94,119,119,189,202,26,59,59,91,91,194,194,207,227,238,63,63,97,149,149,203,232,243,75,94,94,94,94,94,94,94,119,119],"floor_reached":56,"language":"ENG","playtime":1770,"items_purged":["Strike_B","Strike_B","Defend_B","Defend_B","Strike_B","Zap","Apotheosis+1"],"score":2385,"play_id":"4e3441dc-165c-4827-b298-224c692c2b63","local_time":"20210206152629","is_ascension_mode":true,"campfire_choices":[{"floor":12,"key":"REST"},{"data":"Defragment","floor":15,"key":"SMITH"},{"floor":23,"key":"RECALL"},{"floor":30,"key":"REST"},{"data":"Capacitor","floor":32,"key":"SMITH"},{"data":"Defend_B","floor":42,"key":"SMITH"},{"data":"Strike_B","floor":49,"key":"SMITH"},{"floor":52,"key":"REST"}],"circlet_count":0,"master_deck":["Strike_B+1","Defend_B+1","Defend_B+1","Dualcast+1","Loop+1","Capacitor+1","Defragment+1","Static Discharge+1","Capacitor+1","Loop+1","Defragment+1","Heatsinks+1","White Noise+1","Doubt","Electrodynamics+1","Storm+1","Amplify+1","Consume+1","Electrodynamics+1"],"relics":["Cracked Core","Eternal Feather","TungstenRod","PreservedInsect","WingedGreaves","DataDisk","Ice Cream","Toxic Egg 2","HollowMod:StagPassRelic","Gremlin Horn","Lantern","Frozen Egg 2","Symbiotic Virus","Runic Capacitor","Singing Bowl","Membership Card","Lee\u0027s Waffle","Ornamental Fan","CaptainsWheel","Lizard Tail","Matryoshka","Omamori","Runesmith:UraniumAnvil","Happy Flower","FossilizedHelix","War Paint","Bronze Scales","Shuriken","Bag of Preparation","HornCleat","Bottled Tornado","Busted Crown","InkBottle","MealTicket","Prayer Wheel","Runesmith:AutoHammer","Blue Candle","Art of War","Runesmith:Nanobots","Centennial Puzzle"],"acts_visited":["Exordium","TheCity","TheBeyond","TheEnding"],"potions_floor_usage":[10,10,29,33,37,55],"damage_taken":[{"damage":11,"enemies":"2 Louse","floor":1,"turns":3},{"damage":6,"enemies":"Jaw Worm","floor":4,"turns":2},{"damage":9,"enemies":"Gremlin Nob","floor":6,"turns":3},{"damage":19,"enemies":"Lagavulin","floor":8,"turns":2},{"damage":0,"enemies":"3 Sentries","floor":10,"turns":3},{"damage":0,"enemies":"Cultist","floor":11,"turns":2},{"damage":0,"enemies":"Exordium Wildlife","floor":14,"turns":1},{"damage":40,"enemies":"Hexaghost","floor":16,"turns":3},{"damage":0,"enemies":"3 Byrds","floor":18,"turns":1},{"damage":19,"enemies":"Slavers","floor":24,"turns":2},{"damage":0,"enemies":"Chosen","floor":27,"turns":1},{"damage":10,"enemies":"Gremlin Leader","floor":29,"turns":2},{"damage":6,"enemies":"Book of Stabbing","floor":31,"turns":2},{"damage":0,"enemies":"Champ","floor":33,"turns":4},{"damage":0,"enemies":"Orb Walker","floor":35,"turns":1},{"damage":0,"enemies":"3 Shapes","floor":36,"turns":1},{"damage":16,"enemies":"Writhing Mass","floor":37,"turns":2},{"damage":0,"enemies":"Giant Head","floor":40,"turns":3},{"damage":0,"enemies":"2 Orb Walkers","floor":41,"turns":1},{"damage":0,"enemies":"Nemesis","floor":44,"turns":3},{"damage":0,"enemies":"Jaw Worm Horde","floor":45,"turns":1},{"damage":0,"enemies":"4 Shapes","floor":47,"turns":1},{"damage":56,"enemies":"Awakened One","floor":50,"turns":5},{"damage":0,"enemies":"Shield and Spear","floor":54,"turns":1},{"damage":83,"enemies":"The Heart","floor":55,"turns":4}],"seed_played":"-3225900461723806106","potions_obtained":[{"floor":1,"key":"DuplicationPotion"},{"floor":6,"key":"Explosive Potion"},{"floor":8,"key":"GamblersBrew"},{"floor":18,"key":"Dexterity Potion"},{"floor":27,"key":"SmokeBomb"},{"floor":29,"key":"EssenceOfDarkness"},{"floor":35,"key":"Fire Potion"},{"floor":37,"key":"LiquidBronze"},{"floor":41,"key":"Regen Potion"},{"floor":44,"key":"Explosive Potion"}],"is_trial":false,"path_per_floor":["M","?","?","M","$","E","T","E","T","E","M","R","?","M","R","B",null,"M","?","?","T","$","R","E","?","T","M","$","E","R","E","R","B",null,"M","M","M","$","$","E","?","R","T","E","M","$","M","?","R","B",null,"R","$","E","B",null],"character_chosen":"DEFECT","items_purchased":["Eternal Feather","TungstenRod","PreservedInsect","Loop","DataDisk","Capacitor","Ice Cream","Toxic Egg 2","Defragment","HollowMod:StagPassRelic","Static Discharge","Gremlin Horn","Lantern","Frozen Egg 2","Static Discharge+1","Capacitor+1","Symbiotic Virus","Runic Capacitor","Loop+1","Singing Bowl","Defragment+1","Heatsinks+1","Membership Card","Lee\u0027s Waffle","White Noise+1","Electrodynamics+1","FossilizedHelix","Apotheosis+1","Bag of Preparation","InkBottle","Art of War","Runesmith:Nanobots"],"campfire_rested":3,"item_purchase_floors":[0,0,0,0,0,0,0,0,0,0,0,0,0,0,0,0,0,0,0,0,0,0,0,0,0,5,22,22,28,38,46,46],"current_hp_per_floor":[73,73,73,69,69,60,60,43,43,45,47,83,88,90,99,59,89,91,72,72,72,72,81,64,64,64,64,64,56,98,94,103,103,110,112,114,100,100,100,102,104,113,113,115,119,128,132,134,134,78,120,134,134,136,57],"gold":119,"neow_bonus":"","is_daily":false,"chose_seed":false,"campfire_upgraded":4,"win_rate":0.0,"timestamp":1612646789,"path_taken":["M","?","?","M","$","E","?","E","T","E","?","R","?","M","R","BOSS","M","?","?","?","$","R","E","?","T","?","$","E","R","E","R","BOSS","M","M","?","?","$","E","?","R","T","E","M","$","M","?","R","BOSS","R","$","E","BOSS"],"items_purchased_type":["Relic","Relic","Relic","Card","Relic","Card","Relic","Relic","Card","Relic","Card","Relic","Relic","Relic","Card","Card","Relic","Relic","Card","Relic","Card","Card","Relic","Relic","Card","Card","Relic","Card","Relic","Relic","Relic","Relic"],"build_version":"2020-12-22","purchased_purges":7,"victory":true,"max_hp_per_floor":[84,84,84,86,86,86,86,88,88,90,92,92,97,99,99,99,99,101,106,106,106,106,106,108,108,108,108,108,110,110,112,112,112,112,114,116,118,118,118,120,122,122,122,124,128,128,132,134,134,134,134,134,134,136,136],"card_choices":[{"not_picked":["Gash","Fusion+1","Redo+1"],"picked":"Singing Bowl","floor":1},{"not_picked":["Compile Driver","Rebound","Steam+1"],"picked":"Singing Bowl","floor":4},{"not_picked":["Blizzard","Aggregate+1"],"picked":"Storm+1","floor":6},{"not_picked":["Hello World+1","Streamline","Chill+1"],"picked":"Singing Bowl","floor":8},{"not_picked":["Rebound","Gash","Multi-Cast+1"],"picked":"Singing Bowl","floor":10},{"not_picked":["Rebound","Blizzard","Redo+1"],"picked":"Singing Bowl","floor":11},{"not_picked":["Conserve Battery+1","Beam Cell","Hello World+1"],"picked":"Singing Bowl","floor":14},{"not_picked":["Meteor Strike","Reboot+1"],"picked":"Amplify+1","floor":16},{"not_picked":["Barrage+1","Blizzard+1","Turbo+1"],"picked":"Singing Bowl","floor":18},{"not_picked":["Scrape","Skim+1","Conserve Battery+1"],"picked":"Singing Bowl","floor":24},{"not_picked":["Barrage","Leap+1"],"picked":"Consume+1","floor":27},{"not_picked":["Streamline+1","Double Energy+1","Reprogram+1"],"picked":"Singing Bowl","floor":29},{"not_picked":["Hyperbeam","Storm+1","Cold Snap"],"picked":"Singing Bowl","floor":31},{"not_picked":["Buffer+1","Echo Form+1"],"picked":"Electrodynamics+1","floor":33},{"not_picked":["Barrage"],"picked":"Singing Bowl","floor":35},{"not_picked":["Redo+1"],"picked":"Singing Bowl","floor":36},{"not_picked":["Rebound+1"],"picked":"Singing Bowl","floor":37},{"not_picked":["Auto Shields+1"],"picked":"Singing Bowl","floor":40},{"not_picked":["Doom and Gloom+1"],"picked":"Singing Bowl","floor":41},{"not_picked":["Lockon+1"],"picked":"Singing Bowl","floor":44},{"not_picked":["Ball Lightning"],"picked":"Singing Bowl","floor":45},{"not_picked":["Auto Shields+1"],"picked":"Singing Bowl","floor":45},{"not_picked":["Beam Cell+1"],"picked":"Singing Bowl","floor":47},{"not_picked":["Compile Driver+1"],"picked":"Singing Bowl","floor":47},{"not_picked":["Deep Breath+1"],"picked":"Singing Bowl","floor":48},{"not_picked":["Cold Snap"],"picked":"Singing Bowl","floor":54}],"player_experience":293247,"relics_obtained":[{"floor":6,"key":"Ornamental Fan"},{"floor":7,"key":"CaptainsWheel"},{"floor":8,"key":"Lizard Tail"},{"floor":9,"key":"Matryoshka"},{"floor":10,"key":"Omamori"},{"floor":21,"key":"Happy Flower"},{"floor":24,"key":"War Paint"},{"floor":26,"key":"Bronze Scales"},{"floor":26,"key":"Shuriken"},{"floor":29,"key":"HornCleat"},{"floor":31,"key":"Bottled Tornado"},{"floor":40,"key":"MealTicket"},{"floor":41,"key":"Prayer Wheel"},{"floor":43,"key":"Runesmith:AutoHammer"},{"floor":44,"key":"Blue Candle"},{"floor":54,"key":"Centennial Puzzle"}],"event_choices":[{"damage_healed":0,"gold_gain":0,"player_choice":"Left Gold","damage_taken":0,"max_hp_gain":0,"max_hp_loss":0,"event_name":"World of Goop","floor":2,"gold_loss":32},{"damage_healed":0,"gold_gain":175,"player_choice":"AGREE","damage_taken":0,"max_hp_gain":0,"max_hp_loss":0,"event_name":"Liars Game","floor":3,"gold_loss":0,"cards_obtained":["Doubt"]},{"damage_healed":0,"gold_gain":0,"player_choice":"Donut","damage_taken":0,"max_hp_gain":5,"max_hp_loss":0,"event_name":"Big Fish","floor":13,"gold_loss":0},{"damage_healed":0,"gold_gain":0,"player_choice":"Shed Blood","damage_taken":25,"max_hp_gain":5,"max_hp_loss":0,"event_name":"Forgotten Altar","floor":19,"gold_loss":0},{"cards_removed":["Static Discharge"],"damage_healed":0,"gold_gain":0,"player_choice":"Gave Gold","damage_taken":0,"max_hp_gain":0,"max_hp_loss":0,"event_name":"Beggar","floor":20,"gold_loss":75},{"damage_healed":0,"gold_gain":0,"player_choice":"Upgraded","damage_taken":0,"max_hp_gain":0,"max_hp_loss":0,"event_name":"Upgrade Shrine","floor":25,"gold_loss":0,"cards_upgraded":["Loop"]},{"damage_healed":0,"gold_gain":0,"player_choice":"Fight","damage_taken":0,"max_hp_gain":0,"max_hp_loss":0,"event_name":"Mysterious Sphere","floor":41,"gold_loss":0},{"damage_healed":0,"gold_gain":0,"player_choice":"Memory 1","damage_taken":0,"max_hp_gain":0,"max_hp_loss":0,"event_name":"SensoryStone","floor":48,"gold_loss":0}],"is_beta":false,"boss_relics":[{"not_picked":["Tiny House","Runic Dome"],"picked":"Runesmith:UraniumAnvil"},{"not_picked":["Coffee Dripper","Nuclear Battery"],"picked":"Busted Crown"}],"items_purged_floors":[0,0,0,0,22,28,38],"is_endless":false,"potions_floor_spawned":[1,6,8,18,27,29,35,37,41,44],"ascension_level":9}}