{"host":"ctlqibkg0sskiu65","time":1612582346,"event":{"mods":["AchievementEnabler","Aspiration","BaseMod","Better Third Choice","BetterRewards","Colored Map","Colored Powertips","Conspire","Curses Come First","Fiend Mod","Infinite Spire","Minty Spire (QoL Compilation)","Quick Restart","Reliquary","Replay The Spire","Shop Mod","StSLib","The Bladedancer","The Cursed","The Hierophant","The Jungle","The Kombatant","The Servant 0.9.4","TheBandit","Wide Potions"],"gold_per_floor":[114,114,114,114,127,127,159,174,174,174,192,192,213,213,213,290,290,304,304,304,304,319,319,1,1,36,54,54,83,103,113,125,137,137,211,211,221,221,234,234,253,253,278,278,302,347,347,347,381,421,421,421,421],"floor_reached":54,"language":"ENG","playtime":2559,"items_purged":["Regret","Strike_G"],"score":2449,"play_id":"30137276-9861-4f64-ba8f-4c2e44f2f748","local_time":"20210205213226","is_ascension_mode":true,"campfire_choices":[{"data":"Trip","floor":6.0,"key":"SMITH"},{"data":"Terror","floor":12.0,"key":"SMITH"},{"floor":15.0,"key":"REST"},{"data":"infinitespire:Neurotoxin","floor":25.0,"key":"SMITH"},{"floor":34,"key":"REST"},{"data":"Adrenaline","floor":42,"key":"SMITH"},{"floor":44,"key":"DIG"},{"data":"infinitespire:Starlight","floor":48,"key":"SMITH"},{"floor":51,"key":"REST"}],"circlet_count":0,"master_deck":["AscendersBane","Strike_G","Strike_G","Strike_G","Strike_G","Defend_G","Defend_G","Defend_G+1","Defend_G","Defend_G","Survivor+1","Neutralize","Poisoned Stab+1","Terror+1","Trip+1","Deadly Poison","infinitespire:Collect","Bane+1","Dodge and Roll","Sucker Punch","PiercingWail","infinitespire:Neurotoxin+1","infinitespire:Oblivion","Dagger Spray","Adrenaline","Bane","ReplayTheSpireMod:Necrosis","Deflect","Backstab","Doppelganger","infinitespire:Neurotoxin+1","Backflip+1","Adrenaline+1","infinitespire:Starlight+1","Noxious Fumes+1","infinitespire:Gouge"],"relics":["Replay:Multitool","Sling","War Paint","Boot","Question Card","Sizzling Blood","reliquary:IridiumChain","infinitespire:Satchel","Du-Vu Doll","Odd Mushroom","aspiration:SecretTechniqueScroll","infinitespire:Joker Card","Lee\u0027s Waffle","aspiration:Stabinomicon","Pen Nib","Frozen Egg 2","conspire:SpecialSausage","DollysMirror","reliquary:FerryPass","conspire:BottledYoYo","Bag of Preparation","infinitespire:EvilPickle","Lizard Tail"],"acts_visited":["Exordium","TheCity","TheBeyond"],"potions_floor_usage":[35,46,46,52],"damage_taken":[{"damage":3.0,"enemies":"Small Slimes","floor":1.0,"turns":4.0},{"damage":14.0,"enemies":"Jaw Worm","floor":5.0,"turns":5.0},{"damage":37.0,"enemies":"Nightmare","floor":7.0,"turns":10.0},{"damage":0.0,"enemies":"2 Louse","floor":8.0,"turns":3.0},{"damage":2.0,"enemies":"Looter","floor":11.0,"turns":2.0},{"damage":4.0,"enemies":"The Mushroom Lair","floor":13.0,"turns":2.0},{"damage":70.0,"enemies":"Fading Forest","floor":16.0,"turns":13.0},{"damage":32.0,"enemies":"2 Thieves","floor":18.0,"turns":5.0},{"damage":10.0,"enemies":"Spheric Guardian","floor":22.0,"turns":4.0},{"damage":11.0,"enemies":"Book of Stabbing","floor":26.0,"turns":3.0},{"damage":0.0,"enemies":"Chosen and Byrds","floor":27.0,"turns":4.0},{"damage":42.0,"enemies":"Nightmare","floor":29.0,"turns":6.0},{"damage":24.0,"enemies":"Shelled Parasite and Fungi","floor":30.0,"turns":3.0},{"damage":4.0,"enemies":"conspire:HollyBat","floor":31.0,"turns":5.0},{"damage":0.0,"enemies":"Snecko","floor":32.0,"turns":2.0},{"damage":0,"enemies":"Cultist and Chosen","floor":33,"turns":3},{"damage":6,"enemies":"Pondfish","floor":35,"turns":4},{"damage":0,"enemies":"Orb Walker","floor":37,"turns":1},{"damage":18,"enemies":"3 Darklings","floor":39,"turns":3},{"damage":5,"enemies":"Sphere and 2 Shapes","floor":41,"turns":5},{"damage":5,"enemies":"R_Hoarder","floor":43,"turns":3},{"damage":27,"enemies":"Reptomancer","floor":46,"turns":3},{"damage":13,"enemies":"4 Shapes","floor":49,"turns":3},{"damage":3,"enemies":"Writhing Mass","floor":50,"turns":3},{"damage":9,"enemies":"infinitespire:MassOfShapes","floor":52,"turns":6},{"damage":38,"enemies":"Time Eater","floor":53,"turns":4}],"seed_played":"-8213793380408238609","potions_obtained":[{"floor":7.0,"key":"PowerPotion"},{"floor":8.0,"key":"SkillPotion"},{"floor":26.0,"key":"PowerPotion"},{"floor":27.0,"key":"Explosive Potion"},{"floor":31.0,"key":"AttackPotion"},{"floor":32.0,"key":"Dexterity Potion"},{"floor":35,"key":"EssenceOfSteel"},{"floor":37,"key":"LifebloodPotion"},{"floor":46,"key":"Adrenaline Potion"}],"is_trial":false,"path_per_floor":["M","?","?","T","M","R","NM","M","T","R","M","R","?","?","R","B",null,"M","AVR","PTL","PTL","M","?","$","R","E","M","T","NM","M","M","M","M","R","B",null,"M","?","M","AVR","M","R","E","R","T","E","?","R","M","M","R","B","B",null],"character_chosen":"THE_SILENT","items_purchased":["Poisoned Stab","Terror","Trip","Sling","War Paint","Boot","Lee\u0027s Waffle","DistilledChaos"],"campfire_rested":3,"item_purchase_floors":[0,0,0,0,0,0,24,24],"current_hp_per_floor":[49,49,53,53,43,43,10,14,14,35,37,37,37,37,58,13,56,28,28,28,28,22,70,77,77,70,74,74,36,16,16,20,24,47,45,69,73,73,59,59,68,68,67,67,67,54,35,35,26,42,65,77,58],"gold":421,"neow_bonus":"","is_daily":false,"chose_seed":false,"campfire_upgraded":5,"win_rate":0.0,"timestamp":1612582346,"path_taken":["M","?","?","?","M","R","E","M","T","R","M","R","?","?","R","BOSS","M","AVR","PTL","PTL","M","?","$","R","E","M","T","NM","M","?","M","M","R","BOSS","M","?","?","AVR","M","R","E","R","T","E","?","R","M","M","R","BOSS","BOSS"],"items_purchased_type":["Card","Card","Card","Relic","Relic","Relic","Relic","Potion"],"build_version":"2020-12-22","purchased_purges":2,"victory":true,"max_hp_per_floor":[66,66,70,70,70,70,70,70,70,70,70,70,70,70,70,70,70,70,70,70,70,70,70,77,77,77,77,77,77,77,77,77,77,77,77,77,77,77,77,77,77,77,77,77,77,77,77,77,77,77,77,77,77],"card_choices":[{"not_picked":["Prepared","Distraction","Flying Knee"],"picked":"SKIP","floor":1.0},{"not_picked":["Infinite Blades","Underhanded Strike","Blade Dance"],"picked":"Deadly Poison","floor":5.0},{"not_picked":["infinitespire:SealOfDarkness+","Replay:Fractal Strike"],"picked":"infinitespire:Collect","floor":7.0},{"not_picked":["Slice","Flying Knee","Choke"],"picked":"Bane","floor":7.0},{"not_picked":["Envenom","Blade Dance","Poisoned Stab"],"picked":"Dodge and Roll","floor":8.0},{"not_picked":["Deflect","Outmaneuver","Underhanded Strike"],"picked":"Sucker Punch","floor":11.0},{"not_picked":["Draining Mist","Backflip","Die Die Die"],"picked":"PiercingWail","floor":13.0},{"not_picked":["Corpse Explosion","After Image","Malaise"],"picked":"infinitespire:Neurotoxin","floor":16.0},{"not_picked":["Quick Slash","Outmaneuver","Acrobatics","Choke"],"picked":"SKIP","floor":18.0},{"not_picked":["Sucker Punch","Blade Dance+1","Underhanded Strike"],"picked":"Dagger Spray","floor":22.0},{"not_picked":["Calculated Gamble","Finisher","Skewer"],"picked":"Adrenaline","floor":26.0},{"not_picked":["Outmaneuver","Skewer","Quick Slash"],"picked":"Bane","floor":27.0},{"not_picked":["PiercingWail","Prepared","Caltrops+1"],"picked":"ReplayTheSpireMod:Necrosis","floor":29.0},{"not_picked":["Setup","Underhanded Strike+1","Reflex"],"picked":"Deflect","floor":30.0},{"not_picked":["Dagger Throw","All Out Attack","Hidden Blade","conspire:PoisonWeapons+1"],"picked":"SKIP","floor":31.0},{"not_picked":["conspire:DoublingDagger","Dagger Throw","Flechettes"],"picked":"Backstab","floor":32.0},{"not_picked":["Dagger Spray","Escape Plan","Quick Slash","Flying Knee"],"picked":"SKIP","floor":33},{"not_picked":["Tools of the Trade+1","infinitespire:Neurotoxin","Poison Darts"],"picked":"Doppelganger","floor":35},{"not_picked":["Reflex","Infinite Blades+1","Deadly Poison","Calculated Gamble+1"],"picked":"SKIP","floor":37},{"not_picked":["Dodge and Roll+1","Underhanded Strike","Bane+1"],"picked":"Backflip+1","floor":39},{"not_picked":["Sucker Punch+1","ReplayTheSpireMod:Exploit Weakness","Dagger Throw","Quick Slash"],"picked":"SKIP","floor":41},{"not_picked":["Fluid Movement+1","Deadly Poison+1","Poison Darts","Unload"],"picked":"SKIP","floor":43},{"not_picked":["Flechettes","Eviscerate","Choke+1"],"picked":"Noxious Fumes+1","floor":46},{"not_picked":["ReplayTheSpireMod:Echoes of Time","ReplayTheSpireMod:Black Plague"],"picked":"infinitespire:Gouge","floor":47},{"not_picked":["Underhanded Strike","Backflip+1","Dodge and Roll","Acrobatics"],"picked":"SKIP","floor":49},{"not_picked":["Accuracy+1","Poisoned Stab","ReplayTheSpireMod:Tripwire","Heel Hook"],"picked":"SKIP","floor":50}],"player_experience":184981,"relics_obtained":[{"floor":4.0,"key":"reliquary:IridiumChain"},{"floor":7.0,"key":"infinitespire:Satchel"},{"floor":9.0,"key":"Du-Vu Doll"},{"floor":13.0,"key":"Odd Mushroom"},{"floor":26.0,"key":"aspiration:Stabinomicon"},{"floor":28.0,"key":"Pen Nib"},{"floor":29.0,"key":"Frozen Egg 2"},{"floor":43,"key":"reliquary:FerryPass"},{"floor":44,"key":"conspire:BottledYoYo"},{"floor":45,"key":"Bag of Preparation"},{"floor":46,"key":"Lizard Tail"}],"event_choices":[{"damage_healed":0.0,"max_hp_gain":0.0,"max_hp_loss":0.0,"gold_gain":0.0,"event_name":"Big Fish","player_choice":"Box","floor":2.0,"gold_loss":0.0,"damage_taken":0.0,"relics_obtained":["Question Card"],"cards_obtained":["Regret"]},{"damage_healed":0.0,"max_hp_gain":0.0,"max_hp_loss":0.0,"gold_gain":0.0,"event_name":"Mushrooms","player_choice":"Fought Mushrooms","floor":13.0,"gold_loss":0.0,"damage_taken":0.0},{"damage_healed":0.0,"max_hp_gain":0.0,"max_hp_loss":0.0,"gold_gain":0.0,"event_name":"Living Wall","player_choice":"Grow","floor":14.0,"gold_loss":0.0,"damage_taken":0.0,"cards_upgraded":["Poisoned Stab"]},{"damage_healed":48.0,"max_hp_gain":0.0,"max_hp_loss":0.0,"gold_gain":0.0,"event_name":"Wheel of Change","player_choice":"Full Heal","floor":23.0,"gold_loss":0.0,"damage_taken":0.0},{"damage_healed":0,"gold_gain":0,"player_choice":"Copied","damage_taken":0,"max_hp_gain":0,"max_hp_loss":0,"event_name":"Duplicator","floor":38,"gold_loss":0,"cards_obtained":["infinitespire:Neurotoxin"]}],"is_beta":false,"boss_relics":[{"not_picked":["conspire:RoyalGoblet","WristBlade"],"picked":"aspiration:SecretTechniqueScroll"},{"not_picked":["Cursed Key","ReplayTheSpireMod:SealedPack"],"picked":"conspire:SpecialSausage"}],"items_purged_floors":[19,24],"is_endless":false,"potions_floor_spawned":[7,8,26,27,31,32,35,37,43,46],"ascension_level":20}}