{"host":"qksa0nge77ubun9a","time":1612575269,"event":{"mods":["AchievementEnabler","BaseMod","Colored Map","Colored Powertips","Googly Eyes","Highlight Path","Minty Spire (QoL Compilation)","Quick Restart","StSLib"],"gold_per_floor":[112,187,207,207,132,132,167,167,191,191,226,42,70,81,81,185,185,202,220,83,83,33,33,64,64,91,91,1,17,44,64,64,169,169,183,183,195,245,290,320,320,340,366,378,408,439,5,32,32,32],"floor_reached":51,"language":"ENG","playtime":4218,"items_purged":["Defend_R","Bash+1","Defend_R","Strike_R","Rampage+1"],"score":1101,"play_id":"0a283240-2d58-4194-b26b-b7ba93602352","local_time":"20210205173429","is_ascension_mode":true,"campfire_choices":[{"data":"Iron Wave","floor":6.0,"key":"SMITH"},{"data":"Clash","floor":8.0,"key":"SMITH"},{"data":"Battle Trance","floor":10.0,"key":"SMITH"},{"data":"Trip","floor":15.0,"key":"SMITH"},{"data":"Madness","floor":23.0,"key":"SMITH"},{"data":"Limit Break","floor":25.0,"key":"SMITH"},{"data":"Demon Form","floor":27.0,"key":"SMITH"},{"data":"Defend_R","floor":32.0,"key":"SMITH"},{"floor":41.0,"key":"REST"},{"data":"Brutality","floor":44.0,"key":"SMITH"},{"data":"Heavy Blade","floor":49.0,"key":"SMITH"}],"circlet_count":0,"master_deck":["Strike_R","Strike_R","Strike_R+1","Defend_R+1","Defend_R+1","Iron Wave+1","Battle Trance+1","Clash+1","Dual Wield","Trip+1","Warcry","Demon Form+1","Limit Break+1","Clash+1","Madness+1","Brutality+1","Sword Boomerang+1","Bandage Up","Heavy Blade+1","Intimidate+1","Reaper","Flex+1","Inflame"],"relics":["Burning Blood","NeowsBlessing","Omamori","MealTicket","Mango","Smiling Mask","Busted Crown","WarpedTongs","HornCleat","Vajra","Regal Pillow","SlaversCollar","Ginger","Bird Faced Urn","Dream Catcher","MawBank","Membership Card","Mummified Hand","Orichalcum","Potion Belt"],"acts_visited":["Exordium","TheCity","TheBeyond"],"potions_floor_usage":[],"damage_taken":[{"damage":0.0,"enemies":"2 Louse","floor":1.0,"turns":1.0},{"damage":0.0,"enemies":"Jaw Worm","floor":3.0,"turns":1.0},{"damage":0.0,"enemies":"Lagavulin","floor":7.0,"turns":1.0},{"damage":3.0,"enemies":"Gremlin Nob","floor":11.0,"turns":3.0},{"damage":21.0,"enemies":"Lagavulin","floor":13.0,"turns":6.0},{"damage":0.0,"enemies":"Cultist","floor":14.0,"turns":3.0},{"damage":20.0,"enemies":"Slime Boss","floor":16.0,"turns":7.0},{"damage":0.0,"enemies":"Chosen","floor":18.0,"turns":3.0},{"damage":6.0,"enemies":"Shell Parasite","floor":19.0,"turns":3.0},{"damage":13.0,"enemies":"Slavers","floor":24.0,"turns":3.0},{"damage":7.0,"enemies":"Centurion and Healer","floor":29.0,"turns":2.0},{"damage":15.0,"enemies":"Book of Stabbing","floor":30.0,"turns":4.0},{"damage":0.0,"enemies":"3 Cultists","floor":31.0,"turns":3.0},{"damage":10.0,"enemies":"Automaton","floor":33.0,"turns":6.0},{"damage":25.0,"enemies":"3 Darklings","floor":35.0,"turns":4.0},{"damage":20.0,"enemies":"3 Shapes","floor":37.0,"turns":6.0},{"damage":16.0,"enemies":"Mind Bloom Boss Battle","floor":38.0,"turns":4.0},{"damage":40.0,"enemies":"2 Orb Walkers","floor":39.0,"turns":4.0},{"damage":10.0,"enemies":"Giant Head","floor":40.0,"turns":4.0},{"damage":22.0,"enemies":"3 Darklings","floor":42.0,"turns":5.0},{"damage":27.0,"enemies":"Maw","floor":45.0,"turns":5.0},{"damage":2.0,"enemies":"Sphere and 2 Shapes","floor":46.0,"turns":3.0},{"damage":11.0,"enemies":"Nemesis","floor":48.0,"turns":5.0},{"damage":57,"enemies":"Donu and Deca","floor":50,"turns":4}],"seed_played":"609583199722148870","potions_obtained":[{"floor":7.0,"key":"Dexterity Potion"},{"floor":11.0,"key":"LiquidBronze"},{"floor":14.0,"key":"EssenceOfSteel"},{"floor":16.0,"key":"ColorlessPotion"},{"floor":19.0,"key":"Block Potion"},{"floor":33.0,"key":"DistilledChaos"},{"floor":35.0,"key":"PowerPotion"},{"floor":37.0,"key":"Strength Potion"},{"floor":39.0,"key":"Block Potion"},{"floor":45.0,"key":"FairyPotion"}],"is_trial":false,"path_per_floor":["M","?","M","?","$","R","E","R","T","R","E","$","E","M","R","B",null,"M","M","$","?","$","R","E","R","T","R","?","M","E","M","R","B",null,"M","?","M","?","?","E","R","M","T","R","M","M","$","E","R","B",null],"character_chosen":"IRONCLAD","items_purchased":["Trip","Madness","Membership Card","Inflame","Mummified Hand","Orichalcum"],"campfire_rested":1,"item_purchase_floors":[12,20,47,47,47,47],"current_hp_per_floor":[78,67,73,57,57,57,63,63,63,63,80,94,79,85,85,71,88,94,94,94,94,94,94,87,87,87,87,87,86,77,83,83,79,90,71,61,51,47,19,25,68,94,94,94,87,94,94,94,94,57],"gold":32,"neow_bonus":"THREE_ENEMY_KILL","is_daily":false,"chose_seed":false,"campfire_upgraded":10,"win_rate":0.0,"timestamp":1612575269,"path_taken":["M","?","M","?","$","R","E","R","T","R","E","?","E","?","R","BOSS","M","M","$","?","?","R","E","R","T","R","?","M","E","M","R","BOSS","M","?","M","?","?","E","R","M","T","R","M","M","$","E","R","BOSS"],"items_purchased_type":["Card","Card","Relic","Card","Relic","Relic"],"build_version":"2020-12-22","purchased_purges":5,"victory":true,"max_hp_per_floor":[80,80,80,80,80,80,80,80,80,80,94,94,94,94,94,94,94,94,94,94,94,94,94,94,94,94,94,94,94,94,94,94,94,94,94,94,94,94,94,94,94,94,94,94,94,94,94,94,94,94],"card_choices":[{"not_picked":["Thunderclap","Burning Pact"],"picked":"Iron Wave","floor":1.0},{"not_picked":["Iron Wave","Carnage"],"picked":"Battle Trance","floor":3.0},{"not_picked":["Dark Embrace","Clothesline"],"picked":"Clash","floor":7.0},{"not_picked":["Sever Soul","Corruption"],"picked":"Dual Wield","floor":11.0},{"not_picked":["Wild Strike","Anger"],"picked":"Warcry","floor":13.0},{"not_picked":["Armaments","Sword Boomerang"],"picked":"Demon Form","floor":14.0},{"not_picked":["Immolate","Feed"],"picked":"Limit Break","floor":16.0},{"not_picked":[],"picked":"Clash+1","floor":18.0},{"not_picked":["Iron Wave"],"picked":"SKIP","floor":19.0},{"not_picked":["Sentinel"],"picked":"SKIP","floor":24.0},{"not_picked":["Pommel Strike"],"picked":"SKIP","floor":29.0},{"not_picked":[],"picked":"Rampage+1","floor":30.0},{"not_picked":["Wild Strike"],"picked":"SKIP","floor":31.0},{"not_picked":[],"picked":"Brutality","floor":33.0},{"not_picked":[],"picked":"Sword Boomerang+1","floor":35.0},{"not_picked":[],"picked":"Bandage Up","floor":36.0},{"not_picked":[],"picked":"Heavy Blade","floor":37.0},{"not_picked":[],"picked":"Intimidate+1","floor":38.0},{"not_picked":[],"picked":"Reaper","floor":40.0},{"not_picked":["Body Slam+1"],"picked":"SKIP","floor":42.0},{"not_picked":[],"picked":"Flex+1","floor":45.0},{"not_picked":["Clothesline+1"],"picked":"SKIP","floor":46.0},{"not_picked":["Shrug It Off"],"picked":"SKIP","floor":48.0}],"player_experience":1337606,"relics_obtained":[{"floor":7.0,"key":"Omamori"},{"floor":9.0,"key":"MealTicket"},{"floor":11.0,"key":"Mango"},{"floor":13.0,"key":"Smiling Mask"},{"floor":24.0,"key":"HornCleat"},{"floor":26.0,"key":"Vajra"},{"floor":30.0,"key":"Regal Pillow"},{"floor":38.0,"key":"Ginger"},{"floor":39.0,"key":"Bird Faced Urn"},{"floor":40.0,"key":"Dream Catcher"},{"floor":43.0,"key":"MawBank"},{"floor":48.0,"key":"Potion Belt"}],"event_choices":[{"damage_healed":0.0,"max_hp_gain":0.0,"max_hp_loss":0.0,"gold_gain":75.0,"event_name":"World of Goop","player_choice":"Gather Gold","floor":2.0,"gold_loss":0.0,"damage_taken":11.0},{"damage_healed":0.0,"max_hp_gain":0.0,"max_hp_loss":0.0,"gold_gain":0.0,"event_name":"Shining Light","player_choice":"Entered Light","floor":4.0,"gold_loss":0.0,"damage_taken":16.0,"cards_upgraded":["Bash","Strike_R"]},{"damage_healed":0.0,"max_hp_gain":0.0,"max_hp_loss":0.0,"gold_gain":0.0,"event_name":"Accursed Blacksmith","player_choice":"Rummage","floor":21.0,"gold_loss":0.0,"damage_taken":0.0,"relics_obtained":["WarpedTongs"],"cards_obtained":["Pain"]},{"cards_removed":["Strike_R"],"damage_healed":0.0,"max_hp_gain":0.0,"max_hp_loss":0.0,"gold_gain":0.0,"event_name":"Designer","player_choice":"Upgrade and Remove","floor":28.0,"gold_loss":90.0,"damage_taken":0.0,"cards_upgraded":["Defend_R"]},{"damage_healed":0.0,"max_hp_gain":0.0,"max_hp_loss":0.0,"gold_gain":0.0,"event_name":"SensoryStone","player_choice":"Memory 3","floor":36.0,"gold_loss":0.0,"damage_taken":10.0},{"damage_healed":0.0,"max_hp_gain":0.0,"max_hp_loss":0.0,"gold_gain":0.0,"event_name":"MindBloom","player_choice":"Fight","floor":38.0,"gold_loss":0.0,"damage_taken":0.0},{"damage_healed":0.0,"max_hp_gain":0.0,"max_hp_loss":0.0,"gold_gain":0.0,"event_name":"Mysterious Sphere","player_choice":"Fight","floor":39.0,"gold_loss":0.0,"damage_taken":0.0}],"is_beta":false,"boss_relics":[{"not_picked":["Fusion Hammer","SacredBark"],"picked":"Busted Crown"},{"not_picked":["Pandora\u0027s Box","Mark of Pain"],"picked":"SlaversCollar"}],"items_purged_floors":[5,12,20,22,47],"is_endless":false,"potions_floor_spawned":[7,11,14,16,19,33,35,37,39,45],"ascension_level":9}}