{"host":"dvpvhz1t6etneyb3","time":1612586840,"event":{"mods":["AchievementEnabler","BaseMod","Colored Map","Highlight Path","Minty Spire (QoL Compilation)","Permanent Neow","Quick Restart"],"gold_per_floor":[110,110,122,122,139,139,173,184,184,107,107,137,137,25,25,100,100,116,126,126,136,154,154,187,207,507,507,526,558,44,70,70,144,144,163,163,209,209,222,255,255,280,307,320,347,357,13,47,47,47,47,47,47,7,36,36],"floor_reached":57,"language":"ENG","playtime":2214,"items_purged":["Strike_R","Strike_R"],"score":3101,"play_id":"79311fff-a6e2-461f-87d2-7b0dd155a483","local_time":"20210205234720","is_ascension_mode":true,"campfire_choices":[{"data":"Whirlwind","floor":6.0,"key":"SMITH"},{"data":"Shockwave","floor":11.0,"key":"SMITH"},{"floor":13.0,"key":"REST"},{"data":"Anger","floor":15.0,"key":"SMITH"},{"floor":23.0,"key":"REST"},{"floor":27.0,"key":"RECALL"},{"floor":32.0,"key":"REST"},{"floor":41.0,"key":"REST"},{"data":"Strike_R","floor":49,"key":"PURGE"},{"data":"Defend_R","floor":53,"key":"PURGE"}],"circlet_count":0,"master_deck":["AscendersBane","Defend_R+1","Defend_R","Bash+1","Whirlwind+1","Anger+1","Shockwave+1","Hemokinesis","Limit Break+1","Flex+1","Disarm+1","Reaper","Shockwave+1","Necronomicurse","Flex+1","True Grit+1","True Grit+1","Uppercut","Spot Weakness+1","Reaper","Secret Weapon+1","Shrug It Off+1","Reaper","Second Wind+1","Shrug It Off+1","Feel No Pain"],"relics":["Burning Blood","Bottled Flame","Toxic Egg 2","Akabeko","Fusion Hammer","Necronomicon","Ancient Tea Set","Old Coin","Smiling Mask","Chemical X","Pen Nib","Art of War","Black Star","CaptainsWheel","Potion Belt","Ginger","Boot","Strawberry","FossilizedHelix","Calipers","Membership Card","Peace Pipe","MealTicket","Unceasing Top","Lizard Tail","Anchor"],"acts_visited":["Exordium","TheCity","TheBeyond","TheEnding"],"potions_floor_usage":[56,56,56],"damage_taken":[{"damage":9.0,"enemies":"2 Louse","floor":1.0,"turns":3.0},{"damage":0.0,"enemies":"Cultist","floor":3.0,"turns":3.0},{"damage":8.0,"enemies":"Small Slimes","floor":5.0,"turns":3.0},{"damage":29.0,"enemies":"3 Sentries","floor":7.0,"turns":6.0},{"damage":0.0,"enemies":"2 Fungi Beasts","floor":8.0,"turns":1.0},{"damage":26.0,"enemies":"Gremlin Nob","floor":12.0,"turns":4.0},{"damage":13.0,"enemies":"Hexaghost","floor":16.0,"turns":6.0},{"damage":0.0,"enemies":"Chosen","floor":18.0,"turns":2.0},{"damage":0.0,"enemies":"3 Byrds","floor":19.0,"turns":1.0},{"damage":0.0,"enemies":"Cultist and Chosen","floor":21.0,"turns":2.0},{"damage":0.0,"enemies":"Sentry and Sphere","floor":22.0,"turns":1.0},{"damage":0.0,"enemies":"Gremlin Leader","floor":24.0,"turns":2.0},{"damage":0.0,"enemies":"Centurion and Healer","floor":25.0,"turns":1.0},{"damage":0.0,"enemies":"Snake Plant","floor":28.0,"turns":1.0},{"damage":12.0,"enemies":"Book of Stabbing","floor":29.0,"turns":4.0},{"damage":0.0,"enemies":"Gremlin Leader","floor":31.0,"turns":1.0},{"damage":66.0,"enemies":"Champ","floor":33.0,"turns":5.0},{"damage":0.0,"enemies":"Orb Walker","floor":35.0,"turns":1.0},{"damage":0.0,"enemies":"2 Orb Walkers","floor":37.0,"turns":1.0},{"damage":69.0,"enemies":"3 Shapes","floor":39.0,"turns":2.0},{"damage":42.0,"enemies":"Giant Head","floor":40.0,"turns":5.0},{"damage":0.0,"enemies":"Nemesis","floor":42.0,"turns":1.0},{"damage":0.0,"enemies":"Sphere and 2 Shapes","floor":44.0,"turns":1.0},{"damage":51.0,"enemies":"Giant Head","floor":45.0,"turns":6.0},{"damage":0.0,"enemies":"Maw","floor":46.0,"turns":6.0},{"damage":28,"enemies":"Nemesis","floor":48,"turns":5},{"damage":78,"enemies":"Time Eater","floor":50,"turns":10},{"damage":63,"enemies":"Awakened One","floor":51,"turns":12},{"damage":0,"enemies":"Shield and Spear","floor":55,"turns":1},{"damage":173,"enemies":"The Heart","floor":56,"turns":10}],"seed_played":"8045581153411703824","potions_obtained":[{"floor":3.0,"key":"ColorlessPotion"},{"floor":7.0,"key":"FearPotion"},{"floor":8.0,"key":"FairyPotion"},{"floor":12.0,"key":"DistilledChaos"},{"floor":45.0,"key":"BloodPotion"},{"floor":46.0,"key":"CultistPotion"}],"is_trial":false,"path_per_floor":["M","?","M","?","M","R","E","M","T","$","R","E","R","$","R","B",null,"M","M","?","M","M","R","E","M","T","R","M","E","$","E","R","B",null,"M","?","?","?","M","E","R","E","T","M","E","M","$","E","R","B","B",null,"R","$","E","B",null],"character_chosen":"IRONCLAD","items_purchased":["Limit Break+1","Disarm+1","Chemical X","Spot Weakness+1","Pen Nib","BloodPotion","Membership Card","Peace Pipe","Shrug It Off+1","Feel No Pain"],"campfire_rested":4,"item_purchase_floors":[10,14,30,30,30,30,47,47,47,54],"current_hp_per_floor":[65,42,48,48,46,46,23,29,29,29,29,9,31,31,31,24,62,72,75,54,60,66,75,75,75,75,75,75,75,75,75,75,15,60,66,66,72,72,68,52,74,82,82,82,64,82,82,82,82,54,82,82,82,82,82,11],"gold":36,"neow_bonus":"TRANSFORM_CARD","is_daily":false,"chose_seed":false,"campfire_upgraded":3,"win_rate":0.0,"timestamp":1612586840,"path_taken":["M","?","M","?","M","R","E","?","T","$","R","E","R","$","R","BOSS","M","M","?","M","M","R","E","M","T","R","M","E","$","E","R","BOSS","M","?","?","?","M","E","R","E","T","M","E","M","$","E","R","BOSS","BOSS","R","$","E","BOSS"],"items_purchased_type":["Card","Card","Relic","Card","Relic","Potion","Relic","Relic","Card","Card"],"build_version":"2020-12-22","purchased_purges":2,"victory":true,"max_hp_per_floor":[75,75,75,75,75,75,75,75,75,75,75,75,75,75,75,75,75,75,75,75,75,75,75,75,75,75,75,75,75,75,75,75,75,75,75,75,75,75,75,75,75,82,82,82,82,82,82,82,82,82,82,82,82,82,82,82],"card_choices":[{"not_picked":["Heavy Blade","Headbutt","Dual Wield"],"picked":"SKIP","floor":1.0},{"not_picked":["Thunderclap","Armaments"],"picked":"Anger","floor":3.0},{"not_picked":["Perfected Strike","Wild Strike","Clothesline"],"picked":"SKIP","floor":5.0},{"not_picked":["Hemokinesis","Body Slam"],"picked":"Shockwave","floor":7.0},{"not_picked":["Dark Embrace","Havoc"],"picked":"Hemokinesis","floor":8.0},{"not_picked":["Heavy Blade","Thunderclap"],"picked":"Flex+1","floor":12.0},{"not_picked":["Bludgeon","Berserk"],"picked":"Reaper","floor":16.0},{"not_picked":["Infernal Blade+1","Carnage"],"picked":"Shockwave+1","floor":18.0},{"not_picked":["Feel No Pain","Wild Strike","Perfected Strike+1"],"picked":"SKIP","floor":19.0},{"not_picked":["Warcry+1","Clash"],"picked":"Flex+1","floor":21.0},{"not_picked":["Feel No Pain","Ghostly Armor+1"],"picked":"True Grit+1","floor":22.0},{"not_picked":["Clothesline","Sword Boomerang"],"picked":"True Grit+1","floor":24.0},{"not_picked":["Dropkick+1","Pommel Strike","Sword Boomerang"],"picked":"SKIP","floor":25.0},{"not_picked":["Dropkick+1","Pommel Strike","Sword Boomerang"],"picked":"SKIP","floor":25.0},{"not_picked":["Intimidate+1","Heavy Blade","Flex+1"],"picked":"SKIP","floor":28.0},{"not_picked":["Twin Strike","Immolate"],"picked":"Uppercut","floor":29.0},{"not_picked":["Blood for Blood","Iron Wave","Flex+1"],"picked":"SKIP","floor":31.0},{"not_picked":["Brutality","Impervious+1"],"picked":"Reaper","floor":33.0},{"not_picked":["Perfected Strike","Heavy Blade","True Grit+1"],"picked":"SKIP","floor":35.0},{"not_picked":["Bandage Up+1","Trip+1"],"picked":"Secret Weapon+1","floor":36.0},{"not_picked":["Warcry+1","Flex+1"],"picked":"Shrug It Off+1","floor":37.0},{"not_picked":["Dropkick+1","Infernal Blade+1","Pummel"],"picked":"SKIP","floor":39.0},{"not_picked":["Battle Trance+1","Clothesline"],"picked":"Reaper","floor":40.0},{"not_picked":["Headbutt","Rupture","Heavy Blade"],"picked":"SKIP","floor":42.0},{"not_picked":["Metallicize","Searing Blow","Anger"],"picked":"SKIP","floor":44.0},{"not_picked":["Brutality","Thunderclap"],"picked":"Second Wind+1","floor":45.0},{"not_picked":["Iron Wave","Flex+1","Body Slam"],"picked":"SKIP","floor":46.0},{"not_picked":["Fire Breathing","Thunderclap","Twin Strike+1"],"picked":"SKIP","floor":48},{"not_picked":["Clothesline","Sword Boomerang","Clash"],"picked":"SKIP","floor":55}],"player_experience":2157756,"relics_obtained":[{"floor":7.0,"key":"Bottled Flame"},{"floor":9.0,"key":"Toxic Egg 2"},{"floor":12.0,"key":"Akabeko"},{"floor":20.0,"key":"Necronomicon"},{"floor":24.0,"key":"Ancient Tea Set"},{"floor":26.0,"key":"Old Coin"},{"floor":29.0,"key":"Smiling Mask"},{"floor":31.0,"key":"Art of War"},{"floor":37.0,"key":"CaptainsWheel"},{"floor":40.0,"key":"Potion Belt"},{"floor":40.0,"key":"Ginger"},{"floor":42.0,"key":"Boot"},{"floor":42.0,"key":"Strawberry"},{"floor":45.0,"key":"FossilizedHelix"},{"floor":45.0,"key":"Calipers"},{"floor":48,"key":"MealTicket"},{"floor":48,"key":"Unceasing Top"},{"floor":55,"key":"Lizard Tail"},{"floor":55,"key":"Anchor"}],"event_choices":[{"damage_healed":0.0,"max_hp_gain":0.0,"max_hp_loss":0.0,"gold_gain":0.0,"event_name":"Shining Light","player_choice":"Entered Light","floor":2.0,"gold_loss":0.0,"damage_taken":23.0,"cards_upgraded":["Bash","Defend_R"]},{"cards_removed":["Strike_R"],"damage_healed":0.0,"max_hp_gain":0.0,"max_hp_loss":0.0,"gold_gain":0.0,"event_name":"Bonfire Elementals","player_choice":"Offered Basic","floor":4.0,"gold_loss":0.0,"damage_taken":0.0},{"damage_healed":0.0,"max_hp_gain":0.0,"max_hp_loss":0.0,"gold_gain":0.0,"event_name":"Cursed Tome","player_choice":"Obtained Book","floor":20.0,"gold_loss":0.0,"damage_taken":21.0},{"damage_healed":0.0,"max_hp_gain":0.0,"max_hp_loss":0.0,"gold_gain":0.0,"event_name":"SensoryStone","player_choice":"Memory 1","floor":36.0,"gold_loss":0.0,"damage_taken":0.0},{"damage_healed":0.0,"max_hp_gain":0.0,"max_hp_loss":0.0,"gold_gain":0.0,"event_name":"Mysterious Sphere","player_choice":"Fight","floor":37.0,"gold_loss":0.0,"damage_taken":0.0},{"cards_removed":["Defend_R"],"damage_healed":0.0,"max_hp_gain":0.0,"max_hp_loss":0.0,"gold_gain":0.0,"event_name":"Falling","player_choice":"Removed Skill","floor":38.0,"gold_loss":0.0,"damage_taken":0.0}],"is_beta":false,"boss_relics":[{"not_picked":["Coffee Dripper","Runic Pyramid"],"picked":"Fusion Hammer"},{"not_picked":["Black Blood","Empty Cage"],"picked":"Black Star"}],"items_purged_floors":[14,30],"is_endless":false,"potions_floor_spawned":[3,7,8,12,18,19,28,33,39,45,46,48],"ascension_level":20}}