{"host":"Areaser","time":1612644539,"event":{"mods":["AchievementEnabler","BaseMod","BetterRewards","Colored Map","Hubris","Infinite Spire","Minty Spire (QoL Compilation)","Replay The Spire","StSLib","The Animator","The Bug Knight","The Cursed","The Disciple","The Necromancer","The Servant 0.9.4"],"gold_per_floor":[114,39,39,54,0,0,35,35,82,105,105,126,126,164,164,285,285,301,301,301,315,339,339,363,363,363,363,387,387,402,423,423,581,581,637,701,701,767,767,767,850,850,902,902,902,902,982,982,982],"floor_reached":48,"language":"ENG","playtime":3077,"items_purged":["Strike_B","Dualcast"],"score":670,"play_id":"7bfcefde-66a4-403e-a9de-a3c0b26229b0","local_time":"20210206214859","is_ascension_mode":false,"campfire_choices":[{"data":"Conserve Battery","floor":6,"key":"SMITH"},{"floor":11,"key":"REST"},{"data":"Crystallizer","floor":13,"key":"SMITH"},{"data":"Defragment","floor":23,"key":"SMITH"},{"data":"Creative AI","floor":25,"key":"SMITH"},{"floor":27,"key":"REST"},{"floor":29,"key":"REST"},{"data":"Zap","floor":32,"key":"SMITH"},{"data":"infinitespire:Collect","floor":40,"key":"SMITH"},{"floor":42,"key":"REST"},{"floor":44,"key":"REST"}],"circlet_count":0,"master_deck":["Strike_B","Strike_B","Defend_B","Defend_B","Defend_B","Zap+1","Ball Lightning","Conserve Battery+1","Defragment+1","Steam","Crystallizer+1","Ball Lightning","Leap","Capacitor","Creative AI+1","Loop+1","Stack+1","Static Discharge","Cold Snap","Multi-Cast","Coolheaded+1","Stack+1","Madness","Madness","infinitespire:Collect+1","ReplayTheSpireMod:Calculation Training","Parasite","Leap+1"],"relics":["Cracked Core","NeowsBlessing","Bronze Scales","Quantum Egg","Golden Idol","hubris:BallOfYels","infinitespire:Lychee Nut","Inserter","Prayer Wheel","Replay:Ringing Soul","infinitespire:EvilPickle","Nuclear Battery","Kunai","Replay:Bottled Steam"],"acts_visited":["Exordium","TheCity","TheBeyond"],"potions_floor_usage":[16,21,24,33,33,35,38,38],"damage_taken":[{"damage":0,"enemies":"2 Louse","floor":1,"turns":1},{"damage":0,"enemies":"Cultist","floor":4,"turns":1},{"damage":0,"enemies":"Lagavulin","floor":7,"turns":1},{"damage":6,"enemies":"Jaw Worm","floor":10,"turns":2},{"damage":0,"enemies":"Large Slime","floor":12,"turns":4},{"damage":4,"enemies":"3 Sentries","floor":14,"turns":6},{"damage":59,"enemies":"Fading Forest","floor":16,"turns":11},{"damage":10,"enemies":"Chosen","floor":18,"turns":4},{"damage":1,"enemies":"2 Thieves","floor":21,"turns":4},{"damage":19,"enemies":"Centurion and Healer","floor":22,"turns":6},{"damage":10,"enemies":"Snecko","floor":24,"turns":4},{"damage":22,"enemies":"Snake Plant","floor":28,"turns":3},{"damage":16,"enemies":"3 Cultists","floor":30,"turns":5},{"damage":4,"enemies":"Snecko","floor":31,"turns":4},{"damage":55,"enemies":"Pondfish","floor":33,"turns":8},{"damage":5,"enemies":"Orb Walker","floor":35,"turns":4},{"damage":0,"enemies":"3 Shapes","floor":36,"turns":5},{"damage":7,"enemies":"Sphere and 2 Shapes","floor":38,"turns":6},{"damage":52,"enemies":"Giant Head","floor":41,"turns":10},{"damage":46,"enemies":"Writhing Mass","floor":47,"turns":6},{"damage":49,"enemies":"Jaw Worm Horde","floor":48,"turns":4}],"seed_played":"5986372992668026118","potions_obtained":[{"floor":10,"key":"Venom Potion"},{"floor":16,"key":"FocusPotion"},{"floor":18,"key":"Flashbang"},{"floor":24,"key":"PowerPotion"},{"floor":28,"key":"Elixir"},{"floor":31,"key":"LiquidBronze"},{"floor":33,"key":"Adrenaline Potion"},{"floor":35,"key":"Elixir"},{"floor":36,"key":"Block Potion"},{"floor":47,"key":"DistilledChaos"}],"is_trial":false,"path_per_floor":["M","$","?","M","$","R","E","?","T","M","R","M","R","E","R_BF","B",null,"M","?","?","M","M","R","M","R","T","R","M","R","M","M","R","B",null,"M","M","?","M","AVR","R","E","R","T","R","?","?","M","M"],"character_chosen":"DEFECT","items_purchased":["Conserve Battery"],"campfire_rested":5,"item_purchase_floors":[5],"current_hp_per_floor":[75,75,75,75,75,75,75,57,57,51,73,73,73,56,56,7,56,49,49,56,56,40,40,36,36,36,52,38,55,46,51,51,5,68,67,71,65,64,67,67,24,48,48,72,72,72,35,0,0],"gold":982,"neow_bonus":"THREE_ENEMY_KILL","is_daily":false,"chose_seed":false,"campfire_upgraded":6,"win_rate":0.0,"timestamp":1612644539,"path_taken":["M","$","?","M","?","R","E","?","T","M","R","M","R","E","R_BF","BOSS","M","?","?","M","M","R","?","R","T","R","M","R","?","M","R","BOSS","M","M","?","M","AVR","R","E","R","T","R","?","?","M","M"],"items_purchased_type":["Card"],"build_version":"2020-12-18","purchased_purges":2,"victory":false,"max_hp_per_floor":[75,75,75,75,75,75,75,75,75,75,75,75,75,56,56,56,56,56,56,56,56,56,56,56,56,56,56,59,59,62,65,65,68,68,71,71,74,74,77,77,80,80,80,80,80,80,83,83,83],"card_choices":[{"not_picked":["Beam Cell","Coolheaded"],"picked":"Loop","floor":1},{"not_picked":["ReplayTheSpireMod:GoodbyeWorld","Cold Snap"],"picked":"Ball Lightning","floor":4},{"not_picked":["All For One","Hologram"],"picked":"Defragment","floor":7},{"not_picked":["Streamline","BasicCrystalCard"],"picked":"Steam","floor":10},{"not_picked":["Hologram","Coolheaded"],"picked":"Crystallizer","floor":12},{"not_picked":["Stack","ReplayTheSpireMod:GoodbyeWorld","Blizzard"],"picked":"SKIP","floor":14},{"not_picked":["ReplayRNGCard","ReplayTheSpireMod:Omega Cannon"],"picked":"ReplayTheSpireMod:Fabricate Wheel","floor":16},{"not_picked":["Panic Button","Reprogram+1"],"picked":"Ball Lightning","floor":18},{"not_picked":["Barrage+1","Streamline","Skim"],"picked":"SKIP","floor":18},{"not_picked":["Stack","Leap+1"],"picked":"Capacitor","floor":21},{"not_picked":["Hologram","Melter+1","Steam+1"],"picked":"SKIP","floor":21},{"not_picked":["BasicCrystalCard","Ball Lightning","Darkness"],"picked":"SKIP","floor":22},{"not_picked":["Conserve Battery","Hello World","Hologram"],"picked":"SKIP","floor":22},{"not_picked":["Steam","Beam Cell"],"picked":"Creative AI","floor":24},{"not_picked":["ReplayGash+1","Cold Snap"],"picked":"Loop+1","floor":24},{"not_picked":["Ball Lightning+1","Streamline"],"picked":"Stack+1","floor":28},{"not_picked":["Chaos","Glacier+1","Compile Driver"],"picked":"SKIP","floor":28},{"not_picked":["ReplaySort","hubris:SpecializedCircuitry"],"picked":"Static Discharge","floor":30},{"not_picked":["Conserve Battery","Gash","Self Repair"],"picked":"SKIP","floor":30},{"not_picked":["Beam Cell","Conserve Battery"],"picked":"Cold Snap","floor":31},{"not_picked":["Barrage+1","Compile Driver","Streamline"],"picked":"SKIP","floor":31},{"not_picked":["hubris:Prefetch","Mirror Shield"],"picked":"Multi-Cast","floor":33},{"not_picked":["ReplaySolidLightProjector+1","Beam Cell+1"],"picked":"Coolheaded+1","floor":35},{"not_picked":["Hologram+1","ReplayTheSpireMod:Repulse+1"],"picked":"Stack+1","floor":35},{"not_picked":["Steam","Streamline","Ball Lightning"],"picked":"SKIP","floor":36},{"not_picked":["Redo","Beam Cell","BasicCrystalCard"],"picked":"SKIP","floor":36},{"not_picked":["Ball Lightning+1","Barrage","Leap"],"picked":"SKIP","floor":38},{"not_picked":["FTL","hubris:Ukulele+1","Genetic Algorithm+1"],"picked":"SKIP","floor":38},{"not_picked":["Genetic Algorithm","Panic Button+1"],"picked":"ReplayTheSpireMod:Calculation Training","floor":41},{"not_picked":["Crystallizer","hubris:Ukulele"],"picked":"Leap+1","floor":47},{"not_picked":["BasicCrystalCard+1","Glacier","Beam Cell"],"picked":"SKIP","floor":47}],"player_experience":15205,"relics_obtained":[{"floor":7,"key":"Quantum Egg"},{"floor":9,"key":"hubris:BallOfYels"},{"floor":14,"key":"infinitespire:Lychee Nut"},{"floor":26,"key":"Replay:Ringing Soul"},{"floor":41,"key":"Replay:Bottled Steam"}],"event_choices":[{"cards_removed":["Loop"],"damage_healed":0,"gold_gain":0,"player_choice":"Gave Card","damage_taken":0,"relics_obtained":["Bronze Scales"],"max_hp_gain":0,"max_hp_loss":0,"event_name":"WeMeetAgain","floor":3,"gold_loss":0},{"damage_healed":0,"gold_gain":0,"player_choice":"Take Damage","damage_taken":18,"relics_obtained":["Golden Idol"],"max_hp_gain":0,"max_hp_loss":0,"event_name":"Golden Idol","floor":8,"gold_loss":0},{"damage_healed":0,"gold_gain":0,"cards_transformed":["Defend_B","Strike_B"],"player_choice":"Became Test Subject","damage_taken":0,"max_hp_gain":0,"max_hp_loss":0,"event_name":"Drug Dealer","floor":19,"gold_loss":0,"cards_obtained":["Leap","ReplaySort"]},{"cards_removed":["ReplaySort"],"damage_healed":7,"gold_gain":0,"player_choice":"Offered Uncommon","damage_taken":0,"max_hp_gain":0,"max_hp_loss":0,"event_name":"Bonfire Elementals","floor":20,"gold_loss":0},{"damage_healed":0,"gold_gain":0,"player_choice":"Embrace Madness","damage_taken":9,"max_hp_gain":0,"max_hp_loss":0,"event_name":"Winding Halls","floor":37,"gold_loss":0,"cards_obtained":["Madness","Madness"]},{"damage_healed":0,"gold_gain":0,"player_choice":"Ignored","damage_taken":0,"max_hp_gain":0,"max_hp_loss":0,"event_name":"The Moai Head","floor":45,"gold_loss":0},{"damage_healed":0,"gold_gain":0,"player_choice":"Memory 1","damage_taken":0,"max_hp_gain":0,"max_hp_loss":0,"event_name":"SensoryStone","floor":46,"gold_loss":0}],"is_beta":true,"boss_relics":[{"not_picked":["Replay:Grab Bag","ReplayTheSpireMod:DimensionalGlitch"],"picked":"Inserter"},{"not_picked":["Runic Dome","hubris:GrandSneckoEye"],"picked":"Nuclear Battery"}],"items_purged_floors":[2,39],"is_endless":false,"potions_floor_spawned":[10,16,18,24,28,31,33,35,36,47],"killed_by":"Jaw Worm Horde","ascension_level":0}}