{"host":"xsuxkwaivmtd234a","time":1612630605,"event":{"mods":["BaseMod","Colored Map","Filter the Spire","Minty Spire (QoL Compilation)","Relic Stats","StSLib"],"gold_per_floor":[113,123,139,159,159,159,192,192,244,244,275,275,288,313,313,313,313],"floor_reached":16,"language":"ENG","playtime":495,"items_purged":[],"score":140,"play_id":"5bdfb493-14a2-406e-a8ff-b136a9ee34f8","local_time":"20210206115645","is_ascension_mode":true,"campfire_choices":[{"data":"Whirlwind","floor":6,"key":"SMITH"},{"data":"Bash","floor":8,"key":"SMITH"},{"floor":10,"key":"REST"},{"data":"Combust","floor":15,"key":"SMITH"}],"circlet_count":0,"master_deck":["Strike_R","Strike_R","Strike_R","Strike_R","Strike_R","Defend_R","Defend_R","Defend_R","Defend_R","Bash+1","Feel No Pain","Headbutt","Iron Wave","Whirlwind+1","Offering","Combust+1","Metallicize"],"relics":["Burning Blood","Bag of Marbles","Golden Idol","Kunai","Regal Pillow","Dream Catcher"],"acts_visited":["Exordium"],"potions_floor_usage":[11,16],"damage_taken":[{"damage":7,"enemies":"Small Slimes","floor":1,"turns":3},{"damage":5,"enemies":"2 Louse","floor":2,"turns":4},{"damage":6,"enemies":"Cultist","floor":3,"turns":3},{"damage":10,"enemies":"Large Slime","floor":4,"turns":9},{"damage":16,"enemies":"Gremlin Nob","floor":7,"turns":3},{"damage":33,"enemies":"Lagavulin","floor":11,"turns":5},{"damage":12,"enemies":"Looter","floor":13,"turns":2},{"damage":6,"enemies":"2 Fungi Beasts","floor":14,"turns":1},{"damage":55,"enemies":"Hexaghost","floor":16,"turns":9}],"seed_played":"2660656723303953670","potions_obtained":[{"floor":1,"key":"SpeedPotion"},{"floor":7,"key":"FearPotion"},{"floor":13,"key":"BlessingOfTheForge"}],"is_trial":false,"path_per_floor":["M","M","M","M","?","R","E","R","T","R","E","?","M","M","R","B"],"character_chosen":"IRONCLAD","items_purchased":[],"campfire_rested":1,"item_purchase_floors":[],"current_hp_per_floor":[79,80,80,76,56,56,46,46,46,80,53,58,52,52,52,0,0],"gold":313,"neow_bonus":"RANDOM_COMMON_RELIC","is_daily":false,"chose_seed":false,"campfire_upgraded":3,"win_rate":0.0,"timestamp":1612630605,"path_taken":["M","M","M","M","?","R","E","R","T","R","E","?","M","M","R","BOSS"],"items_purchased_type":[],"build_version":"2020-12-22","purchased_purges":0,"victory":false,"max_hp_per_floor":[80,80,80,80,80,80,80,80,80,80,80,85,85,85,85,85,85],"relic_stats":{"Regal Pillow":10,"Dream Catcher":0,"counters":[9,39],"Golden Idol":21,"Kunai":[5],"obtain_stats":[{"Regal Pillow":9,"Dream Catcher":11,"Golden Idol":5,"Bag of Marbles":0,"Kunai":7,"Burning Blood":0},{"Regal Pillow":5,"Dream Catcher":6,"Golden Idol":4,"Bag of Marbles":0,"Kunai":5,"Burning Blood":0},{"Regal Pillow":22,"Dream Catcher":27,"Golden Idol":19,"Bag of Marbles":0,"Kunai":22,"Burning Blood":0}],"Burning Blood":48},"card_choices":[{"not_picked":["Pommel Strike","Twin Strike"],"picked":"Feel No Pain","floor":1},{"not_picked":["Metallicize","Body Slam"],"picked":"Headbutt","floor":2},{"not_picked":["Thunderclap","Second Wind"],"picked":"Iron Wave","floor":3},{"not_picked":["Armaments","Shrug It Off"],"picked":"Whirlwind","floor":4},{"not_picked":["Bloodletting","True Grit"],"picked":"Offering","floor":7},{"not_picked":["Hemokinesis","Sword Boomerang"],"picked":"Combust","floor":11},{"not_picked":["Intimidate","Headbutt"],"picked":"Metallicize","floor":13},{"not_picked":["Combust","Reckless Charge","Armaments"],"picked":"SKIP","floor":14}],"player_experience":1214938,"relics_obtained":[{"floor":7,"key":"Kunai"},{"floor":9,"key":"Regal Pillow"},{"floor":11,"key":"Dream Catcher"}],"event_choices":[{"damage_healed":0,"gold_gain":0,"player_choice":"Take Damage","damage_taken":20,"relics_obtained":["Golden Idol"],"max_hp_gain":0,"max_hp_loss":0,"event_name":"Golden Idol","floor":5,"gold_loss":0},{"damage_healed":0,"gold_gain":0,"player_choice":"Donut","damage_taken":0,"max_hp_gain":5,"max_hp_loss":0,"event_name":"Big Fish","floor":12,"gold_loss":0}],"is_beta":false,"boss_relics":[],"items_purged_floors":[],"is_endless":false,"potions_floor_spawned":[1,7,13],"killed_by":"Hexaghost","ascension_level":5}}