{"host":"BaronFel","time":1612582442,"event":{"mods":["BaseMod","Filter the Spire","Highlight Path","Minty Spire (QoL Compilation)","Relic Stats","ojb\u0027s Info Mod"],"gold_per_floor":[113,113,126,126,136,136,169,94,94,94,104,129,29,45,45,122,122,132,149,149,162,162,193,193,210,233,233,268,281,281,294,294,368,368,388,162,172,172,191,520,80,114,138,149,149,181,181,196,196,196,196,196],"floor_reached":51,"language":"ENG","playtime":3867,"items_purged":["Strike_G","Strike_G","Well Laid Plans+1"],"score":1674,"play_id":"fd13899a-081c-452a-bd6e-801b35ece78a","local_time":"20210205213402","is_ascension_mode":true,"campfire_choices":[{"data":"Quick Slash","floor":6.0,"key":"SMITH"},{"data":"Quick Slash","floor":10.0,"key":"SMITH"},{"data":"Corpse Explosion","floor":15,"key":"SMITH"},{"floor":24,"key":"REST"},{"floor":27,"key":"REST"},{"data":"RitualDagger","floor":30,"key":"SMITH"},{"data":"Well Laid Plans","floor":32,"key":"SMITH"},{"floor":45,"key":"RECALL"},{"floor":49,"key":"REST"}],"circlet_count":0,"master_deck":["AscendersBane","Strike_G","Strike_G","Strike_G","Defend_G","Defend_G","Defend_G","Defend_G","Defend_G","Survivor","Neutralize","Terror","Footwork+1","Quick Slash+1","Quick Slash+1","Dagger Spray","Corpse Explosion+1","Flying Knee","Phantasmal Killer","Backstab","Footwork","RitualDagger+1","Dash","Cloak And Dagger","Blur","Bouncing Flask+1","Adrenaline","PiercingWail","Blur","Jack Of All Trades","Outmaneuver","PiercingWail","Blur+1","RitualDagger+1","Escape Plan+1"],"relics":["Ring of the Snake","Question Card","PreservedInsect","Bronze Scales","White Beast Statue","Runic Dome","Regal Pillow","Anchor","Ancient Tea Set","Runic Pyramid","Medical Kit","Old Coin","Blood Vial","Art of War","Boot","Toxic Egg 2"],"acts_visited":["TheCity","TheBeyond"],"potions_floor_usage":[16,19,21,23,25,29,31,33,33,40,46,48,50],"damage_taken":[{"damage":9.0,"enemies":"Cultist","floor":1.0,"turns":6.0},{"damage":4.0,"enemies":"Small Slimes","floor":3.0,"turns":4.0},{"damage":0.0,"enemies":"2 Louse","floor":5.0,"turns":4.0},{"damage":4.0,"enemies":"Lagavulin","floor":7.0,"turns":8.0},{"damage":1,"enemies":"2 Fungi Beasts","floor":11,"turns":4},{"damage":3,"enemies":"Gremlin Nob","floor":12,"turns":3},{"damage":0,"enemies":"Looter","floor":14,"turns":4},{"damage":5,"enemies":"The Guardian","floor":16,"turns":10},{"damage":0,"enemies":"3 Byrds","floor":18,"turns":2},{"damage":12,"enemies":"2 Thieves","floor":19,"turns":3},{"damage":23,"enemies":"Snake Plant","floor":21,"turns":5},{"damage":0,"enemies":"Slavers","floor":23,"turns":1},{"damage":34,"enemies":"Cultist and Chosen","floor":25,"turns":7},{"damage":4,"enemies":"Book of Stabbing","floor":28,"turns":4},{"damage":0,"enemies":"3 Cultists","floor":29,"turns":4},{"damage":0,"enemies":"Shelled Parasite and Fungi","floor":31,"turns":5},{"damage":15,"enemies":"Champ","floor":33,"turns":9},{"damage":0,"enemies":"3 Shapes","floor":35,"turns":4},{"damage":19,"enemies":"3 Darklings","floor":37,"turns":5},{"damage":3,"enemies":"Transient","floor":39,"turns":6},{"damage":13,"enemies":"Giant Head","floor":40,"turns":5},{"damage":0,"enemies":"Nemesis","floor":42,"turns":5},{"damage":7,"enemies":"Maw","floor":44,"turns":7},{"damage":35,"enemies":"Reptomancer","floor":46,"turns":4},{"damage":0,"enemies":"3 Darklings","floor":48,"turns":4},{"damage":37,"enemies":"Donu and Deca","floor":50,"turns":6},{"damage":17,"enemies":"Time Eater","floor":51,"turns":4}],"seed_played":"2180302730940242663","potions_obtained":[{"floor":5.0,"key":"EssenceOfSteel"},{"floor":12,"key":"Dexterity Potion"},{"floor":14,"key":"Fire Potion"},{"floor":16,"key":"Block Potion"},{"floor":19,"key":"Dexterity Potion"},{"floor":21,"key":"AttackPotion"},{"floor":23,"key":"BlessingOfTheForge"},{"floor":25,"key":"SpeedPotion"},{"floor":29,"key":"Weak Potion"},{"floor":31,"key":"CultistPotion"},{"floor":33,"key":"GamblersBrew"},{"floor":35,"key":"SmokeBomb"},{"floor":37,"key":"FearPotion"},{"floor":39,"key":"EntropicBrew"},{"floor":40,"key":"GhostInAJar"},{"floor":44,"key":"Regen Potion"},{"floor":46,"key":"SteroidPotion"},{"floor":48,"key":"Poison Potion"}],"is_trial":false,"path_per_floor":["M","?","M","?","M","R","E","$","T","R","M","E","$","M","R","B",null,"M","M","?","M","?","E","R","M","T","R","E","M","R","M","R","B",null,"M","$","M","?","M","E","$","E","T","M","R","E","?","M","R","B","B"],"character_chosen":"THE_SILENT","items_purchased":["Medical Kit","PiercingWail","Blood Vial","Art of War"],"campfire_rested":3,"item_purchase_floors":[36,36,41,41],"current_hp_per_floor":[56,38,34,34,34,34,30,30,30,30,29,26,26,26,26,21,59,59,47,41,18,18,18,54,20,20,56,52,52,52,52,52,37,63,63,63,44,44,41,28,28,30,30,25,25,4,4,6,42,7,0,0],"gold":196,"neow_bonus":"TEN_PERCENT_HP_BONUS","is_daily":false,"chose_seed":false,"campfire_upgraded":5,"win_rate":0.0,"timestamp":1612582442,"path_taken":["M","?","M","?","?","R","E","?","T","R","M","E","$","M","R","BOSS","M","?","?","M","?","E","R","M","T","R","E","M","R","M","R","BOSS","M","$","M","?","M","E","$","E","T","M","R","E","?","?","R","BOSS","BOSS"],"items_purchased_type":["Relic","Card","Relic","Relic"],"build_version":"2020-12-18","purchased_purges":3,"victory":false,"max_hp_per_floor":[72,72,72,72,72,72,72,72,72,72,72,72,72,72,72,72,72,72,72,72,72,72,72,72,72,72,72,72,72,72,72,72,72,72,72,72,72,72,72,72,72,72,72,72,72,72,72,72,72,72,72,72],"relic_stats":{"Blood Vial":12,"Regal Pillow":45,"counters":[27,133],"Bronze Scales":[408],"PreservedInsect":346,"Art of War":[3],"Question Card":25,"Medical Kit":[0],"Boot":[22],"obtain_stats":[{"Regal Pillow":23,"PreservedInsect":7,"Question Card":2,"Ancient Tea Set":28,"Medical Kit":36,"Boot":42,"White Beast Statue":12,"Old Coin":40,"Blood Vial":41,"Runic Dome":17,"Anchor":26,"Bronze Scales":9,"Art of War":41,"Toxic Egg 2":46,"Ring of the Snake":0,"Runic Pyramid":34},{"Regal Pillow":12,"PreservedInsect":4,"Question Card":1,"Ancient Tea Set":14,"Medical Kit":18,"Boot":22,"White Beast Statue":6,"Old Coin":21,"Blood Vial":21,"Runic Dome":8,"Anchor":13,"Bronze Scales":4,"Art of War":21,"Toxic Egg 2":24,"Ring of the Snake":0,"Runic Pyramid":17},{"Regal Pillow":54,"PreservedInsect":22,"Question Card":6,"Ancient Tea Set":65,"Medical Kit":87,"Boot":108,"White Beast Statue":29,"Old Coin":103,"Blood Vial":103,"Runic Dome":43,"Anchor":61,"Bronze Scales":22,"Art of War":103,"Toxic Egg 2":119,"Ring of the Snake":0,"Runic Pyramid":83}],"Ring of the Snake":[54]},"card_choices":[{"not_picked":["Cloak And Dagger","Dodge and Roll"],"picked":"Terror","floor":1.0},{"not_picked":["Caltrops","Expertise","Flying Knee"],"picked":"Footwork","floor":3.0},{"not_picked":["Reflex","Flechettes","Bane"],"picked":"Quick Slash","floor":5.0},{"not_picked":["Sucker Punch","Cloak And Dagger","Concentrate"],"picked":"Quick Slash","floor":7.0},{"not_picked":["Endless Agony","Dodge and Roll","Infinite Blades"],"picked":"Dagger Spray","floor":11},{"not_picked":["Cloak And Dagger","Bane","Dagger Spray"],"picked":"Corpse Explosion","floor":12},{"not_picked":["PiercingWail","Underhanded Strike","Expertise"],"picked":"Flying Knee","floor":14},{"not_picked":["Grand Finale","Wraith Form v2","Burst"],"picked":"Phantasmal Killer","floor":16},{"not_picked":["Dagger Spray","Reflex","Endless Agony"],"picked":"Backstab","floor":18},{"not_picked":["Cloak And Dagger","Noxious Fumes","Deadly Poison"],"picked":"Footwork","floor":19},{"not_picked":["Infinite Blades","Poisoned Stab","Eviscerate"],"picked":"Dash","floor":21},{"not_picked":["Catalyst","Blade Dance","Endless Agony"],"picked":"Cloak And Dagger","floor":23},{"not_picked":["Die Die Die","Deflect","Finisher"],"picked":"Blur","floor":25},{"not_picked":["Quick Slash+1","Expertise","Bouncing Flask"],"picked":"Well Laid Plans","floor":28},{"not_picked":["Distraction","Blade Dance","Cloak And Dagger"],"picked":"Bouncing Flask+1","floor":29},{"not_picked":["Endless Agony","Distraction+1","Predator","Flying Knee"],"picked":"SKIP","floor":31},{"not_picked":["Corpse Explosion","Glass Knife","Doppelganger"],"picked":"Adrenaline","floor":33},{"not_picked":["Bane","Blade Dance","Accuracy","Predator"],"picked":"SKIP","floor":35},{"not_picked":["Deflect","Dash+1","Concentrate"],"picked":"Blur","floor":37},{"not_picked":["Forethought","Discovery","Dramatic Entrance"],"picked":"Jack Of All Trades","floor":38},{"not_picked":["Endless Agony","Backflip","Bane+1","Reflex"],"picked":"SKIP","floor":39},{"not_picked":["Prepared","Flechettes","PiercingWail"],"picked":"Outmaneuver","floor":40},{"not_picked":["Reflex+1","Blade Dance","Dagger Spray"],"picked":"PiercingWail","floor":42},{"not_picked":["Blade Dance","Choke","Prepared","Cloak And Dagger+1"],"picked":"SKIP","floor":44},{"not_picked":["Expertise+1","Bullet Time+1","Bouncing Flask+1"],"picked":"Blur+1","floor":46},{"not_picked":["Bouncing Flask+1","Blade Dance+1","Finisher"],"picked":"Escape Plan+1","floor":48}],"player_experience":1141960,"relics_obtained":[{"floor":7.0,"key":"PreservedInsect"},{"floor":9.0,"key":"Bronze Scales"},{"floor":12,"key":"White Beast Statue"},{"floor":23,"key":"Regal Pillow"},{"floor":26,"key":"Anchor"},{"floor":28,"key":"Ancient Tea Set"},{"floor":40,"key":"Old Coin"},{"floor":42,"key":"Boot"},{"floor":46,"key":"Toxic Egg 2"}],"event_choices":[{"damage_healed":0.0,"max_hp_gain":0.0,"max_hp_loss":0.0,"gold_gain":0.0,"event_name":"Scrap Ooze","player_choice":"Success","floor":2.0,"gold_loss":0.0,"damage_taken":18.0,"relics_obtained":["Question Card"]},{"damage_healed":0.0,"max_hp_gain":0.0,"max_hp_loss":0.0,"gold_gain":0.0,"event_name":"Upgrade Shrine","player_choice":"Upgraded","floor":4.0,"gold_loss":0.0,"damage_taken":0.0,"cards_upgraded":["Footwork"]},{"damage_healed":0,"gold_gain":0,"player_choice":"Joined the Cult","damage_taken":6,"max_hp_gain":0,"max_hp_loss":0,"event_name":"Nest","floor":20,"gold_loss":0,"cards_obtained":["RitualDagger"]},{"damage_healed":0,"gold_gain":0,"player_choice":"Ignored","damage_taken":0,"max_hp_gain":0,"max_hp_loss":0,"event_name":"Ghosts","floor":22,"gold_loss":0},{"damage_healed":0,"gold_gain":0,"player_choice":"Memory 1","damage_taken":0,"max_hp_gain":0,"max_hp_loss":0,"event_name":"SensoryStone","floor":38,"gold_loss":0},{"damage_healed":0,"gold_gain":0,"player_choice":"Copied","damage_taken":0,"max_hp_gain":0,"max_hp_loss":0,"event_name":"Duplicator","floor":47,"gold_loss":0,"cards_obtained":["RitualDagger"]}],"is_beta":true,"boss_relics":[{"not_picked":["Tiny House","Empty Cage"],"picked":"Runic Dome"},{"not_picked":["Ring of the Serpent","Coffee Dripper"],"picked":"Runic Pyramid"}],"items_purged_floors":[8,13,41],"is_endless":false,"potions_floor_spawned":[5,12,14,16,18,19,21,23,25,28,29,31,33,35,37,39,40,42,44,46,48],"killed_by":"Time Eater","ascension_level":20}}