{"host":"8is2j71l4wmybkoi","time":1612613292,"event":{"mods":["AchievementEnabler","BaseMod","Colored Map","Minty Spire (QoL Compilation)","Rare Cards Sparkle","StSLib","SuperFastMode"],"gold_per_floor":[117,117,167,182,202,202,236,236,236,250,262,262,262,288,288,365,365,351,47,47,58,8,8,20,20,75,102,102,127,127,138,138,209,209,225,242,267,277,328,361,361,391,471,471,471,471,486,512,512,512,512,512,0,32,32],"floor_reached":56,"language":"KOR","playtime":2661,"items_purged":["Strike_R"],"score":2136,"play_id":"11701713-4a8b-422f-9e1e-f70123e2f936","local_time":"20210206210812","is_ascension_mode":true,"campfire_choices":[{"data":"Wild Strike","floor":6.0,"key":"SMITH"},{"data":"Bash","floor":8.0,"key":"SMITH"},{"data":"Disarm","floor":13.0,"key":"SMITH"},{"data":"Power Through","floor":15.0,"key":"SMITH"},{"data":"Corruption","floor":23.0,"key":"SMITH"},{"data":"Dark Embrace","floor":25.0,"key":"SMITH"},{"data":"Spot Weakness","floor":32.0,"key":"SMITH"},{"floor":49.0,"key":"RECALL"},{"floor":52.0,"key":"REST"}],"circlet_count":0,"master_deck":["AscendersBane","Strike_R+1","Strike_R","Strike_R","Defend_R","Defend_R","Defend_R","Defend_R+1","Bash+1","Power Through+1","Pummel","Wild Strike+1","Sentinel","Disarm+1","Spot Weakness+1","Corruption+1","Shockwave","Dark Embrace+1","Feel No Pain","Fiend Fire+1","Sword Boomerang+1","Reaper+1","Heavy Blade+1","Metallicize","Offering","Shockwave","Metamorphosis","Flash of Steel+1","Burning Pact+1","Bloodletting","Flame Barrier","Evolve","Dark Shackles"],"relics":["Burning Blood","NeowsBlessing","Meat on the Bone","Tiny Chest","Nunchaku","Black Star","Strange Spoon","Strawberry","Molten Egg 2","Bronze Scales","WingedGreaves","Mummified Hand","Orichalcum","Dream Catcher","Runic Pyramid","Incense Burner","Potion Belt","Blue Candle","Vajra","Regal Pillow","StrikeDummy","White Beast Statue","Sundial","Magic Flower","Cauldron","Centennial Puzzle","Charon\u0027s Ashes","Anchor"],"acts_visited":["Exordium","TheCity","TheBeyond","TheEnding"],"potions_floor_usage":[55,55,55,55],"damage_taken":[{"damage":0.0,"enemies":"Small Slimes","floor":1.0,"turns":1.0},{"damage":0.0,"enemies":"Cultist","floor":4.0,"turns":1.0},{"damage":0.0,"enemies":"2 Louse","floor":5.0,"turns":1.0},{"damage":12.0,"enemies":"3 Sentries","floor":7.0,"turns":10.0},{"damage":16.0,"enemies":"Blue Slaver","floor":10.0,"turns":3.0},{"damage":4.0,"enemies":"Looter","floor":11.0,"turns":3.0},{"damage":23.0,"enemies":"Lagavulin","floor":14.0,"turns":7.0},{"damage":21.0,"enemies":"The Guardian","floor":16.0,"turns":14.0},{"damage":8.0,"enemies":"2 Thieves","floor":18.0,"turns":4.0},{"damage":32.0,"enemies":"Spheric Guardian","floor":21.0,"turns":6.0},{"damage":24.0,"enemies":"Centurion and Healer","floor":24.0,"turns":9.0},{"damage":41.0,"enemies":"Book of Stabbing","floor":27.0,"turns":6.0},{"damage":15.0,"enemies":"Gremlin Leader","floor":29.0,"turns":6.0},{"damage":0.0,"enemies":"3 Cultists","floor":31.0,"turns":6.0},{"damage":39.0,"enemies":"Champ","floor":33.0,"turns":7.0},{"damage":10.0,"enemies":"Orb Walker","floor":35.0,"turns":3.0},{"damage":15.0,"enemies":"3 Shapes","floor":36.0,"turns":4.0},{"damage":0.0,"enemies":"Mind Bloom Boss Battle","floor":37.0,"turns":4.0},{"damage":35.0,"enemies":"Writhing Mass","floor":38.0,"turns":5.0},{"damage":6.0,"enemies":"Nemesis","floor":40.0,"turns":5.0},{"damage":14.0,"enemies":"Giant Head","floor":42.0,"turns":7.0},{"damage":6.0,"enemies":"Transient","floor":47.0,"turns":5.0},{"damage":12.0,"enemies":"Nemesis","floor":48.0,"turns":3.0},{"damage":19.0,"enemies":"Time Eater","floor":50.0,"turns":6.0},{"damage":14.0,"enemies":"Shield and Spear","floor":54.0,"turns":4.0},{"damage":104,"enemies":"The Heart","floor":55,"turns":7}],"seed_played":"3334481704908473639","potions_obtained":[{"floor":1.0,"key":"ColorlessPotion"},{"floor":5.0,"key":"SkillPotion"},{"floor":10.0,"key":"Weak Potion"},{"floor":14.0,"key":"Fire Potion"},{"floor":16.0,"key":"Regen Potion"},{"floor":24.0,"key":"AttackPotion"},{"floor":27.0,"key":"FearPotion"},{"floor":29.0,"key":"BlessingOfTheForge"},{"floor":31.0,"key":"SkillPotion"},{"floor":33.0,"key":"Block Potion"},{"floor":36.0,"key":"Weak Potion"},{"floor":40.0,"key":"SteroidPotion"},{"floor":42.0,"key":"LiquidBronze"},{"floor":47.0,"key":"HeartOfIron"},{"floor":48.0,"key":"LiquidBronze"},{"floor":53.0,"key":"BloodPotion"},{"floor":53.0,"key":"Ancient Potion"},{"floor":54.0,"key":"PowerPotion"}],"is_trial":false,"path_per_floor":["M","?","?","M","M","R","E","R","T","M","M","?","R","E","R","B",null,"M","$","?","M","?","R","M","R","T","E","T","E","?","M","R","B",null,"M","M","?","M","T","E","?","E","T","?","?","T","M","E","R","B",null,"R","$","E","B",null],"character_chosen":"IRONCLAD","items_purchased":["Strange Spoon","Dark Embrace","Flame Barrier","Evolve","Dark Shackles","Cauldron","Centennial Puzzle"],"campfire_rested":1,"item_purchase_floors":[19,19,53,53,53,53,53],"current_hp_per_floor":[74,51,44,50,56,56,50,50,50,52,54,47,47,42,42,39,66,64,64,43,41,41,41,35,35,42,19,19,22,22,40,40,19,70,66,57,70,53,53,53,43,47,47,47,47,47,59,68,68,58,77,83,83,83,57],"gold":32,"neow_bonus":"THREE_ENEMY_KILL","is_daily":false,"chose_seed":false,"campfire_upgraded":7,"win_rate":0.0,"timestamp":1612613292,"path_taken":["M","?","?","M","?","R","E","R","T","M","M","?","R","E","R","BOSS","M","$","?","M","?","R","M","R","T","E","?","E","?","?","R","BOSS","M","M","?","M","?","E","?","E","T","?","?","?","M","E","R","BOSS","R","$","E","BOSS"],"items_purchased_type":["Relic","Card","Card","Card","Card","Relic","Relic"],"build_version":"2020-12-22","purchased_purges":1,"victory":true,"max_hp_per_floor":[75,75,75,75,75,75,75,75,75,75,75,75,75,75,75,75,75,75,75,80,80,80,80,80,80,87,87,87,87,87,87,87,87,87,87,87,87,87,87,87,87,87,87,87,83,83,83,83,83,83,83,83,83,83,83],"card_choices":[{"not_picked":["Whirlwind","Clash"],"picked":"Power Through","floor":1.0},{"not_picked":["Clash","Searing Blow"],"picked":"Pummel","floor":4.0},{"not_picked":["Shrug It Off","Rage"],"picked":"Wild Strike","floor":5.0},{"not_picked":["Thunderclap","Body Slam"],"picked":"Sentinel","floor":7.0},{"not_picked":["Brutality","Heavy Blade","Power Through"],"picked":"SKIP","floor":10.0},{"not_picked":["Cleave","Armaments"],"picked":"Disarm","floor":11.0},{"not_picked":["Entrench","Thunderclap"],"picked":"Spot Weakness","floor":14.0},{"not_picked":["Exhume","Berserk"],"picked":"Corruption","floor":16.0},{"not_picked":["Metallicize","Intimidate"],"picked":"Shockwave","floor":18.0},{"not_picked":["Headbutt","Twin Strike+1"],"picked":"Feel No Pain","floor":21.0},{"not_picked":["Twin Strike","Spot Weakness","Iron Wave"],"picked":"SKIP","floor":24.0},{"not_picked":["Wild Strike+1","Sentinel"],"picked":"Fiend Fire+1","floor":27.0},{"not_picked":["Dark Embrace","Twin Strike+1","Pummel+1"],"picked":"SKIP","floor":29.0},{"not_picked":["Perfected Strike+1","Wild Strike+1"],"picked":"Sword Boomerang+1","floor":31.0},{"not_picked":["Feed+1","Corruption"],"picked":"Reaper+1","floor":33.0},{"not_picked":["Thunderclap+1","Sentinel"],"picked":"Heavy Blade+1","floor":35.0},{"not_picked":["Havoc+1","Headbutt+1"],"picked":"Metallicize","floor":36.0},{"not_picked":["Anger+1","Havoc"],"picked":"Offering","floor":37.0},{"not_picked":["Armaments","True Grit"],"picked":"Shockwave","floor":38.0},{"not_picked":["Perfected Strike+1","Clash+1","Headbutt+1"],"picked":"SKIP","floor":40.0},{"not_picked":["Discovery","Good Instincts"],"picked":"Metamorphosis","floor":41.0},{"not_picked":["Bandage Up","Blind"],"picked":"Flash of Steel+1","floor":41.0},{"not_picked":["Sword Boomerang+1","Fire Breathing"],"picked":"Burning Pact+1","floor":42.0},{"not_picked":["Rage","Anger+1","Pummel+1"],"picked":"SKIP","floor":47.0},{"not_picked":["Ghostly Armor","Anger+1","Twin Strike+1"],"picked":"SKIP","floor":48.0},{"not_picked":["True Grit","Shockwave"],"picked":"Bloodletting","floor":52.0},{"not_picked":["Warcry","True Grit","Intimidate"],"picked":"SKIP","floor":54.0}],"player_experience":1017153,"relics_obtained":[{"floor":7.0,"key":"Meat on the Bone"},{"floor":9.0,"key":"Tiny Chest"},{"floor":14.0,"key":"Nunchaku"},{"floor":26.0,"key":"Strawberry"},{"floor":27.0,"key":"Molten Egg 2"},{"floor":27.0,"key":"Bronze Scales"},{"floor":28.0,"key":"WingedGreaves"},{"floor":29.0,"key":"Mummified Hand"},{"floor":29.0,"key":"Orichalcum"},{"floor":37.0,"key":"Incense Burner"},{"floor":39.0,"key":"Potion Belt"},{"floor":40.0,"key":"Blue Candle"},{"floor":40.0,"key":"Vajra"},{"floor":42.0,"key":"Regal Pillow"},{"floor":42.0,"key":"StrikeDummy"},{"floor":43.0,"key":"White Beast Statue"},{"floor":48.0,"key":"Sundial"},{"floor":48.0,"key":"Magic Flower"},{"floor":54.0,"key":"Charon\u0027s Ashes"},{"floor":54.0,"key":"Anchor"}],"event_choices":[{"damage_healed":0.0,"max_hp_gain":0.0,"max_hp_loss":0.0,"gold_gain":0.0,"event_name":"Shining Light","player_choice":"Entered Light","floor":2.0,"gold_loss":0.0,"damage_taken":23.0,"cards_upgraded":["Defend_R","Strike_R"]},{"damage_healed":0.0,"max_hp_gain":0.0,"max_hp_loss":0.0,"gold_gain":50.0,"event_name":"FaceTrader","player_choice":"Touch","floor":3.0,"gold_loss":0.0,"damage_taken":7.0},{"cards_removed":["Strike_R"],"damage_healed":0.0,"max_hp_gain":0.0,"max_hp_loss":0.0,"gold_gain":0.0,"event_name":"Golden Wing","player_choice":"Card Removal","floor":12.0,"gold_loss":0.0,"damage_taken":7.0},{"damage_healed":0.0,"max_hp_gain":5.0,"max_hp_loss":0.0,"gold_gain":0.0,"event_name":"Forgotten Altar","player_choice":"Shed Blood","floor":20.0,"gold_loss":0.0,"damage_taken":26.0},{"damage_healed":0.0,"max_hp_gain":0.0,"max_hp_loss":0.0,"gold_gain":0.0,"event_name":"The Joust","player_choice":"Bet on Murderer","floor":22.0,"gold_loss":50.0,"damage_taken":0.0},{"damage_healed":0.0,"max_hp_gain":0.0,"max_hp_loss":0.0,"gold_gain":0.0,"event_name":"WeMeetAgain","player_choice":"Gave Potion","floor":30.0,"gold_loss":0.0,"damage_taken":0.0,"relics_obtained":["Dream Catcher"]},{"damage_healed":0.0,"max_hp_gain":0.0,"max_hp_loss":0.0,"gold_gain":0.0,"event_name":"MindBloom","player_choice":"Fight","floor":37.0,"gold_loss":0.0,"damage_taken":0.0},{"damage_healed":0.0,"max_hp_gain":0.0,"max_hp_loss":0.0,"gold_gain":0.0,"event_name":"SensoryStone","player_choice":"Memory 3","floor":41.0,"gold_loss":0.0,"damage_taken":10.0},{"damage_healed":0.0,"max_hp_gain":0.0,"max_hp_loss":0.0,"gold_gain":0.0,"event_name":"Tomb of Lord Red Mask","player_choice":"Ignored","floor":44.0,"gold_loss":0.0,"damage_taken":0.0},{"damage_healed":0.0,"max_hp_gain":0.0,"max_hp_loss":4.0,"gold_gain":0.0,"event_name":"Winding Halls","player_choice":"Max HP","floor":45.0,"gold_loss":0.0,"damage_taken":0.0}],"is_beta":false,"boss_relics":[{"not_picked":["Black Blood","Busted Crown"],"picked":"Black Star"},{"not_picked":["Runic Dome","Astrolabe"],"picked":"Runic Pyramid"}],"items_purged_floors":[19],"is_endless":false,"potions_floor_spawned":[1,5,10,14,16,24,27,29,31,33,36,40,42,47,48,54],"ascension_level":15}}