{"host":"xg4r5pv6chpuampg","time":1612630944,"event":{"mods":["AchievementEnabler","BaseMod","Googly Eyes","Minty Spire (QoL Compilation)"],"gold_per_floor":[116,132,132,132,152,185,161,176,251,251,251,270,305,326,326,455,455,469,484,504,504,504,504,518,535,535,535,535,555,555,211,211,313,313,333,348,358,328,339,339,350,88,142,142,162,180,32,47,47,47,47,47,6,6,6],"floor_reached":54,"language":"ENG","playtime":3114,"items_purged":[],"score":672,"play_id":"af310b50-b7db-4f7f-b082-95648b4ccc2d","local_time":"20210206200224","is_ascension_mode":false,"campfire_choices":[{"floor":10,"key":"REST"},{"floor":15,"key":"REST"},{"floor":27,"key":"REST"},{"floor":32,"key":"REST"},{"floor":40,"key":"REST"},{"floor":44,"key":"REST"},{"floor":49,"key":"RECALL"},{"data":"Buffer","floor":52,"key":"SMITH"}],"circlet_count":0,"master_deck":["Zap","Dualcast","Self Repair","Redo","Defragment+1","Ball Lightning","Gash","Storm","Glacier","Conserve Battery","Electrodynamics","Glacier+1","Gash","Reprogram","Machine Learning","Blizzard","Buffer+1","Force Field+1","All For One","Biased Cognition","Reboot","Chill+1","Beam Cell","Darkness","Doom and Gloom+1","Conserve Battery+1","Capacitor","Stack+1","Gash+1","Parasite","Darkness+1","Double Energy"],"relics":["Cracked Core","Bloody Idol","Anchor","Darkstone Periapt","Odd Mushroom","SacredBark","MutagenicStrength","CaptainsWheel","Pandora\u0027s Box","Mercury Hourglass","War Paint","Lee\u0027s Waffle"],"acts_visited":["Exordium","TheCity","TheBeyond","TheEnding"],"potions_floor_usage":[5,6,6,7,33,33,48,48,50,50],"damage_taken":[{"damage":1,"enemies":"Cultist","floor":1,"turns":3},{"damage":0,"enemies":"2 Louse","floor":2,"turns":2},{"damage":5,"enemies":"Jaw Worm","floor":5,"turns":4},{"damage":30,"enemies":"Lagavulin","floor":6,"turns":7},{"damage":17,"enemies":"Exordium Thugs","floor":7,"turns":5},{"damage":0,"enemies":"Looter","floor":8,"turns":2},{"damage":11,"enemies":"3 Louse","floor":12,"turns":3},{"damage":21,"enemies":"The Mushroom Lair","floor":13,"turns":4},{"damage":2,"enemies":"Blue Slaver","floor":14,"turns":2},{"damage":48,"enemies":"Hexaghost","floor":16,"turns":10},{"damage":1,"enemies":"Shell Parasite","floor":18,"turns":5},{"damage":18,"enemies":"Spheric Guardian","floor":19,"turns":6},{"damage":21,"enemies":"Snake Plant","floor":20,"turns":4},{"damage":4,"enemies":"Snecko","floor":24,"turns":4},{"damage":38,"enemies":"3 Cultists","floor":25,"turns":7},{"damage":35,"enemies":"Shelled Parasite and Fungi","floor":29,"turns":8},{"damage":44,"enemies":"Champ","floor":33,"turns":13},{"damage":44,"enemies":"Orb Walker","floor":35,"turns":6},{"damage":13,"enemies":"3 Shapes","floor":36,"turns":4},{"damage":2,"enemies":"Sphere and 2 Shapes","floor":37,"turns":4},{"damage":27,"enemies":"Spire Growth","floor":39,"turns":6},{"damage":24,"enemies":"4 Shapes","floor":41,"turns":4},{"damage":10,"enemies":"Jaw Worm Horde","floor":45,"turns":5},{"damage":5,"enemies":"3 Darklings","floor":46,"turns":5},{"damage":6,"enemies":"Writhing Mass","floor":48,"turns":7},{"damage":79,"enemies":"Donu and Deca","floor":50,"turns":9},{"damage":101,"enemies":"Shield and Spear","floor":54,"turns":8}],"seed_played":"-115965001808644523","potions_obtained":[{"floor":0,"key":"BlessingOfTheForge"},{"floor":0,"key":"SpeedPotion"},{"floor":0,"key":"Explosive Potion"},{"floor":5,"key":"Fruit Juice"},{"floor":7,"key":"Fruit Juice"},{"floor":16,"key":"SteroidPotion"},{"floor":20,"key":"LiquidBronze"},{"floor":29,"key":"GamblersBrew"},{"floor":33,"key":"Explosive Potion"},{"floor":36,"key":"SkillPotion"},{"floor":38,"key":"FocusPotion"},{"floor":38,"key":"GamblersBrew"},{"floor":39,"key":"SkillPotion"},{"floor":48,"key":"Dexterity Potion"}],"is_trial":false,"path_per_floor":["M","M","?","?","M","E","M","M","T","R","?","M","?","M","R","B",null,"M","M","M","?","?","?","M","M","T","R","?","M","?","$","R","B",null,"M","M","M","?","M","R","M","$","T","R","M","M","$","M","R","B",null,"R","$","E"],"character_chosen":"DEFECT","items_purchased":["CaptainsWheel","Blizzard","Mercury Hourglass","Lee\u0027s Waffle","Double Energy"],"campfire_rested":6,"item_purchase_floors":[31,31,42,47,53],"current_hp_per_floor":[74,74,56,49,49,26,21,21,21,46,46,35,21,26,51,10,85,84,73,52,52,52,52,60,34,34,59,59,36,28,28,53,14,85,46,45,48,48,33,58,39,39,44,69,64,64,92,97,97,18,98,98,98,0,0],"gold":6,"neow_bonus":"THREE_SMALL_POTIONS","is_daily":false,"chose_seed":false,"campfire_upgraded":1,"win_rate":0.0,"timestamp":1612630944,"path_taken":["M","?","?","?","M","E","M","?","T","R","?","M","?","M","R","BOSS","M","M","M","?","?","?","?","M","T","R","?","M","?","$","R","BOSS","M","M","?","?","M","R","M","$","T","R","M","?","$","M","R","BOSS","R","$","E"],"items_purchased_type":["Relic","Card","Relic","Relic","Card"],"build_version":"2020-12-22","purchased_purges":0,"victory":false,"max_hp_per_floor":[75,75,75,75,80,80,85,85,85,85,85,85,85,85,85,85,85,85,85,85,85,85,85,85,85,85,85,85,85,85,85,85,85,85,85,85,85,85,85,85,85,85,85,85,85,85,92,98,98,98,98,98,98,98,98],"card_choices":[{"not_picked":["Fusion","Auto Shields"],"picked":"Self Repair","floor":1},{"not_picked":["Hologram","Force Field","Beam Cell"],"picked":"SKIP","floor":2},{"not_picked":["Chill","Ball Lightning"],"picked":"Redo","floor":5},{"not_picked":["Streamline","Beam Cell"],"picked":"Defragment","floor":6},{"not_picked":["BootSequence","Consume"],"picked":"Ball Lightning","floor":7},{"not_picked":["Defragment","Tempest"],"picked":"Gash","floor":8},{"not_picked":["Ball Lightning","Streamline"],"picked":"Storm","floor":12},{"not_picked":["Cold Snap","All For One"],"picked":"Glacier","floor":13},{"not_picked":["Lockon","Steam"],"picked":"Conserve Battery","floor":14},{"not_picked":["Thunder Strike","Amplify"],"picked":"Electrodynamics","floor":16},{"not_picked":["Stack","Coolheaded","Barrage"],"picked":"SKIP","floor":18},{"not_picked":["Cold Snap","Ball Lightning","Hologram+1"],"picked":"SKIP","floor":19},{"not_picked":["Barrage+1","Beam Cell"],"picked":"Glacier+1","floor":20},{"not_picked":["Rebound","Consume"],"picked":"Reprogram","floor":24},{"not_picked":["Go for the Eyes","Steam"],"picked":"Machine Learning","floor":25},{"not_picked":["Hologram","Streamline","Compile Driver"],"picked":"SKIP","floor":29},{"not_picked":["Thunder Strike","Machine Learning"],"picked":"Buffer","floor":33},{"not_picked":["Stack+1","Streamline+1"],"picked":"Doom and Gloom+1","floor":35},{"not_picked":["Compile Driver+1","Double Energy+1"],"picked":"Conserve Battery+1","floor":36},{"not_picked":["Cold Snap","Rebound"],"picked":"Capacitor","floor":37},{"not_picked":["Streamline+1","Redo+1","Coolheaded"],"picked":"SKIP","floor":39},{"not_picked":["Compile Driver+1","Leap"],"picked":"Stack+1","floor":41},{"not_picked":["Sweeping Beam","Ball Lightning"],"picked":"Gash+1","floor":45},{"not_picked":["BootSequence+1","Beam Cell+1","Reinforced Body+1"],"picked":"SKIP","floor":46},{"not_picked":["Go for the Eyes+1","Steam"],"picked":"Darkness+1","floor":48}],"player_experience":93040,"relics_obtained":[{"floor":6,"key":"Anchor"},{"floor":9,"key":"Darkstone Periapt"},{"floor":13,"key":"Odd Mushroom"},{"floor":43,"key":"War Paint"}],"event_choices":[{"damage_healed":0,"gold_gain":0,"player_choice":"Take Damage","damage_taken":18,"relics_obtained":["Golden Idol"],"max_hp_gain":0,"max_hp_loss":0,"event_name":"Golden Idol","floor":3,"gold_loss":0},{"cards_removed":["Strike_B"],"damage_healed":0,"gold_gain":0,"player_choice":"Card Removal","damage_taken":7,"max_hp_gain":0,"max_hp_loss":0,"event_name":"Golden Wing","floor":4,"gold_loss":0},{"damage_healed":0,"gold_gain":0,"player_choice":"Grow","damage_taken":0,"max_hp_gain":0,"max_hp_loss":0,"event_name":"Living Wall","floor":11,"gold_loss":0,"cards_upgraded":["Defragment"]},{"damage_healed":0,"gold_gain":0,"player_choice":"Fought Mushrooms","damage_taken":0,"max_hp_gain":0,"max_hp_loss":0,"event_name":"Mushrooms","floor":13,"gold_loss":0},{"damage_healed":0,"gold_gain":0,"player_choice":"Read","damage_taken":0,"max_hp_gain":0,"max_hp_loss":0,"event_name":"The Library","floor":21,"gold_loss":0,"cards_obtained":["Gash"]},{"damage_healed":0,"gold_gain":0,"player_choice":"Gave Idol","damage_taken":0,"relics_obtained":["Bloody Idol"],"max_hp_gain":0,"max_hp_loss":0,"event_name":"Forgotten Altar","floor":22,"relics_lost":["Golden Idol"],"gold_loss":0},{"damage_healed":0,"gold_gain":0,"player_choice":"Inject Mutagens","damage_taken":0,"relics_obtained":["MutagenicStrength"],"max_hp_gain":0,"max_hp_loss":0,"event_name":"Drug Dealer","floor":23,"gold_loss":0},{"damage_healed":0,"gold_gain":0,"player_choice":"Ignored","damage_taken":0,"max_hp_gain":0,"max_hp_loss":0,"event_name":"Vampires","floor":28,"gold_loss":0},{"damage_healed":0,"gold_gain":0,"player_choice":"Damaged","damage_taken":8,"max_hp_gain":0,"max_hp_loss":0,"event_name":"Wheel of Change","floor":30,"gold_loss":0},{"damage_healed":0,"gold_gain":0,"player_choice":"Bought 2 Potions","damage_taken":0,"max_hp_gain":0,"max_hp_loss":0,"event_name":"The Woman in Blue","floor":38,"gold_loss":0}],"is_beta":false,"boss_relics":[{"not_picked":["Cursed Key","Black Star"],"picked":"SacredBark"},{"not_picked":["Tiny House","FrozenCore"],"picked":"Pandora\u0027s Box"}],"items_purged_floors":[],"is_endless":false,"potions_floor_spawned":[5,7,16,20,29,33,36,39,48],"killed_by":"Shield and Spear","ascension_level":0}}