{"host":"jgyoyy5iuhtvyvtg","time":1612604055,"event":{"mods":["2.2 Compatiblity","BaseMod","Challenge The Spire","Colored Map","Conspire","Dark Map","Downfall","Hermit","Highlight Path","Infinite Spire","Lobotomy","LobotomyExtend","Minty Spire (QoL Compilation)","Quick Restart","Replay The Spire","Spikes Relics","StSLib","The Construct","The Disciple","The Jungle","Yuri Mod"],"gold_per_floor":[116,133,151,151,121,121,133,133,133,133,152,152,152,169,169,266,266,277,397,222,222,232,232,258,258,258,258,258],"floor_reached":27,"language":"ENG","playtime":1051,"items_purged":[],"score":221,"play_id":"e36f5d3e-b0d0-46f1-bf8f-ddff864e0784","local_time":"20210206013415","is_ascension_mode":false,"campfire_choices":[{"data":"yuri:NerfBat","floor":6,"key":"SMITH"},{"data":"yuri:HeavierStrike","floor":8,"key":"SMITH"},{"data":"yuri:Stare","floor":13,"key":"SMITH"},{"data":"yuri:yuriStab","floor":13,"key":"SMITH"},{"data":"yuri:HoldBack","floor":15,"key":"SMITH"},{"data":"yuri:yuriDefend","floor":15,"key":"SMITH"},{"data":"yuri:yuriStab","floor":23,"key":"SMITH"},{"data":"yuri:ChibiInvasion","floor":23,"key":"SMITH"},{"floor":25,"key":"REST"}],"circlet_count":0,"master_deck":["Funeral","yuri:yuriStrike","yuri:yuriStrike","yuri:yuriDefend","yuri:yuriDefend","yuri:yuriDefend","yuri:yuriDefend","yuri:yuriDefend+1","yuri:yuriStab+1","UniverseFragment","yuri:Stare+1","BlackSwan","LongBird","yuri:NerfBat+1","PunishingBird","yuri:HeavierStrike+1","yuri:HoldBack+1","yuri:CalmingAura+1","yuri:DeepBreathing","yuri:yuriStab+1","yuri:ChibiInvasion+1","yuri:GrowingInsanity"],"relics":["yuri:yuriKnife","CogitoBucket","LetterFromLob","Replay:Arrowhead","BehaviorAdjustment","Empty Cage","SolemnVow_r","theJungle:ShellPeas","TungstenRod","Replay:Accelerometer"],"acts_visited":["Exordium","Exordium"],"potions_floor_usage":[16,16,24,27,27],"damage_taken":[{"damage":2,"enemies":"2 Louse","floor":1,"turns":3},{"damage":6,"enemies":"Cultist","floor":2,"turns":3},{"damage":1,"enemies":"Jaw Worm","floor":3,"turns":2},{"damage":5,"enemies":"Looter","floor":5,"turns":4},{"damage":3,"enemies":"Large Slime","floor":7,"turns":5},{"damage":21,"enemies":"Exordium Thugs","floor":11,"turns":4},{"damage":8,"enemies":"Gremlin Gang","floor":14,"turns":4},{"damage":70,"enemies":"Fading Forest","floor":16,"turns":11},{"damage":25,"enemies":"theJungle:GiantWrat","floor":18,"turns":6},{"damage":0,"enemies":"theJungle:5_Spyders","floor":22,"turns":7},{"damage":39,"enemies":"theJungle:MamaSnecko","floor":24,"turns":5},{"damage":96,"enemies":"theJungle:2_Snecko_Cultists","floor":27,"turns":5}],"seed_played":"-1947238740332791869","potions_obtained":[{"floor":3,"key":"FearPotion"},{"floor":11,"key":"Explosive Potion"},{"floor":16,"key":"DistilledChaos"},{"floor":18,"key":"infinitespire:BlackPotion"}],"is_trial":false,"path_per_floor":["M","M","M","?","M","R","M","R","T","?","M","?","R","M","R","B",null,"M","?","?","?","M","R","E","R","T","M"],"character_chosen":"YURI","items_purchased":[],"campfire_rested":1,"item_purchase_floors":[],"current_hp_per_floor":[78,76,79,79,77,77,74,74,74,74,60,65,65,66,66,13,85,68,56,56,56,71,71,36,61,61,0,0],"gold":258,"neow_bonus":"","is_daily":false,"chose_seed":false,"campfire_upgraded":8,"win_rate":0.0,"timestamp":1612604055,"path_taken":["M","M","M","?","?","R","M","R","T","?","M","?","R","M","R","BOSS","M","?","?","?","M","R","E","R","T","?"],"items_purchased_type":[],"build_version":"2020-12-22","purchased_purges":0,"victory":false,"max_hp_per_floor":[80,80,80,80,80,80,80,80,80,80,80,85,85,85,85,85,85,85,85,85,85,85,85,85,85,85,85,85],"card_choices":[{"not_picked":["Bloodbath","ShyLook","Wellcheers"],"picked":"Singing Bowl","floor":1},{"not_picked":["Bloodbath","FairyFestival"],"picked":"UniverseFragment","floor":1},{"not_picked":["yuri:HeavierStrike","yuri:RecklessStrike"],"picked":"yuri:Stare","floor":1},{"not_picked":["Variant","VoidDream","Yin"],"picked":"Singing Bowl","floor":2},{"not_picked":["yuri:DebugCard","yuri:RepairCode","yuri:yuriHeavyStrike"],"picked":"SKIP","floor":2},{"not_picked":["Laetitia","WallGazer"],"picked":"BlackSwan","floor":3},{"not_picked":["yuri:Spin","yuri:DebugCard","yuri:Stare"],"picked":"SKIP","floor":3},{"not_picked":["PunishingBird","SpiderBud"],"picked":"LongBird","floor":5},{"not_picked":["yuri:BookRed","yuri:MagneticKnives"],"picked":"yuri:NerfBat","floor":5},{"not_picked":["WallGazer","Scorched"],"picked":"PunishingBird","floor":7},{"not_picked":["yuri:ReactiveMadness","yuri:Skip"],"picked":"yuri:HeavierStrike","floor":7},{"not_picked":["CrumblingArmor","Mercenary","DreamingCurrent"],"picked":"Singing Bowl","floor":11},{"not_picked":["yuri:yuriQuickStrike","yuri:ThrowBook","yuri:yuriHeavyStrike"],"picked":"SKIP","floor":11},{"not_picked":["Scorched","QueenOfHatred","CrumblingArmor"],"picked":"Singing Bowl","floor":14},{"not_picked":["yuri:ThornRemove","yuri:InduceGlitch"],"picked":"yuri:HoldBack","floor":14},{"not_picked":["VoidDream","BigBadWolf","Mercenary"],"picked":"Singing Bowl","floor":16},{"not_picked":["Wellcheers","LittlePrince"],"picked":"Funeral","floor":16},{"not_picked":["DespairKnight","Bloodbath","CherryBlossoms"],"picked":"Singing Bowl","floor":18},{"not_picked":["yuri:TPose","yuri:ThornRemove"],"picked":"yuri:CalmingAura+1","floor":18},{"not_picked":["Rudolta","SingingMachine","WhitesApple"],"picked":"Singing Bowl","floor":22},{"not_picked":["yuri:yuriHeavyStrike","yuri:RecklessStrike"],"picked":"yuri:ChibiInvasion","floor":22},{"not_picked":["Murderer","DespairKnight","QueenOfHatred"],"picked":"Singing Bowl","floor":24},{"not_picked":["yuri:BookGreen","yuri:MPose"],"picked":"yuri:GrowingInsanity","floor":24}],"player_experience":3250501,"relics_obtained":[{"floor":1,"key":"LetterFromLob"},{"floor":9,"key":"Replay:Arrowhead"},{"floor":24,"key":"TungstenRod"},{"floor":26,"key":"Replay:Accelerometer"}],"event_choices":[{"damage_healed":0,"gold_gain":0,"player_choice":"Forge","damage_taken":0,"max_hp_gain":0,"max_hp_loss":0,"event_name":"Accursed Blacksmith","floor":4,"gold_loss":0,"cards_upgraded":["yuri:Oolong"]},{"cards_removed":["yuri:yuriStrike"],"damage_healed":0,"gold_gain":0,"player_choice":"Purged","damage_taken":0,"max_hp_gain":0,"max_hp_loss":0,"event_name":"Purifier","floor":10,"gold_loss":0},{"damage_healed":0,"gold_gain":0,"player_choice":"Donut","damage_taken":0,"max_hp_gain":5,"max_hp_loss":0,"event_name":"Big Fish","floor":12,"gold_loss":0},{"damage_healed":0,"gold_gain":0,"player_choice":"2 cards matched","damage_taken":0,"max_hp_gain":0,"max_hp_loss":0,"event_name":"Match and Keep!","floor":21,"gold_loss":0,"cards_obtained":["yuri:DeepBreathing","yuri:yuriStab"]}],"is_beta":false,"boss_relics":[{"not_picked":["Sandwich","SlaversCollar"],"picked":"Empty Cage"}],"items_purged_floors":[],"is_endless":false,"potions_floor_spawned":[3,11,16,18,22],"killed_by":"theJungle:2_Snecko_Cultists","ascension_level":0}}