{"host":"rvofswtrkybk7ok8","time":1612617198,"event":{"mods":["ATMod(°¢èªMod)","BaseMod","Card Filter","Colored Map","Minty Spire (QoL Compilation)","Quick Restart","StSLib"],"gold_per_floor":[110,110,129,54,13,38,57,57,57,57,86,86,121,140,140,219,219,236,236,99,99,112,112,112],"floor_reached":23,"language":"ZHS","playtime":850,"items_purged":[],"score":441,"play_id":"143ad1ae-e27b-4010-a38f-5ad0d4638fa1","local_time":"20210206211318","is_ascension_mode":true,"campfire_choices":[{"data":"Zap","floor":8.0,"key":"SMITH"},{"data":"Static Discharge","floor":10.0,"key":"SMITH"},{"floor":15,"key":"REST"}],"circlet_count":0,"master_deck":["AscendersBane","Strike_B+1","Strike_B+1","Strike_B+1","Strike_B+1","Defend_B+1","Defend_B+1","Defend_B+1","Defend_B+1","Zap+1","Dualcast","AT_HeatAcrobatics","Static Discharge+1","Skim","Loop","Sweeping Beam","Seek","Glacier","AT_StudyProgram","Rainbow","Self Repair","Defragment","Turbo","Turbo"],"relics":["Cracked Core","AT_ATBox","NeowsBlessing","AT_RabadonDeathcap","AT_ChloranthyRing","Potion Belt","Gremlin Horn","Cursed Key"],"acts_visited":["Exordium","TheCity"],"potions_floor_usage":[14,16,16,22,23],"damage_taken":[{"damage":0.0,"enemies":"Jaw Worm","floor":1.0,"turns":1.0},{"damage":0.0,"enemies":"2 Louse","floor":3.0,"turns":1.0},{"damage":0.0,"enemies":"Gremlin Nob","floor":6.0,"turns":1.0},{"damage":7.0,"enemies":"Small Slimes","floor":7.0,"turns":3.0},{"damage":30.0,"enemies":"3 Sentries","floor":11.0,"turns":4.0},{"damage":15.0,"enemies":"Lagavulin","floor":13.0,"turns":6.0},{"damage":0,"enemies":"Exordium Wildlife","floor":14,"turns":3},{"damage":16,"enemies":"Slime Boss","floor":16,"turns":9},{"damage":15,"enemies":"Spheric Guardian","floor":18,"turns":4},{"damage":0,"enemies":"3 Byrds","floor":22,"turns":5},{"damage":33,"enemies":"Gremlin Leader","floor":23,"turns":4}],"seed_played":"7252089919075588685","potions_obtained":[{"floor":1.0,"key":"Ancient Potion"},{"floor":7.0,"key":"Weak Potion"},{"floor":11.0,"key":"SkillPotion"},{"floor":13.0,"key":"ColorlessPotion"},{"floor":14,"key":"Block Potion"},{"floor":18,"key":"DistilledChaos"}],"is_trial":false,"path_per_floor":["M","?","M","?","$","E","M","R","T","R","E","?","E","M","R","B",null,"M","?","$","?","M","E"],"character_chosen":"DEFECT","items_purchased":["Skim","Defragment","Turbo"],"campfire_rested":1,"item_purchase_floors":[5,20,20],"current_hp_per_floor":[64,64,64,64,64,64,57,57,57,57,27,27,12,12,33,17,58,43,43,43,23,30,0,0],"gold":112,"neow_bonus":"THREE_ENEMY_KILL","is_daily":false,"chose_seed":false,"campfire_upgraded":2,"win_rate":0.0,"timestamp":1612617198,"path_taken":["M","?","M","?","$","E","M","R","T","R","E","?","E","M","R","BOSS","M","?","$","?","M","E"],"items_purchased_type":["Card","Card","Card"],"build_version":"2020-12-22","purchased_purges":0,"victory":false,"max_hp_per_floor":[71,71,71,71,71,71,71,71,71,71,71,71,71,71,71,71,71,71,71,71,76,76,76,76],"card_choices":[{"not_picked":["Stack","Streamline","AT_HeatAcrobatics"],"picked":"SKIP","floor":1.0},{"not_picked":["Compile Driver","Tempest"],"picked":"Static Discharge","floor":3.0},{"not_picked":["Melter","Barrage"],"picked":"Loop","floor":6.0},{"not_picked":["Steam Power","Static Discharge"],"picked":"Sweeping Beam","floor":7.0},{"not_picked":["Heatsinks","Cold Snap"],"picked":"Seek","floor":11.0},{"not_picked":["Blizzard","Gash"],"picked":"Glacier","floor":13.0},{"not_picked":["Undo","Reprogram"],"picked":"AT_StudyProgram","floor":14},{"not_picked":["Reboot","All For One"],"picked":"Rainbow","floor":16},{"not_picked":["Conserve Battery","Double Energy"],"picked":"Self Repair","floor":18},{"not_picked":["Rip and Tear","Leap+1"],"picked":"Turbo","floor":22}],"player_experience":623505,"relics_obtained":[{"floor":6.0,"key":"AT_ChloranthyRing"},{"floor":11.0,"key":"Potion Belt"},{"floor":13.0,"key":"Gremlin Horn"}],"event_choices":[{"damage_healed":0.0,"max_hp_gain":0.0,"max_hp_loss":0.0,"gold_gain":0.0,"event_name":"Big Fish","player_choice":"Box","floor":2.0,"gold_loss":0.0,"damage_taken":0.0,"relics_obtained":["AT_RabadonDeathcap"],"cards_obtained":["Regret"]},{"cards_removed":["Regret"],"damage_healed":0.0,"max_hp_gain":0.0,"max_hp_loss":0.0,"gold_gain":0.0,"event_name":"The Cleric","player_choice":"Card Removal","floor":4.0,"gold_loss":75.0,"damage_taken":0.0},{"damage_healed":0.0,"max_hp_gain":0.0,"max_hp_loss":0.0,"gold_gain":0.0,"event_name":"Shining Light","player_choice":"Ignored","floor":12.0,"gold_loss":0.0,"damage_taken":0.0},{"damage_healed":0,"gold_gain":0,"player_choice":"Simplicity","damage_taken":0,"max_hp_gain":0,"max_hp_loss":0,"event_name":"Back to Basics","floor":19,"gold_loss":0,"cards_upgraded":["Strike_B","Strike_B","Strike_B","Strike_B","Defend_B","Defend_B","Defend_B","Defend_B"]},{"damage_healed":0,"gold_gain":0,"player_choice":"Shed Blood","damage_taken":25,"max_hp_gain":5,"max_hp_loss":0,"event_name":"Forgotten Altar","floor":21,"gold_loss":0}],"is_beta":false,"boss_relics":[{"not_picked":["Sozu","Velvet Choker"],"picked":"Cursed Key"}],"items_purged_floors":[],"is_endless":false,"potions_floor_spawned":[1,7,11,13,14,18],"killed_by":"Gremlin Leader","ascension_level":18}}