{"host":"lktusdb9orijgc6z","time":1612626743,"event":{"mods":["BaseMod","Bestiary","Colored Map","Colored Powertips","Minty Spire (QoL Compilation)","Permanent Neow","Quick Restart","Relic Stats","StSLib","everything is the same but u backflip on backflip","slay the spire mod where everything is the same but ironclad has a cowboy hat"],"gold_per_floor":[118,118,138,156,231,259,259,259,259,277,311,323,2,93,93,184,184,194,208,42,42,59,59,59,88,134,152,152,152,152],"floor_reached":29,"language":"ENG","playtime":1018,"items_purged":[],"score":447,"play_id":"a390d01d-d9d5-4614-92e0-b3cfc5ffa999","local_time":"20210206165223","is_ascension_mode":true,"campfire_choices":[{"data":"Perfected Strike","floor":8.0,"key":"SMITH"},{"data":"Shockwave","floor":15.0,"key":"SMITH"},{"data":"HandOfGreed","floor":23.0,"key":"SMITH"},{"data":"Bludgeon","floor":28.0,"key":"SMITH"}],"circlet_count":0,"master_deck":["AscendersBane","Strike_R","Strike_R","Strike_R","Strike_R","Strike_R","Defend_R","Defend_R","Defend_R","Bash","Mayhem+1","Sword Boomerang","Pommel Strike","Perfected Strike+1","Twin Strike","Clothesline","Shockwave+1","HandOfGreed+1","Bludgeon+1","Bludgeon","Bloodletting","Cleave","Flame Barrier","Dark Shackles","Battle Trance"],"relics":["Burning Blood","Pear","Omamori","Juzu Bracelet","Nunchaku","Bottled Lightning","Black Star","Art of War","MealTicket","Ancient Tea Set"],"acts_visited":["Exordium","TheCity"],"potions_floor_usage":[29],"damage_taken":[{"damage":7.0,"enemies":"2 Louse","floor":1.0,"turns":3.0},{"damage":1.0,"enemies":"Cultist","floor":3.0,"turns":4.0},{"damage":2.0,"enemies":"Small Slimes","floor":4.0,"turns":3.0},{"damage":30.0,"enemies":"Lagavulin","floor":6.0,"turns":6.0},{"damage":11.0,"enemies":"3 Louse","floor":10.0,"turns":3.0},{"damage":24.0,"enemies":"Gremlin Nob","floor":11.0,"turns":4.0},{"damage":6.0,"enemies":"Exordium Thugs","floor":12.0,"turns":3.0},{"damage":18.0,"enemies":"3 Sentries","floor":14.0,"turns":5.0},{"damage":21.0,"enemies":"Hexaghost","floor":16.0,"turns":7.0},{"damage":11.0,"enemies":"Spheric Guardian","floor":18.0,"turns":3.0},{"damage":23.0,"enemies":"Shell Parasite","floor":19.0,"turns":3.0},{"damage":27.0,"enemies":"Shelled Parasite and Fungi","floor":22.0,"turns":4.0},{"damage":12.0,"enemies":"Slavers","floor":25.0,"turns":5.0},{"damage":5.0,"enemies":"Centurion and Healer","floor":27.0,"turns":5.0},{"damage":18,"enemies":"Book of Stabbing","floor":29,"turns":3}],"seed_played":"-7817568640708573223","potions_obtained":[{"floor":3.0,"key":"Block Potion"},{"floor":4.0,"key":"Regen Potion"},{"floor":10.0,"key":"BloodPotion"},{"floor":11.0,"key":"LiquidMemories"},{"floor":16.0,"key":"LiquidBronze"},{"floor":19.0,"key":"AttackPotion"},{"floor":22.0,"key":"LiquidMemories"},{"floor":25.0,"key":"ColorlessPotion"}],"is_trial":false,"path_per_floor":["M","?","M","M","?","E","?","R","T","M","E","M","$","E","R","B",null,"M","M","$","?","M","R","$","E","T","M","R","E"],"character_chosen":"IRONCLAD","items_purchased":["HandOfGreed","Nunchaku","Flame Barrier","Dark Shackles"],"campfire_rested":0,"item_purchase_floors":[13,13,20,20],"current_hp_per_floor":[67,67,68,68,57,55,48,48,48,43,40,40,40,28,28,13,62,57,40,40,40,19,19,19,13,13,14,14,0,0],"gold":152,"neow_bonus":"RANDOM_COLORLESS_2","is_daily":false,"chose_seed":false,"campfire_upgraded":4,"win_rate":0.0,"timestamp":1612626743,"path_taken":["M","?","?","M","?","E","?","R","T","M","E","M","$","E","R","BOSS","M","M","$","?","M","R","?","E","T","M","R","E"],"items_purchased_type":["Card","Relic","Card","Card"],"build_version":"2020-12-22","purchased_purges":0,"victory":false,"max_hp_per_floor":[68,68,68,68,68,78,78,78,78,78,78,78,78,78,78,78,78,78,78,78,78,78,78,78,78,78,78,78,78,78],"relic_stats":{"Nunchaku":[6],"counters":[15,61],"MealTicket":0,"Juzu Bracelet":0,"Black Star":1,"Art of War":[1],"obtain_stats":[{"Nunchaku":13,"Pear":6,"MealTicket":25,"Omamori":9,"Juzu Bracelet":11,"Black Star":17,"Art of War":25,"Bottled Lightning":14,"Ancient Tea Set":26,"Burning Blood":0},{"Nunchaku":7,"Pear":4,"MealTicket":13,"Omamori":4,"Juzu Bracelet":6,"Black Star":9,"Art of War":13,"Bottled Lightning":8,"Ancient Tea Set":13,"Burning Blood":0},{"Nunchaku":26,"Pear":16,"MealTicket":53,"Omamori":16,"Juzu Bracelet":23,"Black Star":38,"Art of War":53,"Bottled Lightning":31,"Ancient Tea Set":53,"Burning Blood":0}],"Burning Blood":76},"card_choices":[{"not_picked":["Magnetism","Secret Weapon"],"picked":"Mayhem","floor":0.0},{"not_picked":["Rage","Clothesline"],"picked":"Sword Boomerang","floor":1.0},{"not_picked":["Thunderclap","Fire Breathing"],"picked":"Pommel Strike","floor":3.0},{"not_picked":["Pommel Strike","Shrug It Off"],"picked":"Perfected Strike","floor":4.0},{"not_picked":["Rupture","Warcry"],"picked":"Twin Strike","floor":6.0},{"not_picked":["Dark Embrace","Anger"],"picked":"Clothesline","floor":10.0},{"not_picked":["Wild Strike","Infernal Blade"],"picked":"Blood for Blood","floor":11.0},{"not_picked":["Infernal Blade","Warcry"],"picked":"Shockwave","floor":12.0},{"not_picked":["Anger","Thunderclap"],"picked":"Bludgeon","floor":14.0},{"not_picked":["Brutality","Demon Form"],"picked":"Bludgeon","floor":16.0},{"not_picked":["Clash","Thunderclap"],"picked":"Bloodletting","floor":18.0},{"not_picked":["Clash","Blood for Blood"],"picked":"Cleave","floor":19.0},{"not_picked":["Clash","Carnage","Rampage"],"picked":"SKIP","floor":22.0},{"not_picked":["Sever Soul","Second Wind"],"picked":"Battle Trance","floor":25.0},{"not_picked":["Twin Strike","Inflame","Warcry"],"picked":"SKIP","floor":27.0}],"player_experience":771675,"relics_obtained":[{"floor":6.0,"key":"Pear"},{"floor":9.0,"key":"Omamori"},{"floor":11.0,"key":"Juzu Bracelet"},{"floor":14.0,"key":"Bottled Lightning"},{"floor":25.0,"key":"Art of War"},{"floor":25.0,"key":"MealTicket"},{"floor":26.0,"key":"Ancient Tea Set"}],"event_choices":[{"damage_healed":0.0,"max_hp_gain":0.0,"max_hp_loss":0.0,"gold_gain":0.0,"event_name":"Upgrade Shrine","player_choice":"Upgraded","floor":2.0,"gold_loss":0.0,"damage_taken":0.0,"cards_upgraded":["Mayhem"]},{"damage_healed":0.0,"max_hp_gain":0.0,"max_hp_loss":0.0,"gold_gain":75.0,"event_name":"World of Goop","player_choice":"Gather Gold","floor":5.0,"gold_loss":0.0,"damage_taken":11.0},{"cards_removed":["Defend_R"],"damage_healed":0.0,"max_hp_gain":0.0,"max_hp_loss":0.0,"gold_gain":0.0,"event_name":"Golden Wing","player_choice":"Card Removal","floor":7.0,"gold_loss":0.0,"damage_taken":7.0},{"cards_removed":["Blood for Blood"],"damage_healed":0.0,"max_hp_gain":0.0,"max_hp_loss":0.0,"gold_gain":0.0,"event_name":"Purifier","player_choice":"Purged","floor":21.0,"gold_loss":0.0,"damage_taken":0.0}],"is_beta":false,"boss_relics":[{"not_picked":["Empty Cage","Fusion Hammer"],"picked":"Black Star"}],"items_purged_floors":[],"is_endless":false,"potions_floor_spawned":[3,4,10,11,16,19,22,25],"killed_by":"Book of Stabbing","ascension_level":14}}