{"host":"ttx8tv95o5vka1nm","time":1612585862,"event":{"mods":["AchievementEnabler","BaseMod","Colored Map","Evolution","Infinite Spire","Minty Spire (QoL Compilation)","Relic Filter Mod","Reliquary","Robot Space Explorer","Shop Mod","Spicy Shops","StSLib","The Bug Knight","The Cursed","The Forsaken","The Hierophant","The Runesmith","TheBandit"],"gold_per_floor":[10,28,28,43,61,92,107,107,176,191,204,204,219,319,319,416,416,433,450,43,55,55,84,96,121,121,46,57,57,76,88,88,183,183,196,209,209,225,225,260,272,272,325,355,355,388,12,12,12,116,116,119,119,127,130,98,116,126,143,143,151,154,150,156,156,156,222,222,217,55,59,57,66,66,66,66,66,79,80,106,106,31,31,105,105,112,112,55,48,39,39,43,16,66,63,63,56,56,54,54],"floor_reached":99,"language":"ENG","playtime":9001,"items_purged":["Parasite","TheCursedMod:Dregs","HollowMod:QuickDashStart","HollowMod:NailStrikeStart","HollowMod:NailStrikeStart"],"score":1903,"play_id":"116d4255-33a2-469c-899d-f867c277f144","local_time":"20210206143102","is_ascension_mode":false,"campfire_choices":[{"data":"HollowMod:SlysStrikes","floor":8.0,"key":"SMITH"},{"data":"HollowMod:FocusHealStart","floor":12.0,"key":"SMITH"},{"data":"HollowMod:MantisMark","floor":15.0,"key":"SMITH"},{"data":"infinitespire:Gouge","floor":29.0,"key":"SMITH"},{"data":"HollowMod:DesolateDive","floor":32.0,"key":"SMITH"},{"data":"HollowMod:SoulEater","floor":42,"key":"SMITH"},{"data":"HollowMod:NewJinnsSoul","floor":45,"key":"SMITH"},{"floor":49,"key":"REST"},{"data":"HollowMod:MidwifesHunger","floor":66,"key":"SMITH"},{"data":"HollowMod:ElderbugsWisdom","floor":74,"key":"SMITH"},{"data":"HollowMod:MantisMark","floor":76,"key":"SMITH"},{"data":"HollowMod:Weaversong","floor":83,"key":"SMITH"},{"data":"Panacea","floor":91,"key":"SMITH"},{"data":"Deep Breath","floor":96,"key":"SMITH"}],"circlet_count":0,"master_deck":["HollowMod:NailStrikeStart+1","HollowMod:QuickDashStart","HollowMod:QuickDashStart","HollowMod:FocusHealStart+1","HollowMod:PogoStrike+1","HollowMod:SlysStrikes+1","HollowMod:FastStrike","HollowMod:MantisMark+1","HollowMod:CoiledNail","HollowMod:LifebloodCocoon+1","HollowMod:HeavyBlow","HollowMod:LifebloodCore+1","HollowMod:RecoilStrike+1","HollowMod:MonarchWings+1","HollowMod:DashSlash","infinitespire:Gouge+1","HollowMod:HuntersJournal+1","HollowMod:DesolateDive+1","HollowMod:theNailsmith+1","HollowMod:SoulEater+1","HollowMod:QuirrelsAssistance+1","HollowMod:NewJinnsSoul+1","HollowMod:DungDefenderAura+1","Master of Strategy+1","HollowMod:HuntersJournal","HollowMod:Weaversong+1","HollowMod:CornifersMapStart+1","HollowMod:PerfectDash","HollowMod:InfectedCysts","HollowMod:MantisMark+1","HollowMod:MidwifesHunger+1","HollowMod:ChannelNail","HollowMod:VengefulSpirit","HollowMod:SharpenedNail","infinitespire:SevenWalls+1","infinitespire:Fortify","HollowMod:ElderbugsWisdom+1","Panacea+1","Deep Breath+1"],"relics":["HollowMod:VesselMask","EVO:Axolotl","reliquary:RosewoodLute","MerchantsRug","Anchor","Blood Vial","infinitespire:EmpoweringShard","Ginger","HollowMod:PaleOreRelic","reliquary:Stiletto","Omamori","Membership Card","Philosopher\u0027s Stone","Coffee Dripper","Runesmith:AutoHammer","PreservedInsect","Sling","Orichalcum","TungstenRod","Busted Crown","reliquary:PartyBalloon","reliquary:TridentHead","Medical Kit","Bag of Marbles","theForsaken:PlagueMask","infinitespire:Cupcake","Ornamental Fan","PrismaticShard","reliquary:Sideboard","HollowMod:KingsBrand","Potion Belt"],"acts_visited":["Exordium","TheCity","TheBeyond","Exordium","TheCity","TheBeyond"],"potions_floor_usage":[38,41,44,47,52,69,80,84],"damage_taken":[{"damage":0.0,"enemies":"Cultist","floor":1.0,"turns":4.0},{"damage":6.0,"enemies":"2 Louse","floor":2.0,"turns":4.0},{"damage":0.0,"enemies":"Small Slimes","floor":4.0,"turns":4.0},{"damage":10.0,"enemies":"Red Slaver","floor":5.0,"turns":4.0},{"damage":3.0,"enemies":"HollowMod:MossKnight","floor":6.0,"turns":3.0},{"damage":1.0,"enemies":"3 Louse","floor":7.0,"turns":4.0},{"damage":9.0,"enemies":"Gremlin Gang","floor":10.0,"turns":4.0},{"damage":9.0,"enemies":"Exordium Wildlife","floor":11.0,"turns":5.0},{"damage":7.0,"enemies":"Blue Slaver","floor":13.0,"turns":3.0},{"damage":12.0,"enemies":"Slime Boss","floor":16.0,"turns":5.0},{"damage":1.0,"enemies":"Chosen","floor":18.0,"turns":3.0},{"damage":17.0,"enemies":"2 Thieves","floor":19.0,"turns":4.0},{"damage":4.0,"enemies":"Snake Plant","floor":21.0,"turns":3.0},{"damage":0.0,"enemies":"HollowMod:Nosk","floor":23.0,"turns":4.0},{"damage":0.0,"enemies":"Shelled Parasite and Fungi","floor":24.0,"turns":4.0},{"damage":21.0,"enemies":"Nightmare","floor":25.0,"turns":7.0},{"damage":7.0,"enemies":"Sentry and Sphere","floor":28.0,"turns":3.0},{"damage":0.0,"enemies":"3 Cultists","floor":30.0,"turns":4.0},{"damage":9.0,"enemies":"Snake Plant","floor":31.0,"turns":4.0},{"damage":31.0,"enemies":"Automaton","floor":33.0,"turns":9.0},{"damage":0.0,"enemies":"3 Darklings","floor":35.0,"turns":5.0},{"damage":5.0,"enemies":"3 Shapes","floor":36.0,"turns":2.0},{"damage":3,"enemies":"Spire Growth","floor":38,"turns":4},{"damage":9,"enemies":"Nemesis","floor":40,"turns":7},{"damage":3,"enemies":"3 Darklings","floor":41,"turns":4},{"damage":14,"enemies":"Reptomancer","floor":44,"turns":7},{"damage":64,"enemies":"Nemesis","floor":46,"turns":7},{"damage":33,"enemies":"HollowMod:Radiance","floor":50,"turns":9},{"damage":0,"enemies":"Small Slimes","floor":52,"turns":1},{"damage":0,"enemies":"2 Louse","floor":54,"turns":2},{"damage":0,"enemies":"Jaw Worm","floor":55,"turns":3},{"damage":0,"enemies":"3 Sentries","floor":57,"turns":3},{"damage":0,"enemies":"Looter","floor":58,"turns":1},{"damage":0,"enemies":"Lagavulin","floor":59,"turns":2},{"damage":0,"enemies":"Exordium Thugs","floor":61,"turns":2},{"damage":0,"enemies":"Blue Slaver","floor":62,"turns":2},{"damage":4,"enemies":"HollowMod:HuskWarrior","floor":63,"turns":3},{"damage":0,"enemies":"Gremlin Gang","floor":64,"turns":2},{"damage":20,"enemies":"HollowMod:FalseKnight","floor":67,"turns":6},{"damage":4,"enemies":"2 Thieves","floor":69,"turns":3},{"damage":0,"enemies":"Spheric Guardian","floor":71,"turns":2},{"damage":0,"enemies":"Centurion and Healer","floor":72,"turns":3},{"damage":0,"enemies":"Snake Plant","floor":73,"turns":2},{"damage":0,"enemies":"Book of Stabbing","floor":78,"turns":4},{"damage":0,"enemies":"Shelled Parasite and Fungi","floor":79,"turns":2},{"damage":0,"enemies":"HollowMod:Nosk","floor":80,"turns":1},{"damage":0,"enemies":"HollowMod:NKGrimm","floor":84,"turns":4},{"damage":0,"enemies":"3 Shapes","floor":86,"turns":2},{"damage":0,"enemies":"3 Darklings","floor":89,"turns":2},{"damage":17,"enemies":"4 Shapes","floor":90,"turns":3},{"damage":53,"enemies":"Reptomancer","floor":92,"turns":3},{"damage":0,"enemies":"Transient","floor":93,"turns":5},{"damage":0,"enemies":"Sphere and 2 Shapes","floor":95,"turns":3},{"damage":0,"enemies":"Spire Growth","floor":97,"turns":3},{"damage":49,"enemies":"Writhing Mass","floor":99,"turns":3}],"seed_played":"-7247025463149672735","potions_obtained":[{"floor":4.0,"key":"LiquidBronze"},{"floor":5.0,"key":"DuplicationPotion"},{"floor":6.0,"key":"Energy Potion"},{"floor":10.0,"key":"SteroidPotion"},{"floor":21.0,"key":"SteroidPotion"},{"floor":25.0,"key":"GamblersBrew"},{"floor":28.0,"key":"Energy Potion"},{"floor":30.0,"key":"ColorlessPotion"},{"floor":33.0,"key":"Swift Potion"},{"floor":35.0,"key":"Energy Potion"},{"floor":38,"key":"DistilledChaos"},{"floor":41,"key":"Ancient Potion"},{"floor":46,"key":"Energy Potion"},{"floor":50,"key":"DistilledChaos"},{"floor":52,"key":"LiquidMemories"},{"floor":55,"key":"LiquidMemories"},{"floor":59,"key":"Explosive Potion"},{"floor":61,"key":"SneckoOil"},{"floor":64,"key":"SpeedPotion"},{"floor":71,"key":"SpeedPotion"},{"floor":72,"key":"Energy Potion"},{"floor":73,"key":"SpeedPotion"},{"floor":80,"key":"GamblersBrew"},{"floor":89,"key":"Ancient Potion"},{"floor":93,"key":"Dexterity Potion"},{"floor":97,"key":"Strength Potion"}],"is_trial":false,"path_per_floor":["M","M","$","M","M","E","M","R","T","M","M","R","M","?","R","B",null,"M","M","$","M","T","E","M","NM","T","?","M","R","M","M","R","B",null,"M","M","?","M","?","E","M","R","T","E","R","E","$","?","R","B",null,"M","AVR","M","M","$","E","M","E","T","M","M","M","M","?","R","B",null,"M","$","M","M","M","R","?","R","T","E","M","E","?","?","R","B",null,"M","?","$","M","M","R","E","M","T","M","R","M","?","M"],"character_chosen":"THE_BUGKNIGHT","items_purchased":["MerchantsRug","Anchor","reliquary:Buckler","HollowMod:MonarchWings","Omamori","Membership Card","Fruit Juice","Master of Strategy","HollowMod:HuntersJournal","PreservedInsect","Sling","War Paint","reliquary:FeatherDuster","HollowMod:MantisMark","reliquary:PartyBalloon","reliquary:TridentHead","Whetstone","Medical Kit","Ornamental Fan","PrismaticShard"],"campfire_rested":1,"item_purchase_floors":[20,20,20,20,47,47,47,47,47,56,56,56,56,56,70,70,70,70,88,88],"current_hp_per_floor":[75,69,69,75,71,68,73,73,73,70,71,71,72,72,72,60,75,74,63,63,65,65,71,75,60,60,60,55,55,63,62,62,39,75,75,70,70,68,68,61,60,60,60,57,57,1,6,6,32,7,78,78,78,78,78,78,78,78,78,78,78,78,78,78,60,60,48,78,78,78,78,78,78,78,78,78,78,88,88,88,88,93,93,93,93,93,84,84,86,71,71,20,32,32,40,40,42,42,1,1],"gold":54,"neow_bonus":"THREE_RARE_CARDS","is_daily":false,"chose_seed":false,"campfire_upgraded":13,"win_rate":0.0,"timestamp":1612585862,"path_taken":["M","M","$","M","M","E","M","R","T","M","M","R","M","?","R","BOSS","M","M","$","M","?","E","M","NM","T","?","M","R","M","M","R","BOSS","M","M","?","M","?","E","?","R","T","E","R","E","?","?","R","BOSS","M","AVR","M","M","?","E","M","E","T","?","M","?","M","?","R","BOSS","M","$","M","M","M","R","?","R","T","E","M","E","?","?","R","BOSS","M","?","$","M","M","R","E","M","T","M","R","M","?","M"],"items_purchased_type":["Relic","Relic","Relic","Card","Relic","Relic","Potion","Card","Card","Relic","Relic","Relic","Relic","Card","Relic","Relic","Relic","Relic","Relic","Relic"],"build_version":"2020-12-22","purchased_purges":5,"victory":false,"max_hp_per_floor":[75,75,75,75,75,75,75,75,75,75,75,75,75,75,75,75,75,75,75,75,75,75,75,75,75,75,75,75,75,75,75,75,75,75,75,75,71,71,71,71,71,71,71,71,71,71,73,73,78,78,78,78,78,78,78,78,78,78,78,78,78,78,78,78,78,78,78,78,78,78,78,78,78,78,78,78,78,88,88,88,88,93,93,93,93,93,93,93,93,93,93,93,93,93,93,93,93,93,93,93],"card_choices":[{"not_picked":["HollowMod:theNailsmith","HollowMod:AwokenDreamNail"],"picked":"HollowMod:SlysStrikes","floor":0.0},{"not_picked":["HollowMod:SoulSplash","HollowMod:DoubleDash"],"picked":"HollowMod:SoulShaman","floor":1.0},{"not_picked":["HollowMod:LifebloodCocoon","HollowMod:MothsMistake"],"picked":"HollowMod:FastStrike","floor":2.0},{"not_picked":["HollowMod:SharpenedNail","HollowMod:TaintedHusks"],"picked":"HollowMod:MantisMark","floor":4.0},{"not_picked":["HollowMod:NewGlowingWomb","HollowMod:SharpenedShadows"],"picked":"HollowMod:CycloneSlash","floor":5.0},{"not_picked":["HollowMod:HowlingWraiths","HollowMod:DescendingDark","HollowMod:FastStrike"],"picked":"SKIP","floor":6.0},{"not_picked":["HollowMod:DashSlash","HollowMod:SlysStrikes"],"picked":"HollowMod:CoiledNail","floor":7.0},{"not_picked":["HollowMod:NewLittleFool","HollowMod:CloakDash"],"picked":"HollowMod:LifebloodCocoon","floor":10.0},{"not_picked":["HollowMod:ElderbugsWisdom","HollowMod:DescendingDark","HollowMod:LifebloodCocoon"],"picked":"SKIP","floor":11.0},{"not_picked":["HollowMod:CloakDash","HollowMod:HowlingWraiths"],"picked":"HollowMod:HeavyBlow","floor":13.0},{"not_picked":["HollowMod:HornetsHelp","HollowMod:MidwifesHunger"],"picked":"HollowMod:LifebloodCore","floor":16.0},{"not_picked":["HollowMod:MothsMistake","HollowMod:VengefulVoid","HollowMod:ShadowDash"],"picked":"SKIP","floor":18.0},{"not_picked":["HollowMod:CloakDash","HollowMod:CornifersMapStart+1"],"picked":"HollowMod:RecoilStrike+1","floor":19.0},{"not_picked":["HollowMod:VengefulVoid","HollowMod:DoubleDash","HollowMod:AbyssShriek+1"],"picked":"SKIP","floor":21.0},{"not_picked":["HollowMod:SlysStrikes","HollowMod:MonarchWings"],"picked":"HollowMod:DashSlash","floor":23.0},{"not_picked":["HollowMod:CloakDash","HollowMod:SiblingsSouls"],"picked":"HollowMod:DashSlash","floor":24.0},{"not_picked":["infinitespire:Execution","infinitespire:Collect"],"picked":"infinitespire:Gouge","floor":25.0},{"not_picked":["HollowMod:InfectedCysts","HollowMod:DoubleDash"],"picked":"HollowMod:HuntersJournal+1","floor":25.0},{"not_picked":["HollowMod:CloakDash+1","HollowMod:NewJinnsSoul","HollowMod:SharpenedShadows"],"picked":"SKIP","floor":28.0},{"not_picked":["HollowMod:DoubleDash","HollowMod:InfectedCysts"],"picked":"HollowMod:GoodIntentions","floor":30.0},{"not_picked":["HollowMod:QuirrelsAssistance","HollowMod:MothsMistake"],"picked":"HollowMod:DesolateDive","floor":31.0},{"not_picked":["HollowMod:ElderbugsWisdom","HollowMod:MidwifesHunger"],"picked":"HollowMod:theNailsmith","floor":33.0},{"not_picked":["HollowMod:CycloneSlash+1","HollowMod:TaintedHusks"],"picked":"HollowMod:SoulEater","floor":35.0},{"not_picked":["HollowMod:NewLittleFool+1","HollowMod:DashSlash+1","HollowMod:AbyssShriek"],"picked":"SKIP","floor":36.0},{"not_picked":["HollowMod:LifebloodCore","HollowMod:ShapeofUnn"],"picked":"HollowMod:NewGlowingWomb+1","floor":38},{"not_picked":["HollowMod:SoulStrike","HollowMod:DreamGate"],"picked":"HollowMod:QuirrelsAssistance+1","floor":40},{"not_picked":["HollowMod:SoulShaman","HollowMod:GoodIntentions"],"picked":"HollowMod:MonarchWings","floor":41},{"not_picked":["HollowMod:SoulStrike+1","HollowMod:InfectedAttack"],"picked":"HollowMod:NewJinnsSoul","floor":44},{"not_picked":["HollowMod:InfectedCysts+1","HollowMod:GoodIntentions+1"],"picked":"HollowMod:DungDefenderAura+1","floor":46},{"not_picked":["HollowMod:VoidDash","HollowMod:LifebloodCore"],"picked":"HollowMod:Weaversong","floor":50},{"not_picked":["HollowMod:GoodIntentions","HollowMod:ShapeofUnn"],"picked":"HollowMod:CornifersMapStart","floor":52},{"not_picked":["HollowMod:FallenFury","HollowMod:DescendingDark"],"picked":"HollowMod:PerfectDash","floor":54},{"not_picked":["HollowMod:CloakDash","HollowMod:SoulSplash"],"picked":"HollowMod:InfectedCysts","floor":55},{"not_picked":["HollowMod:MantisMark","HollowMod:GreatSlash"],"picked":"HollowMod:MidwifesHunger","floor":57},{"not_picked":["HollowMod:ShapeofUnn","HollowMod:DashSlash","HollowMod:InfectedCysts"],"picked":"SKIP","floor":58},{"not_picked":["HollowMod:ShapeofUnn","HollowMod:SoulStrike"],"picked":"HollowMod:ChannelNail","floor":59},{"not_picked":["HollowMod:GoodIntentions","HollowMod:NewLittleFool","HollowMod:SharpenedShadows"],"picked":"SKIP","floor":61},{"not_picked":["HollowMod:ShadowDash","HollowMod:DesolateDive","HollowMod:SharpenedShadows"],"picked":"SKIP","floor":62},{"not_picked":["HollowMod:SiblingsSouls","HollowMod:LifebloodCocoon"],"picked":"HollowMod:VengefulSpirit","floor":63},{"not_picked":["HollowMod:HowlingWraiths","HollowMod:ShadowDash"],"picked":"HollowMod:SharpenedNail","floor":64},{"not_picked":["infinitespire:Fortify","infinitespire:NeuralNetwork"],"picked":"infinitespire:SevenWalls","floor":65},{"not_picked":["infinitespire:UltimateForm","infinitespire:FinalStrike"],"picked":"infinitespire:Fortify","floor":67},{"not_picked":["HollowMod:Weaversong","HollowMod:LifebloodCore"],"picked":"HollowMod:ElderbugsWisdom","floor":67},{"not_picked":["HollowMod:FastStrike"],"picked":"SKIP","floor":69},{"not_picked":["HollowMod:HeavyBlow"],"picked":"SKIP","floor":71},{"not_picked":["HollowMod:CrystalDash+1"],"picked":"SKIP","floor":72},{"not_picked":["HollowMod:DesolateDive"],"picked":"SKIP","floor":73},{"not_picked":["HollowMod:InfectedCysts"],"picked":"SKIP","floor":78},{"not_picked":["HollowMod:VengefulVoid"],"picked":"SKIP","floor":79},{"not_picked":["HollowMod:FallenFury+1"],"picked":"SKIP","floor":80},{"not_picked":["HollowMod:CloakDash"],"picked":"SKIP","floor":86},{"not_picked":[],"picked":"Panacea","floor":87},{"not_picked":[],"picked":"Deep Breath","floor":87},{"not_picked":["Runesmith:Prism"],"picked":"SKIP","floor":89},{"not_picked":["HollowMod:InfectedCysts+1"],"picked":"SKIP","floor":90},{"not_picked":["Ball Lightning"],"picked":"SKIP","floor":92},{"not_picked":["Runesmith:FrozenChisel"],"picked":"SKIP","floor":93},{"not_picked":["HollowMod:DashSlash+1"],"picked":"SKIP","floor":95},{"not_picked":["Runesmith:ChiselStab"],"picked":"SKIP","floor":97}],"player_experience":760326,"relics_obtained":[{"floor":6.0,"key":"reliquary:RosewoodLute"},{"floor":9.0,"key":"StrikeDummy"},{"floor":22.0,"key":"War Paint"},{"floor":23.0,"key":"StoneCalendar"},{"floor":25.0,"key":"Blood Vial"},{"floor":26.0,"key":"infinitespire:EmpoweringShard"},{"floor":40,"key":"Ginger"},{"floor":43,"key":"HollowMod:PaleOreRelic"},{"floor":44,"key":"theForsaken:Kindling"},{"floor":46,"key":"reliquary:Stiletto"},{"floor":57,"key":"Darkstone Periapt"},{"floor":59,"key":"Orichalcum"},{"floor":60,"key":"TungstenRod"},{"floor":77,"key":"reliquary:SculptingSteel"},{"floor":78,"key":"Pear"},{"floor":80,"key":"Bag of Marbles"},{"floor":92,"key":"reliquary:Sideboard"},{"floor":94,"key":"HollowMod:KingsBrand"}],"event_choices":[{"damage_healed":0.0,"max_hp_gain":0.0,"max_hp_loss":0.0,"gold_gain":100.0,"event_name":"Golden Shrine","player_choice":"Pray","floor":14.0,"gold_loss":0.0,"damage_taken":0.0},{"cards_removed":["Writhe"],"damage_healed":0.0,"max_hp_gain":0.0,"max_hp_loss":0.0,"gold_gain":0.0,"event_name":"Beggar","player_choice":"Gave Gold","floor":27.0,"gold_loss":75.0,"damage_taken":0.0},{"damage_healed":0.0,"max_hp_gain":0.0,"max_hp_loss":4.0,"gold_gain":0.0,"event_name":"Winding Halls","player_choice":"Max HP","floor":37.0,"gold_loss":0.0,"damage_taken":0.0},{"damage_healed":0,"gold_gain":0,"player_choice":"Upgraded","damage_taken":0,"max_hp_gain":0,"max_hp_loss":0,"event_name":"Upgrade Shrine","floor":39,"gold_loss":0,"cards_upgraded":["HollowMod:theNailsmith"]},{"damage_healed":0,"gold_gain":0,"player_choice":"Ignored","damage_taken":0,"max_hp_gain":0,"max_hp_loss":0,"event_name":"NoteForYourself","floor":48,"gold_loss":0},{"cards_removed":["HollowMod:QuickDashStart"],"damage_healed":0,"gold_gain":0,"player_choice":"Elegance","damage_taken":0,"max_hp_gain":0,"max_hp_loss":0,"event_name":"Back to Basics","floor":75,"gold_loss":0},{"damage_healed":0,"gold_gain":0,"player_choice":"Obtain Plague Curse","damage_taken":0,"max_hp_gain":0,"max_hp_loss":0,"event_name":"Plague Doctor","floor":81,"gold_loss":0,"cards_obtained":["theForsaken:PlagueCurse"]},{"damage_healed":0,"gold_gain":0,"player_choice":"Memory 3","damage_taken":10,"max_hp_gain":0,"max_hp_loss":0,"event_name":"SensoryStone","floor":87,"gold_loss":0},{"damage_healed":0,"gold_gain":0,"player_choice":"Gave Potion","damage_taken":0,"relics_obtained":["Potion Belt"],"max_hp_gain":0,"max_hp_loss":0,"event_name":"WeMeetAgain","floor":98,"gold_loss":0}],"is_beta":false,"boss_relics":[{"not_picked":["SacredBark","Calling Bell"],"picked":"Cursed Key"},{"not_picked":["reliquary:RedCape","Busted Crown"],"picked":"reliquary:Craggleroot"},{"not_picked":["theForsaken:PaleLantern","reliquary:KinkedSpring"],"picked":"Philosopher\u0027s Stone"},{"not_picked":["Fusion Hammer","Astrolabe"],"picked":"Busted Crown"},{"not_picked":["SlaversCollar","Runesmith:UraniumAnvil"],"picked":"infinitespire:Cupcake"}],"items_purged_floors":[47,53,56,70,88],"is_endless":true,"potions_floor_spawned":[4,5,6,10,13,21,25,28,30,33,35,38,41,46,50,52,55,59,61,64,67,71,72,73,80,89,93,97],"killed_by":"Writhing Mass","ascension_level":0}}