{"host":"2qv44oxt58ptq59r","time":1612638810,"event":{"mods":["AchievementEnabler","BaseMod","Colored Powertips","Highlight Path","Minty Spire (QoL Compilation)","Permanent Neow","StSLib"],"gold_per_floor":[112,37,37,53,3,3,34,47,47,63,63,63,79,106,106,207,207,219,233,148,179,139,0,0,18,92,111,111,126,226,226,226,323,323,343,565,582,632,649,674,674,692,768,768,819,829,2,14,14,14,14,14,14,49,49,49],"floor_reached":55,"language":"ENG","playtime":11280,"items_purged":[],"score":987,"play_id":"2976de26-9022-41cf-84b6-0e4e8d4b5452","local_time":"20210206191330","is_ascension_mode":true,"campfire_choices":[{"data":"Blood for Blood","floor":6.0,"key":"SMITH"},{"data":"Bash","floor":12.0,"key":"SMITH"},{"data":"Uppercut","floor":15.0,"key":"SMITH"},{"floor":24.0,"key":"REST"},{"data":"Metallicize","floor":28.0,"key":"SMITH"},{"floor":32.0,"key":"REST"},{"floor":41.0,"key":"RECALL"},{"floor":49.0,"key":"REST"},{"data":"Panache","floor":52.0,"key":"SMITH"}],"circlet_count":0,"master_deck":["Strike_R","Strike_R","Strike_R","Strike_R","Defend_R","Defend_R","Defend_R","Defend_R","Bash+1","Spot Weakness","Fire Breathing+1","Blood for Blood+1","Bloodletting+1","Wild Strike","True Grit+1","Uppercut+1","Intimidate+1","Demon Form+1","Disarm+1","Shrug It Off+1","Armaments+1","Feed","Metallicize","Metallicize+1","Thunderclap+1","Battle Trance+1","Feel No Pain+1","Demon Form","Inflame","Spot Weakness+1","Limit Break+1","Evolve+1","Metallicize","Wild Strike+1","Blood for Blood+1","Sword Boomerang","Body Slam+1","Pommel Strike+1","Dark Shackles+1","Clothesline+1","Shockwave+1","Heavy Blade+1","Panache+1","Shrug It Off+1","Blood for Blood+1","Heavy Blade+1"],"relics":["Black Blood","Toxic Egg 2","Mango","Ginger","Mark of Pain","Matryoshka","Red Mask","Ancient Tea Set","Meat on the Bone","Prayer Wheel","Pantograph","Bird Faced Urn","Bag of Marbles","Boot","Gremlin Horn","Ice Cream","Champion Belt","Happy Flower","TheAbacus","Gambling Chip"],"acts_visited":["Exordium","TheCity","TheBeyond","TheEnding"],"potions_floor_usage":[54],"damage_taken":[{"damage":7.0,"enemies":"2 Louse","floor":1.0,"turns":3.0},{"damage":2.0,"enemies":"Small Slimes","floor":4.0,"turns":5.0},{"damage":20.0,"enemies":"3 Sentries","floor":7.0,"turns":5.0},{"damage":13.0,"enemies":"Jaw Worm","floor":8.0,"turns":4.0},{"damage":6.0,"enemies":"Looter","floor":10.0,"turns":3.0},{"damage":3.0,"enemies":"Blue Slaver","floor":13.0,"turns":2.0},{"damage":20.0,"enemies":"Lagavulin","floor":14.0,"turns":6.0},{"damage":30.0,"enemies":"Hexaghost","floor":16.0,"turns":8.0},{"damage":21.0,"enemies":"Chosen","floor":18.0,"turns":5.0},{"damage":10.0,"enemies":"Shell Parasite","floor":19.0,"turns":3.0},{"damage":47.0,"enemies":"Masked Bandits","floor":21.0,"turns":5.0},{"damage":13.0,"enemies":"Snake Plant","floor":25.0,"turns":4.0},{"damage":10.0,"enemies":"Centurion and Healer","floor":27.0,"turns":7.0},{"damage":10.0,"enemies":"Shelled Parasite and Fungi","floor":29.0,"turns":4.0},{"damage":16.0,"enemies":"Colosseum Slavers","floor":30.0,"turns":5.0},{"damage":39.0,"enemies":"Colosseum Nobs","floor":30.0,"turns":6.0},{"damage":73.0,"enemies":"Automaton","floor":33.0,"turns":12.0},{"damage":24.0,"enemies":"Orb Walker","floor":35.0,"turns":4.0},{"damage":41.0,"enemies":"3 Darklings","floor":37.0,"turns":6.0},{"damage":30.0,"enemies":"Mind Bloom Boss Battle","floor":38.0,"turns":8.0},{"damage":11.0,"enemies":"4 Shapes","floor":39.0,"turns":5.0},{"damage":57.0,"enemies":"Nemesis","floor":40.0,"turns":7.0},{"damage":30.0,"enemies":"Spire Growth","floor":42.0,"turns":5.0},{"damage":68.0,"enemies":"2 Orb Walkers","floor":45.0,"turns":5.0},{"damage":33.0,"enemies":"Jaw Worm Horde","floor":46.0,"turns":4.0},{"damage":19.0,"enemies":"Maw","floor":48.0,"turns":5.0},{"damage":80.0,"enemies":"Donu and Deca","floor":50.0,"turns":8.0},{"damage":100,"enemies":"Shield and Spear","floor":54,"turns":7},{"damage":89,"enemies":"The Heart","floor":55,"turns":6}],"seed_played":"-7510344112480528693","potions_obtained":[{"floor":1.0,"key":"Block Potion"},{"floor":8.0,"key":"Weak Potion"},{"floor":13.0,"key":"Ancient Potion"},{"floor":14.0,"key":"AttackPotion"},{"floor":18.0,"key":"SneckoOil"},{"floor":19.0,"key":"SpeedPotion"},{"floor":27.0,"key":"DistilledChaos"},{"floor":29.0,"key":"Ancient Potion"},{"floor":33.0,"key":"PowerPotion"},{"floor":35.0,"key":"Block Potion"},{"floor":40.0,"key":"Fire Potion"},{"floor":42.0,"key":"EssenceOfSteel"},{"floor":45.0,"key":"SpeedPotion"},{"floor":46.0,"key":"SteroidPotion"}],"is_trial":false,"path_per_floor":["M","$","?","M","?","R","E","M","T","M","?","R","M","E","R","B",null,"M","M","?","?","?","$","R","M","T","M","R","M","?","?","R","B",null,"M","?","M","?","M","E","R","M","T","?","?","M","$","M","R","B",null,"R","$","E","B"],"character_chosen":"IRONCLAD","items_purchased":["Fire Breathing","Feed","Metallicize","Champion Belt","Happy Flower","TheAbacus","Panache","Energy Potion"],"campfire_rested":3,"item_purchase_floors":[2,23,23,47,47,47,47,47],"current_hp_per_floor":[79,79,76,80,80,80,80,73,73,73,73,73,76,62,62,38,86,71,67,67,26,26,26,56,49,49,57,57,68,40,40,72,42,92,80,80,63,70,88,69,69,77,77,77,46,47,47,66,100,72,104,104,104,50,0,0],"gold":49,"neow_bonus":"TEN_PERCENT_HP_BONUS","is_daily":false,"chose_seed":false,"campfire_upgraded":5,"win_rate":0.0,"timestamp":1612638810,"path_taken":["M","$","?","M","?","R","E","M","T","M","?","R","M","E","R","BOSS","M","M","?","?","?","$","R","M","T","M","R","?","?","?","R","BOSS","M","?","M","?","M","E","R","M","T","?","?","M","$","M","R","BOSS","R","$","E","BOSS"],"items_purchased_type":["Card","Card","Card","Relic","Relic","Relic","Card","Potion"],"build_version":"2020-12-22","purchased_purges":0,"victory":false,"max_hp_per_floor":[88,88,88,88,88,88,102,102,102,102,102,102,102,102,102,102,102,102,102,102,102,102,102,102,102,102,102,102,105,108,108,108,108,108,108,108,108,108,111,111,111,111,111,111,114,114,114,114,114,114,114,114,114,118,118,118],"card_choices":[{"not_picked":["Burning Pact","Body Slam"],"picked":"Spot Weakness","floor":1.0},{"not_picked":["Burning Pact+1","Searing Blow"],"picked":"Blood for Blood","floor":4.0},{"not_picked":["Flex+1","Body Slam"],"picked":"Bloodletting+1","floor":7.0},{"not_picked":["Headbutt","Searing Blow"],"picked":"Wild Strike","floor":8.0},{"not_picked":["Reckless Charge","Cleave"],"picked":"True Grit+1","floor":10.0},{"not_picked":["Sword Boomerang","Blood for Blood"],"picked":"Uppercut","floor":13.0},{"not_picked":["Wild Strike","Immolate"],"picked":"Intimidate+1","floor":14.0},{"not_picked":["Limit Break+1","Impervious+1"],"picked":"Demon Form","floor":16.0},{"not_picked":["Perfected Strike+1","Havoc+1"],"picked":"Disarm+1","floor":18.0},{"not_picked":["Disarm+1","Spot Weakness+1"],"picked":"Shrug It Off+1","floor":19.0},{"not_picked":["Flex+1","Ghostly Armor+1"],"picked":"Armaments+1","floor":21.0},{"not_picked":["Infernal Blade+1","Anger"],"picked":"Metallicize","floor":25.0},{"not_picked":["Clothesline","Iron Wave"],"picked":"Thunderclap+1","floor":27.0},{"not_picked":["Power Through+1","Body Slam"],"picked":"Battle Trance+1","floor":29.0},{"not_picked":["Spot Weakness+1","Anger"],"picked":"Feel No Pain+1","floor":30.0},{"not_picked":["Barricade","Berserk"],"picked":"Demon Form","floor":33.0},{"not_picked":["Second Wind+1","Warcry+1"],"picked":"Inflame","floor":35.0},{"not_picked":["Iron Wave","Clash+1"],"picked":"Spot Weakness+1","floor":35.0},{"not_picked":["Warcry+1","Rage+1"],"picked":"Limit Break+1","floor":37.0},{"not_picked":["Clash+1","Dropkick+1"],"picked":"Evolve+1","floor":37.0},{"not_picked":["Clothesline","Dropkick+1"],"picked":"Metallicize","floor":38.0},{"not_picked":["Perfected Strike+1","Warcry+1"],"picked":"Wild Strike+1","floor":39.0},{"not_picked":["Rampage+1","Thunderclap+1"],"picked":"Blood for Blood+1","floor":39.0},{"not_picked":["Demon Form","Anger+1"],"picked":"Sword Boomerang","floor":40.0},{"not_picked":["Whirlwind","Feel No Pain"],"picked":"Body Slam+1","floor":42.0},{"not_picked":["Burning Pact+1","Inflame"],"picked":"Pommel Strike+1","floor":42.0},{"not_picked":["Thinking Ahead+1","Madness+1"],"picked":"Dark Shackles+1","floor":44.0},{"not_picked":["Cleave+1","Twin Strike+1"],"picked":"Clothesline+1","floor":45.0},{"not_picked":["Entrench+1","Dark Embrace"],"picked":"Shockwave+1","floor":46.0},{"not_picked":["Flame Barrier+1","Carnage+1"],"picked":"Heavy Blade+1","floor":46.0},{"not_picked":["Sentinel+1","Clothesline"],"picked":"Shrug It Off+1","floor":48.0},{"not_picked":["Feed","Perfected Strike"],"picked":"Blood for Blood+1","floor":48.0},{"not_picked":["Twin Strike+1","Warcry+1"],"picked":"Heavy Blade+1","floor":54}],"player_experience":5615394,"relics_obtained":[{"floor":7.0,"key":"Mango"},{"floor":14.0,"key":"Ginger"},{"floor":21.0,"key":"Red Mask"},{"floor":26.0,"key":"Ancient Tea Set"},{"floor":26.0,"key":"Meat on the Bone"},{"floor":30.0,"key":"Prayer Wheel"},{"floor":30.0,"key":"Pantograph"},{"floor":38.0,"key":"Bird Faced Urn"},{"floor":40.0,"key":"Bag of Marbles"},{"floor":43.0,"key":"Boot"},{"floor":43.0,"key":"Gremlin Horn"},{"floor":45.0,"key":"Ice Cream"},{"floor":54,"key":"Gambling Chip"}],"event_choices":[{"damage_healed":0.0,"max_hp_gain":0.0,"max_hp_loss":0.0,"gold_gain":0.0,"event_name":"Scrap Ooze","player_choice":"Success","floor":3.0,"gold_loss":0.0,"damage_taken":3.0,"relics_obtained":["Toxic Egg 2"]},{"cards_removed":["Strike_R"],"damage_healed":0.0,"max_hp_gain":0.0,"max_hp_loss":0.0,"gold_gain":0.0,"event_name":"The Cleric","player_choice":"Card Removal","floor":5.0,"gold_loss":50.0,"damage_taken":0.0},{"damage_healed":0.0,"max_hp_gain":0.0,"max_hp_loss":0.0,"gold_gain":0.0,"event_name":"Living Wall","player_choice":"Grow","floor":11.0,"gold_loss":0.0,"damage_taken":0.0,"cards_upgraded":["Fire Breathing"]},{"damage_healed":0.0,"max_hp_gain":0.0,"max_hp_loss":0.0,"gold_gain":0.0,"event_name":"Addict","player_choice":"Obtained Relic","floor":20.0,"gold_loss":85.0,"damage_taken":0.0,"relics_obtained":["Matryoshka"]},{"damage_healed":0.0,"max_hp_gain":0.0,"max_hp_loss":0.0,"gold_gain":0.0,"event_name":"Masked Bandits","player_choice":"Fought Bandits","floor":21.0,"gold_loss":0.0,"damage_taken":0.0},{"damage_healed":0.0,"max_hp_gain":0.0,"max_hp_loss":0.0,"gold_gain":0.0,"event_name":"Designer","player_choice":"Upgrade","floor":22.0,"gold_loss":40.0,"damage_taken":0.0,"cards_upgraded":["Demon Form"]},{"damage_healed":0.0,"max_hp_gain":0.0,"max_hp_loss":0.0,"gold_gain":0.0,"event_name":"Colosseum","player_choice":"Fight","floor":30.0,"gold_loss":0.0,"damage_taken":0.0},{"damage_healed":0.0,"max_hp_gain":0.0,"max_hp_loss":0.0,"gold_gain":0.0,"event_name":"Colosseum","player_choice":"Fought Nobs","floor":30.0,"gold_loss":0.0,"damage_taken":0.0},{"damage_healed":0.0,"max_hp_gain":0.0,"max_hp_loss":0.0,"gold_gain":0.0,"event_name":"Ghosts","player_choice":"Ignored","floor":31.0,"gold_loss":0.0,"damage_taken":0.0},{"damage_healed":0.0,"max_hp_gain":0.0,"max_hp_loss":0.0,"gold_gain":222.0,"event_name":"Tomb of Lord Red Mask","player_choice":"Wore Mask","floor":36.0,"gold_loss":0.0,"damage_taken":0.0},{"damage_healed":0.0,"max_hp_gain":0.0,"max_hp_loss":0.0,"gold_gain":0.0,"event_name":"MindBloom","player_choice":"Fight","floor":38.0,"gold_loss":0.0,"damage_taken":0.0},{"damage_healed":0.0,"max_hp_gain":0.0,"max_hp_loss":0.0,"gold_gain":0.0,"event_name":"SensoryStone","player_choice":"Memory 1","floor":44.0,"gold_loss":0.0,"damage_taken":0.0},{"damage_healed":0.0,"max_hp_gain":0.0,"max_hp_loss":0.0,"gold_gain":0.0,"event_name":"Mysterious Sphere","player_choice":"Fight","floor":45.0,"gold_loss":0.0,"damage_taken":0.0}],"is_beta":false,"boss_relics":[{"not_picked":["Cursed Key","Sozu"],"picked":"Mark of Pain"},{"not_picked":["Coffee Dripper","Runic Cube"],"picked":"Black Blood"}],"items_purged_floors":[],"is_endless":false,"potions_floor_spawned":[1,8,13,14,18,19,27,29,33,35,40,42,45,46],"killed_by":"The Heart","ascension_level":6}}