{"host":"3y2rtlgteqp2nuo3","time":1612607781,"event":{"mods":["2.2 Compatiblity","AchievementEnabler","BaseMod","Colored Map","DeckTracker","Highlight Path","Keyboard Shortcuts","Minty Spire (QoL Compilation)","Permanent Neow","Quick Restart","StSLib","SuperFastMode","everything is the same but u backflip on backflip"],"gold_per_floor":[112,127,127,8,23,61,61,86,110,130,151,51,67,67,67,67,67],"floor_reached":16,"language":"KOR","playtime":342,"items_purged":["Strike_G","Strike_G"],"score":192,"play_id":"54f1da72-aebd-43a2-ac96-70e9b680b75b","local_time":"20210206193621","is_ascension_mode":true,"campfire_choices":[{"data":"Eviscerate","floor":7.0,"key":"SMITH"},{"floor":15,"key":"REST"}],"circlet_count":0,"master_deck":["AscendersBane","Strike_G","Strike_G","Strike_G","Defend_G","Defend_G","Defend_G","Defend_G","Defend_G","Survivor","Neutralize","Dagger Throw","Underhanded Strike","Malaise","Eviscerate+1","Outmaneuver","Quick Slash","Well Laid Plans","Die Die Die","Crippling Poison"],"relics":["Ring of the Snake","CeramicFish","Snake Skull","Matryoshka"],"acts_visited":["Exordium"],"potions_floor_usage":[],"damage_taken":[{"damage":1.0,"enemies":"Small Slimes","floor":1.0,"turns":4.0},{"damage":0.0,"enemies":"Jaw Worm","floor":2.0,"turns":3.0},{"damage":5.0,"enemies":"2 Louse","floor":5.0,"turns":3.0},{"damage":25.0,"enemies":"Lagavulin","floor":6.0,"turns":8.0},{"damage":0.0,"enemies":"Looter","floor":8.0,"turns":3.0},{"damage":11.0,"enemies":"Exordium Wildlife","floor":10.0,"turns":2.0},{"damage":5,"enemies":"2 Fungi Beasts","floor":11,"turns":2},{"damage":0,"enemies":"Lots of Slimes","floor":13,"turns":1},{"damage":42,"enemies":"Hexaghost","floor":16,"turns":11}],"seed_played":"-361060952864134788","potions_obtained":[{"floor":5.0,"key":"GamblersBrew"},{"floor":6.0,"key":"Weak Potion"},{"floor":10.0,"key":"SpeedPotion"},{"floor":13,"key":"GamblersBrew"}],"is_trial":false,"path_per_floor":["M","M","?","$","M","E","R","M","T","M","M","$","M","T","R","B"],"character_chosen":"THE_SILENT","items_purchased":["Eviscerate"],"campfire_rested":1,"item_purchase_floors":[4],"current_hp_per_floor":[58,58,63,63,58,33,33,33,33,22,17,17,17,17,38,0,0],"gold":67,"neow_bonus":"THREE_CARDS","is_daily":false,"chose_seed":false,"campfire_upgraded":1,"win_rate":0.0,"timestamp":1612607781,"path_taken":["M","M","?","$","M","E","R","M","T","M","M","$","M","?","R","BOSS"],"items_purchased_type":["Card"],"build_version":"2020-12-22","purchased_purges":2,"victory":false,"max_hp_per_floor":[66,66,71,71,71,71,71,71,71,71,71,71,71,71,71,71,71],"card_choices":[{"not_picked":["Backflip","Backstab"],"picked":"Dagger Throw","floor":0.0},{"not_picked":["Outmaneuver","Dagger Throw"],"picked":"Underhanded Strike","floor":1.0},{"not_picked":["Dagger Throw","Heel Hook"],"picked":"Malaise","floor":2.0},{"not_picked":["Backstab","Finisher"],"picked":"Outmaneuver","floor":5.0},{"not_picked":["Deflect","Dagger Spray"],"picked":"Quick Slash","floor":6.0},{"not_picked":["Bane","Underhanded Strike"],"picked":"Well Laid Plans","floor":8.0},{"not_picked":["Slice","Concentrate"],"picked":"Die Die Die","floor":10.0},{"not_picked":["Dagger Spray","Outmaneuver"],"picked":"Crippling Poison","floor":11},{"not_picked":["Acrobatics","All Out Attack","Blade Dance"],"picked":"SKIP","floor":13}],"player_experience":761264,"relics_obtained":[{"floor":6.0,"key":"CeramicFish"},{"floor":9.0,"key":"Snake Skull"},{"floor":14,"key":"Matryoshka"}],"event_choices":[{"damage_healed":0.0,"max_hp_gain":5.0,"max_hp_loss":0.0,"gold_gain":0.0,"event_name":"Big Fish","player_choice":"Donut","floor":3.0,"gold_loss":0.0,"damage_taken":0.0}],"is_beta":false,"boss_relics":[],"items_purged_floors":[4,12],"is_endless":false,"potions_floor_spawned":[5,6,10,13],"killed_by":"Hexaghost","ascension_level":17}}