{"host":"liwj66r6jjqhm4vi","time":1612592164,"event":{"mods":["BaseMod","Colored Map","Downfall","Minty Spire (QoL Compilation)","Replay The Spire","StSLib"],"gold_per_floor":[99,112,112,126,137,137,186,204,204,235,285,285,88,102,117,222,222,122,141,177,177,18,36,62,62,62,89,74,94,94,121,135,135,135,135],"floor_reached":33,"language":"ENG","playtime":3238,"items_purged":[],"score":292,"play_id":"13c3e6b9-a873-473f-af48-81be2e0b0d1c","local_time":"20210206011604","is_ascension_mode":false,"campfire_choices":[{"data":"hexamod:Float","floor":1,"key":"SMITH"},{"data":"hexamod:Sear","floor":6,"key":"SMITH"},{"data":"hexamod:ThermalTransfer","floor":9,"key":"SMITH"},{"data":"hexamod:HeatShield","floor":18,"key":"SMITH"},{"data":"hexamod:BurningTouch","floor":26,"key":"SMITH"},{"floor":30,"key":"REST"}],"circlet_count":0,"master_deck":["hexamod:Strike+1","hexamod:Strike","hexamod:Strike+1","hexamod:Strike","hexamod:Defend","hexamod:Defend+1","hexamod:Defend","hexamod:Defend","hexamod:Sear+1","hexamod:Float+1","hexamod:GhostOfSpirePast+1","hexamod:PhantomCloak+1","hexamod:ThermalTransfer+1","hexamod:BacktrackSmack","hexamod:ThirdSeal","hexamod:ExtraCrispy","hexamod:Hexaguard+1","hexamod:ShieldOfDarkness","hexamod:HeatShield+1","hexamod:FastForward","hexamod:SecondSeal","hexamod:SearingWound","hexamod:SearingWound","hexamod:GhostShield","hexamod:BacktrackSmack","hexamod:BacktrackSmack","hexamod:ChargedBarrage","hexamod:FirstSeal","hexamod:SixthSeal","hexamod:RadiantFlame","hexamod:FourthSeal","hexamod:BurningTouch+1","hexamod:Hexaguard+1","hexamod:HeatMetal+1","hexamod:FastForward+1","hexamod:ThermalTransfer+1","hexamod:SoulSteal","hexamod:BurningTouch","hexamod:PhantomFireball+1","hexamod:NightmareGuise"],"relics":["hexamod:SpiritBrand","PreservedInsect","hexamod:MatchstickCase","Pantograph","ReplayTheSpireMod:Ring of Collecting","ReplayTheSpireMod:Ring of Exchange","Strange Spoon","Medical Kit","downfall:HeartBlessingGreen","Red Mask","ReplayTheSpireMod:Ring of Challenge","MealTicket","Orichalcum"],"acts_visited":["Exordium","TheCity"],"potions_floor_usage":[16,16,33,33],"damage_taken":[{"damage":1,"enemies":"Jaw Worm","floor":2,"turns":5},{"damage":0,"enemies":"Cultist","floor":4,"turns":4},{"damage":0,"enemies":"Small Slimes","floor":5,"turns":3},{"damage":0,"enemies":"2 Fungi Beasts","floor":8,"turns":5},{"damage":2,"enemies":"Replay:BlueRogue","floor":10,"turns":4},{"damage":0,"enemies":"downfall:FleeingMerchant","floor":13,"turns":4},{"damage":0,"enemies":"Large Slime","floor":14,"turns":5},{"damage":3,"enemies":"Blue Slaver","floor":15,"turns":3},{"damage":22,"enemies":"DF_ARCHETYPE_STREAMLINE","floor":16,"turns":11},{"damage":0,"enemies":"Shell Parasite","floor":19,"turns":7},{"damage":22,"enemies":"Masked Bandits","floor":20,"turns":7},{"damage":1,"enemies":"downfall:FleeingMerchant","floor":22,"turns":4},{"damage":22,"enemies":"Spheric Guardian","floor":23,"turns":6},{"damage":19,"enemies":"Book of Stabbing","floor":27,"turns":6},{"damage":0,"enemies":"downfall:FleeingMerchant","floor":28,"turns":4},{"damage":22,"enemies":"Centurion and Healer","floor":29,"turns":7},{"damage":23,"enemies":"Shelled Parasite and Fungi","floor":31,"turns":7},{"damage":7,"enemies":"Cultist and Chosen","floor":32,"turns":7},{"damage":48,"enemies":"IC_MUSHROOM_ARCHETYPE","floor":33,"turns":10}],"seed_played":"-3042074680217557802","potions_obtained":[{"floor":2,"key":"hexamod:EctoCoolerPotion"},{"floor":4,"key":"Reflective Coating"},{"floor":5,"key":"ColorlessPotion"},{"floor":20,"key":"CultistPotion"},{"floor":23,"key":"Elixir"},{"floor":27,"key":"hexamod:SoulburnPotion"},{"floor":29,"key":"champ:CounterPotion"}],"is_trial":false,"path_per_floor":["R","M","?","M","M","R","T","M","R","E","?","?","$","M","M","B",null,"R","M","?","?","$","M","T","?","R","E","$","M","R","M","M","B"],"character_chosen":"THE_SPIRIT","items_purchased":["hexamod:HeatShield","Strange Spoon","hexamod:FourthSeal","hexamod:BurningTouch","hexamod:Hexaguard+1"],"campfire_rested":1,"item_purchase_floors":[13,13,22,22,22],"current_hp_per_floor":[77,76,76,76,76,76,76,76,76,74,55,55,55,55,52,55,77,77,77,55,55,54,39,39,39,39,20,35,13,36,20,20,0,0,0],"gold":135,"neow_bonus":"TEN_PERCENT_HP_BONUS","is_daily":false,"chose_seed":false,"campfire_upgraded":5,"win_rate":0.0,"timestamp":1612592164,"path_taken":["R","M","?","?","M","R","T","M","R","E","?","?","$","M","M","BOSS","R","M","?","?","$","?","T","?","R","E","$","M","R","M","M","BOSS"],"items_purchased_type":["Card","Relic","Card","Card","Card"],"build_version":"2020-12-22","purchased_purges":0,"victory":false,"max_hp_per_floor":[77,77,77,77,77,77,77,77,77,77,77,77,77,77,77,77,77,77,77,77,77,77,77,77,77,77,77,77,77,77,77,77,77,77,77],"card_choices":[{"not_picked":["hexamod:Hexaguard","hexamod:ChargedBarrage"],"picked":"hexamod:GhostOfSpirePast","floor":2},{"not_picked":["hexamod:ShieldOfDarkness","hexamod:GhostOfSpireFuture"],"picked":"hexamod:PhantomCloak","floor":4},{"not_picked":["hexamod:RetreatToShadows","hexamod:NecessarySacrifice"],"picked":"hexamod:ThermalTransfer","floor":5},{"not_picked":["hexamod:SpectersWail","hexamod:GhostShield"],"picked":"hexamod:BacktrackSmack","floor":8},{"not_picked":["hexamod:InspiringFlames","hexamod:TurnItUp"],"picked":"hexamod:ThirdSeal","floor":10},{"not_picked":["hexamod:BacktrackSmack","hexamod:FastForward"],"picked":"hexamod:ExtraCrispy","floor":11},{"not_picked":["hexamod:RainOfEmbers","hexamod:ThermalTransfer"],"picked":"hexamod:Hexaguard","floor":11},{"not_picked":["hexamod:DynamicBlow","hexamod:InspiringFlames"],"picked":"hexamod:ShieldOfDarkness","floor":13},{"not_picked":["hexamod:HeatMetal","hexamod:InspiringFlames","hexamod:Firestarter"],"picked":"SKIP","floor":13},{"not_picked":["hexamod:Incineration","hexamod:HauntingEcho"],"picked":"hexamod:FastForward","floor":14},{"not_picked":["hexamod:AdvancingGuard","hexamod:NecessarySacrifice","hexamod:GhostLash"],"picked":"SKIP","floor":14},{"not_picked":["hexamod:SkipABeat","hexamod:NecessarySacrifice"],"picked":"hexamod:SecondSeal","floor":15},{"not_picked":["hexamod:GhostShield","hexamod:RetreatToShadows","hexamod:EtherealExpedition"],"picked":"SKIP","floor":15},{"not_picked":["hexamod:ForkedFlame","hexamod:WildfireWeapon"],"picked":"hexamod:SearingWound","floor":16},{"not_picked":["hexamod:UnleashSpirits","hexamod:WildfireWeapon"],"picked":"hexamod:SearingWound","floor":16},{"not_picked":["hexamod:InspiringFlames","hexamod:FastForward"],"picked":"hexamod:GhostShield","floor":19},{"not_picked":["hexamod:NightmareStrike+1","hexamod:PhantomCloak"],"picked":"hexamod:BacktrackSmack","floor":19},{"not_picked":["hexamod:HauntingEcho+1","hexamod:ShieldOfDarkness"],"picked":"hexamod:BacktrackSmack","floor":20},{"not_picked":["hexamod:WildfireWeapon","hexamod:ThermalTransfer"],"picked":"hexamod:ChargedBarrage","floor":20},{"not_picked":["hexamod:NecessarySacrifice","hexamod:SoulSteal"],"picked":"hexamod:SixthSeal","floor":22},{"not_picked":["hexamod:Hexaguard","hexamod:HauntingEcho+1"],"picked":"hexamod:RadiantFlame","floor":22},{"not_picked":["hexamod:EtherealExpedition+1","hexamod:GhostOfSpireFuture"],"picked":"hexamod:HeatMetal","floor":23},{"not_picked":["hexamod:BacktrackSmack","hexamod:ExtraCrispy","hexamod:PhantomCloak"],"picked":"SKIP","floor":23},{"not_picked":["hexamod:GhostOfSpirePresent","hexamod:ParanormalForm"],"picked":"hexamod:FastForward+1","floor":27},{"not_picked":["hexamod:FourthSeal","hexamod:Firestarter"],"picked":"hexamod:ThermalTransfer+1","floor":27},{"not_picked":["hexamod:RetreatToShadows","hexamod:HeatMetal","hexamod:UnlimitedPower"],"picked":"SKIP","floor":28},{"not_picked":["hexamod:GhostShield","hexamod:NightmareStrike"],"picked":"hexamod:SoulSteal","floor":29},{"not_picked":["hexamod:StepThrough","hexamod:BacktrackSmack"],"picked":"hexamod:BurningTouch","floor":29},{"not_picked":["hexamod:ChargedBarrage","hexamod:ThermalTransfer+1"],"picked":"hexamod:PhantomFireball+1","floor":31},{"not_picked":["hexamod:Firestarter","hexamod:Haunt"],"picked":"hexamod:NightmareGuise","floor":31},{"not_picked":["hexamod:RainOfEmbers","hexamod:GhostLash+1","hexamod:EmpoweredFlame"],"picked":"SKIP","floor":32}],"player_experience":174997,"relics_obtained":[{"floor":7,"key":"PreservedInsect"},{"floor":10,"key":"hexamod:MatchstickCase"},{"floor":11,"key":"Pantograph"},{"floor":12,"key":"ReplayTheSpireMod:Ring of Collecting"},{"floor":12,"key":"ReplayTheSpireMod:Ring of Exchange"},{"floor":20,"key":"Red Mask"},{"floor":24,"key":"ReplayTheSpireMod:Ring of Challenge"},{"floor":24,"key":"MealTicket"},{"floor":27,"key":"Orichalcum"}],"event_choices":[{"damage_healed":0,"gold_gain":0,"player_choice":"Forge","damage_taken":0,"max_hp_gain":0,"max_hp_loss":0,"event_name":"Accursed Blacksmith","floor":3,"gold_loss":0,"cards_upgraded":["hexamod:GhostOfSpirePast"]},{"damage_healed":0,"gold_gain":0,"player_choice":"Fought Bandits","damage_taken":0,"max_hp_gain":0,"max_hp_loss":0,"event_name":"Masked Bandits","floor":20,"gold_loss":0},{"damage_healed":0,"gold_gain":0,"player_choice":"Read","damage_taken":0,"max_hp_gain":0,"max_hp_loss":0,"event_name":"The Library","floor":21,"gold_loss":0,"cards_obtained":["hexamod:FirstSeal"]},{"damage_healed":0,"gold_gain":0,"player_choice":"Leave","damage_taken":0,"max_hp_gain":0,"max_hp_loss":0,"event_name":"FaceTrader","floor":25,"gold_loss":0}],"is_beta":false,"boss_relics":[{"not_picked":["Replay:Drink Me","Sling"],"picked":"Medical Kit"}],"items_purged_floors":[],"is_endless":false,"potions_floor_spawned":[2,4,5,15,20,27,29,31,32],"killed_by":"IC_MUSHROOM_ARCHETYPE","ascension_level":0}}