{"host":"0k696jvpnlqjk4gh","time":1612636305,"event":{"mods":["AchievementEnabler","BaseMod","Colored Map","Colored Powertips","Minty Spire (QoL Compilation)","Quick Restart"],"gold_per_floor":[115,115,115,133,146,175,188,222,246,219,219,249,249,264,264,361,361,376,376,391,405,505,505,535,535,585,616,634,634,303,303,303,303,303],"floor_reached":33,"language":"ENG","playtime":21782,"items_purged":[],"score":421,"play_id":"19d66501-82ac-4cdf-85d4-67225a8c1e24","local_time":"20210206183145","is_ascension_mode":true,"campfire_choices":[{"floor":11,"key":"REST"},{"floor":15,"key":"REST"},{"floor":23,"key":"REST"},{"floor":25,"key":"REST"},{"floor":32,"key":"REST"}],"circlet_count":0,"master_deck":["Strike_B","Strike_B","Strike_B","Strike_B","Defend_B","Defend_B+1","Defend_B","Defend_B","Zap","Dualcast+1","Cold Snap","Chill+1","Defragment","Leap","Conserve Battery","Loop","Defragment","Lockon","Redo","Electrodynamics","Fusion+1","Glacier+1","Doom and Gloom","Defragment","Melter+1","Defragment"],"relics":["Cracked Core","War Paint","Pen Nib","Bag of Marbles","Nuclear Battery","Art of War","Lantern","Happy Flower","Nloth\u0027s Gift","Ancient Tea Set","MutagenicStrength"],"acts_visited":["Exordium","TheCity"],"potions_floor_usage":[6,6,8,16,28,33,33,33],"damage_taken":[{"damage":2,"enemies":"Jaw Worm","floor":1,"turns":3},{"damage":1,"enemies":"Small Slimes","floor":4,"turns":4},{"damage":0,"enemies":"Cultist","floor":5,"turns":3},{"damage":0,"enemies":"3 Sentries","floor":6,"turns":5},{"damage":0,"enemies":"Blue Slaver","floor":7,"turns":4},{"damage":27,"enemies":"Gremlin Nob","floor":8,"turns":6},{"damage":10,"enemies":"Exordium Thugs","floor":10,"turns":6},{"damage":19,"enemies":"Lagavulin","floor":12,"turns":7},{"damage":0,"enemies":"3 Louse","floor":14,"turns":3},{"damage":42,"enemies":"Hexaghost","floor":16,"turns":13},{"damage":22,"enemies":"Spheric Guardian","floor":18,"turns":4},{"damage":12,"enemies":"Chosen","floor":20,"turns":5},{"damage":32,"enemies":"Sentry and Sphere","floor":21,"turns":9},{"damage":31,"enemies":"Book of Stabbing","floor":24,"turns":8},{"damage":42,"enemies":"Slavers","floor":27,"turns":7},{"damage":13,"enemies":"Chosen and Byrds","floor":28,"turns":6},{"damage":68,"enemies":"Champ","floor":33,"turns":10}],"seed_played":"-6107200441952098802","potions_obtained":[{"floor":4,"key":"PowerPotion"},{"floor":5,"key":"Strength Potion"},{"floor":7,"key":"SteroidPotion"},{"floor":10,"key":"SteroidPotion"},{"floor":20,"key":"FairyPotion"},{"floor":24,"key":"Strength Potion"},{"floor":27,"key":"Fire Potion"}],"is_trial":false,"path_per_floor":["M","?","?","M","M","E","M","E","T","M","R","E","?","M","R","B",null,"M","?","M","M","?","R","E","R","T","E","M","?","$","?","R","B"],"character_chosen":"DEFECT","items_purchased":["Ancient Tea Set","Regen Potion","Defragment","PotionOfCapacity"],"campfire_rested":5,"item_purchase_floors":[30,30,30,30],"current_hp_per_floor":[73,62,62,61,61,61,61,34,34,24,48,29,49,49,73,31,82,60,60,48,16,16,39,8,31,31,14,1,1,1,1,24,0,0],"gold":303,"neow_bonus":"THREE_CARDS","is_daily":false,"chose_seed":false,"campfire_upgraded":0,"win_rate":0.0,"timestamp":1612636305,"path_taken":["M","?","?","M","?","E","M","E","T","M","R","E","?","M","R","BOSS","M","?","M","M","?","R","E","R","T","E","?","?","?","?","R","BOSS"],"items_purchased_type":["Relic","Potion","Card","Potion"],"build_version":"2020-12-22","purchased_purges":0,"victory":false,"max_hp_per_floor":[75,82,82,82,82,82,82,82,82,82,82,82,82,82,82,82,82,82,79,79,79,79,79,79,79,79,79,79,79,79,79,79,79,79],"card_choices":[{"not_picked":["Rebound","Sweeping Beam"],"picked":"Cold Snap","floor":0},{"not_picked":["Steam","Reinforced Body"],"picked":"Chill","floor":1},{"not_picked":["Static Discharge","Rebound"],"picked":"Defragment","floor":4},{"not_picked":["Turbo","Hologram"],"picked":"Leap","floor":5},{"not_picked":["Stack","Hologram"],"picked":"Conserve Battery","floor":6},{"not_picked":["Force Field","Storm"],"picked":"Loop","floor":7},{"not_picked":["Scrape","Fission"],"picked":"Defragment","floor":8},{"not_picked":["Rebound","Sweeping Beam"],"picked":"Lockon","floor":10},{"not_picked":["Leap","Double Energy","Hologram"],"picked":"SKIP","floor":12},{"not_picked":["Turbo","Skim"],"picked":"Redo","floor":14},{"not_picked":["Reboot","All For One"],"picked":"Electrodynamics","floor":16},{"not_picked":["Genetic Algorithm+1","Turbo"],"picked":"Fusion+1","floor":18},{"not_picked":["Go for the Eyes","Scrape+1","Force Field+1"],"picked":"SKIP","floor":20},{"not_picked":["Sweeping Beam","Gash"],"picked":"Glacier+1","floor":21},{"not_picked":["Chaos","Steam"],"picked":"Doom and Gloom","floor":24},{"not_picked":["Turbo","Hyperbeam"],"picked":"Defragment","floor":27},{"not_picked":["Barrage","FTL"],"picked":"Melter+1","floor":28}],"player_experience":184404,"relics_obtained":[{"floor":6,"key":"War Paint"},{"floor":8,"key":"Pen Nib"},{"floor":12,"key":"Bag of Marbles"},{"floor":24,"key":"Art of War"},{"floor":26,"key":"Lantern"},{"floor":27,"key":"Happy Flower"}],"event_choices":[{"damage_healed":0,"gold_gain":0,"player_choice":"Success","damage_taken":18,"relics_obtained":["Strawberry"],"max_hp_gain":0,"max_hp_loss":0,"event_name":"Scrap Ooze","floor":2,"gold_loss":0},{"damage_healed":0,"gold_gain":0,"player_choice":"Grow","damage_taken":0,"max_hp_gain":0,"max_hp_loss":0,"event_name":"Living Wall","floor":3,"gold_loss":0,"cards_upgraded":["Chill"]},{"damage_healed":20,"gold_gain":0,"player_choice":"Healed and dodged fight","damage_taken":0,"max_hp_gain":0,"max_hp_loss":0,"event_name":"Mushrooms","floor":13,"gold_loss":0,"cards_obtained":["Parasite"]},{"cards_removed":["Parasite"],"damage_healed":0,"gold_gain":0,"player_choice":"Elegance","damage_taken":0,"max_hp_gain":0,"max_hp_loss":0,"event_name":"Back to Basics","floor":19,"gold_loss":0},{"damage_healed":0,"gold_gain":100,"player_choice":"Pray","damage_taken":0,"max_hp_gain":0,"max_hp_loss":0,"event_name":"Golden Shrine","floor":22,"gold_loss":0},{"damage_healed":0,"gold_gain":0,"player_choice":"Traded Relic","damage_taken":0,"relics_obtained":["Nloth\u0027s Gift"],"max_hp_gain":0,"max_hp_loss":0,"event_name":"N\u0027loth","floor":29,"relics_lost":["Strawberry"],"gold_loss":0},{"damage_healed":0,"gold_gain":0,"player_choice":"Inject Mutagens","damage_taken":0,"relics_obtained":["MutagenicStrength"],"max_hp_gain":0,"max_hp_loss":0,"event_name":"Drug Dealer","floor":31,"gold_loss":0}],"is_beta":false,"boss_relics":[{"not_picked":["Inserter","Cursed Key"],"picked":"Nuclear Battery"}],"items_purged_floors":[],"is_endless":false,"potions_floor_spawned":[4,5,7,10,20,24,27],"killed_by":"Champ","ascension_level":4}}