{"host":"08t08ld674si40tv","time":1612586678,"event":{"mods":["AchievementEnabler","BaseMod","Colored Map","Minty Spire (QoL Compilation)","StSLib","SuperFastMode"],"gold_per_floor":[118,118,118,43,60,60,75,102,129,148,148,164,198,217,217,312,312,328,328,346,246,262,262,296,296,296,296,314,36,36,60,60,157,157,176,195,195,211,211,244,244,293,320,346,357,407,407,426,426,426,426,426,37,70,70,70],"floor_reached":55,"language":"KOR","playtime":2075,"items_purged":["Strike_P","Nirvana","MasterReality","Prostrate+1"],"score":1308,"play_id":"562c351b-027b-4234-8d7f-fc83680ed879","local_time":"20210206134438","is_ascension_mode":true,"campfire_choices":[{"data":"Eruption","floor":6,"key":"SMITH"},{"data":"Prostrate","floor":15,"key":"SMITH"},{"data":"Vault","floor":23,"key":"SMITH"},{"floor":27,"key":"REST"},{"data":"TalkToTheHand","floor":32,"key":"SMITH"},{"data":"MentalFortress","floor":41,"key":"SMITH"},{"data":"Vault","floor":47,"key":"SMITH"},{"floor":49,"key":"RECALL"},{"data":"DeusExMachina","floor":52,"key":"SMITH"}],"circlet_count":0,"master_deck":["AscendersBane","Eruption+1","Vigilance+1","Evaluate+1","MentalFortress+1","FearNoEvil+1","Vault+1","FlurryOfBlows+1","LessonLearned+1","Prostrate+1","TalkToTheHand+1","DeusExMachina+1","InnerPeace+1","Vault+1","Adaptation+1","TalkToTheHand+1"],"relics":["PureWater","Omamori","Pen Nib","Pear","Centennial Puzzle","Pandora\u0027s Box","Lantern","Eternal Feather","Runic Pyramid","Oddly Smooth Stone","Unceasing Top","Regal Pillow","TungstenRod","Bird Faced Urn","TeardropLocket","Bronze Scales"],"acts_visited":["Exordium","TheCity","TheBeyond","TheEnding"],"potions_floor_usage":[8,13,18,18,22,24,24,24,28,33,35,55,55],"damage_taken":[{"damage":2,"enemies":"Jaw Worm","floor":1,"turns":3},{"damage":1,"enemies":"2 Louse","floor":5,"turns":2},{"damage":0,"enemies":"Cultist","floor":7,"turns":2},{"damage":10,"enemies":"3 Sentries","floor":8,"turns":9},{"damage":0,"enemies":"2 Fungi Beasts","floor":10,"turns":4},{"damage":0,"enemies":"3 Louse","floor":12,"turns":4},{"damage":19,"enemies":"Lagavulin","floor":13,"turns":10},{"damage":1,"enemies":"Blue Slaver","floor":14,"turns":2},{"damage":40,"enemies":"The Guardian","floor":16,"turns":11},{"damage":6,"enemies":"3 Byrds","floor":18,"turns":4},{"damage":14,"enemies":"2 Thieves","floor":20,"turns":6},{"damage":17,"enemies":"Snecko","floor":22,"turns":9},{"damage":4,"enemies":"Slavers","floor":24,"turns":4},{"damage":3,"enemies":"Centurion and Healer","floor":28,"turns":4},{"damage":20,"enemies":"Champ","floor":33,"turns":10},{"damage":0,"enemies":"3 Darklings","floor":35,"turns":5},{"damage":2,"enemies":"Orb Walker","floor":36,"turns":4},{"damage":19,"enemies":"3 Darklings","floor":38,"turns":6},{"damage":0,"enemies":"Nemesis","floor":40,"turns":5},{"damage":19,"enemies":"2 Orb Walkers","floor":42,"turns":4},{"damage":0,"enemies":"Reptomancer","floor":44,"turns":4},{"damage":0,"enemies":"Writhing Mass","floor":45,"turns":3},{"damage":0,"enemies":"Mind Bloom Boss Battle","floor":46,"turns":4},{"damage":2,"enemies":"Spire Growth","floor":48,"turns":4},{"damage":0,"enemies":"Time Eater","floor":50,"turns":7},{"damage":0,"enemies":"Shield and Spear","floor":54,"turns":3},{"damage":91,"enemies":"The Heart","floor":55,"turns":5}],"seed_played":"8910488678309465602","potions_obtained":[{"floor":5,"key":"ColorlessPotion"},{"floor":7,"key":"Regen Potion"},{"floor":10,"key":"Explosive Potion"},{"floor":13,"key":"Explosive Potion"},{"floor":16,"key":"Strength Potion"},{"floor":19,"key":"FearPotion"},{"floor":19,"key":"ColorlessPotion"},{"floor":22,"key":"GamblersBrew"},{"floor":24,"key":"SkillPotion"},{"floor":33,"key":"Swift Potion"},{"floor":35,"key":"SteroidPotion"},{"floor":38,"key":"FearPotion"},{"floor":42,"key":"EssenceOfSteel"}],"is_trial":false,"path_per_floor":["M","?","?","$","M","R","M","E","T","M","T","M","E","M","R","B",null,"M","?","M","$","M","R","E","?","T","R","M","$","?","T","R","B",null,"M","M","$","M","?","E","R","?","T","E","M","?","R","M","R","B",null,"R","$","E","B"],"character_chosen":"WATCHER","items_purchased":["InnerPeace","DistilledChaos","TeardropLocket"],"campfire_rested":1,"item_purchase_floors":[29,29,53],"current_hp_per_floor":[63,49,72,72,71,71,71,61,61,61,71,71,67,66,66,26,68,62,62,48,48,31,31,27,11,11,46,43,43,43,43,52,32,73,73,71,71,52,52,52,61,42,42,42,42,42,51,53,62,66,82,87,87,87,0,0],"gold":70,"neow_bonus":"REMOVE_CARD","is_daily":false,"chose_seed":false,"campfire_upgraded":7,"win_rate":0.0,"timestamp":1612586678,"path_taken":["M","?","?","$","M","R","M","E","T","M","?","M","E","M","R","BOSS","M","?","M","$","?","R","E","?","T","R","M","$","?","?","R","BOSS","M","M","$","M","?","E","R","?","T","E","M","?","R","M","R","BOSS","R","$","E","BOSS"],"items_purchased_type":["Card","Potion","Relic"],"build_version":"2020-12-22","purchased_purges":4,"victory":false,"max_hp_per_floor":[72,72,72,72,72,72,72,72,72,72,82,82,82,82,82,82,82,82,82,82,82,82,82,82,87,87,87,87,87,87,87,87,87,87,87,87,87,87,87,87,87,87,87,87,87,87,87,87,87,87,87,87,87,87,87,87],"card_choices":[{"not_picked":["Protect","DeceiveReality"],"picked":"FlurryOfBlows","floor":1},{"not_picked":["EmptyMind","Evaluate"],"picked":"Prostrate","floor":5},{"not_picked":["Protect","SashWhip"],"picked":"Evaluate","floor":7},{"not_picked":["Crescendo","Establishment","BowlingBash"],"picked":"SKIP","floor":8},{"not_picked":["CutThroughFate","SignatureMove"],"picked":"MentalFortress","floor":10},{"not_picked":["Protect","ThirdEye","Perseverance"],"picked":"SKIP","floor":12},{"not_picked":["ReachHeaven","Alpha","Crescendo"],"picked":"SKIP","floor":13},{"not_picked":["Conclude","CrushJoints"],"picked":"FearNoEvil","floor":14},{"not_picked":["Brilliance","Omniscience"],"picked":"Vault","floor":16},{"not_picked":["Study","FollowUp"],"picked":"MentalFortress","floor":18},{"not_picked":["Crescendo","JustLucky+1","Vengeance"],"picked":"SKIP","floor":20},{"not_picked":["Consecrate","Protect","Evaluate+1"],"picked":"SKIP","floor":22},{"not_picked":["EmptyFist","FollowUp","ThirdEye+1"],"picked":"SKIP","floor":24},{"not_picked":["DeceiveReality+1","PathToVictory"],"picked":"DeusExMachina","floor":28},{"not_picked":["Wish","SpiritShield"],"picked":"Vault","floor":33},{"not_picked":["Tantrum","Nirvana","Fasting2"],"picked":"SKIP","floor":35},{"not_picked":["BowlingBash+1","CrushJoints+1","Evaluate+1"],"picked":"SKIP","floor":36},{"not_picked":["Consecrate+1","SandsOfTime"],"picked":"Adaptation","floor":38},{"not_picked":["ClearTheMind","CarveReality","EmptyBody"],"picked":"SKIP","floor":40},{"not_picked":["PathToVictory+1","Collect+1","SashWhip"],"picked":"SKIP","floor":44},{"not_picked":["Halt+1","BowlingBash+1","JustLucky"],"picked":"SKIP","floor":45},{"not_picked":["EmptyFist","FlurryOfBlows","BowlingBash+1"],"picked":"SKIP","floor":48},{"not_picked":["BowlingBash","ReachHeaven"],"picked":"TalkToTheHand+1","floor":54}],"player_experience":288910,"relics_obtained":[{"floor":8,"key":"Omamori"},{"floor":9,"key":"Pen Nib"},{"floor":11,"key":"Pear"},{"floor":13,"key":"Centennial Puzzle"},{"floor":24,"key":"Lantern"},{"floor":26,"key":"Eternal Feather"},{"floor":40,"key":"Oddly Smooth Stone"},{"floor":42,"key":"Unceasing Top"},{"floor":43,"key":"Regal Pillow"},{"floor":44,"key":"TungstenRod"},{"floor":46,"key":"Bird Faced Urn"},{"floor":54,"key":"Bronze Scales"}],"event_choices":[{"damage_healed":0,"gold_gain":0,"player_choice":"Entered Light","damage_taken":14,"max_hp_gain":0,"max_hp_loss":0,"event_name":"Shining Light","floor":2,"gold_loss":0,"cards_upgraded":["Strike_P","Defend_P"]},{"damage_healed":24,"gold_gain":0,"player_choice":"Banana","damage_taken":0,"max_hp_gain":0,"max_hp_loss":0,"event_name":"Big Fish","floor":3,"gold_loss":0},{"damage_healed":0,"gold_gain":0,"player_choice":"Got Potions","damage_taken":0,"max_hp_gain":0,"max_hp_loss":0,"event_name":"Lab","floor":19,"gold_loss":0},{"damage_healed":0,"gold_gain":0,"player_choice":"Shed Blood","damage_taken":21,"max_hp_gain":5,"max_hp_loss":0,"event_name":"Forgotten Altar","floor":25,"gold_loss":0},{"cards_removed":["FlurryOfBlows"],"damage_healed":0,"gold_gain":0,"player_choice":"Elegance","damage_taken":0,"max_hp_gain":0,"max_hp_loss":0,"event_name":"Back to Basics","floor":30,"gold_loss":0},{"cards_removed":["MentalFortress"],"damage_healed":0,"gold_gain":0,"player_choice":"Removed Power","damage_taken":0,"max_hp_gain":0,"max_hp_loss":0,"event_name":"Falling","floor":39,"gold_loss":0},{"damage_healed":0,"gold_gain":0,"player_choice":"Fight","damage_taken":0,"max_hp_gain":0,"max_hp_loss":0,"event_name":"Mysterious Sphere","floor":42,"gold_loss":0},{"damage_healed":0,"gold_gain":0,"player_choice":"Fight","damage_taken":0,"max_hp_gain":0,"max_hp_loss":0,"event_name":"MindBloom","floor":46,"gold_loss":0}],"is_beta":false,"boss_relics":[{"not_picked":["Tiny House","Cursed Key"],"picked":"Pandora\u0027s Box"},{"not_picked":["Philosopher\u0027s Stone","Calling Bell"],"picked":"Runic Pyramid"}],"items_purged_floors":[4,21,29,53],"is_endless":false,"potions_floor_spawned":[5,7,10,13,16,20,22,24,33,35,38,42,45,46],"killed_by":"The Heart","ascension_level":10}}