{"host":"qxeepl7ydvsgmfdb","time":1612979679,"event":{"mods":["AchievementEnabler","BaseMod","Colored Powertips","Minty Spire (QoL Compilation)","Quick Restart","slay the spire mod where everything is the same but ironclad has a cowboy hat"],"gold_per_floor":[115,115,65,140,155,189,189,208,208,58,87,87,12,12,12,135,135,160,160,160,5,5,40,58,92,92,112,112,112,112,135,135,263,263,287,287,287,263,263,263,297,297,297,168,207,3,66,66,66,66],"floor_reached":51,"language":"ENG","playtime":1113,"items_purged":["Injury","Strike_G"],"score":1411,"play_id":"533dd49c-75c7-499e-ad1b-27ff7cfe6420","local_time":"20210210125439","is_ascension_mode":true,"campfire_choices":[{"data":"Cloak And Dagger","floor":7.0,"key":"SMITH"},{"floor":15,"key":"REST"},{"floor":30,"key":"REST"},{"floor":32,"key":"REST"},{"data":"Accuracy","floor":40,"key":"SMITH"},{"data":"Infinite Blades","floor":42,"key":"SMITH"},{"data":"Finisher","floor":49,"key":"SMITH"}],"circlet_count":0,"master_deck":["AscendersBane","Strike_G","Strike_G","Defend_G","Defend_G+1","Defend_G+1","Defend_G","Defend_G","Survivor","Neutralize","Blade Dance+1","Cloak And Dagger+1","Accuracy+1","Blade Dance","All Out Attack+1","Finisher+1","Slice","Necronomicurse","Cloak And Dagger","CurseOfTheBell","Slice","Infinite Blades+1","Deflect+1","Blade Dance+1"],"relics":["Ring of the Snake","NeowsBlessing","InkBottle","Mercury Hourglass","Toy Ornithopter","Matryoshka","Golden Idol","Ancient Tea Set","Gremlin Horn","WristBlade","MutagenicStrength","Membership Card","War Paint","Question Card","Singing Bowl","Boot","Darkstone Periapt","Necronomicon","Calling Bell","Bag of Marbles","Pear","FossilizedHelix","Eternal Feather","MealTicket","Bronze Scales","Toxic Egg 2","Juzu Bracelet","Pantograph","Ginger"],"acts_visited":["Exordium","TheCity","TheBeyond"],"potions_floor_usage":[11,25,33,35,41,48,50,50],"damage_taken":[{"damage":0.0,"enemies":"Small Slimes","floor":1.0,"turns":1.0},{"damage":0.0,"enemies":"2 Louse","floor":5.0,"turns":1.0},{"damage":0.0,"enemies":"Gremlin Nob","floor":6.0,"turns":1.0},{"damage":7.0,"enemies":"Jaw Worm","floor":8.0,"turns":4.0},{"damage":25,"enemies":"Lagavulin","floor":11,"turns":4},{"damage":18,"enemies":"Slime Boss","floor":16,"turns":11},{"damage":0,"enemies":"Spheric Guardian","floor":18,"turns":3},{"damage":23,"enemies":"Book of Stabbing","floor":23,"turns":4},{"damage":0,"enemies":"2 Thieves","floor":24,"turns":2},{"damage":0,"enemies":"Gremlin Leader","floor":25,"turns":2},{"damage":15,"enemies":"Snake Plant","floor":27,"turns":4},{"damage":0,"enemies":"Centurion and Healer","floor":31,"turns":1},{"damage":17,"enemies":"Automaton","floor":33,"turns":4},{"damage":0,"enemies":"Orb Walker","floor":35,"turns":2},{"damage":33,"enemies":"Giant Head","floor":41,"turns":6},{"damage":5,"enemies":"Nemesis","floor":45,"turns":1},{"damage":0,"enemies":"Mind Bloom Boss Battle","floor":47,"turns":3},{"damage":78,"enemies":"Awakened One","floor":50,"turns":7}],"seed_played":"5764930651335103850","potions_obtained":[{"floor":6.0,"key":"SteroidPotion"},{"floor":24,"key":"AttackPotion"},{"floor":25,"key":"Poison Potion"},{"floor":31,"key":"EssenceOfSteel"},{"floor":33,"key":"Energy Potion"},{"floor":35,"key":"Block Potion"},{"floor":45,"key":"Energy Potion"},{"floor":48,"key":"Fruit Juice"},{"floor":48,"key":"SkillPotion"}],"is_trial":false,"path_per_floor":["M","?","?","?","M","E","R","M","T","$","E","?","$","T","R","B",null,"M","?","?","$","T","E","M","E","T","M","$","?","R","M","R","B",null,"M","?","?","$","?","R","E","R","T","$","E","$","?","?","R","B",null],"character_chosen":"THE_SILENT","items_purchased":["Toy Ornithopter","Membership Card","Slice","Bronze Scales","Juzu Bracelet","Pantograph"],"campfire_rested":3,"item_purchase_floors":[10,21,38,44,46,46],"current_hp_per_floor":[63,63,63,52,52,52,52,45,45,45,25,25,25,25,46,28,60,60,60,60,60,60,37,37,44,44,29,29,19,42,42,65,55,90,97,97,93,93,95,95,67,79,79,94,89,95,95,100,100,22],"gold":66,"neow_bonus":"THREE_ENEMY_KILL","is_daily":false,"chose_seed":false,"campfire_upgraded":4,"win_rate":0.0,"timestamp":1612979679,"path_taken":["M","?","?","?","M","E","R","M","T","$","E","?","?","?","R","BOSS","M","?","?","$","?","E","M","E","T","?","?","?","R","M","R","BOSS","M","?","?","$","?","R","E","R","T","?","E","$","?","?","R","BOSS"],"items_purchased_type":["Relic","Relic","Card","Relic","Relic","Relic"],"build_version":"2020-12-22","purchased_purges":2,"victory":true,"max_hp_per_floor":[70,70,70,70,70,70,70,70,70,70,70,70,70,70,70,70,70,70,70,70,70,70,70,70,72,72,72,72,78,78,78,78,80,96,98,98,93,93,95,95,95,95,95,95,95,95,95,100,100,100],"card_choices":[{"not_picked":["All Out Attack","PiercingWail"],"picked":"Blade Dance","floor":1.0},{"not_picked":["Outmaneuver","Flying Knee","Sucker Punch"],"picked":"SKIP","floor":5.0},{"not_picked":["Expertise","PiercingWail"],"picked":"Cloak And Dagger","floor":6.0},{"not_picked":["Bouncing Flask","Bane"],"picked":"Accuracy","floor":8.0},{"not_picked":["Riddle With Holes","Skewer","Underhanded Strike"],"picked":"SKIP","floor":11},{"not_picked":["Quick Slash","Setup"],"picked":"Blade Dance","floor":18},{"not_picked":["Dagger Spray","Outmaneuver+1","Acrobatics+1"],"picked":"All Out Attack+1","floor":23},{"not_picked":["Deadly Poison","Night Terror","Catalyst"],"picked":"Finisher","floor":24},{"not_picked":["Poisoned Stab+1","Quick Slash","Acrobatics","Concentrate"],"picked":"Singing Bowl","floor":25},{"not_picked":["Dodge and Roll","Bane","Distraction"],"picked":"Slice","floor":27},{"not_picked":["Dagger Throw+1","Predator+1","Caltrops"],"picked":"Cloak And Dagger","floor":31},{"not_picked":["Storm of Steel","Corpse Explosion","Envenom","Doppelganger"],"picked":"Singing Bowl","floor":33},{"not_picked":["Outmaneuver","Expertise","Dash","Well Laid Plans"],"picked":"Singing Bowl","floor":35},{"not_picked":["Madness","Enlightenment","Swift Strike","Discovery"],"picked":"Singing Bowl","floor":39},{"not_picked":["Quick Slash","Backflip","Sucker Punch"],"picked":"Infinite Blades","floor":41},{"not_picked":["Predator","Corpse Explosion+1","Outmaneuver+1"],"picked":"Deflect+1","floor":45},{"not_picked":["Cloak And Dagger+1","Backflip+1","Catalyst+1"],"picked":"Blade Dance+1","floor":47}],"player_experience":152586,"relics_obtained":[{"floor":6.0,"key":"InkBottle"},{"floor":9.0,"key":"Mercury Hourglass"},{"floor":11,"key":"Matryoshka"},{"floor":14,"key":"Ancient Tea Set"},{"floor":14,"key":"Gremlin Horn"},{"floor":22,"key":"War Paint"},{"floor":22,"key":"Question Card"},{"floor":23,"key":"Singing Bowl"},{"floor":25,"key":"Boot"},{"floor":26,"key":"Darkstone Periapt"},{"floor":29,"key":"Necronomicon"},{"floor":34,"key":"Bag of Marbles"},{"floor":34,"key":"Pear"},{"floor":34,"key":"FossilizedHelix"},{"floor":41,"key":"Eternal Feather"},{"floor":43,"key":"MealTicket"},{"floor":45,"key":"Toxic Egg 2"},{"floor":47,"key":"Ginger"}],"event_choices":[{"damage_healed":0.0,"max_hp_gain":0.0,"max_hp_loss":0.0,"gold_gain":0.0,"event_name":"Living Wall","player_choice":"Grow","floor":2.0,"gold_loss":0.0,"damage_taken":0.0,"cards_upgraded":["Blade Dance"]},{"cards_removed":["Strike_G"],"damage_healed":0.0,"max_hp_gain":0.0,"max_hp_loss":0.0,"gold_gain":0.0,"event_name":"The Cleric","player_choice":"Card Removal","floor":3.0,"gold_loss":50.0,"damage_taken":0.0},{"damage_healed":0.0,"max_hp_gain":0.0,"max_hp_loss":0.0,"gold_gain":75.0,"event_name":"World of Goop","player_choice":"Gather Gold","floor":4.0,"gold_loss":0.0,"damage_taken":11.0},{"damage_healed":0,"gold_gain":0,"player_choice":"Take Wound","damage_taken":0,"relics_obtained":["Golden Idol"],"max_hp_gain":0,"max_hp_loss":0,"event_name":"Golden Idol","floor":12,"gold_loss":0,"cards_obtained":["Injury"]},{"damage_healed":0,"gold_gain":0,"player_choice":"Inject Mutagens","damage_taken":0,"relics_obtained":["MutagenicStrength"],"max_hp_gain":0,"max_hp_loss":0,"event_name":"Drug Dealer","floor":19,"gold_loss":0},{"damage_healed":0,"gold_gain":0,"player_choice":"Ignored","damage_taken":0,"max_hp_gain":0,"max_hp_loss":0,"event_name":"Vampires","floor":20,"gold_loss":0},{"damage_healed":0,"gold_gain":0,"player_choice":"Obtained Book","damage_taken":16,"max_hp_gain":0,"max_hp_loss":0,"event_name":"Cursed Tome","floor":29,"gold_loss":0},{"cards_removed":["Strike_G"],"damage_healed":0,"gold_gain":0,"player_choice":"Removed Attack","damage_taken":0,"max_hp_gain":0,"max_hp_loss":0,"event_name":"Falling","floor":36,"gold_loss":0},{"damage_healed":0,"gold_gain":0,"player_choice":"Max HP","damage_taken":0,"max_hp_gain":0,"max_hp_loss":5,"event_name":"Winding Halls","floor":37,"gold_loss":0},{"damage_healed":0,"gold_gain":0,"player_choice":"Memory 1","damage_taken":0,"max_hp_gain":0,"max_hp_loss":0,"event_name":"SensoryStone","floor":39,"gold_loss":0},{"damage_healed":0,"gold_gain":0,"player_choice":"Fight","damage_taken":0,"max_hp_gain":0,"max_hp_loss":0,"event_name":"MindBloom","floor":47,"gold_loss":0},{"damage_healed":0,"gold_gain":0,"player_choice":"Got Potions","damage_taken":0,"max_hp_gain":0,"max_hp_loss":0,"event_name":"Lab","floor":48,"gold_loss":0}],"is_beta":false,"boss_relics":[{"not_picked":["Pandora\u0027s Box","Astrolabe"],"picked":"WristBlade"},{"not_picked":["Cursed Key","Tiny House"],"picked":"Calling Bell"}],"items_purged_floors":[13,44],"is_endless":false,"potions_floor_spawned":[6,24,25,31,33,35,45],"ascension_level":12}}