{"host":"1pkwkj8mkn7raipg","time":1612967462,"event":{"mods":["BaseMod","LagranYue(¿≠∏Ò¿ °§‘¬)","Minty Spire (QoL Compilation)","Replay The Spire","StSLib","TestMod","Youmu£®ªÍ∆«—˝√Œ£©"],"gold_per_floor":[110,110,130,45,45,45,80,80,157,190,207,232,242,255,255,356,356,372,387,387,387],"floor_reached":20,"language":"ZHS","playtime":584,"items_purged":[],"score":378,"play_id":"914ad958-9944-4ff7-b2e9-921548ad026e","local_time":"20210210223102","is_ascension_mode":true,"campfire_choices":[{"data":"Redo","floor":6.0,"key":"SMITH"},{"data":"Dualcast","floor":8.0,"key":"SMITH"},{"floor":15,"key":"REST"}],"circlet_count":0,"master_deck":["AscendersBane","Strike_B","Defend_B","Defend_B","Zap+1","Dualcast+1","Panic Button","Defragment+1","Redo+1","Ball Lightning","Electrodynamics","Recycle+1","Buffer","Doubt","Injury"],"relics":["Cracked Core","testmod-TestBox","LagranYue:RandomDrawCardRelic","testmod-Register","NeowsBlessing","Quantum Egg","Toxic Egg 2","Art of War","BranchBurnRelic","Kintsugi"],"acts_visited":["Exordium","TheCity"],"potions_floor_usage":[10,16],"damage_taken":[{"damage":0.0,"enemies":"Small Slimes","floor":1.0,"turns":1.0},{"damage":0.0,"enemies":"Jaw Worm","floor":3.0,"turns":1.0},{"damage":0.0,"enemies":"Lagavulin","floor":7.0,"turns":2.0},{"damage":35,"enemies":"3 Sentries","floor":10,"turns":6},{"damage":0,"enemies":"Cultist","floor":11,"turns":3},{"damage":0,"enemies":"Gremlin Nob","floor":12,"turns":2},{"damage":0,"enemies":"Gremlin Gang","floor":13,"turns":1},{"damage":5,"enemies":"3 Louse","floor":14,"turns":3},{"damage":40,"enemies":"The Guardian","floor":16,"turns":7},{"damage":6,"enemies":"Chosen","floor":18,"turns":4},{"damage":0,"enemies":"3 Byrds","floor":19,"turns":1},{"damage":59,"enemies":"Shelled Parasite and Fungi","floor":20,"turns":3}],"seed_played":"2134960293172636541","potions_obtained":[{"floor":1.0,"key":"LiquidBronze"},{"floor":12,"key":"SteroidPotion"},{"floor":14,"key":"AttackPotion"},{"floor":19,"key":"Explosive Potion"}],"is_trial":false,"path_per_floor":["M","?","M","$","?","R","E","R","T","E","M","E","M","M","R","B",null,"M","M","M"],"character_chosen":"DEFECT","items_purchased":["Defragment","Redo"],"campfire_rested":1,"item_purchase_floors":[4,4],"current_hp_per_floor":[68,68,68,68,68,68,68,68,68,33,33,33,33,28,50,25,63,57,57,0,0],"gold":387,"neow_bonus":"THREE_ENEMY_KILL","is_daily":false,"chose_seed":false,"campfire_upgraded":2,"win_rate":0.0,"timestamp":1612967462,"path_taken":["M","?","M","$","?","R","E","R","T","E","?","E","M","M","R","BOSS","M","?","M"],"items_purchased_type":["Card","Card"],"build_version":"2020-12-22","purchased_purges":0,"victory":false,"max_hp_per_floor":[75,75,75,75,75,75,75,75,75,75,75,75,75,75,75,75,75,75,75,75,75],"card_choices":[{"not_picked":["ReplayTheSpireMod:Repulse","Sweeping Beam","Tempest"],"picked":"SKIP","floor":1.0},{"not_picked":["Fusion","Streamline"],"picked":"Panic Button","floor":3.0},{"not_picked":["Stack","Heatsinks","Compile Driver"],"picked":"SKIP","floor":7.0},{"not_picked":["Conserve Battery+1","ReplayTheSpireMod:Repulse+1"],"picked":"Ball Lightning","floor":10},{"not_picked":["Hologram+1","FTL"],"picked":"Electrodynamics","floor":11},{"not_picked":["Steam+1","Ball Lightning"],"picked":"Recycle+1","floor":12},{"not_picked":["ReplayTheSpireMod:Repulse+1","Hologram+1","Leap+1"],"picked":"SKIP","floor":13},{"not_picked":["Panic Button+1","Compile Driver","Conserve Battery+1"],"picked":"SKIP","floor":14},{"not_picked":["Meteor Strike","Seek+1"],"picked":"Buffer","floor":16},{"not_picked":["Hologram+1","Barrage","Fusion+1"],"picked":"SKIP","floor":18},{"not_picked":["Barrage","Cold Snap","Streamline+1"],"picked":"SKIP","floor":19}],"player_experience":423339,"relics_obtained":[{"floor":7.0,"key":"Quantum Egg"},{"floor":9.0,"key":"Toxic Egg 2"},{"floor":10,"key":"Dead Branch"},{"floor":12,"key":"Art of War"}],"event_choices":[{"damage_healed":0.0,"max_hp_gain":0.0,"max_hp_loss":0.0,"gold_gain":0.0,"event_name":"Living Wall","player_choice":"Grow","floor":2.0,"gold_loss":0.0,"damage_taken":0.0,"cards_upgraded":["Zap"]},{"damage_healed":0.0,"max_hp_gain":0.0,"max_hp_loss":0.0,"gold_gain":0.0,"event_name":"Accursed Blacksmith","player_choice":"Forge","floor":5.0,"gold_loss":0.0,"damage_taken":0.0,"cards_upgraded":["Defragment"]}],"is_beta":false,"boss_relics":[{"not_picked":["ReplayTheSpireMod:DimensionalGlitch","Ring of Chaos"],"picked":"Kintsugi"}],"items_purged_floors":[],"is_endless":false,"potions_floor_spawned":[1,12,14,19],"killed_by":"Shelled Parasite and Fungi","ascension_level":11}}