{"host":"zxkjcgzis4pm3za5","time":1612935044,"event":{"mods":["AchievementEnabler","BaseMod","Colored Map","Colored Powertips","Minty Spire (QoL Compilation)","Quick Restart","RNG Fix","Random Character Button","Relic Sorter","Relic Stats","StSLib"],"gold_per_floor":[118,268,95,95,114,114,140,40,40,40,71,85,102,116,116,193,193,205,125,125],"floor_reached":19,"language":"ENG","playtime":782,"items_purged":["Pain","Doubt"],"score":354,"play_id":"44e416f9-aa77-4565-ad77-a389f85779f0","local_time":"20210210110044","is_ascension_mode":true,"campfire_choices":[{"floor":6,"key":"REST"},{"data":"Demon Form","floor":10,"key":"SMITH"},{"data":"Warcry","floor":15,"key":"SMITH"}],"circlet_count":0,"master_deck":["AscendersBane","Strike_R","Strike_R","Strike_R","Strike_R","Strike_R","Defend_R","Defend_R","Defend_R+1","Defend_R","Bash","Demon Form+1","Havoc+1","Enlightenment","Headbutt","Infernal Blade","Sword Boomerang","Warcry+1","Heavy Blade","Limit Break"],"relics":["Burning Blood","StoneCalendar","Kunai","The Courier","Busted Crown"],"acts_visited":["Exordium","TheCity"],"potions_floor_usage":[14,16,18,19],"damage_taken":[{"damage":10,"enemies":"Small Slimes","floor":1,"turns":4},{"damage":16,"enemies":"Jaw Worm","floor":5,"turns":8},{"damage":27,"enemies":"Lagavulin","floor":7,"turns":7},{"damage":12,"enemies":"Gremlin Nob","floor":11,"turns":3},{"damage":0,"enemies":"Cultist","floor":12,"turns":3},{"damage":5,"enemies":"Blue Slaver","floor":13,"turns":3},{"damage":18,"enemies":"Lots of Slimes","floor":14,"turns":6},{"damage":13,"enemies":"Hexaghost","floor":16,"turns":7},{"damage":35,"enemies":"3 Byrds","floor":18,"turns":4},{"damage":35,"enemies":"2 Thieves","floor":19,"turns":3}],"seed_played":"-7433912932966148926","potions_obtained":[{"floor":7,"key":"PowerPotion"},{"floor":12,"key":"Energy Potion"},{"floor":14,"key":"SpeedPotion"},{"floor":16,"key":"SteroidPotion"}],"is_trial":false,"path_per_floor":["M","?","$","?","M","R","E","$","T","R","E","M","M","M","R","B",null,"M","M"],"character_chosen":"IRONCLAD","items_purchased":["Enlightenment"],"campfire_rested":1,"item_purchase_floors":[3],"current_hp_per_floor":[64,64,64,41,31,53,32,32,32,32,26,32,33,21,21,14,60,31,0,0],"gold":125,"neow_bonus":"THREE_RARE_CARDS","is_daily":false,"chose_seed":false,"campfire_upgraded":2,"win_rate":0.0,"timestamp":1612935044,"path_taken":["M","?","$","?","M","R","E","$","T","R","E","M","M","M","R","BOSS","M","M"],"items_purchased_type":["Card"],"build_version":"2020-12-22","purchased_purges":2,"victory":false,"max_hp_per_floor":[75,75,75,75,75,75,75,75,75,75,75,75,75,75,75,75,75,75,75,75],"relic_stats":{"Busted Crown":2,"counters":[10,48],"StoneCalendar":[31],"Kunai":[12],"obtain_stats":[{"Busted Crown":17,"StoneCalendar":7,"The Courier":11,"Kunai":9,"Burning Blood":0},{"Busted Crown":8,"StoneCalendar":3,"The Courier":4,"Kunai":3,"Burning Blood":0},{"Busted Crown":41,"StoneCalendar":19,"The Courier":22,"Kunai":19,"Burning Blood":0}],"Burning Blood":54},"card_choices":[{"not_picked":["Double Tap","Exhume"],"picked":"Demon Form","floor":0},{"not_picked":["Pommel Strike","Metallicize"],"picked":"Havoc","floor":1},{"not_picked":["Second Wind","Clothesline"],"picked":"Headbutt","floor":5},{"not_picked":["Perfected Strike","Body Slam"],"picked":"Infernal Blade","floor":7},{"not_picked":["Combust","Anger"],"picked":"Sword Boomerang","floor":11},{"not_picked":["Hemokinesis","Pommel Strike"],"picked":"Warcry","floor":12},{"not_picked":["Warcry","Armaments"],"picked":"Heavy Blade","floor":13},{"not_picked":["Inflame","Fire Breathing","Bludgeon"],"picked":"SKIP","floor":14},{"not_picked":["Barricade","Feed"],"picked":"Limit Break","floor":16},{"not_picked":["Carnage+1"],"picked":"SKIP","floor":18}],"player_experience":346116,"relics_obtained":[{"floor":7,"key":"StoneCalendar"},{"floor":9,"key":"Kunai"},{"floor":11,"key":"The Courier"}],"event_choices":[{"damage_healed":0,"gold_gain":150,"player_choice":"AGREE","damage_taken":0,"max_hp_gain":0,"max_hp_loss":0,"event_name":"Liars Game","floor":2,"gold_loss":0,"cards_obtained":["Doubt"]},{"damage_healed":0,"gold_gain":0,"player_choice":"Entered Light","damage_taken":23,"max_hp_gain":0,"max_hp_loss":0,"event_name":"Shining Light","floor":4,"gold_loss":0,"cards_upgraded":["Havoc","Defend_R"]}],"is_beta":false,"boss_relics":[{"not_picked":["Black Star","Philosopher\u0027s Stone"],"picked":"Busted Crown"}],"items_purged_floors":[3,8],"is_endless":false,"potions_floor_spawned":[7,12,14,16],"killed_by":"2 Thieves","ascension_level":20}}