{"host":"vh33hu3wddwn6yt6","time":1612982999,"event":{"mods":["AchievementEnabler","Act Like it!","Aspiration","BaseMod","Better Altar","Better Match","Better Note","Better Sensory Stone","Better Skull","Better Third Choice","BetterRewards","Bossed Relics","Downfall","Hermit","Hubris","Infinite Spire","Minty Spire (QoL Compilation)","Permanent Neow","Replay The Spire","Shade Mod","Shop Mod","Spicy Shops","StSLib","SuperFastMode","The Blackbeard","The Necromancer","The Runesmith","The Servant 0.9.4","TheBandit","Wandering Minibosses"],"gold_per_floor":[113,129,148,139,114,114,141,141,212,69,90,36,56,56,56,149,149,157,117,117,217,231,253,253,193,220,166,931,931,950,985,985,1086,1086,1100,1100,1100,1117,1130,1130,1155,1170,1223,1233,1251,1276,1276,1276,1276,1276,1276,1276],"floor_reached":53,"language":"DEU","playtime":1442,"items_purged":["Strike_G"],"score":930,"play_id":"ab748dde-8ddf-4c12-8058-6f7afb040446","local_time":"20210210194959","is_ascension_mode":true,"campfire_choices":[{"data":"Cloak And Dagger","floor":6,"key":"SMITH"},{"data":"hubris:DuctTapeCard","floor":15,"key":"SMITH"},{"data":"Cloak And Dagger","floor":24,"key":"SMITH"},{"data":"After Image","floor":29,"key":"SMITH"},{"data":"Blade Dance","floor":32,"key":"SMITH"},{"floor":40,"key":"DIG"}],"circlet_count":0,"master_deck":["blackbeard:CaptainsHat+1","Strike_G","Strike_G","Strike_G","Strike_G","Defend_G","Defend_G+1","Defend_G","Defend_G","Defend_G","Survivor","Finisher","ReplayTheSpireMod:Scrap Shanks+1","Cloak And Dagger+1","hubris:DuctTapeCard+2","hexamod:SpectersWail","Cloak And Dagger+1","After Image+1","Cloak And Dagger+1","Choke+1","Accuracy","Terror+1","Blade Dance+1","Madness","Madness","Backstab","Cloak And Dagger+1","Flash of Steel"],"relics":["Ring of the Snake","aspiration:Nostalgia","MealTicket","hubris:DuctTape","MerchantsRug","Bag of Preparation","infinitespire:BottledMercury","Astrolabe","Replay:Wanted Poster","Chameleon Ring","BranchBurnRelic","Bag of Marbles","Red Mask","wanderingMiniBosses:MasterThiefsPresence","hubris:HollowSoul","Black Star","Replay:Multitool","Runesmith:AutoHammer","Juzu Bracelet","aspiration:FetidBarrel","Blue Doll","aspiration:StickyExplosives_weak","Akabeko"],"acts_visited":["Exordium","TheCity","TheBeyond"],"potions_floor_usage":[3,11,16,28,28,33,39,46,52,52,52],"damage_taken":[{"damage":0,"enemies":"Cultist","floor":1,"turns":4},{"damage":0,"enemies":"2 Louse","floor":2,"turns":4},{"damage":0,"enemies":"Jaw Worm","floor":3,"turns":4},{"damage":16,"enemies":"Large Slime","floor":4,"turns":9},{"damage":5,"enemies":"Replay:BlueRogue","floor":7,"turns":6},{"damage":1,"enemies":"3 Sentries","floor":11,"turns":5},{"damage":0,"enemies":"2 Fungi Beasts","floor":13,"turns":2},{"damage":16,"enemies":"The Guardian","floor":16,"turns":10},{"damage":0,"enemies":"3 Byrds","floor":18,"turns":5},{"damage":0,"enemies":"Shell Parasite","floor":22,"turns":5},{"damage":0,"enemies":"Book of Stabbing","floor":23,"turns":5},{"damage":0,"enemies":"Cultist and Chosen","floor":27,"turns":5},{"damage":23,"enemies":"Masked Bandits","floor":28,"turns":7},{"damage":0,"enemies":"Centurion and Healer","floor":30,"turns":3},{"damage":3,"enemies":"Replay:Snechameleon","floor":31,"turns":4},{"damage":0,"enemies":"Collector","floor":33,"turns":8},{"damage":0,"enemies":"Orb Walker","floor":35,"turns":2},{"damage":0,"enemies":"3 Darklings","floor":38,"turns":3},{"damage":6,"enemies":"Maw","floor":39,"turns":5},{"damage":3,"enemies":"Giant Head","floor":41,"turns":5},{"damage":0,"enemies":"Jaw Worm Horde","floor":42,"turns":2},{"damage":0,"enemies":"4 Shapes","floor":44,"turns":3},{"damage":0,"enemies":"Sphere and 2 Shapes","floor":45,"turns":3},{"damage":21,"enemies":"Nemesis","floor":46,"turns":5},{"damage":17,"enemies":"Donu and Deca","floor":52,"turns":6}],"seed_played":"-2067867849516401413","potions_obtained":[{"floor":1,"key":"Dexterity Potion"},{"floor":4,"key":"Energy Potion"},{"floor":11,"key":"Poison Potion"},{"floor":18,"key":"Weak Potion"},{"floor":27,"key":"BlessingOfTheForge"},{"floor":31,"key":"SkillPotion"},{"floor":33,"key":"hexamod:SoulburnPotion"},{"floor":35,"key":"Poison Potion"},{"floor":38,"key":"Regen Potion"},{"floor":41,"key":"Poison Potion"},{"floor":46,"key":"Poison Potion"}],"is_trial":false,"path_per_floor":["M","M","M","M","$","R","E","?","T","$","E","$","M","?","R","B",null,"M","?","?","AVR","M","E","R","$","T","M","?","R","M","E","R","B",null,"M","AVR","?","M","M","R","E","M","T","M","M","E","PTL","PTL","?","?","R","B",null],"character_chosen":"THE_SILENT","items_purchased":["Cloak And Dagger","MerchantsRug","Bag of Preparation","Cloak And Dagger+1","Choke+1"],"campfire_rested":0,"item_purchase_floors":[5,10,10,12,25],"current_hp_per_floor":[70,70,70,54,54,54,49,49,49,64,63,70,70,73,73,57,73,73,73,73,73,73,73,73,73,73,73,50,50,59,56,56,71,73,73,73,64,64,58,58,69,69,69,69,69,48,48,48,48,48,69,73],"gold":1276,"neow_bonus":"NOSTALGIA","is_daily":false,"chose_seed":false,"campfire_upgraded":5,"win_rate":0.0,"timestamp":1612982999,"path_taken":["M","M","M","M","?","R","E","?","T","$","E","$","M","?","R","BOSS","M","?","?","AVR","M","E","R","$","T","M","?","R","M","E","R","BOSS","M","AVR","?","M","M","R","E","M","T","M","M","E","PTL","PTL","?","?","R","BOSS"],"items_purchased_type":["Card","Relic","Relic","Card","Card"],"build_version":"2020-12-22","purchased_purges":1,"victory":true,"max_hp_per_floor":[70,70,70,70,70,70,70,70,70,70,70,70,70,73,73,73,73,73,73,73,73,73,73,73,73,73,73,73,73,73,73,73,73,73,73,73,73,73,73,73,73,73,73,73,73,73,73,73,73,73,73,73],"card_choices":[{"not_picked":["Acrobatics","PiercingWail","Deflect"],"picked":"SKIP","floor":1},{"not_picked":["Underhanded Strike","hexamod:NecessarySacrifice"],"picked":"Finisher","floor":2},{"not_picked":["hexamod:RecurringNightmare","hubris:SlightOfHand"],"picked":"ReplayTheSpireMod:Scrap Shanks","floor":3},{"not_picked":["All Out Attack","hexamod:GhostShield","Sneak Up"],"picked":"SKIP","floor":4},{"not_picked":["Reflex","Searing Blow"],"picked":"Slice","floor":7},{"not_picked":["Bullet Time","Quick Slash"],"picked":"hexamod:SpectersWail","floor":11},{"not_picked":["ReplayTheSpireMod:Speed Training","hexamod:GhostShield","Backflip"],"picked":"SKIP","floor":13},{"not_picked":["Night Terror","Storm of Steel"],"picked":"After Image","floor":16},{"not_picked":["Sucker Punch","Underhanded Strike+1","Dagger Spray"],"picked":"SKIP","floor":18},{"not_picked":["Expertise","Outmaneuver"],"picked":"Cloak And Dagger","floor":22},{"not_picked":["Underhanded Strike","Backflip+1","Phantasmal Killer"],"picked":"SKIP","floor":23},{"not_picked":["Cloak And Dagger","hubris:TrickCloak+1"],"picked":"Accuracy","floor":27},{"not_picked":["PiercingWail","Bane+1"],"picked":"Terror","floor":28},{"not_picked":["Dagger Throw","Hidden Blade+1","Eviscerate"],"picked":"SKIP","floor":30},{"not_picked":["Backflip","Quick Slash"],"picked":"Blade Dance","floor":31},{"not_picked":["Deadly Poison+1","Quick Slash","Dagger Throw+1"],"picked":"SKIP","floor":35},{"not_picked":["Bane+1","hubris:SlightOfHand","Outmaneuver"],"picked":"SKIP","floor":38},{"not_picked":["Toxin Wave","Underhanded Strike+1"],"picked":"Backstab","floor":39},{"not_picked":["Dagger Throw","Slice+1","Storm of Steel"],"picked":"SKIP","floor":41},{"not_picked":["PiercingWail+1","Deflect"],"picked":"Cloak And Dagger+1","floor":42},{"not_picked":["Escape Plan+1","Deflect","Terror"],"picked":"SKIP","floor":44},{"not_picked":["Dagger Spray+1","Deadly Poison+1","Replay:Bag of Tricks"],"picked":"SKIP","floor":45},{"not_picked":["hubris:SlightOfHand+1","Hidden Blade","Flying Knee"],"picked":"SKIP","floor":46},{"not_picked":["Replay:Bootleg Shield Generator","Replay:Sssssssssshield"],"picked":"Flash of Steel","floor":50}],"player_experience":674164,"relics_obtained":[{"floor":7,"key":"MealTicket"},{"floor":9,"key":"hubris:DuctTape"},{"floor":11,"key":"infinitespire:BottledMercury"},{"floor":23,"key":"Dead Branch"},{"floor":26,"key":"Bag of Marbles"},{"floor":28,"key":"Red Mask"},{"floor":28,"key":"wanderingMiniBosses:MasterThiefsPresence"},{"floor":40,"key":"Runesmith:AutoHammer"},{"floor":41,"key":"Juzu Bracelet"},{"floor":41,"key":"aspiration:FetidBarrel"},{"floor":43,"key":"Blue Doll"},{"floor":46,"key":"aspiration:StickyExplosives_weak"},{"floor":46,"key":"Akabeko"}],"event_choices":[{"damage_healed":0,"gold_gain":0,"player_choice":"Upgraded Two","damage_taken":0,"max_hp_gain":0,"max_hp_loss":0,"event_name":"Designer","floor":19,"gold_loss":40,"cards_upgraded":["ReplayTheSpireMod:Scrap Shanks","Defend_G"]},{"damage_healed":0,"gold_gain":0,"player_choice":"Ignored","damage_taken":0,"max_hp_gain":0,"max_hp_loss":0,"event_name":"betterNote:BetterNote","floor":20,"gold_loss":0,"cards_obtained":["Defend_S"]},{"damage_healed":0,"gold_gain":0,"player_choice":"Fought Bandits","damage_taken":0,"max_hp_gain":0,"max_hp_loss":0,"event_name":"Masked Bandits","floor":28,"gold_loss":0},{"damage_healed":0,"gold_gain":0,"player_choice":"Embrace Madness","damage_taken":9,"max_hp_gain":0,"max_hp_loss":0,"event_name":"Winding Halls","floor":37,"gold_loss":0,"cards_obtained":["Madness","Madness"]},{"damage_healed":0,"gold_gain":3,"player_choice":"1","damage_taken":0,"max_hp_gain":0,"max_hp_loss":0,"event_name":"betterStone:BetterStone","floor":50,"gold_loss":0}],"is_beta":false,"boss_relics":[{"not_picked":["aspiration:DefectSkillbook","Coffee Dripper"],"picked":"Astrolabe"},{"not_picked":["aspiration:RunesmithSkillbook","ReplayTheSpireMod:SealedPack"],"picked":"hubris:HollowSoul"}],"items_purged_floors":[36],"is_endless":false,"potions_floor_spawned":[1,4,11,18,27,28,31,33,35,38,41,46],"ascension_level":1}}