{"host":"aw6ta4ll26ap9lu8","time":1612918937,"event":{"mods":["AchievementEnabler","AlwaysNeverKeys","BaseMod","Bestiary","Block Reminder","Colored Map","Colored Powertips","Dark Map","DeckTracker","Highlight Path","Minty Spire (QoL Compilation)","Permanent Neow","Quick Restart","Relic Stats","StSLib"],"gold_per_floor":[114,160,160,175,192,192,220,238,238,238,272,287,313,323,323,401,401,401,401,401,401,401,401,401,401,401,401,401,401,88,88,88,88,88,88,88,88,88,48,48,48,48,48,48,48,48,48,48,48,48,48,48,48,48,48,48],"floor_reached":55,"language":"ENG","playtime":2354,"items_purged":[],"score":1376,"play_id":"33e2b89d-3c92-45c0-8f01-1b60d65ced02","local_time":"20210209200217","is_ascension_mode":true,"campfire_choices":[{"data":"ClearTheMind","floor":6.0,"key":"SMITH"},{"data":"Evaluate","floor":10.0,"key":"SMITH"},{"data":"Crescendo","floor":15.0,"key":"SMITH"},{"data":"Scrawl","floor":23.0,"key":"SMITH"},{"floor":32.0,"key":"REST"},{"data":"MasterReality","floor":40.0,"key":"SMITH"},{"data":"Vengeance","floor":45.0,"key":"SMITH"},{"floor":49.0,"key":"REST"},{"data":"SignatureMove","floor":52.0,"key":"SMITH"}],"circlet_count":0,"master_deck":["AscendersBane","Strike_P","Strike_P","Strike_P","Strike_P+1","Defend_P","Defend_P","Defend_P","Defend_P","Eruption+1","Vigilance","SignatureMove+1","SandsOfTime","ClearTheMind+1","Consecrate+1","Evaluate+1","FollowUp","Swivel","Crescendo+1","Tantrum","FearNoEvil","Scrawl+1","Vengeance+1","CutThroughFate+1","DevaForm","SashWhip","Halt+1","WheelKick","Fasting2+1","MasterReality+1","Evaluate+1","Bandage Up","WaveOfTheHand+1"],"relics":["PureWater","Bronze Scales","Akabeko","Ornamental Fan","Bag of Preparation","Shuriken","Ectoplasm","Strawberry","Du-Vu Doll","HornCleat","Ice Cream","Gambling Chip","Ancient Tea Set","Philosopher\u0027s Stone","Oddly Smooth Stone","Vajra","FossilizedHelix","Dead Branch","CeramicFish","Pen Nib"],"acts_visited":["Exordium","TheCity","TheBeyond","TheEnding"],"potions_floor_usage":[55],"damage_taken":[{"damage":0.0,"enemies":"Cultist","floor":1.0,"turns":4.0},{"damage":0.0,"enemies":"2 Louse","floor":4.0,"turns":2.0},{"damage":7.0,"enemies":"Jaw Worm","floor":5.0,"turns":4.0},{"damage":0.0,"enemies":"Lagavulin","floor":7.0,"turns":2.0},{"damage":0.0,"enemies":"Red Slaver","floor":8.0,"turns":1.0},{"damage":5.0,"enemies":"Gremlin Nob","floor":11.0,"turns":3.0},{"damage":0.0,"enemies":"Exordium Thugs","floor":12.0,"turns":2.0},{"damage":12.0,"enemies":"3 Sentries","floor":13.0,"turns":5.0},{"damage":0.0,"enemies":"Blue Slaver","floor":14.0,"turns":2.0},{"damage":13.0,"enemies":"The Guardian","floor":16.0,"turns":6.0},{"damage":0.0,"enemies":"3 Byrds","floor":18.0,"turns":3.0},{"damage":3.0,"enemies":"Shell Parasite","floor":19.0,"turns":2.0},{"damage":11.0,"enemies":"Centurion and Healer","floor":22.0,"turns":3.0},{"damage":0.0,"enemies":"Snecko","floor":24.0,"turns":2.0},{"damage":0.0,"enemies":"Gremlin Leader","floor":25.0,"turns":2.0},{"damage":0.0,"enemies":"Snake Plant","floor":27.0,"turns":2.0},{"damage":0.0,"enemies":"3 Cultists","floor":28.0,"turns":3.0},{"damage":1.0,"enemies":"Slavers","floor":29.0,"turns":3.0},{"damage":0.0,"enemies":"Gremlin Leader","floor":31.0,"turns":1.0},{"damage":33.0,"enemies":"Automaton","floor":33.0,"turns":6.0},{"damage":0.0,"enemies":"3 Darklings","floor":35.0,"turns":2.0},{"damage":3.0,"enemies":"3 Shapes","floor":36.0,"turns":1.0},{"damage":21.0,"enemies":"3 Darklings","floor":37.0,"turns":3.0},{"damage":0.0,"enemies":"Jaw Worm Horde","floor":41.0,"turns":2.0},{"damage":0.0,"enemies":"4 Shapes","floor":42.0,"turns":1.0},{"damage":17.0,"enemies":"Nemesis","floor":44.0,"turns":5.0},{"damage":0.0,"enemies":"Mind Bloom Boss Battle","floor":46.0,"turns":2.0},{"damage":0.0,"enemies":"2 Orb Walkers","floor":47.0,"turns":2.0},{"damage":10.0,"enemies":"Giant Head","floor":48.0,"turns":5.0},{"damage":12.0,"enemies":"Awakened One","floor":50.0,"turns":6.0},{"damage":14.0,"enemies":"Shield and Spear","floor":54.0,"turns":2.0},{"damage":147,"enemies":"The Heart","floor":55,"turns":3}],"seed_played":"-6168603997330190703","potions_obtained":[{"floor":1.0,"key":"DistilledChaos"},{"floor":5.0,"key":"SmokeBomb"},{"floor":8.0,"key":"Dexterity Potion"},{"floor":22.0,"key":"DistilledChaos"},{"floor":27.0,"key":"AttackPotion"},{"floor":29.0,"key":"SpeedPotion"},{"floor":35.0,"key":"BlessingOfTheForge"},{"floor":42.0,"key":"Regen Potion"},{"floor":44.0,"key":"BottledMiracle"}],"is_trial":false,"path_per_floor":["M","T","?","M","M","R","E","M","T","R","E","M","E","M","R","B",null,"M","M","?","?","M","R","M","E","T","M","M","E","$","E","R","B",null,"M","M","M","?","?","R","M","M","T","E","R","?","?","E","R","B",null,"R","$","E","B"],"character_chosen":"WATCHER","items_purchased":["Gambling Chip"],"campfire_rested":2,"item_purchase_floors":[30],"current_hp_per_floor":[65,65,65,65,58,58,58,58,58,58,53,53,41,41,41,28,61,61,58,65,38,27,27,27,27,27,27,27,26,26,26,49,16,63,63,60,39,39,39,39,43,47,47,48,48,48,52,46,69,61,75,75,75,65,0,0],"gold":48,"neow_bonus":"THREE_CARDS","is_daily":false,"chose_seed":false,"campfire_upgraded":7,"win_rate":0.0,"timestamp":1612918937,"path_taken":["M","?","?","M","?","R","E","M","T","R","E","M","E","?","R","BOSS","M","M","?","?","?","R","M","E","T","M","M","E","?","E","R","BOSS","M","M","M","?","?","R","?","M","T","E","R","?","?","E","R","BOSS","R","$","E","BOSS"],"items_purchased_type":["Relic"],"build_version":"2020-12-22","purchased_purges":0,"victory":false,"max_hp_per_floor":[72,72,72,72,72,72,72,72,72,72,72,72,72,72,72,72,72,72,72,79,79,79,79,79,79,79,79,79,79,79,79,79,79,79,79,79,79,79,79,79,79,79,79,79,79,79,79,79,79,79,79,79,79,79,79,79],"relic_stats":{"counters":[32,92],"Ornamental Fan":[216],"Shuriken":[49],"Bronze Scales":[192],"Gambling Chip":[63],"Dead Branch":[27],"CeramicFish":0,"Ectoplasm":772,"Pen Nib":[1],"Bag of Preparation":[52],"obtain_stats":[{"Ice Cream":29,"Dead Branch":47,"CeramicFish":48,"Oddly Smooth Stone":43,"Vajra":44,"Pen Nib":54,"Bag of Preparation":11,"Ancient Tea Set":31,"Akabeko":7,"Du-Vu Doll":25,"HornCleat":26,"Ornamental Fan":9,"Shuriken":13,"Bronze Scales":2,"Strawberry":20,"Gambling Chip":30,"Philosopher\u0027s Stone":34,"Ectoplasm":17,"PureWater":0,"FossilizedHelix":46},{"Ice Cream":18,"Dead Branch":28,"CeramicFish":29,"Oddly Smooth Stone":25,"Vajra":26,"Pen Nib":31,"Bag of Preparation":6,"Ancient Tea Set":19,"Akabeko":4,"Du-Vu Doll":15,"HornCleat":15,"Ornamental Fan":5,"Shuriken":8,"Bronze Scales":1,"Strawberry":12,"Gambling Chip":18,"Philosopher\u0027s Stone":20,"Ectoplasm":10,"PureWater":0,"FossilizedHelix":27},{"Ice Cream":51,"Dead Branch":76,"CeramicFish":81,"Oddly Smooth Stone":67,"Vajra":72,"Pen Nib":89,"Bag of Preparation":16,"Ancient Tea Set":52,"Akabeko":12,"Du-Vu Doll":43,"HornCleat":43,"Ornamental Fan":13,"Shuriken":23,"Bronze Scales":4,"Strawberry":36,"Gambling Chip":51,"Philosopher\u0027s Stone":58,"Ectoplasm":31,"PureWater":0,"FossilizedHelix":74}]},"card_choices":[{"not_picked":["JustLucky","ClearTheMind"],"picked":"SignatureMove","floor":0.0},{"not_picked":["DeceiveReality","ForeignInfluence"],"picked":"SandsOfTime","floor":1.0},{"not_picked":["WindmillStrike","JustLucky"],"picked":"ClearTheMind","floor":4.0},{"not_picked":["Protect","CrushJoints"],"picked":"Consecrate","floor":5.0},{"not_picked":["FlyingSleeves","ConjureBlade"],"picked":"Evaluate","floor":7.0},{"not_picked":["Tantrum","SignatureMove"],"picked":"FollowUp","floor":8.0},{"not_picked":["ClearTheMind","WaveOfTheHand"],"picked":"Swivel","floor":11.0},{"not_picked":["Worship","SashWhip"],"picked":"Crescendo","floor":12.0},{"not_picked":["Judgement","BattleHymn"],"picked":"Tantrum","floor":13.0},{"not_picked":["ThirdEye","WreathOfFlame"],"picked":"FearNoEvil","floor":14.0},{"not_picked":["ConjureBlade","Establishment"],"picked":"Scrawl","floor":16.0},{"not_picked":["Meditate","JustLucky+1"],"picked":"Vengeance","floor":18.0},{"not_picked":["FlurryOfBlows","SashWhip","BowlingBash"],"picked":"SKIP","floor":19.0},{"not_picked":["EmptyBody","FlurryOfBlows","Swivel+1"],"picked":"SKIP","floor":22.0},{"not_picked":["Brilliance","Halt+1"],"picked":"CutThroughFate+1","floor":24.0},{"not_picked":["Halt","Meditate"],"picked":"DevaForm","floor":25.0},{"not_picked":["JustLucky","EmptyFist"],"picked":"SashWhip","floor":27.0},{"not_picked":["Protect","JustLucky+1"],"picked":"Halt+1","floor":28.0},{"not_picked":["Tantrum","CrushJoints"],"picked":"WheelKick","floor":29.0},{"not_picked":["WindmillStrike","InnerPeace"],"picked":"Fasting2+1","floor":31.0},{"not_picked":["Establishment","DevaForm"],"picked":"MasterReality","floor":33.0},{"not_picked":["FollowUp+1","Pray"],"picked":"Evaluate+1","floor":35.0},{"not_picked":["EmptyFist","SashWhip+1","BowlingBash"],"picked":"SKIP","floor":36.0},{"not_picked":["Halt+1","Swivel","ClearTheMind"],"picked":"SKIP","floor":37.0},{"not_picked":["Discovery","Apotheosis"],"picked":"Bandage Up","floor":38.0},{"not_picked":["FlurryOfBlows","TalkToTheHand","Swivel"],"picked":"SKIP","floor":41.0},{"not_picked":["ThirdEye+1","Prostrate","CrushJoints+1"],"picked":"SKIP","floor":42.0},{"not_picked":["Prostrate","FollowUp"],"picked":"WaveOfTheHand+1","floor":44.0},{"not_picked":["CarveReality","Establishment","SandsOfTime"],"picked":"SKIP","floor":48.0},{"not_picked":["Halt","WaveOfTheHand","DeceiveReality"],"picked":"SKIP","floor":54.0}],"player_experience":642212,"relics_obtained":[{"floor":2.0,"key":"Bronze Scales"},{"floor":7.0,"key":"Akabeko"},{"floor":9.0,"key":"Ornamental Fan"},{"floor":11.0,"key":"Bag of Preparation"},{"floor":13.0,"key":"Shuriken"},{"floor":25.0,"key":"Du-Vu Doll"},{"floor":26.0,"key":"HornCleat"},{"floor":29.0,"key":"Ice Cream"},{"floor":31.0,"key":"Ancient Tea Set"},{"floor":43.0,"key":"Oddly Smooth Stone"},{"floor":44.0,"key":"Vajra"},{"floor":46.0,"key":"FossilizedHelix"},{"floor":47.0,"key":"Dead Branch"},{"floor":48.0,"key":"CeramicFish"},{"floor":54.0,"key":"Pen Nib"}],"event_choices":[{"damage_healed":0.0,"max_hp_gain":0.0,"max_hp_loss":0.0,"gold_gain":0.0,"event_name":"Upgrade Shrine","player_choice":"Upgraded","floor":3.0,"gold_loss":0.0,"damage_taken":0.0,"cards_upgraded":["Eruption"]},{"damage_healed":0.0,"max_hp_gain":0.0,"max_hp_loss":0.0,"gold_gain":0.0,"event_name":"The Mausoleum","player_choice":"Opened","floor":20.0,"gold_loss":0.0,"damage_taken":0.0,"relics_obtained":["Strawberry"]},{"damage_healed":0.0,"max_hp_gain":0.0,"max_hp_loss":0.0,"gold_gain":270.0,"event_name":"Knowing Skull","player_choice":"GOLD GOLD GOLD ","floor":21.0,"potions_obtained":[],"gold_loss":0.0,"damage_taken":27.0,"cards_obtained":[]},{"damage_healed":0.0,"max_hp_gain":0.0,"max_hp_loss":0.0,"gold_gain":0.0,"event_name":"SensoryStone","player_choice":"Memory 1","floor":38.0,"gold_loss":0.0,"damage_taken":0.0},{"damage_healed":0.0,"max_hp_gain":0.0,"max_hp_loss":0.0,"gold_gain":0.0,"event_name":"Designer","player_choice":"Upgraded Two","floor":39.0,"gold_loss":40.0,"damage_taken":0.0,"cards_upgraded":["Strike_P","Consecrate"]},{"damage_healed":0.0,"max_hp_gain":0.0,"max_hp_loss":0.0,"gold_gain":0.0,"event_name":"MindBloom","player_choice":"Fight","floor":46.0,"gold_loss":0.0,"damage_taken":0.0},{"damage_healed":0.0,"max_hp_gain":0.0,"max_hp_loss":0.0,"gold_gain":0.0,"event_name":"Mysterious Sphere","player_choice":"Fight","floor":47.0,"gold_loss":0.0,"damage_taken":0.0}],"is_beta":false,"boss_relics":[{"not_picked":["Snecko Eye","Fusion Hammer"],"picked":"Ectoplasm"},{"not_picked":["Runic Pyramid","SlaversCollar"],"picked":"Philosopher\u0027s Stone"}],"items_purged_floors":[],"is_endless":false,"potions_floor_spawned":[1,5,8,13,22,24,27,29,31,35,42,44],"killed_by":"The Heart","ascension_level":13}}