{"host":"6xsbn6ynqlzwllfm","time":1612971244,"event":{"mods":["2.2 Compatiblity","BaseMod","Bestiary","Colored Map","Colored Powertips","Curses Come First","Highlight Path","Keyboard Shortcuts","Minty Spire (QoL Compilation)","Relic Stats","Slay the Relics Exporter","StSLib","SuperFastMode"],"gold_per_floor":[119,119,119,36,52,52,91,13,38,72,86,99,143,162,162,253,253,273,0,0,20,20,20,20],"floor_reached":23,"language":"ENG","playtime":1323,"items_purged":[],"score":418,"play_id":"5683ba6e-d341-4ff0-8a59-7e356cb66884","local_time":"20210210103404","is_ascension_mode":true,"campfire_choices":[{"data":"Doom and Gloom","floor":6.0,"key":"SMITH"},{"data":"Capacitor","floor":15,"key":"SMITH"}],"circlet_count":0,"master_deck":["AscendersBane","Zap","Dualcast+1","Cold Snap","Doom and Gloom+1","Capacitor+1","Fusion","Self Repair","Hologram","Coolheaded","Coolheaded","Ball Lightning","Thunder Strike","Stack","Redo","Melter","Meteor Strike","Redo","Steam Power","Barrage","Sunder","Barrage","Static Discharge+1"],"relics":["Velvet Choker","Golden Idol","Strawberry","Blood Vial","Turnip","Bronze Scales","Pandora\u0027s Box","Frozen Egg 2","Bottled Lightning"],"acts_visited":["Exordium","TheCity"],"potions_floor_usage":[10,13,16,18,21,23],"damage_taken":[{"damage":7.0,"enemies":"Small Slimes","floor":1.0,"turns":4.0},{"damage":0.0,"enemies":"2 Louse","floor":5.0,"turns":2.0},{"damage":16.0,"enemies":"3 Sentries","floor":7.0,"turns":5.0},{"damage":20,"enemies":"Gremlin Nob","floor":10,"turns":4},{"damage":0,"enemies":"Jaw Worm","floor":11,"turns":4},{"damage":11,"enemies":"Blue Slaver","floor":12,"turns":5},{"damage":10,"enemies":"3 Sentries","floor":13,"turns":2},{"damage":10,"enemies":"Exordium Wildlife","floor":14,"turns":4},{"damage":20,"enemies":"The Guardian","floor":16,"turns":10},{"damage":24,"enemies":"Shell Parasite","floor":18,"turns":5},{"damage":5,"enemies":"Chosen","floor":21,"turns":4},{"damage":51,"enemies":"Slavers","floor":23,"turns":5}],"seed_played":"-5425601391815942532","potions_obtained":[{"floor":5.0,"key":"Ancient Potion"},{"floor":11,"key":"PowerPotion"},{"floor":13,"key":"EssenceOfDarkness"},{"floor":14,"key":"BlessingOfTheForge"},{"floor":16,"key":"DistilledChaos"},{"floor":18,"key":"Fire Potion"}],"is_trial":false,"path_per_floor":["M","?","?","$","M","R","E","$","T","E","M","M","E","M","R","B",null,"M","$","?","M","T","E"],"character_chosen":"DEFECT","items_purchased":["Doom and Gloom","Self Repair","Frozen Egg 2"],"campfire_rested":0,"item_purchase_floors":[4,8,19],"current_hp_per_floor":[57,57,38,38,38,38,29,29,29,18,27,25,24,23,23,12,56,41,41,41,45,45,0,0],"gold":20,"neow_bonus":"BOSS_RELIC","is_daily":false,"chose_seed":false,"campfire_upgraded":2,"win_rate":0.0,"timestamp":1612971244,"path_taken":["M","?","?","?","M","R","E","$","T","E","M","M","E","M","R","BOSS","M","$","?","M","?","E"],"items_purchased_type":["Card","Card","Relic"],"build_version":"2020-12-22","purchased_purges":0,"victory":false,"max_hp_per_floor":[71,64,64,64,64,64,71,71,71,71,71,71,71,71,71,71,71,71,71,71,71,71,71,71],"relic_stats":{"Blood Vial":18,"counters":[12,54],"Golden Idol":63,"Bronze Scales":[105],"Pandora\u0027s Box":["Stack","Redo","Melter","Meteor Strike","Redo","Steam Power","Barrage","Sunder"],"Turnip":[2],"obtain_stats":[{"Blood Vial":9,"Golden Idol":2,"Strawberry":7,"Bronze Scales":13,"Velvet Choker":0,"Pandora\u0027s Box":17,"Turnip":10,"Bottled Lightning":22,"Frozen Egg 2":19,"Cracked Core":0},{"Blood Vial":3,"Golden Idol":1,"Strawberry":3,"Bronze Scales":7,"Velvet Choker":0,"Pandora\u0027s Box":9,"Turnip":4,"Bottled Lightning":11,"Frozen Egg 2":10,"Cracked Core":0},{"Blood Vial":11,"Golden Idol":4,"Strawberry":11,"Bronze Scales":26,"Velvet Choker":0,"Pandora\u0027s Box":40,"Turnip":15,"Bottled Lightning":49,"Frozen Egg 2":45,"Cracked Core":0}]},"card_choices":[{"not_picked":["Steam","Heatsinks"],"picked":"Cold Snap","floor":1.0},{"not_picked":["Redo","Sunder"],"picked":"Capacitor","floor":5.0},{"not_picked":["Hologram","Double Energy"],"picked":"Fusion","floor":7.0},{"not_picked":["BootSequence","Chaos"],"picked":"Hologram","floor":10},{"not_picked":["Rebound","Darkness"],"picked":"Coolheaded","floor":11},{"not_picked":["All For One","Beam Cell"],"picked":"Coolheaded","floor":12},{"not_picked":["Blizzard","Skim","Thunder Strike"],"picked":"SKIP","floor":13},{"not_picked":["Redo","Coolheaded"],"picked":"Ball Lightning","floor":14},{"not_picked":["All For One","Machine Learning"],"picked":"Thunder Strike","floor":16},{"not_picked":["Stack","Steam Power"],"picked":"Barrage","floor":18},{"not_picked":["Sweeping Beam","Tempest+1"],"picked":"Static Discharge+1","floor":21}],"player_experience":1426340,"relics_obtained":[{"floor":7.0,"key":"Strawberry"},{"floor":9.0,"key":"Blood Vial"},{"floor":10,"key":"Turnip"},{"floor":13,"key":"Bronze Scales"},{"floor":22,"key":"Bottled Lightning"}],"event_choices":[{"damage_healed":0.0,"max_hp_gain":0.0,"max_hp_loss":7.0,"gold_gain":0.0,"event_name":"Golden Idol","player_choice":"Lose Max HP","floor":2.0,"gold_loss":0.0,"damage_taken":0.0,"relics_obtained":["Golden Idol"]},{"damage_healed":0.0,"max_hp_gain":0.0,"max_hp_loss":0.0,"gold_gain":0.0,"event_name":"Shining Light","player_choice":"Entered Light","floor":3.0,"gold_loss":0.0,"damage_taken":19.0,"cards_upgraded":["Strike_B","Dualcast"]},{"damage_healed":0,"gold_gain":0,"player_choice":"Ignored","damage_taken":0,"max_hp_gain":0,"max_hp_loss":0,"event_name":"Vampires","floor":20,"gold_loss":0}],"is_beta":false,"boss_relics":[{"not_picked":["Coffee Dripper","Philosopher\u0027s Stone"],"picked":"Pandora\u0027s Box"}],"items_purged_floors":[],"is_endless":false,"potions_floor_spawned":[5,11,13,14,16,18],"killed_by":"Slavers","ascension_level":20}}