{"host":"d52brwsy6af8zvaq","time":1612974450,"event":{"mods":["AchievementEnabler","BaseMod","Bestiary","Highlight Path","Minty Spire (QoL Compilation)","Quick Restart","Relic Stats","ojb\u0027s Better Paths Mod"],"gold_per_floor":[117,117,136,136,154,154,187,187,269,269,302,302,62,97,97,171,171,190,210,230,230,306,306,46,73,126,126,1,1,20,352,352,352,352],"floor_reached":33,"language":"ENG","playtime":4043,"items_purged":["Strike_B","Shame","Clumsy"],"score":648,"play_id":"d4a68d88-910b-4031-9170-f39727eae50a","local_time":"20210210092730","is_ascension_mode":true,"campfire_choices":[{"data":"Lockon","floor":6.0,"key":"SMITH"},{"data":"Streamline","floor":10.0,"key":"SMITH"},{"data":"Loop","floor":15.0,"key":"SMITH"},{"data":"Glacier","floor":23.0,"key":"SMITH"},{"floor":27.0,"key":"REST"},{"data":"White Noise","floor":29.0,"key":"SMITH"},{"data":"Rainbow","floor":32,"key":"SMITH"}],"circlet_count":0,"master_deck":["AscendersBane","Strike_B","Strike_B","Strike_B","Defend_B","Defend_B","Defend_B","Defend_B","Zap+1","Dualcast","White Noise+1","Chill","Lockon+1","Conserve Battery","Streamline+1","Redo","Loop+1","Hyperbeam+1","Gash+1","Rainbow+1","Glacier+1","Gash+1","Leap","Storm+1","Gash+1","Stack"],"relics":["Cracked Core","Tiny Chest","Mummified Hand","Toy Ornithopter","Molten Egg 2","Gambling Chip","Regal Pillow","Cursed Key","Frozen Egg 2","ClockworkSouvenir","Anchor","PreservedInsect","Old Coin"],"acts_visited":["Exordium","TheCity"],"potions_floor_usage":[31],"damage_taken":[{"damage":2.0,"enemies":"Jaw Worm","floor":1.0,"turns":3.0},{"damage":0.0,"enemies":"2 Louse","floor":3.0,"turns":2.0},{"damage":2.0,"enemies":"Cultist","floor":5.0,"turns":4.0},{"damage":16.0,"enemies":"3 Sentries","floor":7.0,"turns":8.0},{"damage":16.0,"enemies":"Lagavulin","floor":11.0,"turns":5.0},{"damage":0.0,"enemies":"Gremlin Nob","floor":14.0,"turns":2.0},{"damage":45.0,"enemies":"The Guardian","floor":16.0,"turns":9.0},{"damage":33.0,"enemies":"3 Byrds","floor":18.0,"turns":5.0},{"damage":0.0,"enemies":"Spheric Guardian","floor":19.0,"turns":4.0},{"damage":12.0,"enemies":"3 Cultists","floor":20.0,"turns":5.0},{"damage":15.0,"enemies":"Book of Stabbing","floor":25.0,"turns":5.0},{"damage":13.0,"enemies":"Centurion and Healer","floor":30.0,"turns":8.0},{"damage":4,"enemies":"Slavers","floor":31,"turns":4},{"damage":64,"enemies":"Automaton","floor":33,"turns":6}],"seed_played":"-3301359138791385252","potions_obtained":[{"floor":3.0,"key":"Energy Potion"},{"floor":7.0,"key":"Weak Potion"},{"floor":11.0,"key":"EntropicBrew"},{"floor":18.0,"key":"AttackPotion"},{"floor":20.0,"key":"FocusPotion"},{"floor":25.0,"key":"Swift Potion"}],"is_trial":false,"path_per_floor":["M","?","M","?","M","R","E","T","T","R","E","?","$","E","R","B",null,"M","M","M","?","T","R","$","E","T","R","$","R","M","E","R","B"],"character_chosen":"DEFECT","items_purchased":["Hyperbeam+1","ClockworkSouvenir"],"campfire_rested":1,"item_purchase_floors":[13,24],"current_hp_per_floor":[62,67,67,67,65,65,49,49,49,49,38,38,38,48,48,3,58,25,25,13,28,28,28,28,23,23,60,60,60,47,48,48,0,0],"gold":352,"neow_bonus":"RANDOM_COMMON_RELIC","is_daily":false,"chose_seed":false,"campfire_upgraded":6,"win_rate":0.0,"timestamp":1612974450,"path_taken":["M","?","M","?","?","R","E","?","T","R","E","?","$","E","R","BOSS","M","M","?","?","?","R","$","E","T","R","$","R","M","E","R","BOSS"],"items_purchased_type":["Card","Relic"],"build_version":"2020-12-22","purchased_purges":3,"victory":false,"max_hp_per_floor":[71,76,76,76,76,76,76,76,76,76,76,76,76,76,76,76,76,76,76,76,76,76,76,76,76,76,76,76,76,76,76,76,76,76],"relic_stats":{"Regal Pillow":15,"counters":[14,70],"Mummified Hand":[16],"Gambling Chip":[30],"Tiny Chest":2,"PreservedInsect":41,"Cursed Key":2,"obtain_stats":[{"Regal Pillow":14,"PreservedInsect":26,"Frozen Egg 2":22,"Cursed Key":17,"ClockworkSouvenir":24,"Old Coin":31,"Anchor":25,"Mummified Hand":7,"Gambling Chip":11,"Tiny Chest":0,"Molten Egg 2":9,"Cracked Core":0,"Toy Ornithopter":8},{"Regal Pillow":6,"PreservedInsect":11,"Frozen Egg 2":10,"Cursed Key":7,"ClockworkSouvenir":10,"Old Coin":13,"Anchor":11,"Mummified Hand":4,"Gambling Chip":5,"Tiny Chest":0,"Molten Egg 2":4,"Cracked Core":0,"Toy Ornithopter":4},{"Regal Pillow":24,"PreservedInsect":52,"Frozen Egg 2":47,"Cursed Key":33,"ClockworkSouvenir":47,"Old Coin":64,"Anchor":52,"Mummified Hand":17,"Gambling Chip":22,"Tiny Chest":0,"Molten Egg 2":17,"Cracked Core":0,"Toy Ornithopter":17}],"Toy Ornithopter":30},"card_choices":[{"not_picked":["Redo","Conserve Battery"],"picked":"White Noise","floor":1.0},{"not_picked":["Steam","Rebound"],"picked":"Chill","floor":3.0},{"not_picked":["Barrage","Storm"],"picked":"Streamline","floor":5.0},{"not_picked":["Steam","Storm"],"picked":"Redo","floor":7.0},{"not_picked":["Conserve Battery","Steam"],"picked":"Loop","floor":11.0},{"not_picked":["Static Discharge","Redo"],"picked":"Gash+1","floor":14.0},{"not_picked":["Reboot","Amplify"],"picked":"Rainbow","floor":16.0},{"not_picked":["Redo","Stack"],"picked":"Glacier","floor":18.0},{"not_picked":["Steam","Turbo"],"picked":"Gash+1","floor":19.0},{"not_picked":["Streamline+1","Conserve Battery"],"picked":"Leap","floor":20.0},{"not_picked":["Force Field","Chaos"],"picked":"Storm+1","floor":25.0},{"not_picked":["Heatsinks+1","Go for the Eyes+1"],"picked":"Gash+1","floor":30.0},{"not_picked":["Streamline+1","Compile Driver+1"],"picked":"Stack","floor":31}],"player_experience":2217302,"relics_obtained":[{"floor":7.0,"key":"Mummified Hand"},{"floor":8.0,"key":"Toy Ornithopter"},{"floor":9.0,"key":"Molten Egg 2"},{"floor":11.0,"key":"Gambling Chip"},{"floor":14.0,"key":"Regal Pillow"},{"floor":22.0,"key":"Frozen Egg 2"},{"floor":25.0,"key":"Anchor"},{"floor":26.0,"key":"PreservedInsect"},{"floor":31,"key":"Old Coin"}],"event_choices":[{"damage_healed":0.0,"max_hp_gain":5.0,"max_hp_loss":0.0,"gold_gain":0.0,"event_name":"Big Fish","player_choice":"Donut","floor":2.0,"gold_loss":0.0,"damage_taken":0.0},{"damage_healed":0.0,"max_hp_gain":0.0,"max_hp_loss":0.0,"gold_gain":0.0,"event_name":"Match and Keep!","player_choice":"2 cards matched","floor":4.0,"gold_loss":0.0,"damage_taken":0.0,"cards_obtained":["Lockon","Conserve Battery"]},{"damage_healed":0.0,"max_hp_gain":0.0,"max_hp_loss":0.0,"gold_gain":0.0,"event_name":"Upgrade Shrine","player_choice":"Upgraded","floor":12.0,"gold_loss":0.0,"damage_taken":0.0,"cards_upgraded":["Zap"]},{"damage_healed":15.0,"max_hp_gain":0.0,"max_hp_loss":0.0,"gold_gain":0.0,"event_name":"The Library","player_choice":"Heal","floor":21.0,"gold_loss":0.0,"damage_taken":0.0}],"is_beta":false,"boss_relics":[{"not_picked":["Nuclear Battery","Astrolabe"],"picked":"Cursed Key"}],"items_purged_floors":[13,24,28],"is_endless":false,"potions_floor_spawned":[3,7,11,18,20,25],"killed_by":"Automaton","ascension_level":20}}