{"host":"1zjc08c6hob33401","time":1612997082,"event":{"mods":["AchievementEnabler","Act Like it!","Aspiration","BaseMod","Downfall","Elementarium","Energized Spire","Evolution","Friendly Minions","Gensokyo","GifTheSpireLib","Hubris","Infinite Spire","Jedi Mod","Menagerie","Minty Spire (QoL Compilation)","Pale of the Ancients","Quick Restart","Reliquary","Replay The Spire","Retaliation","Shop Mod","Spicy Shops","Spire Arcade","StS++","StSLib","Stuff the Spire","The Blue Laboratory","Wandering Minibosses","??????REMEMod"],"gold_per_floor":[115,115,140,160,360,360,360,13,38,38,38,69,101,122,122,197,197,221,252,274,299,104,104,133,151,176,176,176,176,201,217,217,291,291,316,341,356,131,131,131,131,131],"floor_reached":41,"language":"RUS","playtime":1492,"items_purged":["Shame","hubris:InfiniteBlow+116100","Defend_B"],"score":855,"play_id":"8984eda8-bc18-4d6f-a432-400d2fbbfa14","local_time":"20210211004442","is_ascension_mode":true,"campfire_choices":[{"data":"Thunder Strike","floor":6.0,"key":"SMITH"},{"data":"Dualcast","floor":10.0,"key":"SMITH"},{"data":"jedi:hex","floor":15.0,"key":"SMITH"},{"floor":23.0,"key":"REST"},{"data":"hubris:PowerSurge","floor":29.0,"key":"SMITH"},{"floor":40,"key":"REST"}],"circlet_count":0,"master_deck":["AscendersBane","jedi:BurstLightning","Ball Lightning","Compile Driver","Strike_B+1","Defend_B","Defend_B","Zap+1","Dualcast+1","Thunder Strike+1","Beam Cell","Cold Snap","Leap+1","Steam","jedi:hex+1","Ball Lightning","Sweeping Beam","Mirror Shield+1","Streamline+1","hubris:PowerSurge+1","Ball Lightning+1","Steam","Ball Lightning","Rainbow","Conserve Battery","Compile Driver+1","Coolheaded+1","jedi:readyaimfire"],"relics":["Cracked Core","EVO:Axolotl","REME_ComplimentaryCards","Menagerie:HuntersKnife","Menagerie:MalignantTentacle","reliquary:BallBearing","aspiration:EnhancedActuators","reliquary:Stiletto","REME_ChargedStone","reliquary:Conveyor","TheAbacus","jedi:shrinkray","Elementarium:ElementariumTrophy","energizedSpire:DeadBattery"],"acts_visited":["Menagerie:Menagerie","Elementarium:Elementarium","TheBeyond"],"potions_floor_usage":[],"damage_taken":[{"damage":6.0,"enemies":"Menagerie:StygianBoar","floor":1.0,"turns":2.0},{"damage":3.0,"enemies":"Menagerie:2_RABBITS","floor":3.0,"turns":2.0},{"damage":0.0,"enemies":"Menagerie:MonstrousExperiment","floor":4.0,"turns":2.0},{"damage":3.0,"enemies":"Menagerie:MaskedSummoner","floor":12.0,"turns":7.0},{"damage":3.0,"enemies":"Menagerie:3_RABBITS","floor":13.0,"turns":3.0},{"damage":3.0,"enemies":"Menagerie:MeltingSalamander","floor":14.0,"turns":2.0},{"damage":37.0,"enemies":"Menagerie:Suneater","floor":16.0,"turns":5.0},{"damage":7.0,"enemies":"Elementarium:2_ELEMENTALS","floor":18.0,"turns":3.0},{"damage":16.0,"enemies":"Menagerie:AVATARS","floor":19.0,"turns":5.0},{"damage":0.0,"enemies":"Elementarium:VoidCorruption","floor":20.0,"turns":2.0},{"damage":1.0,"enemies":"Elementarium:VoidBeast","floor":21.0,"turns":2.0},{"damage":3.0,"enemies":"Elementarium:STONE_GOLEMS","floor":24.0,"turns":2.0},{"damage":1.0,"enemies":"Elementarium:Hydrostalker","floor":25.0,"turns":4.0},{"damage":4.0,"enemies":"Elementarium:CYCLONE_AND_LIVING_STORMCLOUD","floor":30.0,"turns":3.0},{"damage":0.0,"enemies":"Elementarium:RubyGolem","floor":31.0,"turns":1.0},{"damage":7.0,"enemies":"Elementarium:GoldenDragon","floor":33.0,"turns":3.0},{"damage":0.0,"enemies":"3 Darklings","floor":35.0,"turns":5.0},{"damage":17.0,"enemies":"3 Shapes","floor":36.0,"turns":3.0},{"damage":23.0,"enemies":"Maw","floor":37.0,"turns":6.0},{"damage":50,"enemies":"Nemesis","floor":41,"turns":2}],"seed_played":"-2034307584963186942","potions_obtained":[{"floor":1.0,"key":"blueLaboratory:BiasPotion"},{"floor":3.0,"key":"StSpp:ScatteredPotion"},{"floor":14.0,"key":"blueLaboratory:HorrorPotion"},{"floor":16.0,"key":"GamblersBrew"},{"floor":18.0,"key":"blueLaboratory:CoolantVial"},{"floor":19.0,"key":"Swift Potion"},{"floor":21.0,"key":"ColorlessPotion"},{"floor":24.0,"key":"Toxic Potion"},{"floor":35.0,"key":"blueLaboratory:FruitPunch"}],"is_trial":false,"path_per_floor":["M","?","M","M","?","R","?","$","T","R","$","E","M","M","R","B",null,"M","?","M","M","$","R","M","M","T","?","AVR","R","M","M","R","B",null,"M","M","M","$","?","R","E"],"character_chosen":"DEFECT","items_purchased":["reliquary:BallBearing","hubris:PowerSurge","TheAbacus"],"campfire_rested":2,"item_purchase_floors":[8,22,22],"current_hp_per_floor":[58,58,55,55,55,55,55,55,55,55,55,52,49,46,46,9,50,43,27,27,26,26,45,42,41,41,41,41,41,37,37,56,49,60,60,45,22,22,22,41,0,0],"gold":131,"neow_bonus":"THREE_CARDS","is_daily":false,"chose_seed":false,"campfire_upgraded":4,"win_rate":0.0,"timestamp":1612997082,"path_taken":["M","?","M","M","?","R","?","$","T","R","$","E","?","M","R","BOSS","M","?","M","M","$","R","M","M","T","?","AVR","R","M","M","R","BOSS","M","M","M","$","?","R","E"],"items_purchased_type":["Relic","Card","Relic"],"build_version":"2020-12-22","purchased_purges":3,"victory":false,"max_hp_per_floor":[71,64,64,64,64,64,64,64,64,64,64,64,64,64,64,64,64,64,64,64,64,64,64,64,64,64,64,64,64,64,64,64,64,64,64,66,66,66,66,66,66,66],"card_choices":[{"not_picked":["Panic Button","jedi:spotbugs"],"picked":"Beam Cell","floor":0.0},{"not_picked":["Gash","Hologram"],"picked":"Cold Snap","floor":1.0},{"not_picked":["Go for the Eyes","StuffTheSpire:LoadUp"],"picked":"Leap","floor":3.0},{"not_picked":["StuffTheSpire:LoadUp","Hello World"],"picked":"Steam","floor":4.0},{"not_picked":["Streamline","StuffTheSpire:NuclearReactor"],"picked":"jedi:hex","floor":12.0},{"not_picked":["Streamline","jedi:darknesscall"],"picked":"Ball Lightning","floor":13.0},{"not_picked":["Undo","jedi:blockon"],"picked":"Sweeping Beam","floor":14.0},{"not_picked":["hubris:DoWhile","Rainbow"],"picked":"Mirror Shield","floor":16.0},{"not_picked":["Rebound","Panic Button"],"picked":"Streamline+1","floor":18.0},{"not_picked":["Coolheaded","BasicCrystalCard","Lockon"],"picked":"SKIP","floor":20.0},{"not_picked":["Redo","StSpp:Mask","Hologram"],"picked":"SKIP","floor":21.0},{"not_picked":["hubris:Ukulele","Darkness","StuffTheSpire:LoadUp"],"picked":"SKIP","floor":24.0},{"not_picked":["Rainbow","jedi:hex"],"picked":"Ball Lightning+1","floor":25.0},{"not_picked":["Darkness","StuffTheSpire:CleanHardDrive"],"picked":"Steam","floor":30.0},{"not_picked":["Compile Driver","Stack"],"picked":"Ball Lightning","floor":31.0},{"not_picked":["StuffTheSpire:ForEach","Fission"],"picked":"Rainbow","floor":33.0},{"not_picked":["ReplayGash","Compile Driver"],"picked":"Conserve Battery","floor":35.0},{"not_picked":["Redo","Streamline+1"],"picked":"Compile Driver+1","floor":36.0},{"not_picked":["Steam","StSpp:Igniter"],"picked":"Coolheaded+1","floor":37.0}],"player_experience":754877,"relics_obtained":[{"floor":9.0,"key":"aspiration:EnhancedActuators"},{"floor":12.0,"key":"reliquary:Stiletto"},{"floor":19.0,"key":"reliquary:Conveyor"},{"floor":26.0,"key":"jedi:shrinkray"}],"event_choices":[{"damage_healed":0.0,"max_hp_gain":0.0,"max_hp_loss":7.0,"gold_gain":0.0,"event_name":"Menagerie:BigGameHunter","player_choice":"Take","floor":2.0,"gold_loss":0.0,"damage_taken":0.0,"relics_obtained":["Menagerie:HuntersKnife"]},{"damage_healed":0.0,"max_hp_gain":0.0,"max_hp_loss":0.0,"gold_gain":200.0,"event_name":"Menagerie:SpiderNest","player_choice":"Raid","floor":5.0,"gold_loss":0.0,"damage_taken":0.0,"cards_obtained":["Shame"]},{"damage_healed":0.0,"max_hp_gain":0.0,"max_hp_loss":0.0,"gold_gain":0.0,"event_name":"Menagerie:CorruptingLight","player_choice":"Enter","floor":7.0,"gold_loss":0.0,"damage_taken":0.0,"cards_upgraded":["Zap","Strike_B"],"relics_obtained":["Menagerie:MalignantTentacle"]},{"damage_healed":0.0,"max_hp_gain":0.0,"max_hp_loss":0.0,"gold_gain":0.0,"event_name":"Elementarium:BeastsOfTheMenagerie","player_choice":"Follow","floor":19.0,"gold_loss":0.0,"damage_taken":0.0},{"damage_healed":0.0,"max_hp_gain":0.0,"max_hp_loss":0.0,"gold_gain":0.0,"event_name":"Elementarium:SculptureGarden","player_choice":"Meditate","floor":27.0,"gold_loss":0.0,"damage_taken":0.0,"cards_upgraded":["Mirror Shield"]},{"damage_healed":0,"gold_gain":0,"cards_transformed":["Defend_B"],"player_choice":"Transformed","damage_taken":0,"max_hp_gain":0,"max_hp_loss":0,"event_name":"Transmorgrifier","floor":39,"gold_loss":0,"cards_obtained":["jedi:readyaimfire"]}],"is_beta":false,"boss_relics":[{"not_picked":["Empty Cage","Pandora\u0027s Box"],"picked":"REME_ChargedStone"},{"not_picked":["Replay:Ancient Bell","Ring of Chaos"],"picked":"energizedSpire:DeadBattery"}],"items_purged_floors":[8,38,38],"is_endless":false,"potions_floor_spawned":[1,3,14,16,18,19,21,24,35],"killed_by":"Nemesis","ascension_level":20}}