{"host":"jgqxb38yl0c1w101","time":1612992946,"event":{"mods":["2.2 Compatiblity","AchievementEnabler","BaseMod","Colored Map","Downfall","Highlight Path","Hubris","Minty Spire (QoL Compilation)","Monster B Gone","Random Character Button","Relic Stats","Replay The Spire","StSLib"],"gold_per_floor":[199,215,215,228,328,204,227,271,298,317,217,217,217,252,267,267,267],"floor_reached":16,"language":"ENG","playtime":902,"items_purged":[],"score":127,"play_id":"96140a63-f584-434a-afa5-b1b0275f52ae","local_time":"20210210163546","is_ascension_mode":true,"campfire_choices":[{"data":"Bash","floor":1,"key":"SMITH"},{"floor":11,"key":"REST"},{"floor":13,"key":"REST"}],"circlet_count":0,"master_deck":["Strike_R","Strike_R","Strike_R","Strike_R","Strike_R","Defend_R","Defend_R","Defend_R","Defend_R","Fire Breathing","Eruption+1","Whirlwind","Metallicize","Sever Soul","Hemokinesis","FlyingSleeves","Metallicize","hubris:CleavingFinish"],"relics":["Replay:M_SmolderingBlood","CeramicFish","ReplayTheSpireMod:Lightbulb","downfall:HeartBlessingGreen","Ice Cream","Happy Flower"],"acts_visited":["Exordium"],"potions_floor_usage":[10,16,16],"damage_taken":[{"damage":12,"enemies":"Jaw Worm","floor":2,"turns":3},{"damage":0,"enemies":"2 Louse","floor":4,"turns":2},{"damage":20,"enemies":"downfall:FleeingMerchant","floor":6,"turns":4},{"damage":41,"enemies":"Lagavulin","floor":8,"turns":4},{"damage":2,"enemies":"Cultist","floor":9,"turns":2},{"damage":2,"enemies":"Gremlin Gang","floor":10,"turns":2},{"damage":13,"enemies":"3 Sentries","floor":14,"turns":5},{"damage":8,"enemies":"2 Fungi Beasts","floor":15,"turns":4},{"damage":64,"enemies":"DF_ARCHETYPE_STREAMLINE","floor":16,"turns":9}],"seed_played":"1338729158788220105","potions_obtained":[{"floor":4,"key":"Energy Potion"},{"floor":9,"key":"Fire Potion"},{"floor":10,"key":"gremlin:WizPotion"},{"floor":14,"key":"ColorlessPotion"},{"floor":15,"key":"Languid Potion"}],"is_trial":false,"path_per_floor":["R","M","?","M","?","$","T","E","M","M","R","?","R","E","M","B"],"character_chosen":"IRONCLAD","items_purchased":["Sever Soul","Hemokinesis"],"campfire_rested":2,"item_purchase_floors":[6,6],"current_hp_per_floor":[80,74,74,74,74,54,54,13,11,9,33,26,50,37,29,0,0],"gold":267,"neow_bonus":"HUNDRED_GOLD","is_daily":false,"chose_seed":false,"campfire_upgraded":1,"win_rate":0.0,"timestamp":1612992946,"path_taken":["R","M","?","M","?","$","T","E","M","M","R","?","R","E","M","BOSS"],"items_purchased_type":["Card","Card"],"build_version":"2020-12-22","purchased_purges":0,"victory":false,"max_hp_per_floor":[80,80,80,80,80,80,80,80,80,80,80,80,80,80,80,80,80],"relic_stats":{"Happy Flower":[4],"counters":[9,35],"CeramicFish":27,"obtain_stats":[{"Ice Cream":12,"Happy Flower":14,"Replay:M_SmolderingBlood":3,"CeramicFish":7,"downfall:HeartBlessingGreen":11,"ReplayTheSpireMod:Lightbulb":8,"Burning Blood":0},{"Ice Cream":6,"Happy Flower":7,"Replay:M_SmolderingBlood":1,"CeramicFish":3,"downfall:HeartBlessingGreen":6,"ReplayTheSpireMod:Lightbulb":4,"Burning Blood":0},{"Ice Cream":17,"Happy Flower":22,"Replay:M_SmolderingBlood":3,"CeramicFish":9,"downfall:HeartBlessingGreen":17,"ReplayTheSpireMod:Lightbulb":13,"Burning Blood":0}]},"card_choices":[{"not_picked":["Clash","ReplayTheSpireMod:Muscle Training"],"picked":"Fire Breathing","floor":2},{"not_picked":["Clash","Twin Strike"],"picked":"Whirlwind","floor":4},{"not_picked":["Berserk","ReplayTheSpireMod:Stacked"],"picked":"Metallicize","floor":6},{"not_picked":["Twin Strike","Impervious"],"picked":"FlyingSleeves","floor":8},{"not_picked":["Replay:Undeath\u0027s Touch","Rupture"],"picked":"Metallicize","floor":9},{"not_picked":["Second Wind","Clothesline","Crescendo"],"picked":"SKIP","floor":10},{"not_picked":["Evolve","Swivel"],"picked":"hubris:CleavingFinish","floor":14},{"not_picked":["Disarm","Warcry","Heavy Blade"],"picked":"SKIP","floor":15}],"player_experience":183398,"relics_obtained":[{"floor":7,"key":"CeramicFish"},{"floor":8,"key":"ReplayTheSpireMod:Lightbulb"},{"floor":14,"key":"Happy Flower"}],"event_choices":[{"damage_healed":0,"gold_gain":0,"player_choice":"Success","damage_taken":7,"relics_obtained":["Ice Cream"],"max_hp_gain":0,"max_hp_loss":0,"event_name":"Scrap Ooze","floor":12,"gold_loss":0}],"is_beta":false,"boss_relics":[],"items_purged_floors":[],"is_endless":false,"potions_floor_spawned":[4,9,10,14,15],"killed_by":"DF_ARCHETYPE_STREAMLINE","ascension_level":3}}