{"host":"9kuc8qxv67wkis18","time":1612984144,"event":{"mods":["2.2 Compatiblity","AchievementEnabler","Aspiration","Astrologer","Bard","BaseMod","Beaked The Cultist","Bestiary","Better Note","Better Third Choice","Block Reminder","Challenge The Spire","Conspire","Curses Come First","GifTheSpireLib","Glutton Mod","Halation","Hermit","Highlight Path","Hubris","Infinite Spire","Jorbs\u0027s Wanderer Trilogy","Marked Mod","Melee Mod","Minty Spire (QoL Compilation)","Permanent Neow","Potionbrewer","Random Character Button","Rare Cards Sparkle","Reliquary","Replay The Spire","Shade Mod","Somnambulant","Spikes Relics","Spire Arcade","StSLib","Stuff the Spire","The Accelerator","The Blue Laboratory","The Caster","The Construct","The Cursed","The Disciple","The Florist","The Forsaken","The Hayseed","The Hierophant","The Judge","The Juggle","The Jungle","The Marked","The Necromancer","The Showman","The Wild Card","Thieving Mod","everything is the same but u backflip on backflip"],"gold_per_floor":[112,30,50,70,83,109,109,109,134,134,152,31,31,31,43,43,43,140,140,160,140,154,54,54,54],"floor_reached":24,"language":"ENG","playtime":1179,"items_purged":["hermit:Strike_Hermit","hermit:Strike_Hermit"],"score":254,"play_id":"e7e489a9-8d70-4bca-b8c5-6742a9976939","local_time":"20210210140904","is_ascension_mode":true,"campfire_choices":[{"data":"hermit:ShadowCloak","floor":7,"key":"SMITH"},{"floor":10,"key":"RECALL"},{"floor":17,"key":"REST"}],"circlet_count":0,"master_deck":["hermit:Strike_Hermit","hermit:Strike_Hermit","hermit:Defend_Hermit","hermit:Defend_Hermit","hermit:Defend_Hermit","hermit:Defend_Hermit","hermit:Snapshot","hermit:Covet","hermit:Misfire","hermit:ShadowCloak+1","hermit:SprayPray","hermit:SprayPray","hermit:SprayPray","hermit:Reprieve"],"relics":["hermit:Momento","halation:KoshaPiece","reliquary:TuningFork","Replay:WaspNest","halation:AfternoonTea","Black Star"],"acts_visited":["Exordium","TheCity"],"potions_floor_usage":[6],"damage_taken":[{"damage":8,"enemies":"Jaw Worm","floor":1,"turns":4},{"damage":6,"enemies":"Cultist","floor":3,"turns":3},{"damage":3,"enemies":"Small Slimes","floor":4,"turns":2},{"damage":14,"enemies":"Exordium Thugs","floor":5,"turns":5},{"damage":0,"enemies":"Gremlin Nob","floor":6,"turns":1},{"damage":11,"enemies":"Looter","floor":11,"turns":3},{"damage":16,"enemies":"Gremlin Gang","floor":15,"turns":5},{"damage":24,"enemies":"Hexaghost","floor":18,"turns":9},{"damage":37,"enemies":"Shell Parasite","floor":20,"turns":6},{"damage":17,"enemies":"Spheric Guardian","floor":22,"turns":6},{"damage":47,"enemies":"Cultist and Chosen","floor":24,"turns":5}],"seed_played":"4515138774857387073","potions_obtained":[{"floor":3,"key":"potionbrewer:SplittingPotion"},{"floor":5,"key":"infinitespire:BlackPotion"},{"floor":15,"key":"construct:ShiftPotion"},{"floor":21,"key":"blueLaboratory:BottleOfVodka"}],"is_trial":false,"path_per_floor":["M","$","M","M","M","E","R","?","T","R","M","$","PTL","PTL","M","$","R","B",null,"M","?","M","$","M"],"character_chosen":"HERMIT","items_purchased":["hermit:ShadowCloak","hermit:SprayPray"],"campfire_rested":1,"item_purchase_floors":[2,12],"current_hp_per_floor":[67,67,61,58,44,44,44,44,44,44,33,33,33,33,17,17,39,30,75,50,50,41,41,0,0],"gold":54,"neow_bonus":"RANDOM_COMMON_RELIC","is_daily":false,"chose_seed":false,"campfire_upgraded":1,"win_rate":0.0,"timestamp":1612984144,"path_taken":["M","$","M","M","M","E","R","?","T","R","M","$","PTL","PTL","M","$","R","BOSS","M","?","?","$","M"],"items_purchased_type":["Card","Card"],"build_version":"2020-12-22","purchased_purges":2,"victory":false,"max_hp_per_floor":[75,75,75,75,75,75,75,75,75,75,75,75,75,75,75,75,75,75,75,75,75,75,75,75,75],"card_choices":[{"not_picked":["hermit:Coalescence","hermit:Headshot"],"picked":"hermit:Misfire","floor":1},{"not_picked":["hermit:EyeOfTheStorm","hermit:Showdown"],"picked":"hermit:Virtue","floor":3},{"not_picked":["hermit:CalledShot","hermit:TakeCover","hermit:Feint"],"picked":"SKIP","floor":4},{"not_picked":["hermit:TakeAim","hermit:LoneWolf","hermit:Dive"],"picked":"SKIP","floor":5},{"not_picked":["hermit:LoneWolf","hermit:BlackWind","hermit:Coalescence"],"picked":"SKIP","floor":6},{"not_picked":["hermit:Ricochet","hermit:CalledShot"],"picked":"hermit:SprayPray","floor":11},{"not_picked":["hermit:GoldenBullet","hermit:LowProfile"],"picked":"hermit:SprayPray","floor":15},{"not_picked":["hermit:Adapt","hermit:Dissolve"],"picked":"hermit:Reprieve","floor":18},{"not_picked":["hermit:Ricochet+1","hermit:BodyArmor","hermit:Combo"],"picked":"SKIP","floor":20},{"not_picked":["hermit:Ricochet","hermit:Vantage+1","hermit:Snipe+1"],"picked":"SKIP","floor":22}],"player_experience":255334,"relics_obtained":[{"floor":6,"key":"reliquary:TuningFork"},{"floor":9,"key":"halation:AfternoonTea"}],"event_choices":[{"cards_removed":["hermit:Virtue"],"damage_healed":0,"gold_gain":0,"player_choice":"Gave Card","damage_taken":0,"relics_obtained":["Replay:WaspNest"],"max_hp_gain":0,"max_hp_loss":0,"event_name":"WeMeetAgain","floor":8,"gold_loss":0},{"damage_healed":0,"gold_gain":0,"player_choice":"Bought 1 Potion","damage_taken":0,"max_hp_gain":0,"max_hp_loss":0,"event_name":"The Woman in Blue","floor":21,"gold_loss":0}],"is_beta":false,"boss_relics":[{"not_picked":["Tiny House","StuffTheSpire:ModemDavis"],"picked":"Black Star"}],"items_purged_floors":[12,23],"is_endless":false,"potions_floor_spawned":[3,5,15],"killed_by":"Cultist and Chosen","ascension_level":3}}