{"host":"13o02hya6v6rzuva","time":1612952217,"event":{"mods":["BaseMod","Minty Spire (QoL Compilation)","Relic Stats"],"gold_per_floor":[119,131,81,94,111,146,146,158,193,235,258,11,11,26,26,131,131,151,151,151,80,80,110,110,110,110],"floor_reached":25,"language":"ENG","playtime":2742,"items_purged":[],"score":355,"play_id":"76f27e2a-04a5-42b2-80fa-5d6396629753","local_time":"20210210111657","is_ascension_mode":true,"campfire_choices":[{"floor":8,"key":"REST"},{"floor":13,"key":"REST"},{"floor":15,"key":"REST"},{"floor":24,"key":"REST"}],"circlet_count":0,"master_deck":["AscendersBane","Strike_G+1","Strike_G+1","Strike_G+1","Strike_G+1","Strike_G+1","Defend_G+1","Defend_G+1","Defend_G+1","Defend_G+1","Survivor","Neutralize","Sucker Punch","Predator","PiercingWail","Backflip","Bouncing Flask","Sucker Punch","Backstab","PiercingWail","Burst","Catalyst","Bouncing Flask"],"relics":["Sozu","Orichalcum","MawBank","Strawberry","Omamori","HornCleat","Philosopher\u0027s Stone","Ancient Tea Set","Letter Opener"],"acts_visited":["Exordium","TheCity"],"potions_floor_usage":[],"damage_taken":[{"damage":0,"enemies":"Cultist","floor":1,"turns":5},{"damage":1,"enemies":"Small Slimes","floor":2,"turns":4},{"damage":4,"enemies":"Jaw Worm","floor":4,"turns":3},{"damage":3,"enemies":"Looter","floor":5,"turns":4},{"damage":22,"enemies":"Gremlin Nob","floor":6,"turns":5},{"damage":26,"enemies":"3 Sentries","floor":10,"turns":9},{"damage":0,"enemies":"2 Fungi Beasts","floor":11,"turns":3},{"damage":9,"enemies":"Lots of Slimes","floor":14,"turns":4},{"damage":42,"enemies":"Slime Boss","floor":16,"turns":16},{"damage":17,"enemies":"2 Thieves","floor":18,"turns":5},{"damage":20,"enemies":"Book of Stabbing","floor":23,"turns":6},{"damage":61,"enemies":"Gremlin Leader","floor":25,"turns":6}],"seed_played":"8405402160179665037","potions_obtained":[],"is_trial":false,"path_per_floor":["M","M","?","M","M","E","?","R","T","E","M","$","R","M","R","B",null,"M","?","?","$","?","E","R","E"],"character_chosen":"THE_SILENT","items_purchased":["HornCleat","Bouncing Flask"],"campfire_rested":4,"item_purchase_floors":[12,21],"current_hp_per_floor":[63,62,62,58,55,33,15,36,43,17,17,17,40,31,54,12,61,44,44,44,44,44,24,47,0,0],"gold":110,"neow_bonus":"BOSS_RELIC","is_daily":false,"chose_seed":false,"campfire_upgraded":0,"win_rate":0.0,"timestamp":1612952217,"path_taken":["M","?","?","M","M","E","?","R","T","E","M","$","R","M","R","BOSS","M","?","?","$","?","E","R","E"],"items_purchased_type":["Relic","Card"],"build_version":"2020-12-22","purchased_purges":0,"victory":false,"max_hp_per_floor":[70,70,70,70,70,70,70,70,77,77,77,77,77,77,77,77,77,77,77,77,77,77,77,77,77,77],"relic_stats":{"Sozu":5,"counters":[12,70],"Letter Opener":[20],"Orichalcum":[114],"MawBank":60,"obtain_stats":[{"Sozu":0,"HornCleat":12,"Strawberry":9,"Philosopher\u0027s Stone":17,"Omamori":10,"Letter Opener":23,"Orichalcum":6,"MawBank":7,"Ancient Tea Set":19,"Ring of the Snake":0},{"Sozu":0,"HornCleat":7,"Strawberry":5,"Philosopher\u0027s Stone":9,"Omamori":6,"Letter Opener":11,"Orichalcum":5,"MawBank":5,"Ancient Tea Set":10,"Ring of the Snake":0},{"Sozu":0,"HornCleat":33,"Strawberry":21,"Philosopher\u0027s Stone":53,"Omamori":30,"Letter Opener":64,"Orichalcum":21,"MawBank":21,"Ancient Tea Set":58,"Ring of the Snake":0}]},"card_choices":[{"not_picked":["Acrobatics","Blur"],"picked":"Sucker Punch","floor":1},{"not_picked":["Tactician","All Out Attack"],"picked":"Predator","floor":2},{"not_picked":["Acrobatics","Dodge and Roll"],"picked":"PiercingWail","floor":4},{"not_picked":["Bane","PiercingWail"],"picked":"Backflip","floor":5},{"not_picked":["Underhanded Strike","Prepared"],"picked":"Bouncing Flask","floor":6},{"not_picked":["Tools of the Trade","Dagger Throw"],"picked":"Sucker Punch","floor":10},{"not_picked":["Tactician","Accuracy"],"picked":"Backstab","floor":11},{"not_picked":["Predator","Flying Knee"],"picked":"PiercingWail","floor":14},{"not_picked":["Bullet Time","Grand Finale"],"picked":"Burst","floor":16},{"not_picked":["PiercingWail","Skewer"],"picked":"Catalyst","floor":18},{"not_picked":["Infinite Blades","Concentrate+1","Outmaneuver"],"picked":"SKIP","floor":23}],"player_experience":1213035,"relics_obtained":[{"floor":6,"key":"Orichalcum"},{"floor":9,"key":"Strawberry"},{"floor":10,"key":"Omamori"},{"floor":23,"key":"Letter Opener"}],"event_choices":[{"cards_removed":["Defend_G"],"damage_healed":0,"gold_gain":0,"player_choice":"Card Removal","damage_taken":0,"max_hp_gain":0,"max_hp_loss":0,"event_name":"The Cleric","floor":3,"gold_loss":50},{"damage_healed":0,"gold_gain":0,"player_choice":"Success","damage_taken":18,"relics_obtained":["MawBank"],"max_hp_gain":0,"max_hp_loss":0,"event_name":"Scrap Ooze","floor":7,"gold_loss":0},{"damage_healed":0,"gold_gain":0,"player_choice":"Stole Relic","damage_taken":0,"relics_obtained":["Ancient Tea Set"],"max_hp_gain":0,"max_hp_loss":0,"event_name":"Addict","floor":19,"gold_loss":0,"cards_obtained":["Shame"]},{"damage_healed":0,"gold_gain":0,"player_choice":"Ignored","damage_taken":0,"max_hp_gain":0,"max_hp_loss":0,"event_name":"Cursed Tome","floor":20,"gold_loss":0},{"damage_healed":0,"gold_gain":0,"player_choice":"Simplicity","damage_taken":0,"max_hp_gain":0,"max_hp_loss":0,"event_name":"Back to Basics","floor":22,"gold_loss":0,"cards_upgraded":["Strike_G","Strike_G","Strike_G","Strike_G","Strike_G","Defend_G","Defend_G","Defend_G","Defend_G"]}],"is_beta":false,"boss_relics":[{"not_picked":["WristBlade","Velvet Choker"],"picked":"Philosopher\u0027s Stone"}],"items_purged_floors":[],"is_endless":false,"potions_floor_spawned":[2,5,10,11,16],"killed_by":"Gremlin Leader","ascension_level":11}}