{"host":"g907ck67u7c3hrs6","time":1612940652,"event":{"mods":["BaseMod","Colored Map","DeckTracker","Highlight Path","Keyboard Shortcuts","Minty Spire (QoL Compilation)","Permanent Neow","Say the Spire","SuperFastMode"],"gold_per_floor":[114,124,136,154,168,198,217,248,273,291,309,319,329,360,360,360,360],"floor_reached":16,"language":"KOR","playtime":376,"items_purged":[],"score":130,"play_id":"fc9483cf-2969-45d3-8fa9-33da4a92b8aa","local_time":"20210210160412","daily_mods":["Heirloom","Flight"],"is_ascension_mode":false,"campfire_choices":[{"data":"Perfected Strike","floor":15,"key":"SMITH"}],"circlet_count":0,"master_deck":["Strike_R","Strike_R","Strike_R","Strike_R","Strike_R","Defend_R","Defend_R","Defend_R","Defend_R","Bash","Twin Strike","Perfected Strike+1","Twin Strike","Wild Strike","Pommel Strike","Brutality","Perfected Strike","Brutality","Wild Strike","Shrug It Off","Shockwave"],"relics":["Burning Blood","Turnip","MealTicket","Letter Opener","Omamori","Ornamental Fan"],"acts_visited":["Exordium"],"potions_floor_usage":[12],"damage_taken":[{"damage":6,"enemies":"2 Louse","floor":1,"turns":4},{"damage":6,"enemies":"Cultist","floor":2,"turns":3},{"damage":0,"enemies":"Small Slimes","floor":3,"turns":2},{"damage":8,"enemies":"Red Slaver","floor":4,"turns":2},{"damage":5,"enemies":"Looter","floor":5,"turns":2},{"damage":26,"enemies":"Lagavulin","floor":6,"turns":7},{"damage":9,"enemies":"Blue Slaver","floor":7,"turns":3},{"damage":22,"enemies":"Gremlin Nob","floor":8,"turns":4},{"damage":2,"enemies":"Exordium Thugs","floor":10,"turns":3},{"damage":0,"enemies":"Large Slime","floor":11,"turns":2},{"damage":0,"enemies":"Exordium Wildlife","floor":12,"turns":2},{"damage":10,"enemies":"Looter","floor":13,"turns":3},{"damage":24,"enemies":"3 Sentries","floor":14,"turns":5},{"damage":39,"enemies":"Hexaghost","floor":16,"turns":9}],"seed_played":"3015630179205685837","potions_obtained":[{"floor":5,"key":"Fire Potion"},{"floor":6,"key":"GamblersBrew"},{"floor":7,"key":"Swift Potion"},{"floor":11,"key":"Fire Potion"},{"floor":12,"key":"Fruit Juice"},{"floor":13,"key":"LiquidMemories"}],"is_trial":true,"path_per_floor":["M","M","M","M","M","E","M","E","T","M","M","M","M","E","R","B"],"character_chosen":"IRONCLAD","items_purchased":[],"campfire_rested":0,"item_purchase_floors":[],"current_hp_per_floor":[80,80,80,78,79,59,56,40,40,44,50,61,57,39,39,0,0],"gold":360,"neow_bonus":"","is_daily":false,"chose_seed":false,"campfire_upgraded":1,"win_rate":0.0,"timestamp":1612940652,"path_taken":["M","M","M","M","M","E","M","E","T","M","M","M","M","E","R","BOSS"],"items_purchased_type":[],"build_version":"2020-12-22","purchased_purges":0,"victory":false,"max_hp_per_floor":[80,80,80,80,80,80,80,80,80,80,80,85,85,85,85,85,85],"card_choices":[{"not_picked":["True Grit","Heavy Blade"],"picked":"Twin Strike","floor":1},{"not_picked":["Flex","Rupture"],"picked":"Perfected Strike","floor":2},{"not_picked":["Armaments","Sentinel"],"picked":"Twin Strike","floor":3},{"not_picked":["True Grit","Pommel Strike"],"picked":"Wild Strike","floor":4},{"not_picked":["Body Slam","Clothesline"],"picked":"Pommel Strike","floor":5},{"not_picked":["Sword Boomerang","Entrench"],"picked":"Brutality","floor":6},{"not_picked":["Burning Pact","True Grit"],"picked":"Perfected Strike","floor":7},{"not_picked":["Sword Boomerang","Dark Embrace"],"picked":"Brutality","floor":8},{"not_picked":["Body Slam","Intimidate"],"picked":"Wild Strike","floor":10},{"not_picked":["Dual Wield","Iron Wave"],"picked":"Shrug It Off","floor":11},{"not_picked":["Carnage","Clothesline"],"picked":"Shockwave","floor":12},{"not_picked":["Carnage","Iron Wave","Clothesline"],"picked":"SKIP","floor":13},{"not_picked":["Iron Wave","Whirlwind","Flex"],"picked":"SKIP","floor":14}],"player_experience":276713,"relics_obtained":[{"floor":6,"key":"MealTicket"},{"floor":8,"key":"Letter Opener"},{"floor":9,"key":"Omamori"},{"floor":14,"key":"Ornamental Fan"}],"event_choices":[],"is_beta":false,"boss_relics":[],"items_purged_floors":[],"is_endless":false,"potions_floor_spawned":[5,6,7,8,11,12,13],"killed_by":"Hexaghost","ascension_level":0}}