{"host":"8d3fefv2347kqkpz","time":1612988540,"event":{"mods":["AchievementEnabler","Act Like it!","BaseMod","Better Vampires","Colored Map","Colored Powertips","Downfall","GifTheSpireLib","Highlight Path","Minty Spire (QoL Compilation)","Quick Restart","Rare Cards Sparkle","Relic Stats","Replay The Spire","Spicy Shops","StSLib","Waifu the Spire"],"gold_per_floor":[116,116,116,26,41,75,75,101,101,120,155,166,186,186,186,289,289,303,321,337,348,98,98,98,98,98,132,132,144,155,171,171,274,274,287,65,65,80,80,109,129,55,81,81,99,23,23,38,38,38],"floor_reached":51,"language":"ZHS","playtime":1926,"items_purged":["Languid","Parasite","Strike_G","Survivor","Strike_G","Strike_G"],"score":996,"play_id":"7607e5e8-05d7-45d9-8fb2-b3ce9ed6696f","local_time":"20210211042220","is_ascension_mode":false,"campfire_choices":[{"data":"Neutralize","floor":7.0,"key":"SMITH"},{"data":"Accuracy","floor":15.0,"key":"SMITH"},{"data":"Infinite Blades","floor":23.0,"key":"SMITH"},{"data":"Finisher","floor":25.0,"key":"SMITH"},{"floor":28.0,"key":"REST"},{"data":"Noxious Fumes","floor":32.0,"key":"SMITH"},{"data":"Footwork","floor":44,"key":"SMITH"},{"floor":47,"key":"REST"},{"data":"Backstab","floor":49,"key":"SMITH"}],"circlet_count":0,"master_deck":["Strike_G","Strike_G","Defend_G+1","Defend_G+1","Defend_G+1","Defend_G+1","Defend_G+1","Neutralize+1","Infinite Blades+1","Noxious Fumes+1","Dagger Spray","Accuracy+1","Finisher+1","After Image+1","Well Laid Plans+1","Footwork+1","Accuracy+1","ReplayTheSpireMod:Scrap Shanks+1","Backstab+1"],"relics":["NeowsBlessing","Sizzling Blood","Membership Card","ReplayTheSpireMod:CursedCoin","Replay:Bottled Eggs","Replay:WaspNest","Replay:Bottled Steam","Busted Crown","Lizard Tail","Guide Book","Paper Crane","Darkstone Periapt","SlaversCollar","Blue Doll","Orrery","Regal Pillow","Vajra"],"acts_visited":["Exordium","TheCity","TheBeyond"],"potions_floor_usage":[37,41,50],"damage_taken":[{"damage":0.0,"enemies":"Cultist","floor":1.0,"turns":1.0},{"damage":0.0,"enemies":"2 Louse","floor":5.0,"turns":1.0},{"damage":0.0,"enemies":"3 Sentries","floor":6.0,"turns":1.0},{"damage":5.0,"enemies":"Lagavulin","floor":8.0,"turns":11.0},{"damage":0.0,"enemies":"Jaw Worm","floor":10.0,"turns":5.0},{"damage":12.0,"enemies":"3 Sentries","floor":11.0,"turns":6.0},{"damage":0.0,"enemies":"3 Louse","floor":12.0,"turns":2.0},{"damage":8.0,"enemies":"Red Slaver","floor":13.0,"turns":5.0},{"damage":13.0,"enemies":"Slime Boss","floor":16.0,"turns":9.0},{"damage":10.0,"enemies":"3 Byrds","floor":18.0,"turns":4.0},{"damage":0.0,"enemies":"Shell Parasite","floor":19.0,"turns":6.0},{"damage":9.0,"enemies":"Cultist and Chosen","floor":20.0,"turns":7.0},{"damage":5.0,"enemies":"3 Cultists","floor":21.0,"turns":5.0},{"damage":35.0,"enemies":"Slavers","floor":27.0,"turns":4.0},{"damage":2.0,"enemies":"Snake Plant","floor":29.0,"turns":5.0},{"damage":3.0,"enemies":"Chosen and Byrds","floor":30.0,"turns":6.0},{"damage":4.0,"enemies":"Snecko","floor":31.0,"turns":7.0},{"damage":16.0,"enemies":"Pondfish","floor":33.0,"turns":9.0},{"damage":4.0,"enemies":"Orb Walker","floor":35.0,"turns":4.0},{"damage":0,"enemies":"3 Darklings","floor":37,"turns":1},{"damage":18,"enemies":"Jaw Worm Horde","floor":38,"turns":6},{"damage":0,"enemies":"R_Hoarder","floor":40,"turns":9},{"damage":17,"enemies":"Transient","floor":41,"turns":5},{"damage":13,"enemies":"4 Shapes","floor":45,"turns":7},{"damage":17,"enemies":"Spire Growth","floor":48,"turns":6},{"damage":56,"enemies":"Time Eater","floor":50,"turns":13}],"seed_played":"2709195075818900302","potions_obtained":[{"floor":3.0,"key":"Death Potion"},{"floor":3.0,"key":"Guardian:BlockOnCardUsePotion"},{"floor":3.0,"key":"PowerPotion"},{"floor":10.0,"key":"Dexterity Potion"},{"floor":11.0,"key":"Energy Potion"},{"floor":35.0,"key":"SmokeBomb"},{"floor":40,"key":"Poison Potion"}],"is_trial":false,"path_per_floor":["M","?","?","$","M","E","R","E","T","M","E","M","M","?","R","B",null,"M","M","M","M","$","R","?","R","T","E","R","M","M","M","R","B",null,"M","$","M","M","?","E","M","$","T","R","M","$","R","M","R","B",null],"character_chosen":"THE_SILENT","items_purchased":["Membership Card","ReplayTheSpireMod:CursedCoin","Infinite Blades","Die Die Die","Lizard Tail","Guide Book","Well Laid Plans","Footwork","Orrery","Vajra"],"campfire_rested":2,"item_purchase_floors":[4,4,4,4,22,22,22,36,42,46],"current_hp_per_floor":[70,74,74,71,71,71,71,70,70,71,63,67,63,68,68,59,76,70,74,69,68,68,68,68,68,68,37,59,61,62,62,62,50,76,76,76,76,62,86,86,73,73,73,73,64,64,86,73,73,21],"gold":38,"neow_bonus":"THREE_ENEMY_KILL","is_daily":false,"chose_seed":false,"campfire_upgraded":7,"win_rate":0.0,"timestamp":1612988540,"path_taken":["M","?","?","$","?","E","R","E","T","M","E","M","M","?","R","BOSS","M","M","M","M","$","R","?","R","T","E","R","M","M","?","R","BOSS","M","$","M","M","?","E","M","?","T","R","M","$","R","M","R","BOSS"],"items_purchased_type":["Relic","Relic","Card","Card","Relic","Relic","Card","Card","Relic","Relic"],"build_version":"2020-12-22","purchased_purges":6,"victory":true,"max_hp_per_floor":[70,74,74,71,71,71,71,71,71,71,71,71,71,76,76,76,76,76,76,76,76,76,76,76,76,76,76,76,76,76,76,76,76,76,76,76,76,76,86,86,86,86,86,86,86,86,86,86,86,86],"relic_stats":{"Darkstone Periapt":0,"Lizard Tail":0,"Regal Pillow":0,"Busted Crown":40,"counters":[26,145],"obtain_stats":[{"Darkstone Periapt":27,"Regal Pillow":43,"NeowsBlessing":0,"ReplayTheSpireMod:CursedCoin":4,"Guide Book":22,"Vajra":46,"Blue Doll":40,"Replay:WaspNest":8,"Sizzling Blood":2,"Paper Crane":26,"SlaversCollar":34,"Lizard Tail":22,"Busted Crown":17,"Orrery":42,"Membership Card":4,"Replay:Bottled Eggs":6,"Ring of the Snake":0,"Replay:Bottled Steam":9},{"Darkstone Periapt":14,"Regal Pillow":23,"NeowsBlessing":0,"ReplayTheSpireMod:CursedCoin":1,"Guide Book":13,"Vajra":24,"Blue Doll":22,"Replay:WaspNest":4,"Sizzling Blood":1,"Paper Crane":13,"SlaversCollar":18,"Lizard Tail":13,"Busted Crown":9,"Orrery":23,"Membership Card":1,"Replay:Bottled Eggs":3,"Ring of the Snake":0,"Replay:Bottled Steam":4},{"Darkstone Periapt":67,"Regal Pillow":119,"NeowsBlessing":0,"ReplayTheSpireMod:CursedCoin":1,"Guide Book":63,"Vajra":126,"Blue Doll":114,"Replay:WaspNest":14,"Sizzling Blood":1,"Paper Crane":63,"SlaversCollar":94,"Lizard Tail":63,"Busted Crown":41,"Orrery":119,"Membership Card":1,"Replay:Bottled Eggs":3,"Ring of the Snake":0,"Replay:Bottled Steam":14}]},"card_choices":[{"not_picked":["Flying Knee","All Out Attack","Quick Slash"],"picked":"SKIP","floor":1.0},{"not_picked":["Dagger Throw","Flying Knee","ReplayTheSpireMod:Shiv Toss"],"picked":"SKIP","floor":5.0},{"not_picked":["Poisoned Stab","Hidden Blade","ReplayTheSpireMod:The Works"],"picked":"SKIP","floor":6.0},{"not_picked":["Dagger Throw","Underhanded Strike"],"picked":"Noxious Fumes","floor":8.0},{"not_picked":["Tactician","Bane"],"picked":"Dagger Spray","floor":10.0},{"not_picked":["All Out Attack","Quick Slash","Setup"],"picked":"SKIP","floor":11.0},{"not_picked":["Dagger Spray","Replay:Poison Smokescreen"],"picked":"Accuracy","floor":12.0},{"not_picked":["Blur","Slice"],"picked":"Finisher","floor":13.0},{"not_picked":["Tools of the Trade","Poison Darts"],"picked":"After Image","floor":16.0},{"not_picked":["Dodge and Roll"],"picked":"SKIP","floor":18.0},{"not_picked":["Hidden Blade"],"picked":"SKIP","floor":19.0},{"not_picked":["Deadly Poison+1"],"picked":"SKIP","floor":20.0},{"not_picked":["Expertise+1"],"picked":"SKIP","floor":21.0},{"not_picked":["Poisoned Stab"],"picked":"SKIP","floor":27.0},{"not_picked":["Underhanded Strike"],"picked":"SKIP","floor":29.0},{"not_picked":["All Out Attack"],"picked":"SKIP","floor":30.0},{"not_picked":["Hidden Blade"],"picked":"SKIP","floor":31.0},{"not_picked":["Sneak Up"],"picked":"SKIP","floor":35.0},{"not_picked":["Dagger Spray+1"],"picked":"SKIP","floor":38},{"not_picked":["Deadly Poison+1"],"picked":"SKIP","floor":40},{"not_picked":[],"picked":"Accuracy+1","floor":41},{"not_picked":[],"picked":"ReplayTheSpireMod:Scrap Shanks+1","floor":42},{"not_picked":["Endless Agony"],"picked":"SKIP","floor":45},{"not_picked":[],"picked":"Backstab","floor":48}],"player_experience":338471,"relics_obtained":[{"floor":6.0,"key":"Replay:Bottled Eggs"},{"floor":8.0,"key":"Replay:WaspNest"},{"floor":9.0,"key":"Replay:Bottled Steam"},{"floor":26.0,"key":"Paper Crane"},{"floor":27.0,"key":"Darkstone Periapt"},{"floor":40,"key":"Blue Doll"},{"floor":43,"key":"Regal Pillow"}],"event_choices":[{"damage_healed":0.0,"max_hp_gain":0.0,"max_hp_loss":0.0,"gold_gain":0.0,"event_name":"Lab","player_choice":"Got Potions","floor":3.0,"gold_loss":0.0,"damage_taken":0.0},{"damage_healed":0.0,"max_hp_gain":5.0,"max_hp_loss":0.0,"gold_gain":0.0,"event_name":"Big Fish","player_choice":"Donut","floor":14.0,"gold_loss":0.0,"damage_taken":0.0},{"damage_healed":0.0,"max_hp_gain":0.0,"max_hp_loss":0.0,"gold_gain":0.0,"event_name":"Accursed Blacksmith","player_choice":"Forge","floor":24.0,"gold_loss":0.0,"damage_taken":0.0,"cards_upgraded":["Well Laid Plans"]},{"cards_removed":["Die Die Die"],"damage_healed":14,"gold_gain":0,"player_choice":"Offered Rare","damage_taken":0,"max_hp_gain":10,"max_hp_loss":0,"event_name":"Bonfire Elementals","floor":39,"gold_loss":0}],"is_beta":false,"boss_relics":[{"not_picked":["bronze:MakeshiftBattery","Ectoplasm"],"picked":"Busted Crown"},{"not_picked":["Snecko Eye","Snecko Scales"],"picked":"SlaversCollar"}],"items_purged_floors":[4,4,22,22,36,36],"is_endless":false,"potions_floor_spawned":[6,10,11,12,16,20,21,29,35,37,40,45],"ascension_level":0}}