{"host":"rjbqai8ni6dsiu37","time":1612973508,"event":{"mods":["100% Spire Juice","BaseMod","CapriCore","GungeonMod","Marisa£¨Ùöéë¡¡Øª×âÞÞ£©","Minty Spire (QoL Compilation)","Replay The Spire","Shop Mod","StSLib","Td1madao Mod","The Cursed","The Jungle","The Poker Player","WarShipGirlsR/??á´Ò³R mod"],"gold_per_floor":[112,287,97,107,120,146,146,180,180,180,180,193,193,220,220,298,298,318,24,36,36,36,36,36],"floor_reached":23,"language":"KOR","playtime":815,"items_purged":["Doubt"],"score":352,"play_id":"a0fb7195-6560-4a86-a3c9-ab6146a757af","local_time":"20210211011148","is_ascension_mode":true,"campfire_choices":[{"data":"rmod:basicallowance","floor":7,"key":"SMITH"},{"floor":11,"key":"REST"},{"floor":15,"key":"REST"}],"circlet_count":0,"master_deck":["AscendersBane","rmod:strick","rmod:strick","rmod:strick","rmod:defend","rmod:defend","rmod:defend","rmod:defend","rmod:basicallowance+1","rmod:maingunfire+1","rmod:luckystar","rmod:intelligenceanalysis","rmod:victimresponsibility","rmod:openingtorpedo","rmod:auspiciousomen","rmod:smokecover"],"relics":["rmod:firstchargereward","DemoMod:GnawedKey","Mercury Hourglass","DemoMod:GundromedaStrain","ReplayTheSpireMod:DimensionalGlitch","MerchantsRug","DemoMod:ChaffGrenade","ReplayTheSpireMod:Shallot"],"acts_visited":["Exordium","TheCity"],"potions_floor_usage":[8,16,18,18],"damage_taken":[{"damage":0,"enemies":"Jaw Worm","floor":1,"turns":3},{"damage":0,"enemies":"Cultist","floor":4,"turns":3},{"damage":3,"enemies":"Small Slimes","floor":5,"turns":2},{"damage":32,"enemies":"3 Sentries","floor":6,"turns":9},{"damage":23,"enemies":"Gremlin Nob","floor":8,"turns":4},{"damage":4,"enemies":"Gremlin Gang","floor":12,"turns":4},{"damage":22,"enemies":"Lagavulin","floor":14,"turns":7},{"damage":32,"enemies":"Fading Forest","floor":16,"turns":11},{"damage":2,"enemies":"3 Byrds","floor":18,"turns":4},{"damage":4,"enemies":"Shell Parasite","floor":20,"turns":4},{"damage":2,"enemies":"Sentry and Sphere","floor":23,"turns":5}],"seed_played":"5768817212976199578","potions_obtained":[{"floor":4,"key":"Weak Potion"},{"floor":14,"key":"Fire Potion"},{"floor":16,"key":"EntropicBrew"},{"floor":18,"key":"Weak Potion"}],"is_trial":false,"path_per_floor":["M","?","$","M","M","E","R","E","T","?","R","M","?","E","R","B",null,"M","$","M","PTL","PTL","M"],"character_chosen":"PRAEFECT","items_purchased":["DemoMod:GnawedKey","MerchantsRug","DemoMod:ChaffGrenade","ReplayTheSpireMod:Shallot"],"campfire_rested":2,"item_purchase_floors":[3,19,19,19],"current_hp_per_floor":[63,63,63,63,60,28,28,5,17,17,41,37,37,15,39,15,65,63,63,59,59,59,57,57],"gold":36,"neow_bonus":"THREE_CARDS","is_daily":false,"chose_seed":false,"campfire_upgraded":1,"win_rate":0.0,"timestamp":1612973508,"path_taken":["M","?","$","M","M","E","R","E","T","?","R","?","?","E","R","BOSS","M","$","?","PTL","PTL","M"],"items_purchased_type":["Relic","Relic","Relic","Relic"],"build_version":"2020-12-22","purchased_purges":1,"victory":false,"max_hp_per_floor":[70,70,70,70,70,70,70,70,82,82,82,82,82,82,82,82,82,82,82,82,82,82,82,82],"card_choices":[{"not_picked":["rmod:firesupport","rmod:supportescort"],"picked":"rmod:luckystar","floor":0},{"not_picked":["rmod:highspeedshooting","rmod:supportescort","rmod:fletcherpendant"],"picked":"SKIP","floor":1},{"not_picked":["rmod:fletcherpendant","rmod:tearstotiara"],"picked":"rmod:intelligenceanalysis","floor":4},{"not_picked":["rmod:victimresponsibility","rmod:steelsupply","rmod:generalist"],"picked":"SKIP","floor":5},{"not_picked":["rmod:intelligenceanalysis","rmod:capitalist","rmod:supriseattacks"],"picked":"SKIP","floor":6},{"not_picked":["rmod:wolves","rmod:circuitoustactics","rmod:ammunitionsupply"],"picked":"SKIP","floor":8},{"not_picked":["rmod:intelligenceanalysis","rmod:circuitoustactics","rmod:capitalist"],"picked":"SKIP","floor":12},{"not_picked":["rmod:unsinkable","rmod:goodsister"],"picked":"rmod:openingtorpedo","floor":14},{"not_picked":["rmod:saltedfish","rmod:windflower"],"picked":"rmod:auspiciousomen","floor":16},{"not_picked":["rmod:rockthrower+1","rmod:steelsupply","rmod:fuelsupply"],"picked":"SKIP","floor":18},{"not_picked":["rmod:fuelsupply","rmod:ring+1"],"picked":"rmod:smokecover","floor":20}],"player_experience":249621,"relics_obtained":[{"floor":6,"key":"Mercury Hourglass"},{"floor":8,"key":"Art of War"},{"floor":9,"key":"DemoMod:Orange"},{"floor":14,"key":"DemoMod:GundromedaStrain"}],"event_choices":[{"damage_healed":0,"gold_gain":175,"player_choice":"AGREE","damage_taken":0,"max_hp_gain":0,"max_hp_loss":0,"event_name":"Liars Game","floor":2,"gold_loss":0,"cards_obtained":["Doubt"]},{"damage_healed":0,"gold_gain":0,"cards_transformed":["rmod:strick"],"player_choice":"Transformed","damage_taken":0,"max_hp_gain":0,"max_hp_loss":0,"event_name":"Transmorgrifier","floor":10,"gold_loss":0,"cards_obtained":["rmod:victimresponsibility"]},{"damage_healed":0,"gold_gain":0,"player_choice":"Upgraded","damage_taken":0,"max_hp_gain":0,"max_hp_loss":0,"event_name":"Upgrade Shrine","floor":13,"gold_loss":0,"cards_upgraded":["rmod:maingunfire"]}],"is_beta":false,"boss_relics":[{"not_picked":["Replay:Drink Me","Sozu"],"picked":"ReplayTheSpireMod:DimensionalGlitch"}],"items_purged_floors":[3],"is_endless":false,"potions_floor_spawned":[4,14,16,18],"killed_by":"Sentry and Sphere","ascension_level":14}}