{"host":"m9osufisr3agwk96","time":1612950120,"event":{"mods":["AchievementEnabler","Aspiration","BaseMod","Colored Map","Colored Powertips","Downfall","Friendly Minions","Hermit","Highlight Path","Hubris","Minty Spire (QoL Compilation)","Rare Cards Sparkle","Reliquary","Replay The Spire","Shop Mod","StSLib"],"gold_per_floor":[117,135,135,135,83,109,109,140,188,208,173,245,259,278,278,278,278],"floor_reached":16,"language":"ENG","playtime":506,"items_purged":[],"score":121,"play_id":"29f5d544-a957-4025-a2ad-570a3515e35d","local_time":"20210210014200","is_ascension_mode":true,"campfire_choices":[{"floor":7,"key":"REST"},{"floor":15,"key":"REST"}],"circlet_count":0,"master_deck":["Strike_R","Strike_R","Strike_R","Strike_R","Strike_R+1","Defend_R","Defend_R","Defend_R","Bash","Anger","Burning Pact","Flex","Juggernaut","Flame Barrier","Infernal Blade","Seeing Red","Warcry"],"relics":["Burning Blood","Ice Cream","PreservedInsect","hubris:TinFlute","reliquary:TatteredRug","aspiration:HummingbirdHeart"],"acts_visited":["Exordium"],"potions_floor_usage":[8,16,16],"damage_taken":[{"damage":11,"enemies":"2 Louse","floor":1,"turns":3},{"damage":7,"enemies":"Small Slimes","floor":2,"turns":3},{"damage":40,"enemies":"3 Sentries","floor":6,"turns":8},{"damage":21,"enemies":"Lagavulin","floor":8,"turns":4},{"damage":0,"enemies":"Cultist","floor":10,"turns":4},{"damage":0,"enemies":"Blue Slaver","floor":13,"turns":3},{"damage":3,"enemies":"Exordium Thugs","floor":14,"turns":4},{"damage":95,"enemies":"Fading Forest","floor":16,"turns":10}],"seed_played":"-7618250536345120480","potions_obtained":[{"floor":2,"key":"FearPotion"},{"floor":10,"key":"Weak Potion"},{"floor":14,"key":"Swift Potion"}],"is_trial":false,"path_per_floor":["M","M","?","?","$","E","R","E","T","M","?","T","M","M","R","B"],"character_chosen":"IRONCLAD","items_purchased":["Flex"],"campfire_rested":2,"item_purchase_floors":[5],"current_hp_per_floor":[75,74,67,49,49,15,39,24,24,30,50,50,56,59,80,0,0],"gold":278,"neow_bonus":"RANDOM_EVENT","is_daily":false,"chose_seed":false,"campfire_upgraded":0,"win_rate":0.0,"timestamp":1612950120,"path_taken":["M","M","?","?","$","E","R","E","T","M","?","?","?","M","R","BOSS"],"items_purchased_type":["Card"],"build_version":"2020-12-22","purchased_purges":0,"victory":false,"max_hp_per_floor":[80,80,80,80,80,80,80,80,80,80,80,80,80,80,80,80,80],"card_choices":[{"not_picked":["Armaments","ReplayTheSpireMod:Strike From Hell"],"picked":"Anger","floor":1},{"not_picked":["Hemokinesis","True Grit"],"picked":"Burning Pact","floor":2},{"not_picked":["Armaments","Replay:Undeath\u0027s Touch"],"picked":"Juggernaut","floor":6},{"not_picked":["Replay:Many Hands","Armaments"],"picked":"Flame Barrier","floor":8},{"not_picked":["Defy Death","Armaments"],"picked":"Infernal Blade","floor":10},{"not_picked":["Headbutt","Body Slam"],"picked":"Seeing Red","floor":13},{"not_picked":["Replay:Undeath\u0027s Touch","Abandon"],"picked":"Warcry","floor":14}],"player_experience":449301,"relics_obtained":[{"floor":6,"key":"PreservedInsect"},{"floor":8,"key":"hubris:TinFlute"},{"floor":9,"key":"reliquary:TatteredRug"},{"floor":12,"key":"aspiration:HummingbirdHeart"}],"event_choices":[{"cards_removed":["Defend_R"],"damage_healed":0,"gold_gain":0,"player_choice":"Card Removal","damage_taken":7,"max_hp_gain":0,"max_hp_loss":0,"event_name":"Golden Wing","floor":3,"gold_loss":0},{"damage_healed":0,"gold_gain":0,"player_choice":"Success","damage_taken":18,"relics_obtained":["Ice Cream"],"max_hp_gain":0,"max_hp_loss":0,"event_name":"Scrap Ooze","floor":4,"gold_loss":0},{"damage_healed":20,"gold_gain":0,"player_choice":"Healed","damage_taken":0,"max_hp_gain":0,"max_hp_loss":0,"event_name":"The Cleric","floor":11,"gold_loss":35}],"is_beta":false,"boss_relics":[],"items_purged_floors":[],"is_endless":false,"potions_floor_spawned":[2,10,14],"killed_by":"Fading Forest","ascension_level":2}}