{"host":"y2eyj0v2fex095jm","time":1612956994,"event":{"mods":["100% Spire Juice","ATMod(阿瑾Mod)","Aspiration","BaseMod","Conspire","Energized Spire","FutureSeer","Good Game Mod","Googly Eyes","Lobotomy","LobotomyExtend","Luminous","Minty Spire (QoL Compilation)","Prisma Mod","Replay The Spire","SIMod","Shop Mod","StSLib","TestMod","The Bug Knight","Waifu the Spire","noobMod","残留之物"],"gold_per_floor":[116,134,10,10,10,10,10,40,65,65,65,81,81,94,94,196,196,209,209,284,297,309,335,113,132,158,172,172,287,299,313,313,514,514,533,683,683,683,1083,1213,1213,1340,1367,1007,1007,653,653,666,666,866,866],"floor_reached":52,"language":"ZHS","playtime":4061,"items_purged":["Moonworks:Strike","Moonworks:JonathanRush"],"score":780,"play_id":"0ad46536-e1ad-4953-9e2f-e04260f0a6df","local_time":"20210210193633","is_ascension_mode":false,"campfire_choices":[{"data":"Moonworks:CookingTime","floor":6.0,"key":"SMITH"},{"data":"Moonworks:CloudOfSeagulls","floor":11.0,"key":"SMITH"},{"data":"AT_FamilyPortrait","floor":13.0,"key":"SMITH"},{"data":"Moonworks:RagingMadness","floor":15.0,"key":"SMITH"},{"data":"Moonworks:Ambush","floor":32.0,"key":"SMITH"},{"data":"Moonworks:TreasureThief","floor":41,"key":"SMITH"},{"data":"Moonworks:AccelHyper","floor":44,"key":"SMITH"},{"data":"Moonworks:ReflectiveShell","floor":49,"key":"SMITH"}],"circlet_count":0,"master_deck":["Moonworks:Strike","Moonworks:Strike","Moonworks:Defend","Moonworks:Defend","Moonworks:Ambush+1","Moonworks:LongDistanceShot","AT_FamilyPortrait+1","Moonworks:HolyNight","Moonworks:x16BigRocket","Moonworks:TreasureThief+1","Moonworks:CookingTime+1","Moonworks:LuckyCharm","Moonworks:CloudOfSeagulls+1","Moonworks:RagingMadness+1","Moonworks:WeAreWaruda","Moonworks:EvilSpyWorkPreparation","Moonworks:SweetBattle","Moonworks:MixPhenomenon","Moonworks:LulusLuckyEgg","Moonworks:Dash","Moonworks:FullSpeedAlicianrone+1","Moonworks:Assault","Moonworks:ScrambledEve","Moonworks:ReflectiveShell+1","Moonworks:AngelHand","Moonworks:AccelHyper+1","Moonworks:BackdoorTrade+1","Moonworks:CloudOfSeagulls+1","Moonworks:ExtendedPhotonRifle+1","Moonworks:NicePresent+1","Writhe","Moonworks:MetallicMonocoque"],"relics":["Moonworks:BrokenBomb","Moonworks:Homemark","REME:ComplimentaryCards","ice","AT_ATBox","testmod-ConstraintPeriapt","LetterFromLob","AT_ChloranthyRing","AT_BladeRuinedKing","SlaversCollar","AT_TheCollector","Juzu Bracelet","testmod-Prudence","AT_Kusabimaru","AT_SpeedBoots","Toxic Egg 2","Prayer Wheel","testmod-IndustrialRevolution","MerchantsRug"],"acts_visited":[],"potions_floor_usage":[40,50,50],"damage_taken":[{"damage":2.0,"enemies":"2 Louse","floor":1.0,"turns":2.0},{"damage":10.0,"enemies":"Jaw Worm","floor":2.0,"turns":3.0},{"damage":27.0,"enemies":"HollowMod:MossKnight","floor":8.0,"turns":8.0},{"damage":0.0,"enemies":"Cultist","floor":12.0,"turns":2.0},{"damage":7.0,"enemies":"Blue Slaver","floor":14.0,"turns":2.0},{"damage":32.0,"enemies":"Hexaghost","floor":16.0,"turns":5.0},{"damage":10.0,"enemies":"Chosen","floor":18.0,"turns":2.0},{"damage":10.0,"enemies":"Spheric Guardian","floor":21.0,"turns":4.0},{"damage":21.0,"enemies":"Snake Plant","floor":22.0,"turns":3.0},{"damage":35.0,"enemies":"HollowMod:Nosk","floor":23.0,"turns":5.0},{"damage":11.0,"enemies":"Cultist and Chosen","floor":24.0,"turns":3.0},{"damage":0.0,"enemies":"3 Cultists","floor":25.0,"turns":3.0},{"damage":18.0,"enemies":"Snecko","floor":27.0,"turns":4.0},{"damage":17.0,"enemies":"Sentry and Sphere","floor":29.0,"turns":3.0},{"damage":35.0,"enemies":"Snake Plant","floor":30.0,"turns":4.0},{"damage":2.0,"enemies":"Snecko","floor":31.0,"turns":4.0},{"damage":28.0,"enemies":"Automaton","floor":33.0,"turns":5.0},{"damage":0,"enemies":"Orb Walker","floor":35,"turns":3},{"damage":40,"enemies":"Mind Bloom Boss Battle","floor":36,"turns":5},{"damage":104,"enemies":"Reptomancer","floor":40,"turns":6},{"damage":0,"enemies":"Giant Head","floor":42,"turns":4},{"damage":43,"enemies":"3 Shapes","floor":48,"turns":3},{"damage":20,"enemies":"Donu and Deca","floor":50,"turns":3}],"seed_played":"-486861759270045858","potions_obtained":[{"floor":2.0,"key":"PowerPotion"},{"floor":12.0,"key":"PlaceholderMod:PlaceholderPotion"},{"floor":21.0,"key":"Fire Potion"},{"floor":25.0,"key":"Block Potion"},{"floor":27.0,"key":"LiquidBronze"},{"floor":47,"key":"Toxic Potion"},{"floor":47,"key":"Cursed Concoction"},{"floor":47,"key":"LiquidMemories"}],"is_trial":false,"path_per_floor":["M","M","$","?","?","R","?","E","T","?","R","M","R","M","R","B",null,"M","?","?","M","M","E","M","M","T","M","?","M","M","M","R","B",null,"M","?","?","?","?","E","R","E","T","R","?","$","?","M","R","B",null,null],"character_chosen":"THE_STARBREAKER","items_purchased":["Moonworks:JonathanRush","MerchantsRug","Strength Potion","Block Potion"],"campfire_rested":0,"item_purchase_floors":[3,46,46,46],"current_hp_per_floor":[41,36,36,36,41,41,49,35,35,35,35,40,40,38,38,12,65,60,60,54,50,34,7,59,68,68,50,50,38,4,79,79,51,84,84,46,46,46,46,15,15,17,17,17,40,40,40,85,85,75,75],"gold":866,"neow_bonus":"TRANSFORM_TWO_CARDS","is_daily":false,"chose_seed":false,"campfire_upgraded":8,"win_rate":0.0,"timestamp":1612956993,"path_taken":["M","M","$","?","?","R","?","E","T","?","R","M","R","M","R","BOSS","M","?","?","M","M","E","M","?","T","M","?","M","M","M","R","BOSS","M","?","?","?","?","E","R","E","T","R","?","$","?","M","R","BOSS"],"items_purchased_type":["Card","Relic","Potion","Potion"],"build_version":"2020-12-22","purchased_purges":2,"victory":true,"max_hp_per_floor":[60,60,60,60,65,65,65,65,65,65,65,65,65,65,65,65,65,65,65,65,65,65,65,66,68,68,70,70,72,78,79,79,84,84,84,84,84,84,84,89,89,90,90,90,90,90,90,97,97,101,101],"card_choices":[{"not_picked":["Moonworks:FullSpeedAlicianrone","Moonworks:JonathanRush"],"picked":"Moonworks:CookingTime","floor":1.0},{"not_picked":["Moonworks:Assault","Moonworks:ImOnFire"],"picked":"Moonworks:LuckyCharm","floor":2.0},{"not_picked":["Moonworks:IndiscriminateFireSupport","Moonworks:SubspaceTunnel"],"picked":"Moonworks:CloudOfSeagulls","floor":8.0},{"not_picked":["Moonworks:SakisCookie","Moonworks:BindingChains"],"picked":"Moonworks:FullSpeedAlicianrone","floor":12.0},{"not_picked":["Moonworks:ImmovableObject","Moonworks:NicePresent"],"picked":"Moonworks:RagingMadness","floor":14.0},{"not_picked":["Moonworks:Blazing","Moonworks:PlushieMaster"],"picked":"Moonworks:WeAreWaruda","floor":16.0},{"not_picked":["Moonworks:LulusLuckyEgg","Moonworks:IndiscriminateFireSupport"],"picked":"Moonworks:EvilSpyWorkPreparation","floor":18.0},{"not_picked":["Moonworks:ImOnFire","Moonworks:UnluckyCharm"],"picked":"Moonworks:SweetBattle","floor":21.0},{"not_picked":["Moonworks:IndiscriminateFireSupport","Moonworks:SakisCookie+1"],"picked":"Moonworks:MixPhenomenon","floor":22.0},{"not_picked":["Moonworks:ScrambledEve","Moonworks:UnluckyCharm"],"picked":"Moonworks:LulusLuckyEgg","floor":23.0},{"not_picked":["Moonworks:CastOff+1","Moonworks:IndiscriminateFireSupport"],"picked":"Moonworks:Dash","floor":24.0},{"not_picked":["Moonworks:LulusLuckyEgg","Moonworks:NicePresent"],"picked":"Moonworks:FullSpeedAlicianrone+1","floor":25.0},{"not_picked":["Moonworks:EvilSpyWorkPreparation","Moonworks:ForcedRevival"],"picked":"Moonworks:Assault","floor":27.0},{"not_picked":["Moonworks:Flamethrower","Moonworks:RedAndBlue"],"picked":"Moonworks:AngelHand","floor":29.0},{"not_picked":["Moonworks:LulusLuckyEgg","Moonworks:DeployBits","Moonworks:SealedMemories"],"picked":"SKIP","floor":30.0},{"not_picked":["Moonworks:x16BigRocket+1","Moonworks:LulusLuckyEgg","Moonworks:CompletionReward"],"picked":"SKIP","floor":31.0},{"not_picked":["Moonworks:LeapThroughSpace","Moonworks:FinalBattle"],"picked":"Moonworks:AccelHyper","floor":33.0},{"not_picked":["Moonworks:CloudOfSeagulls","Moonworks:ImOnFire"],"picked":"Moonworks:BackdoorTrade+1","floor":35},{"not_picked":["Moonworks:DeployBits","Moonworks:Assault+1"],"picked":"Moonworks:CloudOfSeagulls+1","floor":36},{"not_picked":["Moonworks:CastOff+1","Moonworks:NicePresent+1"],"picked":"Moonworks:ExtendedPhotonRifle+1","floor":40},{"not_picked":["Moonworks:RedAndBlue+1","Moonworks:Flamethrower+1"],"picked":"Moonworks:NicePresent+1","floor":42},{"not_picked":["Moonworks:IndiscriminateFireSupport+1","Moonworks:Assault+1"],"picked":"Moonworks:MetallicMonocoque","floor":48},{"not_picked":["Moonworks:BigMagnum+1","Moonworks:ImOnFire+1","Moonworks:ExtendedPhotonRifle+1"],"picked":"SKIP","floor":48}],"player_experience":69294,"relics_obtained":[{"floor":1.0,"key":"LetterFromLob"},{"floor":8.0,"key":"AT_ChloranthyRing"},{"floor":9.0,"key":"AT_BladeRuinedKing"},{"floor":23.0,"key":"AT_TheCollector"},{"floor":26.0,"key":"Juzu Bracelet"},{"floor":36,"key":"AT_Kusabimaru"},{"floor":38,"key":"AT_SpeedBoots"},{"floor":40,"key":"Toxic Egg 2"},{"floor":42,"key":"Prayer Wheel"},{"floor":43,"key":"testmod-IndustrialRevolution"}],"event_choices":[{"damage_healed":0.0,"max_hp_gain":0.0,"max_hp_loss":0.0,"gold_gain":0.0,"event_name":"给自己的盒子","player_choice":"Swap Relic","floor":4.0,"relics_lost":["PrismaticShard"],"gold_loss":0.0,"damage_taken":0.0,"relics_obtained":["PrismaticShard"]},{"damage_healed":0.0,"max_hp_gain":5.0,"max_hp_loss":0.0,"gold_gain":0.0,"event_name":"Big Fish","player_choice":"Donut","floor":5.0,"gold_loss":0.0,"damage_taken":0.0},{"damage_healed":0.0,"max_hp_gain":0.0,"max_hp_loss":0.0,"gold_gain":0.0,"event_name":"NoteForYourself","player_choice":"Ignored","floor":10.0,"gold_loss":0.0,"damage_taken":0.0},{"damage_healed":0.0,"max_hp_gain":0.0,"max_hp_loss":0.0,"gold_gain":0.0,"event_name":"Ghosts","player_choice":"Ignored","floor":19.0,"gold_loss":0.0,"damage_taken":0.0},{"damage_healed":0.0,"max_hp_gain":0.0,"max_hp_loss":0.0,"gold_gain":75.0,"event_name":"FaceTrader","player_choice":"Touch","floor":20.0,"gold_loss":0.0,"damage_taken":6.0},{"damage_healed":0.0,"max_hp_gain":0.0,"max_hp_loss":0.0,"gold_gain":0.0,"cards_transformed":["Moonworks:FullSpeedAlicianrone","Moonworks:Defend"],"event_name":"Drug Dealer","player_choice":"Became Test Subject","floor":28.0,"gold_loss":0.0,"damage_taken":0.0,"cards_obtained":["Moonworks:ScrambledEve","Moonworks:ReflectiveShell"]},{"damage_healed":0,"gold_gain":0,"player_choice":"Fight","damage_taken":0,"max_hp_gain":0,"max_hp_loss":0,"event_name":"MindBloom","floor":36,"gold_loss":0},{"damage_healed":0,"gold_gain":0,"player_choice":"Ignored","damage_taken":0,"max_hp_gain":0,"max_hp_loss":0,"event_name":"Tomb of Lord Red Mask","floor":37,"gold_loss":0},{"damage_healed":0,"gold_gain":0,"player_choice":"Relic","damage_taken":0,"max_hp_gain":0,"max_hp_loss":0,"event_name":"Wheel of Change","floor":38,"gold_loss":0},{"damage_healed":0,"gold_gain":400,"player_choice":"Sell","damage_taken":0,"max_hp_gain":0,"max_hp_loss":0,"event_name":"恩洛斯的盘子","floor":39,"relics_lost":["testmod-TestBox"],"gold_loss":0},{"damage_healed":23,"gold_gain":0,"player_choice":"Writhe","damage_taken":0,"max_hp_gain":0,"max_hp_loss":0,"event_name":"Winding Halls","floor":45,"gold_loss":0,"cards_obtained":["Writhe"]},{"damage_healed":0,"gold_gain":0,"player_choice":"Got Potions","damage_taken":0,"max_hp_gain":0,"max_hp_loss":0,"event_name":"Lab","floor":47,"gold_loss":0}],"is_beta":false,"boss_relics":[{"not_picked":["testmod-GoldenSoul","SacredBark"],"picked":"SlaversCollar"},{"not_picked":["testmod-Recursion","testmod-CardMagician"],"picked":"testmod-Prudence"}],"items_purged_floors":[3,46],"is_endless":false,"potions_floor_spawned":[2,12,21,25,27,48],"ascension_level":0}}