{"host":"dctolzh6htjtakpc","time":1612993681,"event":{"mods":["2.2 Compatiblity","AchievementEnabler","AlwaysNeverKeys","BaseMod","Block Reminder","DeckTracker","Defuse TimeMaze Blight","Minty Spire (QoL Compilation)","Permanent Neow","Quick Restart","StSLib","SuperFastMode"],"gold_per_floor":[109,120,120,43,43,77,77,102,129,143,143,177,177,40,40,136,136,152,152,152,165,44,69,21,35,84,96,108,120,149,161,161],"floor_reached":31,"language":"ENG","playtime":843,"items_purged":["Strike_G+1"],"score":434,"play_id":"abc047ee-3261-4056-ad35-d0922037bc00","local_time":"20210210164801","is_ascension_mode":true,"campfire_choices":[{"floor":7.0,"key":"REST"},{"floor":11.0,"key":"REST"},{"floor":13.0,"key":"REST"},{"data":"Footwork","floor":15.0,"key":"SMITH"}],"circlet_count":0,"master_deck":["AscendersBane","Strike_G+1","Strike_G+1","Strike_G+1","Strike_G+1","Defend_G+1","Defend_G+1","Defend_G+1","Defend_G+1","Defend_G+1","Survivor+1","Neutralize+1","Quick Slash","Footwork+1","Backflip","Deadly Poison","Impatience","Adrenaline","Poisoned Stab","Deflect","Tactician","Slice","Deflect"],"relics":["Ring of the Snake","The Specimen","Whetstone","StrikeDummy","Snake Skull","War Paint","Runic Pyramid","PreservedInsect","MawBank","MutagenicStrength"],"acts_visited":["Exordium","TheCity"],"potions_floor_usage":[23,27,27],"damage_taken":[{"damage":12.0,"enemies":"Jaw Worm","floor":1.0,"turns":6.0},{"damage":0.0,"enemies":"Small Slimes","floor":2.0,"turns":3.0},{"damage":13.0,"enemies":"Gremlin Nob","floor":6.0,"turns":4.0},{"damage":25.0,"enemies":"3 Sentries","floor":8.0,"turns":13.0},{"damage":0.0,"enemies":"2 Louse","floor":10.0,"turns":3.0},{"damage":14.0,"enemies":"Lagavulin","floor":12.0,"turns":6.0},{"damage":31,"enemies":"The Guardian","floor":16,"turns":15},{"damage":27,"enemies":"2 Thieves","floor":18,"turns":4},{"damage":0,"enemies":"Shell Parasite","floor":21,"turns":7},{"damage":3,"enemies":"Book of Stabbing","floor":23,"turns":8},{"damage":7,"enemies":"Centurion and Healer","floor":25,"turns":7},{"damage":10,"enemies":"Snake Plant","floor":27,"turns":4},{"damage":0,"enemies":"3 Cultists","floor":30,"turns":6},{"damage":11,"enemies":"Slavers","floor":31,"turns":1}],"seed_played":"-8379566779818584774","potions_obtained":[{"floor":1.0,"key":"Poison Potion"},{"floor":2.0,"key":"ColorlessPotion"},{"floor":8.0,"key":"FearPotion"},{"floor":12.0,"key":"Fruit Juice"},{"floor":18,"key":"Energy Potion"},{"floor":23,"key":"SkillPotion"},{"floor":25,"key":"SmokeBomb"}],"is_trial":false,"path_per_floor":["M","M","?","$","?","E","R","E","T","M","R","E","R","$","R","B",null,"M","?","?","M","$","E","$","M","T","M","?","?","M","E"],"character_chosen":"THE_SILENT","items_purchased":["Footwork","Deadly Poison","Impatience","Deflect","Slice"],"campfire_rested":3,"item_purchase_floors":[4,14,14,22,24],"current_hp_per_floor":[33,33,19,19,19,6,27,2,2,2,23,14,36,36,36,5,58,31,31,31,31,31,28,28,21,21,11,11,11,11,0,0],"gold":161,"neow_bonus":"ONE_RARE_RELIC","is_daily":false,"chose_seed":false,"campfire_upgraded":1,"win_rate":0.0,"timestamp":1612993681,"path_taken":["M","M","?","$","?","E","R","E","T","M","R","E","R","?","R","BOSS","M","?","?","M","$","E","$","M","T","M","?","?","M","E"],"items_purchased_type":["Card","Card","Card","Card","Card"],"build_version":"2020-12-22","purchased_purges":1,"victory":false,"max_hp_per_floor":[70,70,70,70,70,70,70,70,70,70,70,75,75,75,75,75,75,75,75,75,75,75,75,75,75,75,75,75,75,75,75,75],"card_choices":[{"not_picked":["Calculated Gamble","Escape Plan"],"picked":"Quick Slash","floor":1.0},{"not_picked":["Tactician","Expertise","Underhanded Strike"],"picked":"SKIP","floor":2.0},{"not_picked":["Unload","Eviscerate","Dagger Spray"],"picked":"SKIP","floor":6.0},{"not_picked":["Caltrops","Setup","Cloak And Dagger"],"picked":"SKIP","floor":8.0},{"not_picked":["Underhanded Strike","Infinite Blades","Choke"],"picked":"SKIP","floor":10.0},{"not_picked":["Infinite Blades","Deadly Poison"],"picked":"Backflip","floor":12.0},{"not_picked":["Grand Finale","Night Terror"],"picked":"Adrenaline","floor":16},{"not_picked":["Quick Slash","Flying Knee","Outmaneuver+1"],"picked":"SKIP","floor":18},{"not_picked":["Skewer","Acrobatics"],"picked":"Poisoned Stab","floor":21},{"not_picked":["Endless Agony","Venomology"],"picked":"Tactician","floor":23},{"not_picked":["Masterful Stab","Poisoned Stab"],"picked":"Deflect","floor":25},{"not_picked":["Skewer+1","PiercingWail","Poisoned Stab"],"picked":"SKIP","floor":30}],"player_experience":516102,"relics_obtained":[{"floor":6.0,"key":"Whetstone"},{"floor":8.0,"key":"StrikeDummy"},{"floor":9.0,"key":"Snake Skull"},{"floor":12.0,"key":"War Paint"},{"floor":23,"key":"PreservedInsect"},{"floor":26,"key":"MawBank"}],"event_choices":[{"damage_healed":0.0,"max_hp_gain":0.0,"max_hp_loss":0.0,"gold_gain":0.0,"event_name":"Shining Light","player_choice":"Entered Light","floor":3.0,"gold_loss":0.0,"damage_taken":14.0,"cards_upgraded":["Strike_G","Defend_G"]},{"damage_healed":0.0,"max_hp_gain":0.0,"max_hp_loss":0.0,"gold_gain":0.0,"event_name":"The Cleric","player_choice":"Leave","floor":5.0,"gold_loss":0.0,"damage_taken":0.0},{"damage_healed":0,"gold_gain":0,"player_choice":"Simplicity","damage_taken":0,"max_hp_gain":0,"max_hp_loss":0,"event_name":"Back to Basics","floor":19,"gold_loss":0,"cards_upgraded":["Strike_G","Strike_G","Strike_G","Defend_G","Defend_G","Defend_G"]},{"damage_healed":0,"gold_gain":0,"player_choice":"Ignored","damage_taken":0,"max_hp_gain":0,"max_hp_loss":0,"event_name":"Vampires","floor":20,"gold_loss":0},{"damage_healed":0,"gold_gain":0,"player_choice":"Inject Mutagens","damage_taken":0,"relics_obtained":["MutagenicStrength"],"max_hp_gain":0,"max_hp_loss":0,"event_name":"Drug Dealer","floor":28,"gold_loss":0},{"damage_healed":0,"gold_gain":0,"player_choice":"Ignored","damage_taken":0,"max_hp_gain":0,"max_hp_loss":0,"event_name":"The Mausoleum","floor":29,"gold_loss":0}],"is_beta":false,"boss_relics":[{"not_picked":["Snecko Eye","SacredBark"],"picked":"Runic Pyramid"}],"items_purged_floors":[22],"is_endless":false,"potions_floor_spawned":[1,2,8,12,18,23,25],"killed_by":"Slavers","ascension_level":12}}