{"host":"msfr2axb1w9025n0","time":1612923289,"event":{"mods":["BaseMod","Bestiary","Block Reminder","Colored Map","DeckTracker","Minty Spire (QoL Compilation)","Relic Stats","Weighted Paths"],"gold_per_floor":[119,69,69,23,34,60,60,86,113,139,139,165,183,198,198,298,298,308,157,157,173,173,173,199,199,199,199,217,89,105,137,137,235,235,253,105,0,19,19,52,64,64,364,393,393,393,426,439,439,439],"floor_reached":51,"language":"ENG","playtime":4822,"items_purged":[],"score":1189,"play_id":"1781b330-9f94-4623-ad68-5eabce7012b3","local_time":"20210210091449","is_ascension_mode":true,"campfire_choices":[{"data":"WindmillStrike","floor":7,"key":"SMITH"},{"data":"Prostrate","floor":11,"key":"SMITH"},{"data":"Eruption","floor":15,"key":"SMITH"},{"data":"Establishment","floor":23,"key":"SMITH"},{"floor":25,"key":"REST"},{"data":"Meditate","floor":27,"key":"SMITH"},{"floor":32,"key":"REST"},{"data":"Perseverance","floor":42,"key":"SMITH"},{"data":"Cloak And Dagger","floor":46,"key":"SMITH"},{"data":"Prostrate","floor":49,"key":"SMITH"}],"circlet_count":0,"master_deck":["Strike_P+1","Strike_P+1","Defend_P+1","Defend_P+1","Defend_P","Defend_P","Eruption+1","Vigilance+1","WindmillStrike+1","Prostrate+1","CarveReality+1","ClearTheMind","Brilliance+1","Prostrate+1","LessonLearned+1","Meditate+1","Wallop+1","Establishment+1","CurseOfTheBell","Carnage+1","Consecrate+1","BattleHymn+1","Warcry+1","Perseverance+1","Die Die Die","BootSequence+1","Cloak And Dagger+1","Sword Boomerang+1","Writhe"],"relics":["PureWater","NeowsBlessing","Damaru","Ornamental Fan","Strawberry","Happy Flower","Toy Ornithopter","MealTicket","Calling Bell","Oddly Smooth Stone","Yang","Calipers","PrismaticShard","Blood Vial","Letter Opener","Bottled Flame","Black Star","Bag of Preparation","Red Mask","Bag of Marbles","Du-Vu Doll","Old Coin","Juzu Bracelet","Lizard Tail","Anchor","Shuriken"],"acts_visited":["Exordium","TheCity","TheBeyond"],"potions_floor_usage":[10,24,28,40,50,50],"damage_taken":[{"damage":0,"enemies":"Jaw Worm","floor":1,"turns":1},{"damage":0,"enemies":"Small Slimes","floor":5,"turns":1},{"damage":0,"enemies":"Gremlin Nob","floor":6,"turns":1},{"damage":13,"enemies":"Lagavulin","floor":8,"turns":6},{"damage":6,"enemies":"3 Sentries","floor":10,"turns":6},{"damage":0,"enemies":"Lagavulin","floor":12,"turns":4},{"damage":17,"enemies":"Cultist","floor":13,"turns":6},{"damage":14,"enemies":"Gremlin Gang","floor":14,"turns":9},{"damage":0,"enemies":"Hexaghost","floor":16,"turns":5},{"damage":7,"enemies":"Chosen","floor":18,"turns":6},{"damage":18,"enemies":"Spheric Guardian","floor":21,"turns":5},{"damage":53,"enemies":"Slavers","floor":24,"turns":7},{"damage":2,"enemies":"Snecko","floor":28,"turns":3},{"damage":14,"enemies":"Sentry and Sphere","floor":30,"turns":4},{"damage":25,"enemies":"Book of Stabbing","floor":31,"turns":4},{"damage":0,"enemies":"Automaton","floor":33,"turns":4},{"damage":10,"enemies":"3 Darklings","floor":35,"turns":3},{"damage":1,"enemies":"Orb Walker","floor":38,"turns":4},{"damage":10,"enemies":"Reptomancer","floor":40,"turns":5},{"damage":8,"enemies":"Spire Growth","floor":41,"turns":3},{"damage":0,"enemies":"Giant Head","floor":44,"turns":6},{"damage":23,"enemies":"Reptomancer","floor":47,"turns":4},{"damage":4,"enemies":"3 Darklings","floor":48,"turns":3},{"damage":27,"enemies":"Donu and Deca","floor":50,"turns":5}],"seed_played":"-3952899722066187364","potions_obtained":[{"floor":1,"key":"AttackPotion"},{"floor":6,"key":"Regen Potion"},{"floor":12,"key":"PowerPotion"},{"floor":14,"key":"DuplicationPotion"},{"floor":24,"key":"DistilledChaos"},{"floor":44,"key":"EssenceOfSteel"},{"floor":47,"key":"FairyPotion"}],"is_trial":false,"path_per_floor":["M","?","?","$","M","E","R","E","T","E","R","E","M","M","R","B",null,"M","$","?","M","?","R","E","R","T","R","M","$","M","E","R","B",null,"M","$","?","M","?","E","M","R","T","E","?","R","E","M","R","B",null],"character_chosen":"WATCHER","items_purchased":["Prostrate","PrismaticShard","BattleHymn","Strength Potion","Bag of Preparation"],"campfire_rested":2,"item_purchase_floors":[4,19,29,29,36],"current_hp_per_floor":[72,72,65,65,65,65,65,59,59,53,53,53,36,22,22,22,79,72,79,79,61,61,61,28,51,51,51,56,71,59,36,59,61,79,69,79,79,78,78,69,63,63,63,65,79,79,56,54,54,39],"gold":439,"neow_bonus":"THREE_ENEMY_KILL","is_daily":false,"chose_seed":false,"campfire_upgraded":8,"win_rate":0.0,"timestamp":1612923289,"path_taken":["M","?","?","?","?","E","R","E","T","E","R","E","?","M","R","BOSS","M","$","?","M","?","R","E","R","T","R","M","$","M","E","R","BOSS","M","$","?","M","?","E","M","R","T","E","?","R","E","M","R","BOSS"],"items_purchased_type":["Card","Relic","Card","Potion","Relic"],"build_version":"2020-12-22","purchased_purges":0,"victory":true,"max_hp_per_floor":[72,72,72,72,72,72,72,79,79,79,79,79,79,79,79,79,79,79,79,79,79,79,79,79,79,79,79,79,79,79,79,79,79,79,79,79,79,79,79,79,79,79,79,79,79,79,79,79,79,79],"relic_stats":{"Happy Flower":[32],"counters":[24,105],"Yang":[159],"Bag of Preparation":[14],"Juzu Bracelet":0,"Letter Opener":[73],"Blood Vial":17,"Lizard Tail":0,"Ornamental Fan":[140],"Shuriken":[5],"MealTicket":32,"Black Star":3,"obtain_stats":[{"Calipers":17,"Yang":17,"Bag of Preparation":36,"Juzu Bracelet":44,"PrismaticShard":19,"Old Coin":43,"Blood Vial":24,"Lizard Tail":44,"Strawberry":8,"MealTicket":12,"Red Mask":37,"NeowsBlessing":0,"Happy Flower":9,"Damaru":3,"Oddly Smooth Stone":17,"Letter Opener":26,"Calling Bell":17,"Du-Vu Doll":40,"Bottled Flame":31,"Anchor":47,"Ornamental Fan":6,"Shuriken":47,"Black Star":34,"Bag of Marbles":40,"PureWater":0,"Toy Ornithopter":10},{"Calipers":9,"Yang":9,"Bag of Preparation":17,"Juzu Bracelet":21,"PrismaticShard":10,"Old Coin":20,"Blood Vial":12,"Lizard Tail":21,"Strawberry":4,"MealTicket":6,"Red Mask":17,"NeowsBlessing":0,"Happy Flower":4,"Damaru":1,"Oddly Smooth Stone":9,"Letter Opener":12,"Calling Bell":9,"Du-Vu Doll":19,"Bottled Flame":15,"Anchor":22,"Ornamental Fan":3,"Shuriken":22,"Black Star":16,"Bag of Marbles":19,"PureWater":0,"Toy Ornithopter":5},{"Calipers":39,"Yang":39,"Bag of Preparation":75,"Juzu Bracelet":93,"PrismaticShard":45,"Old Coin":87,"Blood Vial":57,"Lizard Tail":93,"Strawberry":9,"MealTicket":19,"Red Mask":75,"NeowsBlessing":0,"Happy Flower":9,"Damaru":1,"Oddly Smooth Stone":39,"Letter Opener":57,"Calling Bell":39,"Du-Vu Doll":84,"Bottled Flame":68,"Anchor":97,"Ornamental Fan":3,"Shuriken":97,"Black Star":72,"Bag of Marbles":84,"PureWater":0,"Toy Ornithopter":15}],"Toy Ornithopter":20},"card_choices":[{"not_picked":["EmptyBody","PathToVictory"],"picked":"WindmillStrike","floor":1},{"not_picked":["SashWhip","JustLucky"],"picked":"CarveReality","floor":5},{"not_picked":["CrushJoints","SashWhip"],"picked":"ClearTheMind","floor":6},{"not_picked":["SashWhip","Adaptation"],"picked":"Brilliance","floor":8},{"not_picked":["CrushJoints","EmptyBody"],"picked":"Prostrate","floor":10},{"not_picked":["Study","EmptyMind"],"picked":"LessonLearned","floor":12},{"not_picked":["BowlingBash","CrushJoints"],"picked":"Meditate","floor":13},{"not_picked":["JustLucky","FollowUp"],"picked":"Wallop","floor":14},{"not_picked":["Blasphemy","Devotion"],"picked":"Establishment","floor":16},{"not_picked":["CarveReality","InnerPeace","FlurryOfBlows+1"],"picked":"SKIP","floor":18},{"not_picked":["Doppelganger","CrushJoints"],"picked":"Carnage","floor":21},{"not_picked":["Prepared","Coolheaded"],"picked":"Consecrate+1","floor":24},{"not_picked":["ClearTheMind","Ghostly Armor","Good Instincts"],"picked":"SKIP","floor":28},{"not_picked":["PanicButton","Entrench"],"picked":"Warcry","floor":30},{"not_picked":["Heel Hook","Redo"],"picked":"Perseverance","floor":31},{"not_picked":["Malaise","DeusExMachina"],"picked":"Die Die Die","floor":33},{"not_picked":["Carnage+1","Body Slam"],"picked":"BootSequence+1","floor":35},{"not_picked":["FollowUp","Chaos"],"picked":"Rebound","floor":38},{"not_picked":["Limit Break","A Thousand Cuts"],"picked":"Cloak And Dagger","floor":40},{"not_picked":["Acrobatics+1","Backflip","Stack+1"],"picked":"SKIP","floor":41},{"not_picked":["Crippling Poison","Headbutt"],"picked":"Sword Boomerang+1","floor":44},{"not_picked":["Eviscerate+1","Leap","Coolheaded+1"],"picked":"SKIP","floor":47},{"not_picked":["Deadly Poison+1","Turbo","Combust"],"picked":"SKIP","floor":48}],"player_experience":305041,"relics_obtained":[{"floor":6,"key":"Ornamental Fan"},{"floor":8,"key":"Strawberry"},{"floor":9,"key":"Happy Flower"},{"floor":10,"key":"Toy Ornithopter"},{"floor":12,"key":"MealTicket"},{"floor":17,"key":"Oddly Smooth Stone"},{"floor":17,"key":"Yang"},{"floor":17,"key":"Calipers"},{"floor":24,"key":"Blood Vial"},{"floor":26,"key":"Letter Opener"},{"floor":31,"key":"Bottled Flame"},{"floor":40,"key":"Bag of Marbles"},{"floor":40,"key":"Du-Vu Doll"},{"floor":43,"key":"Old Coin"},{"floor":44,"key":"Juzu Bracelet"},{"floor":44,"key":"Lizard Tail"},{"floor":47,"key":"Anchor"},{"floor":47,"key":"Shuriken"}],"event_choices":[{"cards_removed":["Strike_P"],"damage_healed":0,"gold_gain":0,"player_choice":"Card Removal","damage_taken":0,"max_hp_gain":0,"max_hp_loss":0,"event_name":"The Cleric","floor":2,"gold_loss":50},{"damage_healed":0,"gold_gain":0,"player_choice":"Success","damage_taken":7,"relics_obtained":["Damaru"],"max_hp_gain":0,"max_hp_loss":0,"event_name":"Scrap Ooze","floor":3,"gold_loss":0},{"damage_healed":0,"gold_gain":0,"player_choice":"Ignored","damage_taken":0,"max_hp_gain":0,"max_hp_loss":0,"event_name":"Ghosts","floor":20,"gold_loss":0},{"cards_removed":["Strike_P"],"damage_healed":0,"gold_gain":0,"player_choice":"Elegance","damage_taken":0,"max_hp_gain":0,"max_hp_loss":0,"event_name":"Back to Basics","floor":22,"gold_loss":0},{"damage_healed":0,"gold_gain":0,"player_choice":"Paid","damage_taken":0,"relics_obtained":["Red Mask"],"max_hp_gain":0,"max_hp_loss":0,"event_name":"Tomb of Lord Red Mask","floor":37,"gold_loss":105},{"cards_removed":["Rebound"],"damage_healed":0,"gold_gain":0,"player_choice":"Removed Attack","damage_taken":0,"max_hp_gain":0,"max_hp_loss":0,"event_name":"Falling","floor":39,"gold_loss":0},{"damage_healed":20,"gold_gain":0,"player_choice":"Writhe","damage_taken":0,"max_hp_gain":0,"max_hp_loss":0,"event_name":"Winding Halls","floor":45,"gold_loss":0,"cards_obtained":["Writhe"]}],"is_beta":false,"boss_relics":[{"not_picked":["Velvet Choker","Coffee Dripper"],"picked":"Calling Bell"},{"not_picked":["Tiny House","Runic Dome"],"picked":"Black Star"}],"items_purged_floors":[],"is_endless":false,"potions_floor_spawned":[1,6,12,14,24,30,33,44,47],"ascension_level":4}}