{"host":"8jwrv7sn1174lfer","time":1612991085,"event":{"mods":["BaseMod","Colored Map","Colored Powertips","Downfall","Highlight Path","Minty Spire (QoL Compilation)","StSLib"],"gold_per_floor":[99,99,99,117,136,169,222,222,222,222,257,269,296,293,322,432,444,456,468,468,468],"floor_reached":19,"language":"ENG","playtime":1439,"items_purged":[],"score":182,"play_id":"2c1ef2dc-cdb9-4d5f-8ecd-8bf54d6cf516","local_time":"20210210160445","is_ascension_mode":true,"campfire_choices":[{"data":"bronze:Goto","floor":1,"key":"SMITH"},{"data":"bronze:Terminator","floor":8,"key":"SMITH"},{"data":"bronze:BuggyMess","floor":10,"key":"SMITH"},{"data":"bronze:SpaghettiCode","floor":12,"key":"SMITH"},{"data":"bronze:Return","floor":18,"key":"SMITH"}],"circlet_count":0,"master_deck":["bronze:Strike","bronze:Strike","bronze:Strike","bronze:Defend","bronze:Defend","bronze:Defend","bronze:Replicate","bronze:Goto+1","bronze:BuggyMess+1","bronze:Return+1","bronze:Branch","bronze:Terminator+1","bronze:SpaghettiCode+1","bronze:Verify"],"relics":["Black Star","Boot","Du-Vu Doll","Smiling Mask","Singing Bowl","MawBank","Velvet Choker"],"acts_visited":["Exordium","TheCity"],"potions_floor_usage":[16,16,16],"damage_taken":[{"damage":0,"enemies":"Small Slimes","floor":4,"turns":3},{"damage":3,"enemies":"2 Louse","floor":5,"turns":3},{"damage":13,"enemies":"3 Sentries","floor":6,"turns":9},{"damage":19,"enemies":"Lagavulin","floor":11,"turns":5},{"damage":0,"enemies":"Jaw Worm","floor":13,"turns":2},{"damage":0,"enemies":"downfall:FleeingMerchant","floor":14,"turns":4},{"damage":0,"enemies":"2 Fungi Beasts","floor":15,"turns":1},{"damage":35,"enemies":"WA_ARCHETYPE_RETAIN","floor":16,"turns":7},{"damage":31,"enemies":"Shell Parasite","floor":19,"turns":6}],"seed_played":"7875471499111193199","potions_obtained":[{"floor":5,"key":"PowerPotion"},{"floor":6,"key":"AttackPotion"},{"floor":13,"key":"PowerPotion"},{"floor":16,"key":"Regen Potion"}],"is_trial":false,"path_per_floor":["R","?","?","M","M","E","T","R","?","R","E","R","M","$","M","B",null,"R","M"],"character_chosen":"THE_AUTOMATON","items_purchased":[],"campfire_rested":0,"item_purchase_floors":[],"current_hp_per_floor":[70,70,70,70,67,54,54,54,59,59,40,40,42,44,46,11,81,81,50,50,50],"gold":468,"neow_bonus":"BOSS_RELIC","is_daily":false,"chose_seed":false,"campfire_upgraded":5,"win_rate":0.0,"timestamp":1612991085,"path_taken":["R","?","?","M","?","E","T","R","?","R","E","R","M","?","M","BOSS","R","M"],"items_purchased_type":[],"build_version":"2020-12-22","purchased_purges":0,"victory":false,"max_hp_per_floor":[70,70,70,70,70,70,70,70,75,75,75,75,77,79,81,81,81,81,81,81,81],"card_choices":[{"not_picked":["bronze:BuggyMess","bronze:BugBarrage"],"picked":"bronze:Return","floor":4},{"not_picked":["bronze:Optimize","bronze:Invalidate"],"picked":"bronze:Branch","floor":5},{"not_picked":["bronze:Backtrace","bronze:Boost"],"picked":"bronze:Terminator","floor":6},{"not_picked":["bronze:Break","bronze:FineTuning"],"picked":"bronze:SpaghettiCode","floor":11},{"not_picked":["bronze:OilSpill","bronze:Flail","bronze:ClassDefault"],"picked":"Singing Bowl","floor":13},{"not_picked":["bronze:Fortify","bronze:DelayedSlice","bronze:Safeguard"],"picked":"Singing Bowl","floor":14},{"not_picked":["bronze:DelayedGuard","bronze:DarkDash","bronze:AlphaBuild"],"picked":"Singing Bowl","floor":15},{"not_picked":["bronze:HyperBeam","bronze:SpaghettiCode"],"picked":"bronze:Verify","floor":16}],"player_experience":750169,"relics_obtained":[{"floor":6,"key":"Boot"},{"floor":6,"key":"Du-Vu Doll"},{"floor":7,"key":"Smiling Mask"},{"floor":11,"key":"Singing Bowl"},{"floor":11,"key":"MawBank"}],"event_choices":[{"cards_removed":["bronze:Defend"],"damage_healed":0,"gold_gain":0,"player_choice":"Card Removal","damage_taken":0,"max_hp_gain":0,"max_hp_loss":0,"event_name":"The Cleric","floor":3,"gold_loss":0},{"damage_healed":0,"gold_gain":0,"player_choice":"Donut","damage_taken":0,"max_hp_gain":5,"max_hp_loss":0,"event_name":"Big Fish","floor":9,"gold_loss":0}],"is_beta":false,"boss_relics":[{"not_picked":["Snecko Eye","Tiny House"],"picked":"Velvet Choker"}],"items_purged_floors":[],"is_endless":false,"potions_floor_spawned":[5,6,13,15,16],"killed_by":"Shell Parasite","ascension_level":1}}