{"host":"vyjryxuuuxkt43k4","time":1612946325,"event":{"mods":["AchievementEnabler","BaseMod","Colored Map","DeckTracker","Keyboard Shortcuts","Minty Spire (QoL Compilation)","Permanent Neow","Quick Restart","StSLib","SuperFastMode","everything is the same but u backflip on backflip"],"gold_per_floor":[109,123,123,123,134,134,159,209,232,250,263,263,295,220,220,299,299,316,316,133,133,133,133],"floor_reached":22,"language":"KOR","playtime":2592,"items_purged":["Dash"],"score":409,"play_id":"97df21a1-230a-4c7d-9315-9e743766e139","local_time":"20210210173845","is_ascension_mode":true,"campfire_choices":[{"data":"Masterful Stab","floor":6.0,"key":"SMITH"},{"data":"Venomology","floor":12.0,"key":"SMITH"},{"data":"Well Laid Plans","floor":15.0,"key":"SMITH"}],"circlet_count":0,"master_deck":["AscendersBane","Defend_G","Defend_G","Defend_G","Defend_G","Survivor","Neutralize","Masterful Stab+1","Venomology+1","Dagger Throw","Dodge and Roll+1","Deflect+1","Well Laid Plans+1","Prepared+1","Setup+1","Burst+1","Tactician+1","Bite","Bite","Bite","Bite","Bite","Purity+1","Ghostly+1","Ghostly+1","Ghostly+1"],"relics":["Ring of the Snake","Toxic Egg 2","Orichalcum","Art of War","HoveringKite"],"acts_visited":["Exordium","TheCity"],"potions_floor_usage":[],"damage_taken":[{"damage":1.0,"enemies":"Cultist","floor":1.0,"turns":4.0},{"damage":1.0,"enemies":"Small Slimes","floor":2.0,"turns":3.0},{"damage":0.0,"enemies":"2 Louse","floor":5.0,"turns":2.0},{"damage":22.0,"enemies":"Lagavulin","floor":7.0,"turns":9.0},{"damage":4.0,"enemies":"Large Slime","floor":10.0,"turns":8.0},{"damage":0.0,"enemies":"Lots of Slimes","floor":11.0,"turns":5.0},{"damage":1.0,"enemies":"3 Sentries","floor":13.0,"turns":9.0},{"damage":27.0,"enemies":"Slime Boss","floor":16.0,"turns":9.0},{"damage":16.0,"enemies":"Spheric Guardian","floor":18.0,"turns":8.0},{"damage":41,"enemies":"3 Byrds","floor":22,"turns":6}],"seed_played":"-3591874584216867031","potions_obtained":[{"floor":1.0,"key":"Strength Potion"},{"floor":11.0,"key":"PowerPotion"},{"floor":13.0,"key":"Explosive Potion"}],"is_trial":false,"path_per_floor":["M","M","T","?","M","R","E","?","T","M","M","R","E","?","R","B",null,"M","?","$","?","M"],"character_chosen":"THE_SILENT","items_purchased":["Purity+1"],"campfire_rested":0,"item_purchase_floors":[20],"current_hp_per_floor":[58,57,57,57,57,57,35,35,35,33,35,35,36,36,36,11,48,34,34,34,30,0,0],"gold":133,"neow_bonus":"TRANSFORM_TWO_CARDS","is_daily":false,"chose_seed":false,"campfire_upgraded":3,"win_rate":0.0,"timestamp":1612946325,"path_taken":["M","M","?","?","M","R","E","?","T","?","M","R","E","?","R","BOSS","M","?","$","?","M"],"items_purchased_type":["Card"],"build_version":"2020-12-22","purchased_purges":1,"victory":false,"max_hp_per_floor":[60,60,60,60,60,60,60,60,60,60,60,60,60,60,60,60,60,60,60,60,30,30,30],"card_choices":[{"not_picked":["Flying Knee","Outmaneuver"],"picked":"Dagger Throw","floor":1.0},{"not_picked":["Bane","Slice"],"picked":"Dash","floor":2.0},{"not_picked":["Sucker Punch","Leg Sweep+1"],"picked":"Dodge and Roll+1","floor":5.0},{"not_picked":["Outmaneuver+1","Underhanded Strike"],"picked":"Deflect+1","floor":7.0},{"not_picked":["Caltrops","Noxious Fumes"],"picked":"Well Laid Plans","floor":10.0},{"not_picked":["Dagger Throw","Deflect+1"],"picked":"Prepared+1","floor":11.0},{"not_picked":["Flechettes","Finisher"],"picked":"Setup+1","floor":13.0},{"not_picked":["Tools of the Trade","Envenom"],"picked":"Burst+1","floor":16.0},{"not_picked":["Deflect+1","Dagger Spray"],"picked":"Tactician+1","floor":18.0}],"player_experience":893046,"relics_obtained":[{"floor":3.0,"key":"Toxic Egg 2"},{"floor":7.0,"key":"Blood Vial"},{"floor":9.0,"key":"Orichalcum"},{"floor":13.0,"key":"Art of War"}],"event_choices":[{"damage_healed":0.0,"max_hp_gain":0.0,"max_hp_loss":0.0,"gold_gain":0.0,"event_name":"Liars Game","player_choice":"Ignored","floor":4.0,"gold_loss":0.0,"damage_taken":0.0},{"damage_healed":0.0,"max_hp_gain":0.0,"max_hp_loss":0.0,"gold_gain":50.0,"event_name":"Golden Shrine","player_choice":"Pray","floor":8.0,"gold_loss":0.0,"damage_taken":0.0},{"cards_removed":["Strike_G"],"damage_healed":0.0,"max_hp_gain":0.0,"max_hp_loss":0.0,"gold_gain":0.0,"event_name":"The Cleric","player_choice":"Card Removal","floor":14.0,"gold_loss":75.0,"damage_taken":0.0},{"damage_healed":0.0,"max_hp_gain":0.0,"max_hp_loss":0.0,"gold_gain":0.0,"event_name":"Vampires","player_choice":"Became a vampire (Vial)","floor":19.0,"relics_lost":["Blood Vial"],"gold_loss":0.0,"damage_taken":0.0,"cards_obtained":["Bite","Bite","Bite","Bite","Bite"]},{"damage_healed":0.0,"max_hp_gain":0.0,"max_hp_loss":30.0,"gold_gain":0.0,"event_name":"Ghosts","player_choice":"Became a Ghost","floor":21.0,"gold_loss":0.0,"damage_taken":0.0,"cards_obtained":["Ghostly","Ghostly","Ghostly"]}],"is_beta":false,"boss_relics":[{"not_picked":["Runic Dome","Calling Bell"],"picked":"HoveringKite"}],"items_purged_floors":[20],"is_endless":false,"potions_floor_spawned":[1,11,13],"killed_by":"3 Byrds","ascension_level":20}}