{"host":"gjfulft9y42c2y2c","time":1612960277,"event":{"mods":["AchievementEnabler","BaseMod","Colored Map","DeckTracker","Keyboard Shortcuts","Minty Spire (QoL Compilation)","Permanent Neow","StSLib","SuperFastMode","everything is the same but u backflip on backflip"],"gold_per_floor":[15,29,46,57,69,69,69,104,158,173,193,210,210,210,210,311,311,311,311,154,154,154,154,154,154,154,154,154,154,154,154,154,154,154,154,154,154,154,154,154,154,154,154,54,54,54,0,0,0,0],"floor_reached":51,"language":"KOR","playtime":2377,"items_purged":["Strike_G","Strike_G"],"score":1202,"play_id":"72fd92d3-2409-44fa-b3c5-19881b4009a0","local_time":"20210210213117","is_ascension_mode":true,"campfire_choices":[{"data":"After Image","floor":6.0,"key":"SMITH"},{"floor":15.0,"key":"REST"},{"data":"After Image","floor":23,"key":"SMITH"},{"data":"Deadly Poison","floor":27,"key":"SMITH"},{"data":"Footwork","floor":32,"key":"SMITH"},{"data":"Well Laid Plans","floor":40,"key":"SMITH"},{"data":"Acrobatics","floor":49,"key":"SMITH"}],"circlet_count":0,"master_deck":["AscendersBane","Strike_G","Defend_G","Defend_G","Defend_G","Defend_G","Defend_G","Survivor","Neutralize","After Image+1","Backflip","PiercingWail","Poisoned Stab","Backstab","Backstab","Well Laid Plans+1","Poisoned Stab","Dagger Throw","Deadly Poison+1","After Image+1","Footwork+1","Bouncing Flask","PiercingWail","Blade Dance+1","Acrobatics+1","Backflip","After Image","Prepared+1","Master of Strategy","Flash of Steel+1","Noxious Fumes+1","Dagger Spray+1","Dash+1","Noxious Fumes+1","Corpse Explosion"],"relics":["Ring of the Snake","Pear","Bronze Scales","Mummified Hand","Ectoplasm","Gremlin Horn","Molten Egg 2","Akabeko","Cursed Key","PreservedInsect","White Beast Statue","Red Mask"],"acts_visited":["Exordium","TheCity","TheBeyond"],"potions_floor_usage":[16,16,16,33,33,46,50,50],"damage_taken":[{"damage":3.0,"enemies":"Cultist","floor":1.0,"turns":5.0},{"damage":0.0,"enemies":"Small Slimes","floor":2.0,"turns":5.0},{"damage":7.0,"enemies":"Jaw Worm","floor":3.0,"turns":6.0},{"damage":22.0,"enemies":"Large Slime","floor":4.0,"turns":9.0},{"damage":2.0,"enemies":"Blue Slaver","floor":5.0,"turns":4.0},{"damage":14.0,"enemies":"Gremlin Nob","floor":8.0,"turns":4.0},{"damage":4.0,"enemies":"Red Slaver","floor":10.0,"turns":3.0},{"damage":4.0,"enemies":"2 Fungi Beasts","floor":11.0,"turns":3.0},{"damage":0.0,"enemies":"Blue Slaver","floor":12.0,"turns":2.0},{"damage":18,"enemies":"Slime Boss","floor":16,"turns":11},{"damage":1,"enemies":"3 Byrds","floor":18,"turns":2},{"damage":7,"enemies":"Book of Stabbing","floor":24,"turns":6},{"damage":0,"enemies":"Chosen","floor":25,"turns":3},{"damage":2,"enemies":"Centurion and Healer","floor":28,"turns":7},{"damage":7,"enemies":"Snake Plant","floor":29,"turns":3},{"damage":14,"enemies":"Gremlin Leader","floor":30,"turns":8},{"damage":0,"enemies":"Chosen and Byrds","floor":31,"turns":5},{"damage":18,"enemies":"Champ","floor":33,"turns":11},{"damage":0,"enemies":"3 Shapes","floor":35,"turns":3},{"damage":2,"enemies":"Orb Walker","floor":36,"turns":4},{"damage":0,"enemies":"Writhing Mass","floor":38,"turns":6},{"damage":0,"enemies":"Reptomancer","floor":42,"turns":6},{"damage":0,"enemies":"3 Darklings","floor":45,"turns":4},{"damage":11,"enemies":"Giant Head","floor":46,"turns":7},{"damage":0,"enemies":"4 Shapes","floor":48,"turns":4},{"damage":9,"enemies":"Donu and Deca","floor":50,"turns":7}],"seed_played":"3327736300159196731","potions_obtained":[{"floor":1.0,"key":"BlessingOfTheForge"},{"floor":10.0,"key":"FearPotion"},{"floor":11.0,"key":"CunningPotion"},{"floor":12.0,"key":"Dexterity Potion"},{"floor":16,"key":"CultistPotion"},{"floor":28,"key":"ColorlessPotion"},{"floor":31,"key":"SteroidPotion"},{"floor":33,"key":"FearPotion"},{"floor":36,"key":"SkillPotion"},{"floor":42,"key":"CunningPotion"},{"floor":46,"key":"SteroidPotion"},{"floor":48,"key":"PowerPotion"}],"is_trial":false,"path_per_floor":["M","M","M","M","M","R","$","E","T","M","M","M","?","T","R","B",null,"M","?","$","?","?","R","E","M","T","R","M","M","E","M","R","B",null,"M","M","?","M","?","R","?","E","T","$","M","E","?","M","R","B",null],"character_chosen":"THE_SILENT","items_purchased":["Footwork"],"campfire_rested":1,"item_purchase_floors":[20],"current_hp_per_floor":[60,60,53,31,29,29,29,25,25,21,17,17,17,17,41,23,66,65,65,65,65,65,65,58,58,58,58,56,49,35,35,35,17,64,64,62,57,57,57,57,57,57,57,57,57,46,46,46,46,37],"gold":0,"neow_bonus":"THREE_RARE_CARDS","is_daily":false,"chose_seed":false,"campfire_upgraded":6,"win_rate":0.0,"timestamp":1612960277,"path_taken":["M","M","M","M","M","R","?","E","T","M","M","?","?","?","R","BOSS","M","?","$","?","?","R","E","M","T","R","M","M","E","?","R","BOSS","M","M","?","M","?","R","?","E","T","$","M","E","?","M","R","BOSS"],"items_purchased_type":["Card"],"build_version":"2020-12-22","purchased_purges":2,"victory":true,"max_hp_per_floor":[70,70,70,70,70,70,70,80,80,80,80,80,80,80,80,80,80,80,80,80,80,80,80,80,80,80,80,80,80,80,80,80,80,80,80,80,80,80,80,80,76,76,76,76,76,76,76,76,76,76],"card_choices":[{"not_picked":["Burst","Bullet Time"],"picked":"After Image","floor":0.0},{"not_picked":["Sucker Punch","Underhanded Strike"],"picked":"Backflip","floor":1.0},{"not_picked":["Bane","Skewer"],"picked":"PiercingWail","floor":2.0},{"not_picked":["Dagger Spray","Setup"],"picked":"Poisoned Stab","floor":3.0},{"not_picked":["Underhanded Strike","Blade Dance"],"picked":"Backstab","floor":4.0},{"not_picked":["Setup","Expertise"],"picked":"Backstab","floor":5.0},{"not_picked":["Outmaneuver","Bane"],"picked":"Well Laid Plans","floor":8.0},{"not_picked":["Underhanded Strike","Skewer"],"picked":"Poisoned Stab","floor":10.0},{"not_picked":["Flechettes","Bullet Time"],"picked":"Dagger Throw","floor":11.0},{"not_picked":["PiercingWail","Choke"],"picked":"Deadly Poison","floor":12.0},{"not_picked":["Unload","Storm of Steel"],"picked":"After Image","floor":16},{"not_picked":["Setup","Poisoned Stab+1","Tactician"],"picked":"SKIP","floor":18},{"not_picked":["Riddle With Holes","Quick Slash+1"],"picked":"PiercingWail","floor":24},{"not_picked":["PiercingWail","Dodge and Roll"],"picked":"Blade Dance+1","floor":25},{"not_picked":["Underhanded Strike+1","Distraction","Quick Slash+1"],"picked":"SKIP","floor":28},{"not_picked":["Heel Hook+1","Outmaneuver","Caltrops"],"picked":"SKIP","floor":29},{"not_picked":["Concentrate","Deflect"],"picked":"Acrobatics","floor":30},{"not_picked":["Sucker Punch+1","Flechettes+1"],"picked":"Backflip","floor":31},{"not_picked":["Burst","Tools of the Trade"],"picked":"After Image","floor":33},{"not_picked":["Cloak And Dagger","Acrobatics"],"picked":"Prepared+1","floor":35},{"not_picked":["Masterful Stab+1","Prepared","Predator+1"],"picked":"SKIP","floor":36},{"not_picked":["Trip","Dramatic Entrance+1"],"picked":"Master of Strategy","floor":37},{"not_picked":["Mind Blast+1","Jack Of All Trades"],"picked":"Flash of Steel+1","floor":37},{"not_picked":["Outmaneuver+1","PiercingWail+1"],"picked":"Noxious Fumes+1","floor":38},{"not_picked":["Backstab+1","Concentrate+1"],"picked":"Dagger Spray+1","floor":42},{"not_picked":["Outmaneuver+1","Deflect+1"],"picked":"Dash+1","floor":45},{"not_picked":["Blade Dance+1","Choke+1"],"picked":"Noxious Fumes+1","floor":46},{"not_picked":["Bane+1","Deadly Poison"],"picked":"Corpse Explosion","floor":48}],"player_experience":277333,"relics_obtained":[{"floor":8.0,"key":"Pear"},{"floor":9.0,"key":"Bronze Scales"},{"floor":14.0,"key":"Mummified Hand"},{"floor":24,"key":"Gremlin Horn"},{"floor":26,"key":"Molten Egg 2"},{"floor":30,"key":"Akabeko"},{"floor":42,"key":"PreservedInsect"},{"floor":46,"key":"White Beast Statue"}],"event_choices":[{"damage_healed":0.0,"max_hp_gain":0.0,"max_hp_loss":0.0,"gold_gain":0.0,"event_name":"Dead Adventurer","player_choice":"Searched \u00270\u0027 times","floor":13.0,"gold_loss":0.0,"damage_taken":0.0},{"damage_healed":0,"gold_gain":0,"player_choice":"Ignored","damage_taken":0,"max_hp_gain":0,"max_hp_loss":0,"event_name":"Ghosts","floor":19,"gold_loss":0},{"damage_healed":0,"gold_gain":0,"player_choice":"Read","damage_taken":0,"max_hp_gain":0,"max_hp_loss":0,"event_name":"The Library","floor":21,"gold_loss":0,"cards_obtained":["Bouncing Flask"]},{"cards_removed":["Strike_G"],"damage_healed":0,"gold_gain":0,"player_choice":"Offered Basic","damage_taken":0,"max_hp_gain":0,"max_hp_loss":0,"event_name":"Bonfire Elementals","floor":22,"gold_loss":0},{"damage_healed":0,"gold_gain":0,"player_choice":"Memory 2","damage_taken":5,"max_hp_gain":0,"max_hp_loss":0,"event_name":"SensoryStone","floor":37,"gold_loss":0},{"cards_removed":["Strike_G"],"damage_healed":0,"gold_gain":0,"player_choice":"Removed Attack","damage_taken":0,"max_hp_gain":0,"max_hp_loss":0,"event_name":"Falling","floor":39,"gold_loss":0},{"damage_healed":0,"gold_gain":0,"player_choice":"Max HP","damage_taken":0,"max_hp_gain":0,"max_hp_loss":4,"event_name":"Winding Halls","floor":41,"gold_loss":0},{"damage_healed":0,"gold_gain":0,"player_choice":"Paid","damage_taken":0,"relics_obtained":["Red Mask"],"max_hp_gain":0,"max_hp_loss":0,"event_name":"Tomb of Lord Red Mask","floor":47,"gold_loss":54}],"is_beta":false,"boss_relics":[{"not_picked":["Ring of the Serpent","Snecko Eye"],"picked":"Ectoplasm"},{"not_picked":["Velvet Choker","Runic Dome"],"picked":"Cursed Key"}],"items_purged_floors":[20,44],"is_endless":false,"potions_floor_spawned":[1,10,11,12,16,28,31,33,36,42,45,46,48],"ascension_level":10}}