{"host":"0mk07bycsqo1qk03","time":1612963103,"event":{"mods":["BaseMod","Downfall","Hermit","Hubris","Minty Spire (QoL Compilation)","Reliquary","Replay The Spire","StSLib","The Cursed"],"gold_per_floor":[99,117,12,76,176,176,176,176,198,236,511,537,579,604,604,604],"floor_reached":16,"language":"ENG","playtime":466,"items_purged":[],"score":230,"play_id":"0d2946f9-21fe-4d6c-9b76-92289b746a0d","local_time":"20210210141823","is_ascension_mode":true,"campfire_choices":[{"data":"TheCursedMod:CleanUpWorkshop","floor":1,"key":"SMITH"},{"data":"TheCursedMod:HellfireBreathing","floor":6,"key":"SMITH"}],"circlet_count":0,"master_deck":["TheCursedMod:Strike_TheCursed","TheCursedMod:Strike_TheCursed","TheCursedMod:Defend_TheCursed","TheCursedMod:Defend_TheCursed","TheCursedMod:Defend_TheCursed","TheCursedMod:CursedWand","TheCursedMod:CleanUpWorkshop+1","TheCursedMod:Dregs","Normality","TheCursedMod:CursedBlade","TheCursedMod:HellfireBreathing+1","TheCursedMod:SpitefulPlan","TheCursedMod:CursedBlade","TheCursedMod:CursedSpellbook","TheCursedMod:DarkBarrier","TheCursedMod:VoidForm","hubris:Greed","TheCursedMod:SaltUponWound","hubris:Greed","TheCursedMod:CursedAmulet","TheCursedMod:Obscuration","TheCursedMod:CursedSpellbook","Regret","TheCursedMod:SurpriseAttack","TheCursedMod:Stretching","TheCursedMod:WearCloak"],"relics":["TheCursedMod:BlackMagic101","hubris:Teleporter","reliquary:ExpiredCoupon","Prayer Wheel","Boot","Replay:Wax Seal"],"acts_visited":["Exordium"],"potions_floor_usage":[15,16],"damage_taken":[{"damage":1,"enemies":"Jaw Worm","floor":2,"turns":4},{"damage":1,"enemies":"downfall:FleeingMerchant","floor":3,"turns":4},{"damage":25,"enemies":"3 Sentries","floor":4,"turns":4},{"damage":0,"enemies":"2 Louse","floor":9,"turns":2},{"damage":4,"enemies":"3 Sentries","floor":10,"turns":3},{"damage":9,"enemies":"Cultist","floor":13,"turns":3},{"damage":18,"enemies":"Gremlin Nob","floor":14,"turns":4},{"damage":0,"enemies":"Lots of Slimes","floor":15,"turns":1},{"damage":21,"enemies":"IC_STATUS_ARCHETYPE","floor":16,"turns":2}],"seed_played":"-2723421024154116467","potions_obtained":[{"floor":4,"key":"Strength Potion"},{"floor":9,"key":"LiquidMemories"},{"floor":10,"key":"TheCursedMod:DregsPotion"}],"is_trial":false,"path_per_floor":["R","M","$","?","?","R","T","?","M","E","?","M","E","M","B"],"character_chosen":"THE_CURSED","items_purchased":["TheCursedMod:SpitefulPlan","TheCursedMod:CursedBlade"],"campfire_rested":0,"item_purchase_floors":[3,3],"current_hp_per_floor":[75,74,73,48,48,48,48,48,48,44,44,35,17,17,0,0],"gold":604,"neow_bonus":"ONE_RARE_RELIC","is_daily":false,"chose_seed":false,"campfire_upgraded":2,"win_rate":0.0,"timestamp":1612963103,"path_taken":["R","M","$","?","?","R","T","?","?","E","?","?","E","M","BOSS"],"items_purchased_type":["Card","Card"],"build_version":"2020-12-22","purchased_purges":0,"victory":false,"max_hp_per_floor":[75,75,75,75,75,75,75,75,75,75,75,75,75,75,75,75],"card_choices":[{"not_picked":["TheCursedMod:CursedShiv","TheCursedMod:CircleOfAmplification"],"picked":"TheCursedMod:CursedBlade","floor":2},{"not_picked":["TheCursedMod:CursedShiv","TheCursedMod:CursedBlade"],"picked":"TheCursedMod:HellfireBreathing","floor":3},{"not_picked":["TheCursedMod:SurpriseAttack","TheCursedMod:Torture"],"picked":"TheCursedMod:CursedSpellbook","floor":4},{"not_picked":["TheCursedMod:CircleOfCorruption","TheCursedMod:WearCloak"],"picked":"TheCursedMod:CursedAmulet","floor":9},{"not_picked":["TheCursedMod:CursedArmor","TheCursedMod:Stigma"],"picked":"TheCursedMod:Obscuration","floor":9},{"not_picked":["TheCursedMod:EmpowerCircles","TheCursedMod:SpreadPlague"],"picked":"TheCursedMod:CursedSpellbook","floor":10},{"not_picked":["TheCursedMod:VitalStrike","TheCursedMod:CursedAmulet"],"picked":"TheCursedMod:SurpriseAttack","floor":13},{"not_picked":["TheCursedMod:CircleOfAmplification","TheCursedMod:CursedBlade","TheCursedMod:CircleOfFlame"],"picked":"SKIP","floor":13},{"not_picked":["TheCursedMod:CursedBlade","TheCursedMod:RavingStaff"],"picked":"TheCursedMod:Stretching","floor":14},{"not_picked":["TheCursedMod:Torture","TheCursedMod:VoidForm"],"picked":"TheCursedMod:WearCloak","floor":15},{"not_picked":["TheCursedMod:AbyssShockwave","TheCursedMod:BloodBarrier","TheCursedMod:SmokeScreen"],"picked":"SKIP","floor":15}],"player_experience":1040039,"relics_obtained":[{"floor":4,"key":"reliquary:ExpiredCoupon"},{"floor":7,"key":"Prayer Wheel"},{"floor":10,"key":"Boot"},{"floor":14,"key":"Replay:Wax Seal"}],"event_choices":[],"is_beta":false,"boss_relics":[],"items_purged_floors":[],"is_endless":false,"potions_floor_spawned":[4,9,10,14],"killed_by":"IC_STATUS_ARCHETYPE","ascension_level":4}}