{"host":"ksbvp3awiitpakcf","time":1612950293,"event":{"mods":["ATMod(∞¢Ë™Mod)","BaseMod","Decade(Õı–°√˜)","FanaticalFans","Good Game Mod","KinomotoSakuraMod(ƒæ÷Æ±æ”£)","KomeijiMod","Marisa£®ÏF”Í°°ƒß¿Ì…≥£©","Minty Spire (QoL Compilation)","MostiFishMod","Reimu£®≤©¿ˆ¡È√Œ£©","Relic Filter Mod","Remilia£®¿Ÿ√◊¿Ú—«£©","Shop Mod","StSLib","WarShipGirlsR/’ΩΩ¢…Ÿ≈ÆR mod","Youmu£®ªÍ∆«—˝√Œ£©","Yuyuko","noobMod"],"gold_per_floor":[114,114,124,199,219,219,219,239,288,313,324,29,45,56,56,159,159,174,190,38,0,99,112,12,12,65,65,76,76,104,104,104,207,207,221,273,326,33,176,236,236,261,261,1012,1012,1296,479,520,520,545],"floor_reached":51,"language":"ZHS","playtime":4050,"items_purged":["Defend_B","Defend_B","Defend_B"],"score":950,"play_id":"9e73bf65-c759-4e8e-b211-cb3ef6ea2dfb","local_time":"20210210174453","is_ascension_mode":false,"campfire_choices":[{"data":"MostiFishMod:DawningShadow","floor":6.0,"key":"SMITH"},{"data":"Loop","floor":15.0,"key":"SMITH"},{"data":"MostiFishMod:ReadyAimFire","floor":25.0,"key":"SMITH"},{"data":"AT_Dispersion","floor":29.0,"key":"SMITH"},{"data":"MostiFishMod:StrandedSiren","floor":32.0,"key":"SMITH"},{"data":"MostiFishMod:ReprogramOld","floor":41.0,"key":"SMITH"},{"data":"Madness","floor":49,"key":"SMITH"}],"circlet_count":0,"master_deck":["Strike_B","Strike_B","Strike_B","Strike_B","Defend_B","Zap","Dualcast","AT_Dispersion+1","MostiFishMod:DawningShadow+1","MostiFishMod:EE1D","MostiFishMod:EE1D","MostiFishMod:EE1D","AT_DarkMatter","Ball Lightning","MostiFishMod:ReprogramOld+1","Defragment","Loop+1","MostiFishMod:ReadyAimFire+1","MostiFishMod:StrandedSiren+1","MostiFishMod:DeathFromBelow+1","Madness+1","Madness"],"relics":["Cracked Core","ice","AT_ATBox","DaveBox","Fans:FanaticalFans","REME:ComplimentaryCards","EE1DDrone","SynthV:TestCard","SynthV:C4","HoshigumaDish","RuthlessExorcism:ReiMu","RhineSuit","Dodecahedron","Molten Egg 2","AT_ChloranthyRing","AT_BellowingDragoncrestRing","GreenFoldingFan","CatCart","AT_Manta","AT_MibuBalloonWealth","AT_BladeRuinedKing","AT_SunfireAegis","AntiCross","PureWhite:ReiMu","NitorisBag","AT_RedTearstoneRing","AT_DeathDance","MerchantsRug"],"acts_visited":["Exordium","TheCity","TheBeyond"],"potions_floor_usage":[],"damage_taken":[{"damage":11.0,"enemies":"Jaw Worm","floor":1.0,"turns":5.0},{"damage":7.0,"enemies":"2 Louse","floor":3.0,"turns":4.0},{"damage":1.0,"enemies":"Cultist","floor":5.0,"turns":3.0},{"damage":60.0,"enemies":"Gremlin Gang","floor":8.0,"turns":5.0},{"damage":23.0,"enemies":"3 Sentries","floor":10.0,"turns":6.0},{"damage":21.0,"enemies":"2 Fungi Beasts","floor":11.0,"turns":3.0},{"damage":12.0,"enemies":"Blue Slaver","floor":13.0,"turns":3.0},{"damage":15.0,"enemies":"Exordium Wildlife","floor":14.0,"turns":2.0},{"damage":20.0,"enemies":"Slime Boss","floor":16.0,"turns":9.0},{"damage":10.0,"enemies":"Shell Parasite","floor":18.0,"turns":3.0},{"damage":0.0,"enemies":"2 Thieves","floor":19.0,"turns":1.0},{"damage":0.0,"enemies":"3 Cultists","floor":23.0,"turns":2.0},{"damage":0.0,"enemies":"Snake Plant","floor":28.0,"turns":2.0},{"damage":0.0,"enemies":"Book of Stabbing","floor":30.0,"turns":1.0},{"damage":0.0,"enemies":"Automaton","floor":33.0,"turns":3.0},{"damage":2.0,"enemies":"Orb Walker","floor":35.0,"turns":1.0},{"damage":14.0,"enemies":"Orin","floor":36.0,"turns":5.0},{"damage":2.0,"enemies":"2 Orb Walkers","floor":37.0,"turns":1.0},{"damage":2.0,"enemies":"3 Darklings","floor":39.0,"turns":1.0},{"damage":2.0,"enemies":"Nemesis","floor":40.0,"turns":1.0},{"damage":2.0,"enemies":"Writhing Mass","floor":42.0,"turns":1.0},{"damage":6.0,"enemies":"Reptomancer","floor":44.0,"turns":3.0},{"damage":31,"enemies":"Spire Growth","floor":48,"turns":3},{"damage":16,"enemies":"Time Eater","floor":50,"turns":5}],"seed_played":"-3882444463547246677","potions_obtained":[{"floor":8.0,"key":"Explosive Potion"}],"is_trial":false,"path_per_floor":["M","?","M","?","M","R","?","M","T","E","M","$","M","M","R","B",null,"M","M","$","?","?","M","$","R","T","T","M","R","E","$","R","B",null,"M","?","?","$","M","E","R","M","T","E","?","?","$","M","R","B",null],"character_chosen":"DEFECT","items_purchased":["RuthlessExorcism:ReiMu","Loop","Dodecahedron","AT_MibuBalloonWealth","AT_BladeRuinedKing","NitorisBag","AT_RedTearstoneRing","AT_DeathDance","MerchantsRug"],"campfire_rested":0,"item_purchase_floors":[12,12,20,38,38,47,47,47,47],"current_hp_per_floor":[71,82,75,64,63,63,63,82,82,59,38,38,26,11,11,85,97,87,87,87,87,87,87,87,87,87,87,87,87,87,87,87,87,101,101,97,105,105,105,105,105,105,105,106,93,93,93,72,72,66],"gold":545,"neow_bonus":"TEN_PERCENT_HP_BONUS","is_daily":false,"chose_seed":false,"campfire_upgraded":7,"win_rate":0.0,"timestamp":1612950293,"path_taken":["M","?","M","?","M","R","?","?","T","E","M","$","M","?","R","BOSS","M","M","$","?","?","M","?","R","T","?","M","R","E","$","R","BOSS","M","?","?","$","M","E","R","M","T","E","?","?","$","M","R","BOSS"],"items_purchased_type":["Relic","Card","Relic","Relic","Relic","Relic","Relic","Relic","Relic"],"build_version":"2020-12-22","purchased_purges":3,"victory":true,"max_hp_per_floor":[82,82,82,82,82,82,82,82,82,87,90,90,92,93,93,97,97,99,99,99,99,99,99,99,99,99,99,99,99,99,99,99,101,101,101,105,105,105,105,105,105,105,105,106,106,106,106,106,106,106],"card_choices":[{"not_picked":["FTL","Barrage"],"picked":"AT_DarkMatter","floor":1.0},{"not_picked":["AT_HeatAcrobatics","Beam Cell","Leap","Fusion","Sweeping Beam"],"picked":"SKIP","floor":3.0},{"not_picked":["Tempest","Scrape","Darkness","MostiFishMod:PushDownKick"],"picked":"Ball Lightning","floor":5.0},{"not_picked":["Cold Snap","Beam Cell","Go for the Eyes","Streamline"],"picked":"MostiFishMod:ReprogramOld","floor":8.0},{"not_picked":["Skim","Barrage","Melter","White Noise","Reprogram"],"picked":"SKIP","floor":10.0},{"not_picked":["MostiFishMod:PushDownKick","Stack","Tempest","Leap"],"picked":"Defragment","floor":11.0},{"not_picked":["Thunder Strike","Hologram","Conserve Battery","White Noise","Redo"],"picked":"SKIP","floor":13.0},{"not_picked":["Stack","Consume","Melter","Reprogram","Steam Power"],"picked":"SKIP","floor":14.0},{"not_picked":["Seek","MostiFishMod:Culaccino","Creative AI","MostiFishMod:ActiveDefenseSystem"],"picked":"MostiFishMod:ReadyAimFire","floor":16.0},{"not_picked":["White Noise","Aggregate+1","Stack","Conserve Battery","Go for the Eyes"],"picked":"SKIP","floor":18.0},{"not_picked":["Leap","Barrage","Coolheaded","Sweeping Beam","Ball Lightning"],"picked":"SKIP","floor":19.0},{"not_picked":["MostiFishMod:PushDownKick+1","Coolheaded","Barrage+1","Compile Driver+1","MostiFishMod:GatherIntelligence"],"picked":"SKIP","floor":23.0},{"not_picked":["Double Energy","Gash+1","Barrage+1","Streamline+1","Defragment"],"picked":"SKIP","floor":28.0},{"not_picked":["Ball Lightning+1","Steam","AT_DarkMatter+1","BootSequence+1"],"picked":"MostiFishMod:StrandedSiren","floor":30.0},{"not_picked":["Steam","Sweeping Beam+1","Conserve Battery","Coolheaded","MostiFishMod:Prepare"],"picked":"SKIP","floor":35.0},{"not_picked":["MostiFishMod:IceShield+1","FTL+1","Steam+1","Barrage+1"],"picked":"MostiFishMod:DeathFromBelow+1","floor":39.0},{"not_picked":["AT_ThunderBolt+1","Skim","AT_EMC2","Auto Shields","Compile Driver+1"],"picked":"SKIP","floor":40.0},{"not_picked":["MostiFishMod:Distribution","Barrage+1","Storm+1","Steam","Skim"],"picked":"SKIP","floor":42.0},{"not_picked":["Gash+1","Cold Snap+1","Force Field+1","Sweeping Beam+1","Darkness"],"picked":"SKIP","floor":44.0},{"not_picked":["AT_HeatAcrobatics","Cold Snap+1","Gash+1","Stack","FTL+1"],"picked":"SKIP","floor":48}],"player_experience":30910,"relics_obtained":[{"floor":1.0,"key":"SynthV:TestCard"},{"floor":9.0,"key":"SynthV:C4"},{"floor":10.0,"key":"HoshigumaDish"},{"floor":21.0,"key":"Molten Egg 2"},{"floor":26.0,"key":"AT_ChloranthyRing"},{"floor":27.0,"key":"AT_BellowingDragoncrestRing"},{"floor":30.0,"key":"Meat on the Bone"},{"floor":36.0,"key":"CatCart"},{"floor":37.0,"key":"AT_Manta"},{"floor":40.0,"key":"AT_SunfireAegis"},{"floor":43.0,"key":"AntiCross"},{"floor":44.0,"key":"PureWhite:ReiMu"}],"event_choices":[{"damage_healed":0.0,"max_hp_gain":0.0,"max_hp_loss":0.0,"gold_gain":75.0,"event_name":"World of Goop","player_choice":"Gather Gold","floor":4.0,"gold_loss":0.0,"damage_taken":11.0},{"damage_healed":0.0,"max_hp_gain":0.0,"max_hp_loss":0.0,"gold_gain":0.0,"event_name":"NoteForYourself","player_choice":"Ignored","floor":7.0,"gold_loss":0.0,"damage_taken":0.0},{"damage_healed":0.0,"max_hp_gain":0.0,"max_hp_loss":0.0,"gold_gain":99.0,"event_name":"Nest","player_choice":"Stole From Cult","floor":22.0,"gold_loss":0.0,"damage_taken":0.0},{"damage_healed":0.0,"max_hp_gain":0.0,"max_hp_loss":0.0,"gold_gain":0.0,"event_name":"OrinTheCat","player_choice":"Fight","floor":36.0,"gold_loss":0.0,"damage_taken":0.0},{"damage_healed":0.0,"max_hp_gain":0.0,"max_hp_loss":0.0,"gold_gain":0.0,"event_name":"Mysterious Sphere","player_choice":"Fight","floor":37.0,"gold_loss":0.0,"damage_taken":0.0},{"damage_healed":0.0,"max_hp_gain":0.0,"max_hp_loss":0.0,"gold_gain":0.0,"event_name":"Winding Halls","player_choice":"Embrace Madness","floor":45.0,"gold_loss":0.0,"damage_taken":13.0,"cards_obtained":["Madness","Madness"]}],"is_beta":false,"boss_relics":[{"not_picked":["Runic Pyramid","RhineCircuit"],"picked":"RhineSuit"},{"not_picked":["JellyFishMachine","ChiXiaoBlade"],"picked":"GreenFoldingFan"}],"items_purged_floors":[12,24,47],"is_endless":false,"potions_floor_spawned":[8,13,16,18,28,30,37,39,44],"ascension_level":0}}