{"host":"nzc89rt2v0ulh15o","time":1612993912,"event":{"mods":["2.2 Compatiblity","BaseMod","Downfall","Hermit","Hubris","Minty Spire (QoL Compilation)","Replay The Spire","Shop Mod","StSLib","The Bug Knight","The Construct","The Cursed","The Disciple","The Hierophant","The Runesmith","The Servant 0.9.4"],"gold_per_floor":[99,111,111,123,223,223,223,134,134,80,80,92,92,111,124,222,222,222,234,244,244,244,244],"floor_reached":21,"language":"SPA","playtime":1344,"items_purged":[],"score":177,"play_id":"ee2e7d00-faa8-4a77-bfea-19c77b7d3058","local_time":"20210210155152","is_ascension_mode":true,"campfire_choices":[{"data":"Slimebound:CorrosiveSpit","floor":1.0,"key":"SMITH"},{"data":"Slimebound:LevelUp","floor":11,"key":"SMITH"},{"data":"Slimebound:LevelUp","floor":13,"key":"SMITH"},{"floor":18,"key":"RECALL"}],"circlet_count":0,"master_deck":["Slimebound:Strike_Slimebound","Slimebound:Strike_Slimebound","Slimebound:Strike_Slimebound","Slimebound:Tackle","Slimebound:Defend_Slimebound+1","Slimebound:Defend_Slimebound","Slimebound:Defend_Slimebound","Slimebound:Defend_Slimebound","Slimebound:Split+1","Slimebound:CorrosiveSpit+1","Slimebound:MegaLick","Slimebound:LevelUp+1","Slimebound:SplitBruiser","Slimebound:RejuvenatingLick","Slimebound:LevelUp+1","Slimebound:Schlurp","Slimebound:Gluttony","Slimebound:LevelUp","Slimebound:PressTheAttack","Slimebound:MassRepurpose","Slimebound:ItLooksTasty+1"],"relics":["Slimebound:AbsorbEndCombatUpgraded","Dream Catcher"],"acts_visited":["Exordium","TheCity"],"potions_floor_usage":[21],"damage_taken":[{"damage":4.0,"enemies":"Jaw Worm","floor":2.0,"turns":4.0},{"damage":0.0,"enemies":"Small Slimes","floor":4.0,"turns":3.0},{"damage":0,"enemies":"downfall:FleeingMerchant","floor":8,"turns":4},{"damage":8,"enemies":"downfall:FleeingMerchant","floor":10,"turns":4},{"damage":6,"enemies":"Cultist","floor":12,"turns":4},{"damage":11,"enemies":"Exordium Thugs","floor":14,"turns":4},{"damage":10,"enemies":"Blue Slaver","floor":15,"turns":3},{"damage":16,"enemies":"SI_SHIV_ARCHETYPE","floor":16,"turns":5},{"damage":29,"enemies":"Spheric Guardian","floor":19,"turns":4},{"damage":51,"enemies":"3 Byrds","floor":20,"turns":5},{"damage":6,"enemies":"Centurion and Healer","floor":21,"turns":1}],"seed_played":"-4783297643978351721","potions_obtained":[{"floor":2.0,"key":"AttackPotion"},{"floor":12,"key":"Energy Potion"},{"floor":14,"key":"Energy Potion"},{"floor":20,"key":"Milkshake"}],"is_trial":false,"path_per_floor":["R","M","?","M","?","?","T","$","?","$","R","M","R","M","M","B",null,"R","M","M","M"],"character_chosen":"SLIMEBOUND","items_purchased":["Slimebound:RejuvenatingLick","Slimebound:Gluttony"],"campfire_rested":0,"item_purchase_floors":[8,10],"current_hp_per_floor":[71,70,70,71,71,71,71,71,71,69,69,65,65,56,48,40,71,71,45,3,0,0,0],"gold":244,"neow_bonus":"TEN_PERCENT_HP_BONUS","is_daily":false,"chose_seed":false,"campfire_upgraded":3,"win_rate":0.0,"timestamp":1612993912,"path_taken":["R","M","?","M","?","?","T","$","?","$","R","M","R","M","M","BOSS","R","M","M","M"],"items_purchased_type":["Card","Card"],"build_version":"2020-12-22","purchased_purges":0,"victory":false,"max_hp_per_floor":[71,71,71,71,71,71,71,71,71,71,71,71,71,71,71,71,71,71,71,71,71,71,71],"card_choices":[{"not_picked":["Slimebound:ViciousTackle","Slimebound:LeechEnergy"],"picked":"Slimebound:MegaLick","floor":2.0},{"not_picked":["Slimebound:SplitLeeching","Slimebound:SplitBruiser"],"picked":"Slimebound:LevelUp","floor":4.0},{"not_picked":["Slimebound:SplitMire","Slimebound:HauntingLick"],"picked":"Slimebound:SplitBruiser","floor":8},{"not_picked":["Slimebound:RollThrough","Slimebound:FinishingTackle"],"picked":"Slimebound:Schlurp","floor":10},{"not_picked":["Slimebound:GoopSpray","Slimebound:Gluttony"],"picked":"Slimebound:LevelUp","floor":12},{"not_picked":["Slimebound:Prepare","Slimebound:RollThrough","Slimebound:LeechEnergy"],"picked":"SKIP","floor":14},{"not_picked":["Slimebound:LivingWall","Slimebound:Darklings"],"picked":"Slimebound:PressTheAttack","floor":15},{"not_picked":["Slimebound:DouseInSlime","Slimebound:PrepareCrush"],"picked":"Slimebound:MassRepurpose","floor":16},{"not_picked":["Slimebound:RollThrough","Slimebound:Dissolve"],"picked":"Slimebound:ItLooksTasty+1","floor":19},{"not_picked":["Slimebound:SplitMire","Slimebound:ItLooksTasty","Slimebound:DuplicatedForm"],"picked":"SKIP","floor":20}],"player_experience":474626,"relics_obtained":[{"floor":7,"key":"Dream Catcher"}],"event_choices":[],"is_beta":false,"boss_relics":[{"not_picked":["hubris:HollowSoul","Runesmith:UraniumAnvil"],"picked":"Slimebound:AbsorbEndCombatUpgraded"}],"items_purged_floors":[],"is_endless":false,"potions_floor_spawned":[2,12,14,15,20],"killed_by":"Centurion and Healer","ascension_level":1}}