{"host":"5uuadjc5gi6cs0xs","time":1612968830,"event":{"mods":["2.2 Compatiblity","Abigail Mod","AchievementEnabler","Act Like it!","BaseMod","BetterRewards","Chen","FTL Soundtrack","Friendly Minions","Hero for Fun","KinomotoSakuraMod(????)","Kiyohime????","Koishi","Marisa????????","Minty Spire (QoL Compilation)","Onozuka Komachi Mod","Permanent Neow","Prisma Mod","Quick Restart","Railgun Mod","Rare Cards Sparkle","Relic Stats","Remilia??????","StSLib","The Administrix","The Animator","The Exalted","The Gatherer","TheSwordswoman","Waifu the Spire","WarShipGirlsR/????R mod","Yohane!","Yuri Mod","Yuyuko"],"gold_per_floor":[116,126,126,126,126,158,172,172,172,172,172,202,212,231,231,336,336,352,332,103,103,122,152,152,172,195,195,195,195],"floor_reached":28,"language":"DEU","playtime":1973,"items_purged":[],"score":343,"play_id":"b20137f5-45c0-4eb1-868b-6f128e1917c9","local_time":"20210210155350","is_ascension_mode":true,"campfire_choices":[{"floor":8,"key":"REST"},{"floor":10,"key":"REST"},{"floor":15,"key":"REST"},{"floor":24,"key":"REST"},{"floor":27,"key":"REST"}],"circlet_count":0,"master_deck":["Strike_G","Strike_G+1","Strike_G","Strike_G","Defend_G","Defend_G","Defend_G","Defend_G","Defend_G+1","Survivor","Neutralize","Blur","Well Laid Plans","Poisoned Stab","Slice","Sucker Punch","Sucker Punch","Envenom+1","Noxious Fumes+1","Die Die Die+1","Leg Sweep","Caltrops+1","Noxious Fumes+1","Deadly Poison","Deadly Poison","Outmaneuver"],"relics":["Ring of the Snake","Frozen Egg 2","Potion Belt","Vajra","Pen Nib","SlaversCollar","Lee\u0027s Waffle","Strawberry","Bromod:ArcaneNullifier"],"acts_visited":["Exordium","TheCity"],"potions_floor_usage":[6,12,16],"damage_taken":[{"damage":15,"enemies":"Cultist","floor":1,"turns":6},{"damage":5,"enemies":"2 Louse","floor":2,"turns":6},{"damage":26,"enemies":"Gremlin Nob","floor":6,"turns":5},{"damage":0,"enemies":"Small Slimes","floor":7,"turns":3},{"damage":39,"enemies":"3 Sentries","floor":12,"turns":11},{"damage":4,"enemies":"Gremlin Gang","floor":13,"turns":5},{"damage":4,"enemies":"Exordium Thugs","floor":14,"turns":4},{"damage":0,"enemies":"Slime Boss","floor":16,"turns":8},{"damage":25,"enemies":"Shell Parasite","floor":18,"turns":5},{"damage":25,"enemies":"2 Thieves","floor":19,"turns":4},{"damage":55,"enemies":"3 Cultists","floor":22,"turns":5},{"damage":20,"enemies":"Book of Stabbing","floor":23,"turns":5},{"damage":23,"enemies":"Centurion and Healer","floor":25,"turns":7},{"damage":43,"enemies":"Slavers","floor":28,"turns":2}],"seed_played":"5334742187979312346","potions_obtained":[{"floor":1,"key":"Poison Potion"},{"floor":6,"key":"Explosive Potion"},{"floor":14,"key":"PowerPotion"},{"floor":22,"key":"SmokeBomb"}],"is_trial":false,"path_per_floor":["M","M","?","?","?","E","M","R","T","R","?","E","M","M","R","B",null,"M","M","$","?","M","E","R","M","T","R","E"],"character_chosen":"THE_SILENT","items_purchased":["Lee\u0027s Waffle","Noxious Fumes+1"],"campfire_rested":5,"item_purchase_floors":[20,20],"current_hp_per_floor":[55,50,43,29,52,26,26,47,47,68,68,29,25,21,42,42,70,45,20,77,77,22,9,34,11,11,36,0,0],"gold":195,"neow_bonus":"TRANSFORM_CARD","is_daily":false,"chose_seed":false,"campfire_upgraded":0,"win_rate":0.0,"timestamp":1612968830,"path_taken":["M","M","?","?","?","E","M","R","T","R","?","E","M","M","R","BOSS","M","M","$","?","M","E","R","M","T","R","E"],"items_purchased_type":["Relic","Card"],"build_version":"2020-12-22","purchased_purges":0,"victory":false,"max_hp_per_floor":[70,70,70,70,70,70,70,70,70,70,70,70,70,70,70,70,70,70,70,77,77,77,84,84,84,84,84,84,84],"relic_stats":{"Lee\u0027s Waffle":57,"counters":[14,76],"Pen Nib":[9],"obtain_stats":[{"Potion Belt":6,"SlaversCollar":17,"Lee\u0027s Waffle":20,"Bromod:ArcaneNullifier":26,"Strawberry":23,"Vajra":9,"Pen Nib":12,"Frozen Egg 2":3,"Ring of the Snake":0},{"Potion Belt":3,"SlaversCollar":8,"Lee\u0027s Waffle":10,"Bromod:ArcaneNullifier":13,"Strawberry":12,"Vajra":4,"Pen Nib":5,"Frozen Egg 2":2,"Ring of the Snake":0},{"Potion Belt":17,"SlaversCollar":48,"Lee\u0027s Waffle":57,"Bromod:ArcaneNullifier":74,"Strawberry":67,"Vajra":20,"Pen Nib":31,"Frozen Egg 2":12,"Ring of the Snake":0}],"Ring of the Snake":[28]},"card_choices":[{"not_picked":["Skewer","Endless Agony"],"picked":"Well Laid Plans","floor":1},{"not_picked":["Blade Dance","Flying Knee"],"picked":"Poisoned Stab","floor":2},{"not_picked":["Choke","Riddle With Holes"],"picked":"Slice","floor":6},{"not_picked":["PiercingWail","Leg Sweep"],"picked":"Sucker Punch","floor":7},{"not_picked":["Skewer","Terror"],"picked":"Sucker Punch","floor":12},{"not_picked":["Sucker Punch","Outmaneuver"],"picked":"Envenom+1","floor":13},{"not_picked":["Dodge and Roll","Outmaneuver"],"picked":"Noxious Fumes+1","floor":14},{"not_picked":["Phantasmal Killer","A Thousand Cuts+1"],"picked":"Die Die Die","floor":16},{"not_picked":["Quick Slash","Acrobatics"],"picked":"Leg Sweep","floor":18},{"not_picked":["Terror","Predator"],"picked":"Caltrops+1","floor":19},{"not_picked":["Underhanded Strike","Calculated Gamble"],"picked":"Deadly Poison","floor":22},{"not_picked":["Sucker Punch","Cloak And Dagger"],"picked":"Deadly Poison","floor":23},{"not_picked":["Well Laid Plans+1","Setup"],"picked":"Outmaneuver","floor":25}],"player_experience":402203,"relics_obtained":[{"floor":6,"key":"Potion Belt"},{"floor":9,"key":"Vajra"},{"floor":12,"key":"Pen Nib"},{"floor":23,"key":"Strawberry"},{"floor":26,"key":"Bromod:ArcaneNullifier"}],"event_choices":[{"damage_healed":0,"gold_gain":0,"player_choice":"Success","damage_taken":7,"relics_obtained":["Frozen Egg 2"],"max_hp_gain":0,"max_hp_loss":0,"event_name":"Scrap Ooze","floor":3,"gold_loss":0},{"damage_healed":0,"gold_gain":0,"player_choice":"Entered Light","damage_taken":14,"max_hp_gain":0,"max_hp_loss":0,"event_name":"Shining Light","floor":4,"gold_loss":0,"cards_upgraded":["Defend_G","Strike_G"]},{"damage_healed":23,"gold_gain":0,"player_choice":"Banana","damage_taken":0,"max_hp_gain":0,"max_hp_loss":0,"event_name":"Big Fish","floor":5,"gold_loss":0},{"damage_healed":0,"gold_gain":0,"player_choice":"Ignored","damage_taken":0,"max_hp_gain":0,"max_hp_loss":0,"event_name":"Golden Wing","floor":11,"gold_loss":0},{"damage_healed":0,"gold_gain":0,"player_choice":"Upgraded","damage_taken":0,"max_hp_gain":0,"max_hp_loss":0,"event_name":"Upgrade Shrine","floor":21,"gold_loss":0,"cards_upgraded":["Die Die Die"]}],"is_beta":false,"boss_relics":[{"not_picked":["Bromod:ArcaneEnergize","Ectoplasm"],"picked":"SlaversCollar"}],"items_purged_floors":[],"is_endless":false,"potions_floor_spawned":[1,6,14,22],"killed_by":"Slavers","ascension_level":3}}