{"host":"aqym1xxr3lb31d9m","time":1612967363,"event":{"mods":["BaseMod","Block Reminder","Colored Map","Colored Powertips","DeckTracker","Highlight Path","Minty Spire (QoL Compilation)","Quick Restart","Random Character Button","StSLib","SuperFastMode","UnlockEverythingMod"],"gold_per_floor":[110,23,23,23,40,73,90,90,163,193,210,210,244,261,261,338,338,353,353,368,368,87,118,118,42,42,42,92,92,92,123,123,197,197,213,268,286,286,216,247,247,279,352,352,352,371,296,321,321,321,321,321,321,56,81,81,81],"floor_reached":56,"language":"JPN","playtime":3495,"items_purged":["Pain","Strike_G+1"],"score":1985,"play_id":"5e97f0c6-5028-4d50-83c0-bfada4832496","local_time":"20210210232923","is_ascension_mode":true,"campfire_choices":[{"data":"Poisoned Stab","floor":8,"key":"SMITH"},{"data":"Blade Dance","floor":15,"key":"SMITH"},{"floor":24,"key":"RECALL"},{"floor":27,"key":"REST"},{"floor":29,"key":"REST"},{"floor":32,"key":"REST"},{"floor":41,"key":"REST"},{"floor":44,"key":"REST"},{"floor":49,"key":"REST"},{"floor":53,"key":"REST"}],"circlet_count":0,"master_deck":["AscendersBane","Defend_G","Defend_G","Defend_G","Defend_G","Defend_G","Survivor","Neutralize+1","Poisoned Stab+1","Noxious Fumes","Escape Plan","Blade Dance+1","After Image","Die Die Die","Poisoned Stab","Footwork","Backflip","Burst","Backflip","After Image","Distraction+1","Malaise+1","Calculated Gamble+1","Dagger Throw","Burst+1","Skewer+1","Accuracy+1","All Out Attack+1","Deadly Poison+1","Deadly Poison+1","Dash+1","Backflip+1","Distraction+1","Crippling Poison+1","Catalyst+1","Acrobatics+1","Outmaneuver+1","Prepared+1","PanicButton+1"],"relics":["Ring of the Snake","NeowsBlessing","Whetstone","Meat on the Bone","Anchor","Juzu Bracelet","Fusion Hammer","Enchiridion","Toxic Egg 2","Dream Catcher","Sundial","Happy Flower","Astrolabe","Tough Bandages","Orichalcum","Regal Pillow","Darkstone Periapt","WarpedTongs","Incense Burner","Gremlin Horn"],"acts_visited":["Exordium","TheCity","TheBeyond","TheEnding"],"potions_floor_usage":[16,20,23,33,36,42,56,56],"damage_taken":[{"damage":0,"enemies":"Jaw Worm","floor":1,"turns":1},{"damage":0,"enemies":"Small Slimes","floor":5,"turns":1},{"damage":0,"enemies":"Lagavulin","floor":6,"turns":1},{"damage":1,"enemies":"Cultist","floor":7,"turns":3},{"damage":8,"enemies":"3 Sentries","floor":10,"turns":8},{"damage":2,"enemies":"Blue Slaver","floor":11,"turns":4},{"damage":47,"enemies":"Gremlin Nob","floor":13,"turns":5},{"damage":0,"enemies":"3 Louse","floor":14,"turns":3},{"damage":23,"enemies":"The Guardian","floor":16,"turns":9},{"damage":7,"enemies":"Spheric Guardian","floor":18,"turns":6},{"damage":0,"enemies":"3 Byrds","floor":20,"turns":5},{"damage":11,"enemies":"Book of Stabbing","floor":23,"turns":6},{"damage":29,"enemies":"Slavers","floor":31,"turns":4},{"damage":43,"enemies":"Champ","floor":33,"turns":14},{"damage":10,"enemies":"3 Darklings","floor":35,"turns":7},{"damage":25,"enemies":"2 Orb Walkers","floor":36,"turns":5},{"damage":0,"enemies":"3 Shapes","floor":37,"turns":9},{"damage":3,"enemies":"Giant Head","floor":40,"turns":7},{"damage":39,"enemies":"Reptomancer","floor":42,"turns":8},{"damage":1,"enemies":"Maw","floor":46,"turns":8},{"damage":0,"enemies":"Mind Bloom Boss Battle","floor":48,"turns":7},{"damage":44,"enemies":"Time Eater","floor":50,"turns":7},{"damage":8,"enemies":"Awakened One","floor":51,"turns":27},{"damage":8,"enemies":"Shield and Spear","floor":55,"turns":10},{"damage":77,"enemies":"The Heart","floor":56,"turns":12}],"seed_played":"2478144704565678286","potions_obtained":[{"floor":7,"key":"Regen Potion"},{"floor":14,"key":"SkillPotion"},{"floor":16,"key":"DuplicationPotion"},{"floor":31,"key":"Regen Potion"},{"floor":33,"key":"Poison Potion"},{"floor":35,"key":"PowerPotion"},{"floor":40,"key":"Explosive Potion"},{"floor":42,"key":"LiquidMemories"}],"is_trial":false,"path_per_floor":["M","$","?","?","M","E","M","R","T","E","M","?","E","M","R","B",null,"M","?","M","?","$","E","R","$","T","R","?","R","?","E","R","B",null,"M","?","M","?","?","E","R","E","T","R","?","M","$","?","R","B","B",null,"R","$","E","B"],"character_chosen":"THE_SILENT","items_purchased":["Noxious Fumes","Toxic Egg 2","Malaise+1","Prepared+1","PanicButton+1"],"campfire_rested":7,"item_purchase_floors":[2,22,25,54,54],"current_hp_per_floor":[59,59,59,59,59,59,58,58,58,50,48,53,18,30,30,19,58,51,51,66,45,45,46,46,46,46,67,67,71,71,42,63,41,64,54,41,41,41,41,38,71,44,44,71,77,76,76,76,77,45,49,70,77,77,69,0,0],"gold":81,"neow_bonus":"THREE_ENEMY_KILL","is_daily":false,"chose_seed":false,"campfire_upgraded":2,"win_rate":0.0,"timestamp":1612967363,"path_taken":["M","$","?","?","M","E","M","R","T","E","?","?","E","M","R","BOSS","M","?","M","?","$","E","R","$","T","R","?","R","?","E","R","BOSS","M","?","M","?","?","E","R","E","T","R","?","M","$","?","R","BOSS","BOSS","R","$","E","BOSS"],"items_purchased_type":["Card","Relic","Card","Card","Card"],"build_version":"2020-12-22","purchased_purges":2,"victory":false,"max_hp_per_floor":[66,66,66,66,66,66,66,66,66,66,66,71,71,71,71,71,71,71,71,71,71,71,71,71,71,71,71,71,71,71,71,71,71,71,71,71,71,71,71,71,71,71,71,71,77,77,77,77,77,77,77,77,77,77,77,77,77],"card_choices":[{"not_picked":["Flying Knee","Dodge and Roll"],"picked":"Poisoned Stab","floor":1},{"not_picked":["Dodge and Roll","Outmaneuver"],"picked":"Escape Plan","floor":5},{"not_picked":["Tactician","Acrobatics"],"picked":"Blade Dance","floor":6},{"not_picked":["Slice","Tactician"],"picked":"After Image","floor":7},{"not_picked":["Calculated Gamble","Dodge and Roll"],"picked":"Die Die Die","floor":10},{"not_picked":["Tactician","Sucker Punch"],"picked":"Poisoned Stab","floor":11},{"not_picked":["Infinite Blades","Crippling Poison"],"picked":"Footwork","floor":13},{"not_picked":["Blade Dance","Concentrate"],"picked":"Backflip","floor":14},{"not_picked":["Die Die Die","Doppelganger"],"picked":"Burst","floor":16},{"not_picked":["Outmaneuver","Endless Agony"],"picked":"Backflip","floor":18},{"not_picked":["Flying Knee","Deflect","Slice"],"picked":"SKIP","floor":20},{"not_picked":["Quick Slash","Bane"],"picked":"Distraction+1","floor":23},{"not_picked":["Tactician+1","Deflect+1"],"picked":"Calculated Gamble+1","floor":27},{"not_picked":["Underhanded Strike+1","Outmaneuver+1"],"picked":"Dagger Throw","floor":29},{"not_picked":["Glass Knife","Riddle With Holes","Sucker Punch"],"picked":"SKIP","floor":31},{"not_picked":["Storm of Steel+1","Venomology+1"],"picked":"Burst+1","floor":33},{"not_picked":["Dash","Backflip+1"],"picked":"Deadly Poison+1","floor":35},{"not_picked":["Bane","Dagger Spray"],"picked":"Deadly Poison+1","floor":36},{"not_picked":["Skewer","Setup+1"],"picked":"Dash+1","floor":37},{"not_picked":["Quick Slash","Choke","Dash"],"picked":"SKIP","floor":40},{"not_picked":["Caltrops","Skewer"],"picked":"Backflip+1","floor":41},{"not_picked":["Slice","Poisoned Stab"],"picked":"Distraction+1","floor":42},{"not_picked":["Flying Knee","Blade Dance+1"],"picked":"Crippling Poison+1","floor":44},{"not_picked":["Dodge and Roll+1","PiercingWail+1"],"picked":"Catalyst+1","floor":46},{"not_picked":["Sucker Punch","Storm of Steel+1"],"picked":"Acrobatics+1","floor":49},{"not_picked":["Skewer+1","Flying Knee"],"picked":"Outmaneuver+1","floor":53},{"not_picked":["Slice+1","Infinite Blades","Outmaneuver+1"],"picked":"SKIP","floor":55}],"player_experience":4209286,"relics_obtained":[{"floor":6,"key":"Whetstone"},{"floor":9,"key":"Meat on the Bone"},{"floor":10,"key":"Anchor"},{"floor":13,"key":"Juzu Bracelet"},{"floor":21,"key":"Enchiridion"},{"floor":23,"key":"Dream Catcher"},{"floor":26,"key":"Sundial"},{"floor":31,"key":"Happy Flower"},{"floor":36,"key":"Tough Bandages"},{"floor":40,"key":"Regal Pillow"},{"floor":42,"key":"Darkstone Periapt"},{"floor":48,"key":"Incense Burner"},{"floor":55,"key":"Gremlin Horn"}],"event_choices":[{"damage_healed":0,"gold_gain":0,"player_choice":"Ignored","damage_taken":0,"max_hp_gain":0,"max_hp_loss":0,"event_name":"Shining Light","floor":3,"gold_loss":0},{"cards_removed":["Strike_G"],"damage_healed":0,"gold_gain":0,"player_choice":"Offered Basic","damage_taken":0,"max_hp_gain":0,"max_hp_loss":0,"event_name":"Bonfire Elementals","floor":4,"gold_loss":0},{"damage_healed":0,"gold_gain":0,"player_choice":"Donut","damage_taken":0,"max_hp_gain":5,"max_hp_loss":0,"event_name":"Big Fish","floor":12,"gold_loss":0},{"damage_healed":0,"gold_gain":0,"player_choice":"Copied","damage_taken":0,"max_hp_gain":0,"max_hp_loss":0,"event_name":"Duplicator","floor":19,"gold_loss":0,"cards_obtained":["After Image"]},{"damage_healed":0,"gold_gain":0,"player_choice":"Obtained Book","damage_taken":21,"max_hp_gain":0,"max_hp_loss":0,"event_name":"Cursed Tome","floor":21,"gold_loss":0},{"damage_healed":0,"gold_gain":50,"player_choice":"Stole From Cult","damage_taken":0,"max_hp_gain":0,"max_hp_loss":0,"event_name":"Nest","floor":28,"gold_loss":0},{"damage_healed":0,"gold_gain":0,"player_choice":"Ignored","damage_taken":0,"max_hp_gain":0,"max_hp_loss":0,"event_name":"The Mausoleum","floor":30,"gold_loss":0},{"damage_healed":0,"gold_gain":0,"player_choice":"Fight","damage_taken":0,"max_hp_gain":0,"max_hp_loss":0,"event_name":"Mysterious Sphere","floor":36,"gold_loss":0},{"damage_healed":0,"gold_gain":0,"player_choice":"Ignored","damage_taken":0,"max_hp_gain":0,"max_hp_loss":0,"event_name":"Tomb of Lord Red Mask","floor":38,"gold_loss":0},{"damage_healed":0,"gold_gain":0,"player_choice":"Paid Gold","damage_taken":0,"relics_obtained":["Orichalcum"],"max_hp_gain":0,"max_hp_loss":0,"event_name":"WeMeetAgain","floor":39,"gold_loss":70},{"damage_healed":0,"gold_gain":0,"player_choice":"Rummage","damage_taken":0,"relics_obtained":["WarpedTongs"],"max_hp_gain":0,"max_hp_loss":0,"event_name":"Accursed Blacksmith","floor":45,"gold_loss":0,"cards_obtained":["Pain"]},{"damage_healed":0,"gold_gain":0,"player_choice":"Fight","damage_taken":0,"max_hp_gain":0,"max_hp_loss":0,"event_name":"MindBloom","floor":48,"gold_loss":0}],"is_beta":false,"boss_relics":[{"not_picked":["HoveringKite","Black Star"],"picked":"Fusion Hammer"},{"not_picked":["SacredBark","Sozu"],"picked":"Astrolabe"}],"items_purged_floors":[47,54],"is_endless":false,"potions_floor_spawned":[7,14,16,18,31,33,35,40,42,48],"killed_by":"The Heart","ascension_level":20}}