{"host":"iy54rgx5egu9t31x","time":1612950630,"event":{"mods":["2.2 Compatiblity","Act Like it!","Always Whale","BaseMod","Downfall","Gensokyo","Minty Spire (QoL Compilation)","Quick Restart","StSLib","SuperFastMode"],"gold_per_floor":[99,118,131,14,30,56,107,319,346,358,372,382,182,199,218,320,320,320,339,589,599,610,610,635,152,178,58,43,261,294,294,306,411,411,311,325,325,325,341,341,367,398,416,442,453,36,36,36,46,46,46,73,21,21,221,221],"floor_reached":57,"language":"ZHS","playtime":3568,"items_purged":[],"score":1368,"play_id":"7b9dd2fd-add7-45a0-a5b1-f51eb9aea0ba","local_time":"20210210175030","is_ascension_mode":false,"campfire_choices":[{"floor":1.0,"key":"RECALL"},{"data":"champ:EnragedBash","floor":13.0,"key":"SMITH"},{"data":"champ:FancyFootwork","floor":18.0,"key":"SMITH"},{"floor":35.0,"key":"REST"},{"floor":40.0,"key":"REST"},{"floor":47.0,"key":"REST"},{"floor":54.0,"key":"REST"}],"circlet_count":0,"master_deck":["champ:Strike","champ:Strike","champ:Strike","champ:Strike","champ:Defend","champ:Defend+1","champ:Defend","champ:Defend","champ:Execute","champ:Taunt+1","champ:SkillfulDodge","champ:RecklessLeap","champ:FanOfKnives+1","champ:PerfectedStrike","champ:StanceDance","champ:EnragedBash+1","champ:FocusedBerserking","champ:VampiricStrike","champ:GutPunch","champ:PreciseThrust","champ:FancyFootwork+1","champ:TornadoPunch","champ:LastStand","champ:Shatter+1","champ:DefensiveShout","champ:EndlessRage","champ:ShieldWall","champ:EnGarde+1","champ:HoldFirm","champ:Improvising","champ:ShieldSlam+1","champ:MurderStrike","champ:BringItOn+1","Gensokyo:PrivateSquare","champ:GladiatorForm","champ:GutPunch+1","champ:CrownThrow+1","champ:SetATrap+1","champ:BladeFlurry","champ:AdrenalArmor+1","Gensokyo:ManorOfTheDishes","champ:Lariat+1","champ:AdrenalArmor"],"relics":["champ:ChampionCrown","Potion Belt","Art of War","Blood Vial","champ:DefensiveTrainingManual","Meat on the Bone","downfall:HeartBlessingRed","downfall:HeartBlessingGreen","Black Star","Gensokyo:DirgeOfMelancholy","OrangePellets","champ:BerserkersGuideToSlaughter","Ancient Tea Set","Lizard Tail","Gensokyo:MaskOfHope","Pen Nib","Vajra","Juzu Bracelet","Bronze Scales","Fusion Hammer","downfall:HeartBlessingBlue","Omamori","PreservedInsect","War Paint","Regal Pillow","Centennial Puzzle","Toolbox","Lantern","Happy Flower","Bag of Marbles"],"acts_visited":["Gensokyo:Gensokyo","Gensokyo:Gensokyoer","Gensokyo:Gensokyoest","TheEnding"],"potions_floor_usage":[56,56],"damage_taken":[{"damage":21.0,"enemies":"Gensokyo:2_Kodama","floor":2.0,"turns":5.0},{"damage":10.0,"enemies":"Gensokyo:Python","floor":3.0,"turns":4.0},{"damage":23.0,"enemies":"Gensokyo:3_Fairies","floor":5.0,"turns":6.0},{"damage":40.0,"enemies":"Gensokyo:Mamizou","floor":6.0,"turns":8.0},{"damage":29.0,"enemies":"Gensokyo:2_Rabbits","floor":8.0,"turns":5.0},{"damage":31.0,"enemies":"Gensokyo:Aya","floor":9.0,"turns":7.0},{"damage":21.0,"enemies":"Gensokyo:3_Kodama","floor":10.0,"turns":4.0},{"damage":15.0,"enemies":"Gensokyo:VengefulSpirit","floor":11.0,"turns":3.0},{"damage":15.0,"enemies":"Gensokyo:LivingMonolith","floor":12.0,"turns":3.0},{"damage":11.0,"enemies":"Gensokyo:Gryphon_and_Rabbit","floor":14.0,"turns":3.0},{"damage":5.0,"enemies":"Gensokyo:Python_and_Kodama","floor":15.0,"turns":2.0},{"damage":57.0,"enemies":"WA_ARCHETYPE_RETAIN","floor":16.0,"turns":6.0},{"damage":7.0,"enemies":"Gensokyo:CosmicMonolith","floor":19.0,"turns":4.0},{"damage":1.0,"enemies":"Gensokyo:Chomper","floor":21.0,"turns":3.0},{"damage":54.0,"enemies":"Gensokyo:Monolith_and_Dog","floor":22.0,"turns":7.0},{"damage":36.0,"enemies":"Gensokyo:Tenshi","floor":26.0,"turns":7.0},{"damage":0.0,"enemies":"downfall:FleeingMerchant","floor":28.0,"turns":4.0},{"damage":79.0,"enemies":"Gensokyo:Chomper_and_Gloop","floor":29.0,"turns":7.0},{"damage":1.0,"enemies":"Gensokyo:Reisen","floor":30.0,"turns":5.0},{"damage":2.0,"enemies":"Gensokyo:Wraith","floor":32.0,"turns":3.0},{"damage":68.0,"enemies":"DF_ARCHETYPE_CLAW","floor":33.0,"turns":9.0},{"damage":8.0,"enemies":"Gensokyo:3_Boulders","floor":36.0,"turns":5.0},{"damage":21.0,"enemies":"Gensokyo:AncientGuardian","floor":39.0,"turns":6.0},{"damage":5.0,"enemies":"Gensokyo:Marisa","floor":42.0,"turns":8.0},{"damage":73.0,"enemies":"Gensokyo:Rafflesia","floor":43.0,"turns":8.0},{"damage":43.0,"enemies":"Gensokyo:Doremy","floor":44.0,"turns":6.0},{"damage":9.0,"enemies":"Gensokyo:Dusk_and_Dawn","floor":45.0,"turns":5.0},{"damage":5.0,"enemies":"Gensokyo:4_Bats","floor":49.0,"turns":2.0},{"damage":7.0,"enemies":"SI_POISON_ARCHETYPE","floor":50.0,"turns":10.0},{"damage":87.0,"enemies":"downfall:CharBossMerchant","floor":52.0,"turns":7.0},{"damage":51.0,"enemies":"downfall:NeowBoss","floor":55.0,"turns":14.0},{"damage":79,"enemies":"downfall:NeowBossFinal","floor":56,"turns":10}],"seed_played":"302082661174229122","potions_obtained":[{"floor":3.0,"key":"Block Potion"},{"floor":5.0,"key":"Swift Potion"},{"floor":9.0,"key":"Dexterity Potion"},{"floor":10.0,"key":"Fire Potion"},{"floor":11.0,"key":"Weak Potion"},{"floor":14.0,"key":"Energy Potion"},{"floor":16.0,"key":"DuplicationPotion"},{"floor":22.0,"key":"SkillPotion"},{"floor":26.0,"key":"SkillPotion"},{"floor":29.0,"key":"Swift Potion"},{"floor":32.0,"key":"DuplicationPotion"},{"floor":36.0,"key":"DistilledChaos"},{"floor":44.0,"key":"Regen Potion"},{"floor":45.0,"key":"Energy Potion"},{"floor":52.0,"key":"champ:UltimateStancePotion"}],"is_trial":false,"path_per_floor":["R","M","M","COS","M","E","T","M","E","M","M","M","R","M","M","B",null,"R","M","?","M","M","?","T","COS","E","?","$","M","E","?","M","B",null,"R","M","?","?","M","R","T","E","M","E","M","COS","R","?","M","B",null,"E","$","R","B","B",null],"character_chosen":"THE_CHAMP","items_purchased":["SteroidPotion"],"campfire_rested":4,"item_purchase_floors":[53],"current_hp_per_floor":[90,89,89,89,86,71,71,69,45,53,55,57,57,58,60,42,90,90,83,83,84,51,51,51,51,39,39,58,18,36,31,43,19,85,95,95,95,95,79,95,95,95,69,58,56,56,95,80,95,95,95,57,57,95,95,95],"gold":221,"neow_bonus":"RANDOM_COMMON_RELIC","is_daily":false,"chose_seed":false,"campfire_upgraded":2,"win_rate":0.0,"timestamp":1612950630,"path_taken":["R","M","M","COS","M","E","T","M","E","M","M","M","R","?","M","BOSS","R","M","?","M","M","?","T","COS","E","?","$","M","E","?","M","BOSS","R","M","?","?","M","R","T","E","M","E","M","COS","R","?","M","BOSS","E","$","R","BOSS","BOSS"],"items_purchased_type":["Potion"],"build_version":"2020-12-22","purchased_purges":0,"victory":true,"max_hp_per_floor":[90,90,90,90,90,90,90,90,90,90,90,90,90,90,90,90,90,90,90,85,85,85,85,85,85,85,85,85,85,85,85,85,85,85,95,95,95,95,95,95,95,95,95,95,95,95,95,95,95,95,95,95,95,95,95,95],"card_choices":[{"not_picked":["champ:EnGarde","champ:Parry"],"picked":"champ:SkillfulDodge","floor":2.0},{"not_picked":["champ:ShieldWall","champ:Haymaker"],"picked":"champ:RecklessLeap","floor":3.0},{"not_picked":["champ:DefensiveShout+1","champ:TornadoPunch+1"],"picked":"champ:FanOfKnives+1","floor":5.0},{"not_picked":["champ:IronFortress","champ:CrownThrow"],"picked":"champ:PerfectedStrike","floor":5.0},{"not_picked":["champ:Backstep","champ:TornadoPunch"],"picked":"champ:StanceDance","floor":6.0},{"not_picked":["champ:CrownThrow","champ:StanceDance"],"picked":"champ:EnragedBash","floor":8.0},{"not_picked":["champ:Lariat","champ:PreemptiveStrike"],"picked":"champ:FocusedBerserking","floor":9.0},{"not_picked":["champ:TornadoPunch","champ:AdrenalArmor"],"picked":"champ:VampiricStrike","floor":10.0},{"not_picked":["champ:FalseCounter","champ:FocusedDefense"],"picked":"champ:GutPunch","floor":11.0},{"not_picked":["champ:BladeFlurry","champ:DefensiveShout"],"picked":"champ:PreciseThrust","floor":12.0},{"not_picked":["champ:Backstep","champ:EnragedBash"],"picked":"champ:FancyFootwork","floor":14.0},{"not_picked":["champ:BerserkersShout","champ:EnGarde"],"picked":"champ:TornadoPunch","floor":15.0},{"not_picked":["champ:GladiatorForm","champ:Devastate"],"picked":"champ:LastStand","floor":16.0},{"not_picked":["champ:HeartStrike+1","champ:DefensiveShout+1"],"picked":"champ:Shatter+1","floor":19.0},{"not_picked":["champ:StanceDance","champ:GutPunch"],"picked":"champ:DefensiveShout","floor":21.0},{"not_picked":["champ:SetATrap","champ:CrookedStrike"],"picked":"champ:EndlessRage","floor":22.0},{"not_picked":["champ:DefensiveShout","champ:Encircle"],"picked":"champ:ShieldWall","floor":26.0},{"not_picked":["champ:HeartStrike","champ:BringItOn"],"picked":"champ:EnGarde+1","floor":28.0},{"not_picked":["champ:FalseCounter","champ:FaceSlap"],"picked":"champ:HoldFirm","floor":29.0},{"not_picked":["champ:FaceSlap","champ:FlashCut+1"],"picked":"champ:Improvising","floor":30.0},{"not_picked":["champ:Endure","champ:RapidStrikes"],"picked":"champ:ShieldSlam+1","floor":32.0},{"not_picked":["champ:ShieldThrow","champ:Improvising"],"picked":"champ:MurderStrike","floor":33.0},{"not_picked":["champ:Backstep","champ:BerserkersShout"],"picked":"champ:BringItOn+1","floor":36.0},{"not_picked":["champ:SwordThrow","champ:IgnorePain"],"picked":"champ:GladiatorForm","floor":39.0},{"not_picked":["champ:FanOfKnives","champ:Shatter+1"],"picked":"champ:GutPunch+1","floor":39.0},{"not_picked":["champ:PerfectedStrike","champ:BringItOn+1"],"picked":"champ:CrownThrow+1","floor":42.0},{"not_picked":["champ:Backstep","champ:PreciseThrust"],"picked":"champ:SetATrap+1","floor":43.0},{"not_picked":["champ:Circumvent","champ:Improvising"],"picked":"champ:BladeFlurry","floor":44.0},{"not_picked":["champ:EnGarde+1","champ:TornadoPunch"],"picked":"champ:AdrenalArmor+1","floor":45.0},{"not_picked":["champ:FancyFootwork","champ:PerfectedStrike"],"picked":"champ:Lariat+1","floor":49.0},{"not_picked":["champ:Circumvent","champ:FocusedBerserking"],"picked":"champ:AdrenalArmor","floor":52.0}],"player_experience":592007,"relics_obtained":[{"floor":6.0,"key":"Art of War"},{"floor":7.0,"key":"Blood Vial"},{"floor":9.0,"key":"Meat on the Bone"},{"floor":26.0,"key":"Ancient Tea Set"},{"floor":26.0,"key":"Lizard Tail"},{"floor":30.0,"key":"Juzu Bracelet"},{"floor":30.0,"key":"Bronze Scales"},{"floor":41.0,"key":"Omamori"},{"floor":42.0,"key":"PreservedInsect"},{"floor":42.0,"key":"War Paint"},{"floor":44.0,"key":"Regal Pillow"},{"floor":44.0,"key":"Centennial Puzzle"},{"floor":52.0,"key":"Happy Flower"},{"floor":52.0,"key":"Bag of Marbles"}],"event_choices":[],"is_beta":false,"boss_relics":[{"not_picked":["Coffee Dripper","bronze:MakeshiftBattery"],"picked":"Black Star"},{"not_picked":["Runic Dome","Velvet Choker"],"picked":"Fusion Hammer"}],"items_purged_floors":[],"is_endless":false,"potions_floor_spawned":[3,5,9,10,11,14,16,22,26,29,32,36,44,45,52],"ascension_level":0}}