{"host":"6xsbn6ynqlzwllfm","time":1612975418,"event":{"mods":["2.2 Compatiblity","BaseMod","Bestiary","Colored Map","Colored Powertips","Curses Come First","Highlight Path","Keyboard Shortcuts","Minty Spire (QoL Compilation)","Relic Stats","Slay the Relics Exporter","StSLib","SuperFastMode"],"gold_per_floor":[115,132,149,160,172,172,198,198,223,256,273,273,299,312,312,386,386,406,406,31,31,41,41,75,85,110,35,47,47,47,78,78,157,157,175,175,175,191,206,206,235,248,319,319,354,354,371,168,168,168,168,168,168,39,66,66],"floor_reached":57,"language":"ENG","playtime":3387,"items_purged":[],"score":2894,"play_id":"a4ae05f9-00eb-456b-a672-260f3306c59d","local_time":"20210210114338","is_ascension_mode":true,"campfire_choices":[{"data":"Havoc","floor":6,"key":"SMITH"},{"data":"Demon Form","floor":8,"key":"SMITH"},{"data":"True Grit","floor":12,"key":"SMITH"},{"data":"Immolate","floor":15,"key":"SMITH"},{"data":"Master of Strategy","floor":23,"key":"SMITH"},{"data":"Heavy Blade","floor":29,"key":"SMITH"},{"floor":32,"key":"REST"},{"floor":40,"key":"RECALL"},{"data":"Feel No Pain","floor":44,"key":"SMITH"},{"data":"Feel No Pain","floor":49,"key":"SMITH"},{"data":"Sword Boomerang","floor":53,"key":"SMITH"}],"circlet_count":0,"master_deck":["AscendersBane","Defend_R+1","Defend_R+1","Defend_R+1","Defend_R+1","Bash","Cleave","Inflame","True Grit+1","Demon Form+1","Havoc+1","Clothesline","Headbutt","Heavy Blade+1","Carnage+1","Flame Barrier+1","Corruption+1","Thunderclap","Master of Strategy+1","Sword Boomerang+1","Reaper","Flame Barrier","Reaper","Finesse","Good Instincts","Impatience","Flame Barrier","Shockwave","Power Through+1","Feel No Pain+1","Shockwave+1","True Grit","Feel No Pain+1","Ghostly Armor","Metallicize"],"relics":["Burning Blood","Art of War","PreservedInsect","Toy Ornithopter","Strawberry","Astrolabe","ClockworkSouvenir","Calipers","Potion Belt","Enchiridion","HornCleat","Coffee Dripper","Bottled Lightning","Eternal Feather","InkBottle"],"acts_visited":["Exordium","TheCity","TheBeyond","TheEnding"],"potions_floor_usage":[7,24,24,33,45,50,55,56,56,56],"damage_taken":[{"damage":0,"enemies":"Cultist","floor":1,"turns":2},{"damage":11,"enemies":"Small Slimes","floor":2,"turns":3},{"damage":0,"enemies":"Jaw Worm","floor":3,"turns":3},{"damage":2,"enemies":"2 Fungi Beasts","floor":4,"turns":3},{"damage":17,"enemies":"Large Slime","floor":5,"turns":5},{"damage":8,"enemies":"Lagavulin","floor":7,"turns":5},{"damage":6,"enemies":"Gremlin Nob","floor":10,"turns":3},{"damage":14,"enemies":"Blue Slaver","floor":11,"turns":3},{"damage":0,"enemies":"Lagavulin","floor":13,"turns":4},{"damage":8,"enemies":"Lots of Slimes","floor":14,"turns":2},{"damage":0,"enemies":"Slime Boss","floor":16,"turns":5},{"damage":23,"enemies":"2 Thieves","floor":18,"turns":3},{"damage":0,"enemies":"Spheric Guardian","floor":22,"turns":3},{"damage":12,"enemies":"Gremlin Leader","floor":24,"turns":4},{"damage":34,"enemies":"Snake Plant","floor":25,"turns":5},{"damage":9,"enemies":"Snecko","floor":28,"turns":4},{"damage":21,"enemies":"Book of Stabbing","floor":31,"turns":5},{"damage":74,"enemies":"Automaton","floor":33,"turns":10},{"damage":3,"enemies":"3 Shapes","floor":35,"turns":6},{"damage":17,"enemies":"3 Darklings","floor":38,"turns":5},{"damage":17,"enemies":"Sphere and 2 Shapes","floor":39,"turns":4},{"damage":31,"enemies":"Giant Head","floor":41,"turns":6},{"damage":2,"enemies":"Writhing Mass","floor":42,"turns":6},{"damage":58,"enemies":"Nemesis","floor":45,"turns":11},{"damage":0,"enemies":"Spire Growth","floor":47,"turns":6},{"damage":60,"enemies":"Time Eater","floor":50,"turns":13},{"damage":82,"enemies":"Awakened One","floor":51,"turns":9},{"damage":41,"enemies":"Shield and Spear","floor":55,"turns":7},{"damage":18,"enemies":"The Heart","floor":56,"turns":10}],"seed_played":"4737271855144416215","potions_obtained":[{"floor":4,"key":"Block Potion"},{"floor":5,"key":"LiquidBronze"},{"floor":7,"key":"FairyPotion"},{"floor":18,"key":"Energy Potion"},{"floor":22,"key":"Fire Potion"},{"floor":25,"key":"Strength Potion"},{"floor":31,"key":"FairyPotion"},{"floor":35,"key":"ElixirPotion"},{"floor":38,"key":"BlessingOfTheForge"},{"floor":42,"key":"Explosive Potion"},{"floor":45,"key":"EssenceOfSteel"}],"is_trial":false,"path_per_floor":["M","M","M","M","M","R","E","R","T","E","M","R","E","M","R","B",null,"M","?","$","?","M","R","E","M","T","?","M","R","?","E","R","B",null,"M","?","?","M","M","R","E","M","T","R","E","?","M","$","R","B","B",null,"R","$","E","B",null],"character_chosen":"IRONCLAD","items_purchased":["Master of Strategy","ClockworkSouvenir","Feel No Pain","Ghostly Armor","Regen Potion","GamblersBrew","Metallicize"],"campfire_rested":1,"item_purchase_floors":[20,20,48,48,48,54,54],"current_hp_per_floor":[56,51,57,61,50,50,48,48,48,48,40,40,53,51,51,57,76,59,59,59,59,65,65,69,50,50,50,56,56,35,20,44,31,69,82,72,72,77,71,71,73,82,82,82,71,71,82,82,82,57,26,68,82,82,82,82],"gold":66,"neow_bonus":"TRANSFORM_TWO_CARDS","is_daily":false,"chose_seed":false,"campfire_upgraded":9,"win_rate":0.0,"timestamp":1612975418,"path_taken":["M","M","M","?","M","R","E","R","T","E","?","R","E","?","R","BOSS","M","?","$","?","M","R","E","M","T","?","M","R","?","E","R","BOSS","M","?","?","M","?","R","E","?","T","R","E","?","M","$","R","BOSS","BOSS","R","$","E","BOSS"],"items_purchased_type":["Card","Relic","Card","Card","Potion","Potion","Card"],"build_version":"2020-12-22","purchased_purges":0,"victory":true,"max_hp_per_floor":[75,75,75,75,75,75,75,75,75,75,75,75,82,82,82,82,82,82,82,82,82,82,82,82,82,82,82,82,82,82,82,82,82,82,82,82,82,82,82,82,82,82,82,82,82,82,82,82,82,82,82,82,82,82,82,82],"relic_stats":{"counters":[29,155],"Astrolabe":["Carnage","Flame Barrier","Corruption"],"Eternal Feather":14,"PreservedInsect":397,"Art of War":[35],"obtain_stats":[{"Potion Belt":26,"Calipers":24,"Astrolabe":17,"Enchiridion":30,"Eternal Feather":45,"PreservedInsect":9,"Burning Blood":0,"ClockworkSouvenir":20,"HornCleat":31,"Strawberry":13,"Art of War":7,"Coffee Dripper":34,"Bottled Lightning":41,"Toy Ornithopter":10,"InkBottle":55},{"Potion Belt":15,"Calipers":14,"Astrolabe":11,"Enchiridion":16,"Eternal Feather":24,"PreservedInsect":6,"Burning Blood":0,"ClockworkSouvenir":12,"HornCleat":17,"Strawberry":9,"Art of War":6,"Coffee Dripper":18,"Bottled Lightning":22,"Toy Ornithopter":7,"InkBottle":28},{"Potion Belt":53,"Calipers":48,"Astrolabe":38,"Enchiridion":57,"Eternal Feather":110,"PreservedInsect":21,"Burning Blood":0,"ClockworkSouvenir":41,"HornCleat":62,"Strawberry":31,"Art of War":21,"Coffee Dripper":72,"Bottled Lightning":93,"Toy Ornithopter":24,"InkBottle":145}],"Burning Blood":144,"Toy Ornithopter":35,"InkBottle":[5]},"card_choices":[{"not_picked":["Anger","Flex"],"picked":"Inflame","floor":1},{"not_picked":["Body Slam","Fire Breathing"],"picked":"True Grit","floor":2},{"not_picked":["Entrench","Twin Strike"],"picked":"Demon Form","floor":3},{"not_picked":["Pommel Strike","Whirlwind"],"picked":"Havoc","floor":4},{"not_picked":["Searing Blow","Rupture"],"picked":"Headbutt","floor":5},{"not_picked":["Fire Breathing","Clash"],"picked":"Clothesline","floor":7},{"not_picked":["Anger","Clothesline"],"picked":"Headbutt","floor":10},{"not_picked":["Spot Weakness","Thunderclap"],"picked":"Heavy Blade","floor":11},{"not_picked":["Dropkick","Berserk"],"picked":"Warcry","floor":13},{"not_picked":["Intimidate","True Grit","Twin Strike"],"picked":"SKIP","floor":14},{"not_picked":["Clash","Heavy Blade"],"picked":"Thunderclap","floor":18},{"not_picked":["Intimidate","Pommel Strike"],"picked":"Sword Boomerang","floor":22},{"not_picked":["Feel No Pain","Warcry"],"picked":"Reaper","floor":24},{"not_picked":["Headbutt","Twin Strike","Body Slam"],"picked":"SKIP","floor":25},{"not_picked":["Havoc","Evolve"],"picked":"Flame Barrier","floor":28},{"not_picked":["Barricade","Limit Break"],"picked":"Reaper","floor":33},{"not_picked":["Wild Strike","Dropkick","Spot Weakness+1"],"picked":"SKIP","floor":35},{"not_picked":["Jack Of All Trades","Swift Strike"],"picked":"Finesse","floor":36},{"not_picked":["Enlightenment","Dramatic Entrance"],"picked":"Good Instincts","floor":36},{"not_picked":["Deep Breath","Mind Blast"],"picked":"Impatience","floor":36},{"not_picked":["Sword Boomerang","Havoc+1"],"picked":"Shockwave","floor":38},{"not_picked":["Flex","Body Slam"],"picked":"Power Through+1","floor":39},{"not_picked":["Evolve","Sword Boomerang+1"],"picked":"Feel No Pain","floor":41},{"not_picked":["Rupture+1","Juggernaut","Carnage+1"],"picked":"SKIP","floor":42},{"not_picked":["Cleave+1","Whirlwind"],"picked":"Shockwave+1","floor":45},{"not_picked":["Metallicize","Perfected Strike"],"picked":"True Grit","floor":47},{"not_picked":["Havoc","Heavy Blade","Clash"],"picked":"SKIP","floor":55}],"player_experience":1428410,"relics_obtained":[{"floor":7,"key":"Art of War"},{"floor":9,"key":"PreservedInsect"},{"floor":10,"key":"Toy Ornithopter"},{"floor":13,"key":"Strawberry"},{"floor":24,"key":"Calipers"},{"floor":26,"key":"Potion Belt"},{"floor":30,"key":"Enchiridion"},{"floor":31,"key":"HornCleat"},{"floor":41,"key":"Bottled Lightning"},{"floor":45,"key":"Eternal Feather"},{"floor":55,"key":"InkBottle"}],"event_choices":[{"damage_healed":0,"gold_gain":0,"player_choice":"Simplicity","damage_taken":0,"max_hp_gain":0,"max_hp_loss":0,"event_name":"Back to Basics","floor":19,"gold_loss":0,"cards_upgraded":["Defend_R","Defend_R","Defend_R","Defend_R"]},{"damage_healed":0,"gold_gain":0,"player_choice":"Ignored","damage_taken":0,"max_hp_gain":0,"max_hp_loss":0,"event_name":"Vampires","floor":21,"gold_loss":0},{"cards_removed":["Headbutt"],"damage_healed":0,"gold_gain":0,"player_choice":"Gave Gold","damage_taken":0,"max_hp_gain":0,"max_hp_loss":0,"event_name":"Beggar","floor":27,"gold_loss":75},{"damage_healed":0,"gold_gain":0,"player_choice":"Obtained Book","damage_taken":21,"max_hp_gain":0,"max_hp_loss":0,"event_name":"Cursed Tome","floor":30,"gold_loss":0},{"damage_healed":0,"gold_gain":0,"player_choice":"Memory 3","damage_taken":10,"max_hp_gain":0,"max_hp_loss":0,"event_name":"SensoryStone","floor":36,"gold_loss":0},{"damage_healed":0,"gold_gain":0,"cards_transformed":["Warcry"],"player_choice":"Transformed","damage_taken":0,"max_hp_gain":0,"max_hp_loss":0,"event_name":"Transmorgrifier","floor":37,"gold_loss":0,"cards_obtained":["Flame Barrier"]},{"cards_removed":["Immolate"],"damage_healed":0,"gold_gain":0,"player_choice":"Removed Attack","damage_taken":0,"max_hp_gain":0,"max_hp_loss":0,"event_name":"Falling","floor":46,"gold_loss":0}],"is_beta":false,"boss_relics":[{"not_picked":["Philosopher\u0027s Stone","Sozu"],"picked":"Astrolabe"},{"not_picked":["Runic Cube","Black Blood"],"picked":"Coffee Dripper"}],"items_purged_floors":[],"is_endless":false,"potions_floor_spawned":[4,5,7,13,18,22,25,31,35,38,42,45],"ascension_level":20}}