{"host":"7r6bd5ce6zscnmwq","time":1612955241,"event":{"mods":["BaseMod","Block Reminder","Colored Map","Colored Powertips","Curses Come First","Downfall","Minty Spire (QoL Compilation)","Quick Restart","Spicy Shops","StSLib"],"gold_per_floor":[99,118,137,151,38,50,50,50,66,96,96,96,108,125,135,240,240,240,258,272,285,285,299,377,395,407,407,108,8,38,58,68,165,165,65,165,176,226,273,173,225,139,239,254,254,270,270,284,294,294,294,322,21,21,21,21],"floor_reached":57,"language":"ENG","playtime":6154,"items_purged":["Slimebound:Defend_Slimebound","Decay","Slimebound:Strike_Slimebound","Slimebound:FirmFortitude","downfall:Icky"],"score":1172,"play_id":"d72024f6-44e5-4d07-b3aa-9001e01e55b1","local_time":"20210210200721","is_ascension_mode":false,"campfire_choices":[{"data":"Slimebound:CorrosiveSpit","floor":1.0,"key":"SMITH"},{"data":"Slimebound:LeadByExample","floor":8.0,"key":"SMITH"},{"data":"Slimebound:GoopSpray","floor":12.0,"key":"SMITH"},{"floor":18.0,"key":"RECALL"},{"data":"Slimebound:WasteNot","floor":29.0,"key":"SMITH"},{"data":"Slimebound:SelfFormingGoo","floor":35,"key":"SMITH"},{"data":"Slimebound:FirmFortitude","floor":40,"key":"SMITH"},{"data":"Slimebound:DuplicatedForm","floor":45,"key":"SMITH"},{"data":"Slimebound:SlimeBarrage","floor":47,"key":"SMITH"},{"data":"Slimebound:Split","floor":54,"key":"SMITH"}],"circlet_count":0,"master_deck":["Slimebound:Strike_Slimebound","Slimebound:Strike_Slimebound","Slimebound:Defend_Slimebound+1","Slimebound:Defend_Slimebound","Slimebound:Split+1","Slimebound:LeadByExample+1","Slimebound:SplitLeeching+1","Slimebound:SlimeSpikes","Slimebound:DisruptingSlam","Slimebound:Schlurp","Slimebound:SplitMire","Slimebound:GoopSpray+1","Slimebound:Repurpose","Slimebound:Prepare+1","Slimebound:ForwardTackle","Slimebound:Gluttony+1","Slimebound:SplitMire+1","Slimebound:RallyTheTroops","Slimebound:WasteNot+1","Slimebound:Darklings","Slimebound:SlimeBarrage+1","Slimebound:SelfFormingGoo+1","Slimebound:MassFeed+1","Slimebound:SplitSpecialist+1","Slimebound:HauntingLick+1","Slimebound:Split+1","Slimebound:HauntingLick","Slimebound:SlimeBrawl","Slimebound:FirmFortitude+1","Mind Blast","Slimebound:LeadByExample+1","Slimebound:DuplicatedForm+1","Injury"],"relics":["Slimebound:AbsorbEndCombatUpgraded","Meat on the Bone","Potion Belt","downfall:ShatteredFragment","Membership Card","downfall:HeartBlessingBlue","Happy Flower","Astrolabe","downfall:HeartBlessingRed","downfall:GremlinSack","Mango","FossilizedHelix","downfall:HeartBlessingGreen","Pen Nib","Medical Kit","Eternal Feather","War Paint","Pear","Incense Burner","Pocketwatch"],"acts_visited":["Exordium","TheCity","TheBeyond","TheEnding"],"potions_floor_usage":[30,30,30,33,33,49,52,52,55,55,56],"damage_taken":[{"damage":0.0,"enemies":"Cultist","floor":2.0,"turns":3.0},{"damage":8.0,"enemies":"Small Slimes","floor":3.0,"turns":4.0},{"damage":0.0,"enemies":"2 Louse","floor":4.0,"turns":3.0},{"damage":3.0,"enemies":"downfall:FleeingMerchant","floor":5.0,"turns":4.0},{"damage":0.0,"enemies":"2 Fungi Beasts","floor":6.0,"turns":3.0},{"damage":10.0,"enemies":"Red Slaver","floor":9.0,"turns":3.0},{"damage":6.0,"enemies":"Blue Slaver","floor":13.0,"turns":3.0},{"damage":0.0,"enemies":"Large Slime","floor":14.0,"turns":4.0},{"damage":2.0,"enemies":"Exordium Wildlife","floor":15.0,"turns":3.0},{"damage":3.0,"enemies":"SI_SHIV_ARCHETYPE","floor":16.0,"turns":7.0},{"damage":8.0,"enemies":"3 Byrds","floor":19.0,"turns":4.0},{"damage":2.0,"enemies":"Shell Parasite","floor":20.0,"turns":5.0},{"damage":1.0,"enemies":"Snake Plant","floor":21.0,"turns":3.0},{"damage":15.0,"enemies":"Snecko","floor":23.0,"turns":5.0},{"damage":1.0,"enemies":"Cultist and Chosen","floor":25.0,"turns":5.0},{"damage":9.0,"enemies":"Shelled Parasite and Fungi","floor":26.0,"turns":4.0},{"damage":3.0,"enemies":"downfall:FleeingMerchant","floor":28.0,"turns":4.0},{"damage":8,"enemies":"Gremlin Leader","floor":30,"turns":5},{"damage":13,"enemies":"Snake Plant","floor":31,"turns":3},{"damage":0,"enemies":"Snecko","floor":32,"turns":3},{"damage":45,"enemies":"DF_ARCHETYPE_CLAW","floor":33,"turns":6},{"damage":2,"enemies":"DF_ARCHETYPE_CLAW","floor":36,"turns":3},{"damage":14,"enemies":"Orb Walker","floor":37,"turns":3},{"damage":3,"enemies":"Orb Walker","floor":38,"turns":5},{"damage":65,"enemies":"2 Orb Walkers","floor":39,"turns":5},{"damage":20,"enemies":"downfall:FleeingMerchant","floor":42,"turns":4},{"damage":0,"enemies":"3 Shapes","floor":44,"turns":4},{"damage":34,"enemies":"Jaw Worm Horde","floor":46,"turns":3},{"damage":24,"enemies":"Spire Growth","floor":48,"turns":4},{"damage":22,"enemies":"Writhing Mass","floor":49,"turns":5},{"damage":69,"enemies":"WA_ARCHETYPE_DIVINITY","floor":50,"turns":9},{"damage":70,"enemies":"downfall:CharBossMerchant","floor":52,"turns":6},{"damage":19,"enemies":"downfall:NeowBoss","floor":55,"turns":10},{"damage":75,"enemies":"downfall:NeowBossFinal","floor":56,"turns":10}],"seed_played":"690280933536630775","potions_obtained":[{"floor":2.0,"key":"Regen Potion"},{"floor":4.0,"key":"Swift Potion"},{"floor":6.0,"key":"AttackPotion"},{"floor":9.0,"key":"Energy Potion"},{"floor":16.0,"key":"ColorlessPotion"},{"floor":19.0,"key":"BlessingOfTheForge"},{"floor":23.0,"key":"ColorlessPotion"},{"floor":25.0,"key":"EssenceOfSteel"},{"floor":31,"key":"AttackPotion"},{"floor":32,"key":"Fire Potion"},{"floor":38,"key":"Swift Potion"},{"floor":44,"key":"FearPotion"},{"floor":46,"key":"SneckoOil"},{"floor":48,"key":"Slimebound:SlimedPotion"},{"floor":49,"key":"SteroidPotion"}],"is_trial":false,"path_per_floor":["R","M","M","M","$","M","T","R","M","?","?","R","M","M","M","B",null,"R","M","M","M","?","M","T","M","M","?","$","R","E","M","M","B",null,"R","?","M","?","?","R","T","$","?","M","R","M","R","M","M","B",null,"E","$","R","B","B",null],"character_chosen":"SLIMEBOUND","items_purchased":["Slimebound:Schlurp","Membership Card","Slimebound:RallyTheTroops","Slimebound:WasteNot","Medical Kit","Eternal Feather","Dexterity Potion","Pear","Incense Burner","Pocketwatch","Ancient Potion"],"campfire_rested":0,"item_purchase_floors":[5,28,28,28,42,42,42,53,53,53,53],"current_hp_per_floor":[65,65,59,63,62,65,65,65,57,57,39,39,37,45,47,52,65,65,60,65,65,65,59,59,65,56,56,62,72,75,68,75,39,75,75,75,61,86,48,48,48,55,55,64,82,70,88,81,74,47,93,63,73,91,102,53],"gold":21,"neow_bonus":"UPGRADE_CARD","is_daily":false,"chose_seed":false,"campfire_upgraded":9,"win_rate":0.0,"timestamp":1612955241,"path_taken":["R","M","M","M","$","M","T","R","?","?","?","R","M","M","M","BOSS","R","M","M","M","?","M","T","M","M","?","$","R","E","M","M","BOSS","R","?","?","?","?","R","T","$","?","M","R","M","R","M","M","BOSS","E","$","R","BOSS","BOSS"],"items_purchased_type":["Card","Relic","Card","Card","Relic","Relic","Potion","Relic","Relic","Relic","Potion"],"build_version":"2020-12-22","purchased_purges":5,"victory":true,"max_hp_per_floor":[65,65,65,65,65,65,65,65,65,65,65,65,65,65,65,65,65,65,65,65,65,65,65,65,65,65,65,65,75,75,75,75,75,75,75,75,75,89,89,89,89,89,89,89,89,89,89,93,93,93,93,97,107,107,107,107],"card_choices":[{"not_picked":["Slimebound:Replication","Slimebound:SplitAcid"],"picked":"Slimebound:LeadByExample","floor":2.0},{"not_picked":["Slimebound:SlimeSpikes","Slimebound:ItLooksTasty"],"picked":"Slimebound:SplitLeeching","floor":3.0},{"not_picked":["Slimebound:RollThrough","Slimebound:Chomp"],"picked":"Slimebound:SlimeSpikes","floor":4.0},{"not_picked":["Slimebound:HauntingLick","Slimebound:SplitLeeching"],"picked":"Slimebound:DisruptingSlam","floor":5.0},{"not_picked":["Slimebound:Chomp","Slimebound:RainOfGoop"],"picked":"Slimebound:SplitMire","floor":6.0},{"not_picked":["Slimebound:PressTheAttack","Slimebound:Schlurp"],"picked":"Slimebound:GoopSpray","floor":9.0},{"not_picked":["Slimebound:ComboTackle","Slimebound:SplitBruiser","Slimebound:LeechingTouch"],"picked":"SKIP","floor":13.0},{"not_picked":["Slimebound:LivingWall","Slimebound:Prepare"],"picked":"Slimebound:Repurpose","floor":14.0},{"not_picked":["Slimebound:LeechEnergy","Slimebound:RejuvenatingLick","Slimebound:GoopTackle"],"picked":"SKIP","floor":15.0},{"not_picked":["Slimebound:Overexert","Slimebound:DouseInSlime"],"picked":"Slimebound:FirmFortitude","floor":16.0},{"not_picked":["Slimebound:GoopTackle","Slimebound:HauntingLick+1","Slimebound:Chomp"],"picked":"SKIP","floor":19.0},{"not_picked":["Slimebound:ComboTackle","Slimebound:LeechEnergy"],"picked":"Slimebound:Prepare+1","floor":20.0},{"not_picked":["Slimebound:HauntingLick","Slimebound:FinishingTackle","Slimebound:ProtectTheBoss"],"picked":"SKIP","floor":21.0},{"not_picked":["Slimebound:Chomp","Slimebound:ItLooksTasty","Slimebound:GoopSpray"],"picked":"SKIP","floor":23.0},{"not_picked":["Slimebound:SplitBruiser","Slimebound:ViciousTackle"],"picked":"Slimebound:ForwardTackle","floor":25.0},{"not_picked":["Slimebound:ItLooksTasty","Slimebound:Equalize"],"picked":"Slimebound:Gluttony+1","floor":26.0},{"not_picked":["Slimebound:SamplingLick","Slimebound:HauntingLick"],"picked":"Slimebound:SplitMire+1","floor":28.0},{"not_picked":["Slimebound:ItLooksTasty+1","Slimebound:Equalize"],"picked":"Slimebound:Darklings","floor":30},{"not_picked":["Slimebound:LivingWall","Slimebound:RollThrough","Slimebound:FinishingTackle+1"],"picked":"SKIP","floor":31},{"not_picked":["Slimebound:Schlurp","Slimebound:SamplingLick"],"picked":"Slimebound:SlimeBarrage","floor":32},{"not_picked":["Slimebound:FirmFortitude","Slimebound:OozeBath"],"picked":"Slimebound:SelfFormingGoo","floor":33},{"not_picked":["Slimebound:LivingWall+1","Slimebound:SplitLeeching+1","Slimebound:Schlurp"],"picked":"SKIP","floor":37},{"not_picked":["Slimebound:RollThrough+1","Slimebound:SplitMire+1"],"picked":"Slimebound:LeadByExample+1","floor":39},{"not_picked":["Slimebound:HauntingLick+1","Slimebound:SplitBruiser"],"picked":"Slimebound:DuplicatedForm","floor":42},{"not_picked":["Slimebound:Prepare","Slimebound:RollThrough+1","Slimebound:LeechEnergy+1"],"picked":"SKIP","floor":44},{"not_picked":["Slimebound:Gluttony+1","Slimebound:SamplingLick","Slimebound:SplitLeeching"],"picked":"SKIP","floor":46},{"not_picked":["Slimebound:SlimeSpikes","Slimebound:SplitBruiser+1","Slimebound:Equalize+1"],"picked":"SKIP","floor":48},{"not_picked":["Slimebound:LivingWall+1","Slimebound:FinishingTackle","Slimebound:ForwardTackle+1"],"picked":"SKIP","floor":49},{"not_picked":["Slimebound:FlameTackle","Slimebound:SlimeSpikes","Slimebound:CheckThePlaybook"],"picked":"SKIP","floor":52}],"player_experience":658880,"relics_obtained":[{"floor":7.0,"key":"Meat on the Bone"},{"floor":30,"key":"Happy Flower"},{"floor":36,"key":"downfall:GremlinSack"},{"floor":38,"key":"Mango"},{"floor":39,"key":"FossilizedHelix"},{"floor":41,"key":"Pen Nib"},{"floor":52,"key":"War Paint"}],"event_choices":[{"damage_healed":0.0,"max_hp_gain":0.0,"max_hp_loss":0.0,"gold_gain":0.0,"event_name":"Vampires","player_choice":"Ignored","floor":27.0,"gold_loss":0.0,"damage_taken":0.0},{"damage_healed":0,"gold_gain":0,"player_choice":"Fight","damage_taken":0,"max_hp_gain":0,"max_hp_loss":0,"event_name":"Mysterious Sphere","floor":39,"gold_loss":0}],"is_beta":false,"boss_relics":[{"not_picked":["Cursed Key","Black Star"],"picked":"Slimebound:AbsorbEndCombatUpgraded"},{"not_picked":["Sozu","bronze:MakeshiftBattery"],"picked":"Astrolabe"}],"items_purged_floors":[5,28,28,42,42],"is_endless":false,"potions_floor_spawned":[2,4,6,9,16,19,23,25,31,32,38,44,46,48,49],"ascension_level":0}}