{"host":"takgv9cv6xf64vhq","time":1612949336,"event":{"mods":["BaseMod","Colored Powertips","Conspire","Decade(王小明)","Downfall","Energized Spire","Hermit","Hubris","LagranYue(拉格朗・月)","Marisa（F雨　魔理沙）","Minty Spire (QoL Compilation)","Replay The Spire","StSLib","The Cursed","The Hierophant","The Jungle","The Servant 0.9.4","TheHeartMod"],"gold_per_floor":[109,34,34,44,319,353,353,379,379,394,404,441,441,454,454,555,555,573,589,589,604,604,604,632,632,632,713,713,742,47,57,57,156,156,176,187,187,106,125,125,153,153,178,194,229,229,245,245,245,245,245,245,9,42,42],"floor_reached":56,"language":"ZHS","playtime":3890,"items_purged":["Defend_B","Regret","conspire:Blindness"],"score":1966,"play_id":"d1185207-a611-4656-ba80-d9f7a406646a","local_time":"20210210172856","is_ascension_mode":true,"campfire_choices":[{"data":"Hologram","floor":7.0,"key":"SMITH"},{"data":"Go for the Eyes","floor":13.0,"key":"SMITH"},{"data":"Zap","floor":15.0,"key":"SMITH"},{"data":"Loop","floor":23.0,"key":"SMITH"},{"data":"Buffer","floor":25.0,"key":"SMITH"},{"data":"ReplayTheSpireMod:Fabricate Wheel","floor":28.0,"key":"SMITH"},{"data":"Buffer","floor":32.0,"key":"SMITH"},{"data":"Demonic Infusion","floor":40.0,"key":"SMITH"},{"data":"Dualcast","floor":42.0,"key":"SMITH"},{"floor":49,"key":"RECALL"},{"data":"Disarm","floor":52,"key":"SMITH"}],"circlet_count":0,"master_deck":["Defend_B","Zap+1","Dualcast+1","Hologram+1","Gash","hubris:PowerSurge","All For One","Sweeping Beam","Panic Button","Go for the Eyes+1","Leap","Buffer+1","Capacitor+1","Cold Snap","Loop+1","Reboot","Leap","Buffer+1","Hologram+1","All For One","Steam Power","hubris:PowerSurge+1","Gash","Doom and Gloom","Demonic Infusion+1","Conserve Battery+1","Clothesline","Chaos+1","Stack+1","Violence","conspire:SharedLibrary","Gash+1","Streamline+1","FIFO Queue","Fire Breathing","Gash","Disarm+1","Panic Button","Cold Snap+1","Steam","Aggregate","Recycle","Leap","Leap","ReplayTheSpireMod:IOU","Capacitor","Steam","Heavy Blade"],"relics":["Replay:Fungal Core","Ring of Misfortune","Ring of Fury","Replay:Mystery Machine","Replay:Wax Seal","LagranYue:MagicReflectiveArmorRelic","Darkstone Periapt","Nuclear Battery","hubris:Towel","Replay:PocketPolymizer","hubris:SphereOfDissonance","Replay:Ringing Soul","Prayer Wheel","ReplayFunnel","Bag of Preparation","hubris:DisguiseKit","hubris:GrandSneckoEye","Oddly Smooth Stone","Shuriken","hubris:Icosahedron","ReplayTheSpireMod:CursedCoin","Pen Nib","Bronze Scales","Prayer Wheel"],"acts_visited":["Exordium","TheCity","TheBeyond","TheEnding"],"potions_floor_usage":[50,54,55,55],"damage_taken":[{"damage":0.0,"enemies":"2 Louse","floor":1.0,"turns":3.0},{"damage":0.0,"enemies":"Small Slimes","floor":4.0,"turns":2.0},{"damage":32.0,"enemies":"Lagavulin","floor":6.0,"turns":6.0},{"damage":1.0,"enemies":"3 Sentries","floor":8.0,"turns":5.0},{"damage":0.0,"enemies":"Cultist","floor":10.0,"turns":2.0},{"damage":0.0,"enemies":"3 Louse","floor":11.0,"turns":1.0},{"damage":19.0,"enemies":"conspire:MimicChest","floor":12.0,"turns":8.0},{"damage":1.0,"enemies":"Blue Slaver","floor":14.0,"turns":2.0},{"damage":0.0,"enemies":"Hexaghost","floor":16.0,"turns":8.0},{"damage":0.0,"enemies":"3 Byrds","floor":18.0,"turns":3.0},{"damage":0.0,"enemies":"Shell Parasite","floor":19.0,"turns":7.0},{"damage":0.0,"enemies":"Centurion and Healer","floor":21.0,"turns":6.0},{"damage":20.0,"enemies":"Slavers","floor":24.0,"turns":6.0},{"damage":0.0,"enemies":"conspire:Head Lice","floor":29.0,"turns":8.0},{"damage":0.0,"enemies":"Snake Plant","floor":31.0,"turns":2.0},{"damage":0.0,"enemies":"Collector","floor":33.0,"turns":12.0},{"damage":5.0,"enemies":"3 Shapes","floor":35.0,"turns":2.0},{"damage":0.0,"enemies":"3 Darklings","floor":36.0,"turns":3.0},{"damage":0.0,"enemies":"Sphere and 2 Shapes","floor":39.0,"turns":3.0},{"damage":0.0,"enemies":"R_Hoarder","floor":41.0,"turns":7.0},{"damage":0.0,"enemies":"Jaw Worm Horde","floor":44.0,"turns":1.0},{"damage":0.0,"enemies":"Giant Head","floor":45.0,"turns":4.0},{"damage":30.0,"enemies":"Writhing Mass","floor":47.0,"turns":3.0},{"damage":0,"enemies":"Awakened One","floor":50,"turns":9},{"damage":20,"enemies":"Shield and Spear","floor":54,"turns":3},{"damage":0,"enemies":"The Heart","floor":55,"turns":6}],"seed_played":"1542511740934425671","potions_obtained":[{"floor":4.0,"key":"SkillPotion"},{"floor":6.0,"key":"Fire Potion"},{"floor":8.0,"key":"Reflective Coating"},{"floor":11.0,"key":"Block Potion"},{"floor":21.0,"key":"Dexterity Potion"},{"floor":24.0,"key":"AttackPotion"},{"floor":35.0,"key":"Energy Potion"},{"floor":39.0,"key":"Elixir"},{"floor":44.0,"key":"Explosive Potion"},{"floor":54,"key":"Adrenaline Potion"}],"is_trial":false,"path_per_floor":["M","$","?","M","?","E","R","E","T","M","M","?","R","M","R","B",null,"M","M","?","M","?","R","E","R","T","T","R","E","$","M","R","B",null,"M","M","?","$","M","R","E","R","T","M","E","?","M","?","R","B",null,"R","$","E","B",null],"character_chosen":"DEFECT","items_purchased":["All For One","Bag of Preparation","Steam Power","hubris:DisguiseKit","conspire:SharedLibrary","ReplayTheSpireMod:CursedCoin","Leap","Pen Nib","ColorlessPotion","Capacitor","Steam"],"campfire_rested":0,"item_purchase_floors":[30,30,30,30,38,53,53,53,53,53,53],"current_hp_per_floor":[75,75,75,75,75,43,43,42,42,42,42,23,23,22,22,22,62,62,62,62,62,62,62,42,42,42,42,45,48,51,54,57,60,85,83,86,89,92,95,98,101,101,101,104,107,107,80,80,83,83,111,114,129,112,112],"gold":42,"neow_bonus":"BOSS_RELIC","is_daily":false,"chose_seed":false,"campfire_upgraded":10,"win_rate":0.0,"timestamp":1612949336,"path_taken":["M","$","?","M","?","E","R","E","T","M","?","?","R","?","R","BOSS","M","?","?","M","?","R","E","R","T","?","R","E","$","M","R","BOSS","M","M","?","$","M","R","E","R","T","M","E","?","M","?","R","BOSS","R","$","E","BOSS"],"items_purchased_type":["Card","Relic","Card","Relic","Card","Relic","Card","Relic","Potion","Card","Card"],"build_version":"2020-12-22","purchased_purges":3,"victory":true,"max_hp_per_floor":[75,75,75,75,75,75,75,75,75,75,75,75,75,75,75,75,75,75,75,75,75,75,75,75,75,75,75,78,81,84,87,90,93,93,96,99,102,105,108,111,114,114,114,117,120,114,117,117,120,120,120,123,138,141,141],"card_choices":[{"not_picked":["Loop","Steam Power"],"picked":"Hologram","floor":1.0},{"not_picked":["Coolheaded","FTL"],"picked":"Gash","floor":4.0},{"not_picked":["BootSequence","Coolheaded"],"picked":"hubris:PowerSurge","floor":6.0},{"not_picked":["Rebound","Sweeping Beam"],"picked":"All For One","floor":8.0},{"not_picked":["Time Bomb","Rebound"],"picked":"Sweeping Beam","floor":10.0},{"not_picked":["Rebound","Genetic Algorithm"],"picked":"Panic Button","floor":11.0},{"not_picked":["Chill","Barrage"],"picked":"Go for the Eyes","floor":12.0},{"not_picked":["Time Bomb","Barrage"],"picked":"Leap","floor":14.0},{"not_picked":["Biased Cognition","Creative AI"],"picked":"Buffer","floor":16.0},{"not_picked":["Coolheaded","Turbo"],"picked":"Capacitor+1","floor":18.0},{"not_picked":["Beam Cell","BasicCrystalCard"],"picked":"Cold Snap","floor":19.0},{"not_picked":["Panic Button","Turbo"],"picked":"Loop","floor":21.0},{"not_picked":["Time Bomb","Stack"],"picked":"Reboot","floor":24.0},{"not_picked":["Compile Driver+1","Redo+1"],"picked":"Hologram+1","floor":29.0},{"not_picked":["ReplaySolidLightProjector","Consume","Twin Strike"],"picked":"hubris:PowerSurge+1","floor":31.0},{"not_picked":["Crystallizer","Glacier","Replay:Undeath\u0027s Touch"],"picked":"Gash","floor":31.0},{"not_picked":["Hyperbeam","Multi-Cast","Buffer"],"picked":"Demonic Infusion","floor":33.0},{"not_picked":["Storm","Hologram","ReplayTheSpireMod:Limb From Limb"],"picked":"Conserve Battery+1","floor":35.0},{"not_picked":["Redo","Auto Shields+1","ReplayTheSpireMod:Reroute Power"],"picked":"Clothesline","floor":35.0},{"not_picked":["Doom and Gloom","Leap","ReplayTheSpireMod:LeadingStrike"],"picked":"Chaos+1","floor":36.0},{"not_picked":["Compile Driver","Rebound","Pommel Strike"],"picked":"Stack+1","floor":36.0},{"not_picked":["conspire:Banana","Secret Weapon"],"picked":"Violence","floor":37.0},{"not_picked":["Chaos","Beam Cell+1","ReplayTheSpireMod:Muscle Training"],"picked":"Gash+1","floor":39.0},{"not_picked":["Time Bomb","Undo","Wild Strike"],"picked":"Streamline+1","floor":39.0},{"not_picked":["Panic Button","hubris:PowerSurge+1","Sunder"],"picked":"Fire Breathing","floor":41.0},{"not_picked":["Stack","hubris:Ukulele","ReplayTheSpireMod:Stacked"],"picked":"Gash","floor":44.0},{"not_picked":["Coolheaded","Compile Driver+1","Blizzard"],"picked":"Disarm","floor":44.0},{"not_picked":["Sunder+1","Fusion","Clothesline"],"picked":"Panic Button","floor":45.0},{"not_picked":["Barrage+1","Rebound","Dark Embrace"],"picked":"Cold Snap+1","floor":47.0},{"not_picked":["Genetic Algorithm","Darkness","ReplayTheSpireMod:LeadingStrike"],"picked":"Steam","floor":47.0},{"not_picked":["Beam Cell+1","Auto Shields","Rebound+1"],"picked":"Heavy Blade","floor":54}],"player_experience":485981,"relics_obtained":[{"floor":3.0,"key":"Ring of Misfortune"},{"floor":3.0,"key":"Ring of Fury"},{"floor":6.0,"key":"Replay:Mystery Machine"},{"floor":8.0,"key":"Replay:Wax Seal"},{"floor":9.0,"key":"LagranYue:MagicReflectiveArmorRelic"},{"floor":12.0,"key":"Darkstone Periapt"},{"floor":24.0,"key":"Replay:PocketPolymizer"},{"floor":26.0,"key":"hubris:SphereOfDissonance"},{"floor":27.0,"key":"Replay:Ringing Soul"},{"floor":29.0,"key":"ReplayFunnel"},{"floor":41.0,"key":"Oddly Smooth Stone"},{"floor":45.0,"key":"Shuriken"},{"floor":54,"key":"Bronze Scales"}],"event_choices":[{"damage_healed":0.0,"max_hp_gain":0.0,"max_hp_loss":0.0,"gold_gain":275.0,"event_name":"Golden Shrine","player_choice":"Desecrate","floor":5.0,"gold_loss":0.0,"damage_taken":0.0,"cards_obtained":["Regret"]},{"damage_healed":0.0,"max_hp_gain":0.0,"max_hp_loss":0.0,"gold_gain":0.0,"event_name":"SensoryStone","player_choice":"Memory 1","floor":37.0,"gold_loss":0.0,"damage_taken":0.0},{"damage_healed":0.0,"max_hp_gain":0.0,"max_hp_loss":6.0,"gold_gain":0.0,"event_name":"Winding Halls","player_choice":"Max HP","floor":46.0,"gold_loss":0.0,"damage_taken":0.0}],"is_beta":false,"boss_relics":[{"not_picked":["Busted Crown","energizedSpire:StickyHand"],"picked":"Nuclear Battery"},{"not_picked":["hubris:RunicObelisk","hubris:BlackHole"],"picked":"hubris:GrandSneckoEye"}],"items_purged_floors":[2,30,53],"is_endless":false,"potions_floor_spawned":[4,6,8,11,21,24,35,39,44,54],"ascension_level":5}}