{"host":"sav7uxregyirlf69","time":1612935319,"event":{"mods":["AchievementEnabler","BaseMod","Colored Map","DeckTracker","Keyboard Shortcuts","Minty Spire (QoL Compilation)","READ ME - Guardian Mod","StSLib","SuperFastMode"],"gold_per_floor":[119,119,132,150,150,150,150,150,150,166,191,209,209,232,232,232,232],"floor_reached":16,"language":"KOR","playtime":144,"items_purged":[],"score":188,"play_id":"9d3885fa-76b1-4bdb-aeb4-007854014358","local_time":"20210210143519","is_ascension_mode":true,"campfire_choices":[{"data":"Streamline","floor":6,"key":"SMITH"},{"data":"Zap","floor":8,"key":"SMITH"},{"data":"Reprogram","floor":15,"key":"SMITH"}],"circlet_count":0,"master_deck":["AscendersBane","Strike_B","Strike_B","Strike_B","Strike_B","Defend_B","Defend_B","Defend_B","Defend_B","Zap+1","Dualcast","Gash","Capacitor","Streamline+1","Gash","Genetic Algorithm","Sweeping Beam","Reprogram+1"],"relics":["Cracked Core","NeowsBlessing","Golden Idol","Sundial","Frozen Egg 2"],"acts_visited":["Exordium"],"potions_floor_usage":[16],"damage_taken":[{"damage":0,"enemies":"Cultist","floor":1,"turns":1},{"damage":0,"enemies":"2 Louse","floor":3,"turns":1},{"damage":0,"enemies":"Jaw Worm","floor":4,"turns":1},{"damage":11,"enemies":"2 Fungi Beasts","floor":10,"turns":3},{"damage":12,"enemies":"Looter","floor":11,"turns":3},{"damage":13,"enemies":"Red Slaver","floor":12,"turns":2},{"damage":8,"enemies":"Blue Slaver","floor":14,"turns":3},{"damage":51,"enemies":"Hexaghost","floor":16,"turns":11}],"seed_played":"6441724326855576175","potions_obtained":[{"floor":2,"key":"Block Potion"},{"floor":2,"key":"FairyPotion"}],"is_trial":false,"path_per_floor":["M","?","M","M","?","R","T","R","T","M","M","M","?","M","R","B"],"character_chosen":"DEFECT","items_purchased":[],"campfire_rested":0,"item_purchase_floors":[],"current_hp_per_floor":[64,64,64,64,64,64,64,64,64,53,41,28,28,20,20,0,0],"gold":232,"neow_bonus":"THREE_ENEMY_KILL","is_daily":false,"chose_seed":false,"campfire_upgraded":3,"win_rate":0.0,"timestamp":1612935319,"path_taken":["M","?","M","?","?","R","?","R","T","M","M","M","?","M","R","BOSS"],"items_purchased_type":[],"build_version":"2020-12-22","purchased_purges":0,"victory":false,"max_hp_per_floor":[71,71,71,71,64,64,64,64,64,64,64,64,64,64,64,64,64],"card_choices":[{"not_picked":["Redo","Double Energy"],"picked":"Gash","floor":1},{"not_picked":["Leap","Steam Power"],"picked":"Capacitor","floor":3},{"not_picked":["Turbo","Barrage"],"picked":"Streamline","floor":4},{"not_picked":["Auto Shields","White Noise"],"picked":"Gash","floor":10},{"not_picked":["Ball Lightning","Consume"],"picked":"Genetic Algorithm","floor":11},{"not_picked":["Redo","Steam"],"picked":"Sweeping Beam","floor":12},{"not_picked":["Scrape","Rebound"],"picked":"Reprogram","floor":14}],"player_experience":1547919,"relics_obtained":[{"floor":7,"key":"Sundial"},{"floor":9,"key":"Frozen Egg 2"}],"event_choices":[{"damage_healed":0,"gold_gain":0,"player_choice":"Got Potions","damage_taken":0,"max_hp_gain":0,"max_hp_loss":0,"event_name":"Lab","floor":2,"gold_loss":0},{"damage_healed":0,"gold_gain":0,"player_choice":"Lose Max HP","damage_taken":0,"relics_obtained":["Golden Idol"],"max_hp_gain":0,"max_hp_loss":7,"event_name":"Golden Idol","floor":5,"gold_loss":0},{"damage_healed":0,"gold_gain":0,"player_choice":"Ignored","damage_taken":0,"max_hp_gain":0,"max_hp_loss":0,"event_name":"Liars Game","floor":13,"gold_loss":0}],"is_beta":false,"boss_relics":[],"items_purged_floors":[],"is_endless":false,"potions_floor_spawned":[4,11],"killed_by":"Hexaghost","ascension_level":20}}