{"host":"4so6zk3ni2nu7g2c","time":1612969661,"event":{"mods":["Act Like it!","BaseMod","Gensokyo","Hallownest","Marisa£®ÏF”Í°°ƒß¿Ì…≥£©","Minty Spire (QoL Compilation)","Prisma Mod","Quick Restart","Remilia£®¿Ÿ√◊¿Ú—«£©","Replay The Spire","Shop Mod","StSLib","The Bug Knight"],"gold_per_floor":[115,0,0,0,14,14,41,41,65,65,75,306,306,321,321,426,426,426,426],"floor_reached":18,"language":"ZHS","playtime":701,"items_purged":[],"score":219,"play_id":"1e8531ab-df8b-4939-9265-da44d23bf1d0","local_time":"20210210230741","is_ascension_mode":true,"campfire_choices":[{"data":"HollowMod:PogoStrike","floor":6,"key":"SMITH"},{"data":"HollowMod:LifebloodCore","floor":8,"key":"SMITH"},{"data":"HollowMod:CloakDash","floor":10,"key":"SMITH"},{"data":"HollowMod:GoodIntentions","floor":13,"key":"SMITH"},{"data":"HollowMod:GoodIntentions","floor":15,"key":"SMITH"}],"circlet_count":0,"master_deck":["HollowMod:NailStrikeStart","HollowMod:NailStrikeStart","HollowMod:NailStrikeStart","HollowMod:NailStrikeStart","HollowMod:QuickDashStart","HollowMod:QuickDashStart","HollowMod:QuickDashStart","HollowMod:QuickDashStart","HollowMod:PogoStrike+1","HollowMod:CloakDash+1","HollowMod:LifebloodCore+1","HollowMod:GoodIntentions+1","HollowMod:FastStrike","HollowMod:GoodIntentions+1","HollowMod:SoulMaster"],"relics":["HollowMod:VesselMask","NeowsBlessing","Replay:WaspNest","ReplayTheSpireMod:TigerMarble","Bird Faced Urn","Centennial Puzzle","Dream Catcher"],"acts_visited":["Gensokyo:Gensokyo","Gensokyo:Gensokyoer"],"potions_floor_usage":[12,16,18],"damage_taken":[{"damage":0,"enemies":"Gensokyo:2_Kodama","floor":1,"turns":2},{"damage":3,"enemies":"Gensokyo:Gryphon","floor":5,"turns":2},{"damage":0,"enemies":"Gensokyo:Aya","floor":7,"turns":2},{"damage":0,"enemies":"Gensokyo:Python","floor":11,"turns":4},{"damage":5,"enemies":"Gensokyo:Cirno","floor":12,"turns":5},{"damage":4,"enemies":"Gensokyo:CorruptedTreant","floor":14,"turns":3},{"damage":37,"enemies":"Gensokyo:Yukari","floor":16,"turns":15},{"damage":5,"enemies":"Gensokyo:3_Dogs","floor":18,"turns":2}],"seed_played":"3840520100262704384","potions_obtained":[{"floor":1,"key":"FearPotion"},{"floor":11,"key":"Fire Potion"},{"floor":16,"key":"EntropicBrew"}],"is_trial":false,"path_per_floor":["M","COS","?","?","M","R","E","R","T","R","M","E","R","M","R","B",null,"M"],"character_chosen":"THE_BUGKNIGHT","items_purchased":[],"campfire_rested":0,"item_purchase_floors":[],"current_hp_per_floor":[75,75,60,60,57,57,57,57,57,57,57,52,52,48,48,11,75,70,70],"gold":426,"neow_bonus":"THREE_ENEMY_KILL","is_daily":false,"chose_seed":false,"campfire_upgraded":5,"win_rate":0.0,"timestamp":1612969661,"path_taken":["M","COS","?","?","M","R","E","R","T","R","?","E","R","M","R","BOSS","M"],"items_purchased_type":[],"build_version":"2020-12-22","purchased_purges":0,"victory":false,"max_hp_per_floor":[75,75,75,75,75,75,75,75,75,75,75,75,75,75,75,75,75,75,75],"card_choices":[{"not_picked":["HollowMod:SharpenedShadows","HollowMod:CornifersMapStart","HollowMod:QuirrelsAssistance"],"picked":"SKIP","floor":1},{"not_picked":["HollowMod:NewLittleFool","HollowMod:TaintedHusks"],"picked":"HollowMod:CloakDash","floor":5},{"not_picked":["HollowMod:FastStrike","HollowMod:LuriensSpire"],"picked":"HollowMod:LifebloodCore","floor":7},{"not_picked":["HollowMod:NewLittleFool","HollowMod:SiblingsShadow"],"picked":"HollowMod:GoodIntentions","floor":11},{"not_picked":["HollowMod:NewJinnsSoul","HollowMod:SoulStrike"],"picked":"HollowMod:FastStrike","floor":12},{"not_picked":["HollowMod:HeavyBlow","HollowMod:ShadowDash"],"picked":"HollowMod:GoodIntentions","floor":14},{"not_picked":["HollowMod:ElderbugsWisdom","HollowMod:MidwifesHunger"],"picked":"HollowMod:SoulMaster","floor":16}],"player_experience":416423,"relics_obtained":[{"floor":7,"key":"Bird Faced Urn"},{"floor":12,"key":"Dream Catcher"}],"event_choices":[],"is_beta":false,"boss_relics":[{"not_picked":["Ectoplasm","Snecko Eye","HollowMod:VoidIdolRelic"]}],"items_purged_floors":[],"is_endless":false,"potions_floor_spawned":[1,11,16],"killed_by":"Gensokyo:3_Dogs","ascension_level":3}}