{"host":"am0cr9xwekqmrere","time":1612922090,"event":{"mods":["AchievementEnabler","Act Like it!","BaseMod","Better Altar","Better Match","Better Note","Better Sensory Stone","Better Skull","Better Third Choice","BetterRewards","Conspire","Downfall","Hubris","Infinite Spire","Minty Spire (QoL Compilation)","Rare Cards Sparkle","Spicy Shops","StSLib","Unceasing Turn Reminder"],"gold_per_floor":[99,115,47,322,339,339,339,339],"floor_reached":6,"language":"ENG","playtime":256,"items_purged":[],"score":34,"play_id":"631ae609-9bf3-4c65-9025-7db75c44edc6","local_time":"20210209195450","is_ascension_mode":false,"campfire_choices":[{"data":"bronze:Replicate","floor":1,"key":"SMITH"}],"circlet_count":0,"master_deck":["bronze:Strike","bronze:Strike","bronze:Strike","bronze:Strike","bronze:Defend","bronze:Defend","bronze:Defend","bronze:Defend","bronze:Replicate+1","bronze:Goto","bronze:FineTuning","bronze:ShipIt","bronze:Frontload","Regret","bronze:CutThrough"],"relics":["bronze:BronzeCore","Nunchaku"],"acts_visited":["Exordium"],"potions_floor_usage":[5],"damage_taken":[{"damage":6,"enemies":"Jaw Worm","floor":2,"turns":2},{"damage":0,"enemies":"downfall:FleeingMerchant","floor":3,"turns":4},{"damage":3,"enemies":"Cultist","floor":5,"turns":3},{"damage":71,"enemies":"Lagavulin","floor":6,"turns":8}],"seed_played":"4385589988688100586","potions_obtained":[{"floor":2,"key":"DistilledChaos"},{"floor":5,"key":"FearPotion"}],"is_trial":false,"path_per_floor":["R","M","$","?","M","E"],"character_chosen":"THE_AUTOMATON","items_purchased":["bronze:Frontload"],"campfire_rested":0,"item_purchase_floors":[3],"current_hp_per_floor":[70,64,64,64,61,0,0,0],"gold":339,"neow_bonus":"RANDOM_COMMON_RELIC","is_daily":false,"chose_seed":false,"campfire_upgraded":1,"win_rate":0.0,"timestamp":1612922090,"path_taken":["R","M","$","?","?","E"],"items_purchased_type":["Card"],"build_version":"2020-12-22","purchased_purges":0,"victory":false,"max_hp_per_floor":[70,70,70,70,70,70,70,70],"card_choices":[{"not_picked":["bronze:BitShift","bronze:DelayedGuard"],"picked":"bronze:FineTuning","floor":2},{"not_picked":["bronze:BugBarrage","bronze:Return"],"picked":"bronze:ShipIt","floor":3},{"not_picked":["bronze:BronzeArmor","bronze:Refactor"],"picked":"bronze:CutThrough","floor":5}],"player_experience":2753439,"relics_obtained":[],"event_choices":[],"is_beta":false,"boss_relics":[],"items_purged_floors":[],"is_endless":false,"potions_floor_spawned":[2,5],"killed_by":"Lagavulin","ascension_level":0}}