{"host":"zzgvnd5w85j1s2e6","time":1612959610,"event":{"mods":["Act Like it!","BaseMod","Hallownest","Minty Spire (QoL Compilation)","StSLib","The Bug Knight"],"gold_per_floor":[113,127,139,139,152,192,267,267,292,333,354,354,370,395,395,521,521,539,470,485,685,705,705,721,721,744,744,869,561,561,582,582,706,706,726,437,437,352,352,352,377,377,401,446,36,57,90,90,90,90,90,90,65,99,99],"floor_reached":56,"language":"ZHS","playtime":6275,"items_purged":[],"score":1310,"play_id":"eb2c1e2d-bdac-4f3f-8132-6f88d6f69a1a","local_time":"20210210202010","is_ascension_mode":true,"campfire_choices":[{"data":"HollowMod:MantisMark","floor":12.0,"key":"SMITH"},{"data":"HollowMod:FocusHealStart","floor":15.0,"key":"SMITH"},{"data":"HollowMod:WraithStrike","floor":23.0,"key":"SMITH"},{"data":"HollowMod:VengefulVoid","floor":25.0,"key":"SMITH"},{"data":"HollowMod:Hiveblood","floor":30.0,"key":"SMITH"},{"data":"HollowMod:MonarchWings","floor":32.0,"key":"SMITH"},{"data":"HollowMod:ShadowDash","floor":40.0,"key":"SMITH"},{"data":"HollowMod:SoulMaster","floor":42.0,"key":"SMITH"},{"floor":49.0,"key":"RECALL"},{"data":"HollowMod:ShadowDash","floor":52.0,"key":"SMITH"}],"circlet_count":0,"master_deck":["HollowMod:NailStrikeStart+1","HollowMod:NailStrikeStart+1","HollowMod:QuickDashStart+1","HollowMod:QuickDashStart+1","HollowMod:QuickDashStart+1","HollowMod:QuickDashStart+1","HollowMod:FocusHealStart+1","HollowMod:PogoStrike","HollowMod:GreatSlash","HollowMod:VengefulVoid+1","HollowMod:SharpenedShadows","HollowMod:MantisMark+1","HollowMod:SiblingsShadow","HollowMod:WraithStrike+1","HollowMod:LifebloodCore","HollowMod:ZotesMagnificence+1","HollowMod:DungDefenderAura","HollowMod:MonarchWings+1","HollowMod:CycloneSlash+1","HollowMod:CrystalDash+1","HollowMod:Hiveblood+1","HollowMod:SoulMaster+1","HollowMod:WraithStrike+1","HollowMod:ShadowDash+1","Hallownest:skillKingdomsEdgeMap","HollowMod:SiblingsSouls+1","HollowMod:AbyssShriek","HollowMod:ShadowDash+1","HollowMod:SiblingsSouls+1","HollowMod:ShadowDash+1","Hallownest:curseDreamersLament","HollowMod:VengefulVoid"],"relics":["HollowMod:VesselMask","Nunchaku","Golden Idol","War Paint","Oddly Smooth Stone","Strawberry","Question Card","Empty Cage","FossilizedHelix","Pear","Vajra","Sozu","Eternal Feather","MawBank","Anchor","Incense Burner","Juzu Bracelet","Hallownest:BeastSealRelic","Whetstone"],"acts_visited":["Exordium","TheCity","Hallownest:KingdomsEdge","TheEnding"],"potions_floor_usage":[55,55],"damage_taken":[{"damage":1.0,"enemies":"Jaw Worm","floor":1.0,"turns":4.0},{"damage":0.0,"enemies":"2 Louse","floor":2.0,"turns":2.0},{"damage":2.0,"enemies":"Cultist","floor":3.0,"turns":3.0},{"damage":10.0,"enemies":"2 Fungi Beasts","floor":5.0,"turns":4.0},{"damage":18.0,"enemies":"Gremlin Nob","floor":6.0,"turns":3.0},{"damage":7.0,"enemies":"HollowMod:MossKnight","floor":10.0,"turns":6.0},{"damage":0.0,"enemies":"Lots of Slimes","floor":11.0,"turns":4.0},{"damage":5.0,"enemies":"Looter","floor":13.0,"turns":3.0},{"damage":7.0,"enemies":"3 Louse","floor":14.0,"turns":2.0},{"damage":25.0,"enemies":"The Guardian","floor":16.0,"turns":15.0},{"damage":10.0,"enemies":"Shell Parasite","floor":18.0,"turns":3.0},{"damage":1.0,"enemies":"2 Thieves","floor":20.0,"turns":4.0},{"damage":2.0,"enemies":"Snake Plant","floor":22.0,"turns":5.0},{"damage":2.0,"enemies":"Snecko","floor":24.0,"turns":6.0},{"damage":0.0,"enemies":"Colosseum Slavers","floor":28.0,"turns":5.0},{"damage":25.0,"enemies":"Colosseum Nobs","floor":28.0,"turns":9.0},{"damage":9.0,"enemies":"Centurion and Healer","floor":31.0,"turns":6.0},{"damage":68.0,"enemies":"Collector","floor":33.0,"turns":13.0},{"damage":6.0,"enemies":"Hallownest:Shield_Heavy","floor":35.0,"turns":5.0},{"damage":0.0,"enemies":"Hallownest:3_Siblings","floor":41.0,"turns":5.0},{"damage":30.0,"enemies":"Hallownest:eliteCollector","floor":44.0,"turns":10.0},{"damage":0.0,"enemies":"Hallownest:2_Great","floor":46.0,"turns":7.0},{"damage":0.0,"enemies":"Hallownest:eliteHiveKnight","floor":47.0,"turns":6.0},{"damage":44.0,"enemies":"Hallownest:BossHollowKnight","floor":50.0,"turns":11.0},{"damage":17,"enemies":"Shield and Spear","floor":54,"turns":6},{"damage":0,"enemies":"The Heart","floor":55,"turns":10}],"seed_played":"-6995257321138198301","potions_obtained":[{"floor":1.0,"key":"SkillPotion"},{"floor":2.0,"key":"PowerPotion"},{"floor":3.0,"key":"Energy Potion"},{"floor":13.0,"key":"Energy Potion"},{"floor":16.0,"key":"Strength Potion"},{"floor":18.0,"key":"FearPotion"},{"floor":24.0,"key":"Block Potion"},{"floor":28.0,"key":"Explosive Potion"},{"floor":31.0,"key":"PowerPotion"},{"floor":33.0,"key":"LiquidMemories"}],"is_trial":false,"path_per_floor":["M","M","M","?","M","E","?","T","T","E","M","R","M","M","R","B",null,"M","$","M","?","M","R","M","R","T","?","?","$","R","M","R","B",null,"M","$","?","?","?","R","M","R","T","E","$","M","E","?","R","B",null,"R","$","E","B",null],"character_chosen":"THE_BUGKNIGHT","items_purchased":["HollowMod:MonarchWings","Vajra","HollowMod:Hiveblood","HollowMod:ShadowDash","Eternal Feather","Incense Burner","HollowMod:AbyssShriek","HollowMod:ShadowDash","HollowMod:VengefulVoid"],"campfire_rested":0,"item_purchase_floors":[19,29,29,36,36,45,45,45,53],"current_hp_per_floor":[75,75,73,55,55,37,26,26,33,36,42,42,43,42,42,29,82,78,78,77,77,81,81,82,82,82,82,77,77,77,92,92,49,92,92,92,92,92,92,92,92,92,92,62,62,90,90,90,92,76,92,92,92,81,92],"gold":99,"neow_bonus":"RANDOM_COMMON_RELIC","is_daily":false,"chose_seed":false,"campfire_upgraded":9,"win_rate":0.0,"timestamp":1612959610,"path_taken":["M","M","M","?","M","E","?","?","T","E","M","R","?","M","R","BOSS","M","$","M","?","M","R","?","R","T","?","?","?","R","M","R","BOSS","M","$","?","?","?","R","M","R","T","E","$","?","E","?","R","BOSS","R","$","E","BOSS"],"items_purchased_type":["Card","Relic","Card","Card","Relic","Relic","Card","Card","Card"],"build_version":"2020-12-22","purchased_purges":0,"victory":true,"max_hp_per_floor":[75,75,75,75,75,75,75,75,82,82,82,82,82,82,82,82,82,82,82,82,82,82,82,82,82,82,82,92,92,92,92,92,92,92,92,92,92,92,92,92,92,92,92,92,92,92,92,92,92,92,92,92,92,92,92],"card_choices":[{"not_picked":["HollowMod:MawleksShell","HollowMod:SiblingsShadow"],"picked":"HollowMod:GreatSlash","floor":1.0},{"not_picked":["HollowMod:BaldurShell","HollowMod:DreamGate"],"picked":"HollowMod:VengefulVoid","floor":2.0},{"not_picked":["HollowMod:CycloneSlash","HollowMod:FastStrike"],"picked":"HollowMod:SharpenedShadows","floor":3.0},{"not_picked":["HollowMod:CloakDash","HollowMod:SoulSplash"],"picked":"HollowMod:MantisMark","floor":5.0},{"not_picked":["HollowMod:FastStrike","HollowMod:CycloneSlash","HollowMod:MothsMistake"],"picked":"SKIP","floor":6.0},{"not_picked":["HollowMod:HowlingWraiths","HollowMod:CoiledNail","HollowMod:SiblingsSouls"],"picked":"SKIP","floor":10.0},{"not_picked":["HollowMod:SharpenedNail","HollowMod:SiblingsSouls","HollowMod:DungDefenderAura"],"picked":"HollowMod:SiblingsShadow","floor":11.0},{"not_picked":["HollowMod:DoubleDash","HollowMod:DescendingDark","HollowMod:MantisMark"],"picked":"HollowMod:WraithStrike","floor":13.0},{"not_picked":["HollowMod:CycloneSlash","HollowMod:InfectedCysts","HollowMod:Grubsong"],"picked":"HollowMod:LifebloodCore","floor":14.0},{"not_picked":["HollowMod:theNailsmith","HollowMod:ElderbugsWisdom","HollowMod:LifebloodCore"],"picked":"HollowMod:ZotesMagnificence","floor":16.0},{"not_picked":["HollowMod:InfectedAttack","HollowMod:TaintedHusks","HollowMod:CornifersMapStart+1"],"picked":"HollowMod:DungDefenderAura","floor":18.0},{"not_picked":["HollowMod:PerfectDash+1","HollowMod:SoulSplash+1","HollowMod:SoulEater"],"picked":"HollowMod:CycloneSlash+1","floor":20.0},{"not_picked":["HollowMod:InfectedCysts","HollowMod:SoulStrike","HollowMod:HeavyBlow+1"],"picked":"HollowMod:CrystalDash+1","floor":22.0},{"not_picked":["HollowMod:DungDefenderAura","HollowMod:BrokenVessel+1","HollowMod:InfectedAttack","HollowMod:CycloneSlash"],"picked":"SKIP","floor":24.0},{"not_picked":["HollowMod:FastStrike","HollowMod:InfectedAttack","HollowMod:TaintedHusks+1","HollowMod:FallenFury"],"picked":"SKIP","floor":31.0},{"not_picked":["HollowMod:AwokenDreamNail","HollowMod:HornetsHelp","HollowMod:Hiveblood"],"picked":"HollowMod:SoulMaster","floor":33.0},{"not_picked":["HollowMod:SoulStrike+1","HollowMod:HeavyBlow","HollowMod:InfectedCysts+1"],"picked":"HollowMod:WraithStrike","floor":35.0},{"not_picked":["HollowMod:DashSlash+1","HollowMod:InfectedAttack","HollowMod:Hiveblood"],"picked":"HollowMod:SiblingsSouls+1","floor":41.0},{"not_picked":["HollowMod:GoodIntentions","HollowMod:InfectionAssault","HollowMod:SiblingsSouls","HollowMod:CycloneSlash"],"picked":"SKIP","floor":44.0},{"not_picked":["HollowMod:NewLittleFool","HollowMod:MonarchWings+1","HollowMod:BaldurShell+1"],"picked":"HollowMod:SiblingsSouls+1","floor":46.0},{"not_picked":["HollowMod:MidwifesHunger","HollowMod:QuirrelsAssistance","HollowMod:GoodIntentions+1"],"picked":"HollowMod:ShadowDash+1","floor":47.0},{"not_picked":["HollowMod:ChannelNail+1","HollowMod:InfectionAssault","HollowMod:BaldurShell+1","HollowMod:MawleksShell+1"],"picked":"SKIP","floor":54}],"player_experience":415396,"relics_obtained":[{"floor":6.0,"key":"War Paint"},{"floor":8.0,"key":"Oddly Smooth Stone"},{"floor":9.0,"key":"Strawberry"},{"floor":10.0,"key":"Question Card"},{"floor":28.0,"key":"FossilizedHelix"},{"floor":28.0,"key":"Pear"},{"floor":43.0,"key":"MawBank"},{"floor":44.0,"key":"Anchor"},{"floor":47.0,"key":"Juzu Bracelet"},{"floor":54,"key":"Whetstone"}],"event_choices":[{"damage_healed":0.0,"max_hp_gain":0.0,"max_hp_loss":0.0,"gold_gain":0.0,"event_name":"Golden Idol","player_choice":"Take Damage","floor":4.0,"gold_loss":0.0,"damage_taken":18.0,"relics_obtained":["Golden Idol"]},{"damage_healed":0.0,"max_hp_gain":0.0,"max_hp_loss":0.0,"gold_gain":75.0,"event_name":"World of Goop","player_choice":"Gather Gold","floor":7.0,"gold_loss":0.0,"damage_taken":11.0},{"damage_healed":0.0,"max_hp_gain":0.0,"max_hp_loss":0.0,"gold_gain":200.0,"event_name":"Wheel of Change","player_choice":"Gold","floor":21.0,"gold_loss":0.0,"damage_taken":0.0},{"damage_healed":0.0,"max_hp_gain":0.0,"max_hp_loss":0.0,"gold_gain":0.0,"event_name":"Back to Basics","player_choice":"Simplicity","floor":27.0,"gold_loss":0.0,"damage_taken":0.0,"cards_upgraded":["HollowMod:NailStrikeStart","HollowMod:NailStrikeStart","HollowMod:QuickDashStart","HollowMod:QuickDashStart"]},{"damage_healed":0.0,"max_hp_gain":0.0,"max_hp_loss":0.0,"gold_gain":0.0,"event_name":"Colosseum","player_choice":"Fight","floor":28.0,"gold_loss":0.0,"damage_taken":0.0},{"damage_healed":0.0,"max_hp_gain":0.0,"max_hp_loss":0.0,"gold_gain":0.0,"event_name":"Colosseum","player_choice":"Fought Nobs","floor":28.0,"gold_loss":0.0,"damage_taken":0.0}],"is_beta":false,"boss_relics":[{"not_picked":["Tiny House","Ectoplasm"],"picked":"Empty Cage"},{"not_picked":["Runic Dome","Astrolabe"],"picked":"Sozu"}],"items_purged_floors":[],"is_endless":false,"potions_floor_spawned":[1,2,3,13,16,18,24,28,31,33,44,47],"ascension_level":1}}