{"host":"kh6fvhxn285ncg0o","time":1612987204,"event":{"mods":["Act Like it!","BaseMod","Colored Map","Friendly Minions","Keyboard Shortcuts","Minty Spire (QoL Compilation)","Quick Restart","Relic Stats","StSLib","SuperFastMode","UnlockEverythingMod"],"gold_per_floor":[110,124,124,199,40,40,66,66,143,170,170,188,188,221,221,221,221],"floor_reached":16,"language":"KOR","playtime":349,"items_purged":["Strike_G"],"score":332,"play_id":"0de37977-cbb0-4bcd-99bc-5f0783400f36","local_time":"20210211050004","is_ascension_mode":true,"campfire_choices":[{"data":"Eviscerate","floor":6,"key":"SMITH"},{"floor":11,"key":"REST"},{"data":"Flechettes","floor":13,"key":"SMITH"},{"floor":15,"key":"DIG"}],"circlet_count":0,"master_deck":["AscendersBane","Strike_G","Strike_G","Strike_G","Defend_G","Defend_G","Defend_G","Defend_G","Defend_G","Survivor","Neutralize","Flechettes+1","Eviscerate+1","Crippling Poison+1"],"relics":["Snecko Eye","Shovel","CaptainsWheel","Toxic Egg 2","Snake Skull","Juzu Bracelet","Bag of Marbles"],"acts_visited":["Exordium"],"potions_floor_usage":[10,16],"damage_taken":[{"damage":0,"enemies":"2 Louse","floor":1,"turns":3},{"damage":12,"enemies":"Jaw Worm","floor":2,"turns":8},{"damage":8,"enemies":"Gremlin Nob","floor":7,"turns":3},{"damage":18,"enemies":"Lagavulin","floor":10,"turns":6},{"damage":0,"enemies":"Cultist","floor":12,"turns":2},{"damage":5,"enemies":"Gremlin Nob","floor":14,"turns":3},{"damage":25,"enemies":"Slime Boss","floor":16,"turns":8}],"seed_played":"3293900084744248404","potions_obtained":[{"floor":7,"key":"EssenceOfSteel"},{"floor":10,"key":"Energy Potion"},{"floor":14,"key":"GhostInAJar"}],"is_trial":false,"path_per_floor":["M","M","?","?","$","R","E","T","T","E","R","M","R","E","R","B"],"character_chosen":"THE_SILENT","items_purchased":["Eviscerate"],"campfire_rested":1,"item_purchase_floors":[5],"current_hp_per_floor":[59,47,40,29,29,29,21,21,21,3,22,22,22,17,17,0,0],"gold":221,"neow_bonus":"BOSS_RELIC","is_daily":false,"chose_seed":false,"campfire_upgraded":2,"win_rate":0.0,"timestamp":1612987204,"path_taken":["M","M","?","?","$","R","E","?","T","E","R","M","R","E","R","BOSS"],"items_purchased_type":["Card"],"build_version":"2020-12-22","purchased_purges":1,"victory":false,"max_hp_per_floor":[66,66,66,66,66,66,66,66,66,66,66,66,66,66,66,66,66],"relic_stats":{"Shovel":1,"counters":[7,33],"Snecko Eye":[60,52,65,47],"Snake Skull":[2],"Juzu Bracelet":0,"obtain_stats":[{"CaptainsWheel":8,"Shovel":7,"Snecko Eye":0,"Snake Skull":10,"Juzu Bracelet":14,"Bag of Marbles":15,"Toxic Egg 2":9,"Ring of the Snake":0},{"CaptainsWheel":3,"Shovel":3,"Snecko Eye":0,"Snake Skull":4,"Juzu Bracelet":6,"Bag of Marbles":6,"Toxic Egg 2":3,"Ring of the Snake":0},{"CaptainsWheel":14,"Shovel":14,"Snecko Eye":0,"Snake Skull":20,"Juzu Bracelet":25,"Bag of Marbles":25,"Toxic Egg 2":14,"Ring of the Snake":0}]},"card_choices":[{"not_picked":["Poisoned Stab","Prepared"],"picked":"Flechettes","floor":2},{"not_picked":["Flying Knee","Sucker Punch","Infinite Blades"],"picked":"SKIP","floor":7},{"not_picked":["Acrobatics+1","Flechettes"],"picked":"Crippling Poison+1","floor":10},{"not_picked":["Dagger Spray","Deadly Poison+1","Flechettes"],"picked":"SKIP","floor":12},{"not_picked":["Setup+1","Slice","Deflect+1"],"picked":"SKIP","floor":14}],"player_experience":1362822,"relics_obtained":[{"floor":7,"key":"Shovel"},{"floor":8,"key":"CaptainsWheel"},{"floor":9,"key":"Toxic Egg 2"},{"floor":10,"key":"Snake Skull"},{"floor":14,"key":"Juzu Bracelet"},{"floor":15,"key":"Bag of Marbles"}],"event_choices":[{"cards_removed":["Strike_G"],"damage_healed":0,"gold_gain":0,"player_choice":"Card Removal","damage_taken":7,"max_hp_gain":0,"max_hp_loss":0,"event_name":"Golden Wing","floor":3,"gold_loss":0},{"damage_healed":0,"gold_gain":75,"player_choice":"Gather Gold","damage_taken":11,"max_hp_gain":0,"max_hp_loss":0,"event_name":"World of Goop","floor":4,"gold_loss":0}],"is_beta":false,"boss_relics":[],"items_purged_floors":[5],"is_endless":false,"potions_floor_spawned":[7,10,14],"killed_by":"Slime Boss","ascension_level":20}}