{"host":"s24sb66hw4a4sfft","time":1612941356,"event":{"mods":["AchievementEnabler","BaseMod","Colored Map","Colored Powertips","Googly Eyes","Hermit","Hubris","Minty Spire (QoL Compilation)","Quick Restart","Shop Mod","StSLib"],"gold_per_floor":[117,117,42,217,229,229,261,261,287,287,298,298,298],"floor_reached":12,"language":"ENG","playtime":350,"items_purged":["hermit:Strike_Hermit"],"score":101,"play_id":"6d2007ad-f614-4152-810e-2c1ded674455","local_time":"20210210021556","is_ascension_mode":false,"campfire_choices":[{"data":"hermit:GoldenBullet","floor":6,"key":"SMITH"},{"data":"hubris:DuctTapeCard","floor":10,"key":"SMITH"}],"circlet_count":0,"master_deck":["hermit:Strike_Hermit","hermit:Strike_Hermit","hermit:Strike_Hermit","hermit:Defend_Hermit","hermit:Defend_Hermit","hermit:Defend_Hermit","hermit:Defend_Hermit","hermit:Covet","Panacea","Doubt","hubris:DuctTapeCard+2","hermit:Gambit"],"relics":["hermit:Momento","NeowsBlessing","hubris:DuctTape","hubris:Towel"],"acts_visited":["Exordium"],"potions_floor_usage":[],"damage_taken":[{"damage":0,"enemies":"Cultist","floor":1,"turns":1},{"damage":0,"enemies":"Jaw Worm","floor":5,"turns":1},{"damage":0,"enemies":"Gremlin Nob","floor":7,"turns":2},{"damage":10,"enemies":"Small Slimes","floor":11,"turns":6},{"damage":74,"enemies":"Lagavulin","floor":12,"turns":9}],"seed_played":"-3832926801027916202","potions_obtained":[{"floor":5,"key":"SpeedPotion"},{"floor":7,"key":"AttackPotion"}],"is_trial":false,"path_per_floor":["M","?","$","?","M","R","E","?","T","R","M","E"],"character_chosen":"HERMIT","items_purchased":[],"campfire_rested":0,"item_purchase_floors":[],"current_hp_per_floor":[75,75,75,75,75,75,75,75,75,75,65,0,0],"gold":298,"neow_bonus":"THREE_ENEMY_KILL","is_daily":false,"chose_seed":false,"campfire_upgraded":2,"win_rate":0.0,"timestamp":1612941356,"path_taken":["M","?","?","?","M","R","E","?","T","R","M","E"],"items_purchased_type":[],"build_version":"2020-12-22","purchased_purges":1,"victory":false,"max_hp_per_floor":[75,75,75,75,75,75,75,75,75,75,75,75,75],"card_choices":[{"not_picked":["hermit:HighCaliber","hermit:Brawl"],"picked":"hermit:GoldenBullet","floor":1},{"not_picked":["hermit:Desperado","hermit:Headshot","hermit:FlashPowder"],"picked":"SKIP","floor":5},{"not_picked":["hermit:Coalescence","hermit:Scavenge"],"picked":"hermit:Gambit","floor":7},{"not_picked":["hermit:Manifest","hermit:Combo","hermit:Ricochet"],"picked":"SKIP","floor":11}],"player_experience":601373,"relics_obtained":[{"floor":7,"key":"hubris:DuctTape"}],"event_choices":[{"damage_healed":0,"gold_gain":0,"player_choice":"1 cards matched","damage_taken":0,"max_hp_gain":0,"max_hp_loss":0,"event_name":"Match and Keep!","floor":2,"gold_loss":0,"cards_obtained":["Panacea"]},{"damage_healed":0,"gold_gain":175,"player_choice":"AGREE","damage_taken":0,"max_hp_gain":0,"max_hp_loss":0,"event_name":"Liars Game","floor":4,"gold_loss":0,"cards_obtained":["Doubt"]}],"is_beta":false,"boss_relics":[],"items_purged_floors":[3],"is_endless":false,"potions_floor_spawned":[5,7],"killed_by":"Lagavulin","ascension_level":0}}