{"host":"89iuq2p5kwriuwfq","time":1612955926,"event":{"mods":["BaseMod","Curses Come First","Minty Spire (QoL Compilation)","Permanent Neow","StSLib"],"gold_per_floor":[369,369,386,62,62,62,90,109,132,162,162,178,191,225,225,329,329,340,12,22,22,39,68,68,87,111,111,111],"floor_reached":27,"language":"ENG","playtime":1364,"items_purged":["Defend_P","Strike_P"],"score":470,"play_id":"f7c8e0bf-df05-45a7-9286-14afbc0defa5","local_time":"20210210111846","is_ascension_mode":true,"campfire_choices":[{"floor":6.0,"key":"REST"},{"data":"WindmillStrike","floor":15.0,"key":"SMITH"}],"circlet_count":0,"master_deck":["AscendersBane","Strike_P","Strike_P","Defend_P","Defend_P+1","Eruption","Vigilance+1","CarveReality","Tantrum+1","Prostrate+1","WindmillStrike+1","FearNoEvil","Brilliance","Protect","Brilliance","RitualDagger+1","Pray+1"],"relics":["PureWater","Damaru","Smiling Mask","War Paint","Happy Flower","Bag of Preparation","Philosopher\u0027s Stone","Membership Card","Pantograph","Peace Pipe","Boot"],"acts_visited":["Exordium","TheCity"],"potions_floor_usage":[],"damage_taken":[{"damage":2.0,"enemies":"Small Slimes","floor":1.0,"turns":5.0},{"damage":0.0,"enemies":"Cultist","floor":3.0,"turns":2.0},{"damage":13.0,"enemies":"3 Sentries","floor":7.0,"turns":6.0},{"damage":0.0,"enemies":"2 Louse","floor":8.0,"turns":2.0},{"damage":4.0,"enemies":"Gremlin Nob","floor":10.0,"turns":3.0},{"damage":12.0,"enemies":"Exordium Wildlife","floor":12.0,"turns":2.0},{"damage":0.0,"enemies":"Large Slime","floor":13.0,"turns":2.0},{"damage":4.0,"enemies":"3 Sentries","floor":14.0,"turns":4.0},{"damage":0.0,"enemies":"Hexaghost","floor":16.0,"turns":5.0},{"damage":0.0,"enemies":"Spheric Guardian","floor":18.0,"turns":1.0},{"damage":0.0,"enemies":"3 Byrds","floor":20.0,"turns":3.0},{"damage":0.0,"enemies":"Snake Plant","floor":22.0,"turns":2.0},{"damage":22.0,"enemies":"Gremlin Leader","floor":23.0,"turns":4.0},{"damage":16.0,"enemies":"3 Cultists","floor":25.0,"turns":3.0},{"damage":4,"enemies":"Book of Stabbing","floor":27,"turns":2}],"seed_played":"2354720933638833467","potions_obtained":[{"floor":1.0,"key":"Swift Potion"},{"floor":7.0,"key":"Ancient Potion"},{"floor":8.0,"key":"Swift Potion"},{"floor":13.0,"key":"GamblersBrew"},{"floor":16.0,"key":"SmokeBomb"},{"floor":20.0,"key":"Fire Potion"},{"floor":22.0,"key":"Ancient Potion"}],"is_trial":false,"path_per_floor":["M","?","M","$","?","R","E","M","T","E","?","M","M","E","R","B",null,"M","$","M","?","M","E","?","M","T","E"],"character_chosen":"WATCHER","items_purchased":["Damaru","Prostrate","WindmillStrike","Membership Card","Pantograph"],"campfire_rested":1,"item_purchase_floors":[4,4,4,19,19],"current_hp_per_floor":[45,45,45,45,31,52,39,39,39,35,28,16,16,12,12,12,57,57,57,57,51,51,29,29,13,13,9,9],"gold":111,"neow_bonus":"TWO_FIFTY_GOLD","is_daily":false,"chose_seed":false,"campfire_upgraded":1,"win_rate":0.0,"timestamp":1612955926,"path_taken":["M","?","?","$","?","R","E","M","T","E","?","M","M","E","R","BOSS","M","$","M","?","M","E","?","M","T","E"],"items_purchased_type":["Relic","Card","Card","Relic","Relic"],"build_version":"2020-12-22","purchased_purges":2,"victory":false,"max_hp_per_floor":[72,72,72,72,72,72,72,72,72,72,72,72,72,72,72,72,72,72,72,72,72,72,72,72,72,72,72,72],"card_choices":[{"not_picked":["BowlingBash","ClearTheMind"],"picked":"CarveReality","floor":1.0},{"not_picked":["EmptyBody","ClearTheMind"],"picked":"Tantrum","floor":3.0},{"not_picked":["ForeignInfluence","FollowUp","EmptyMind"],"picked":"SKIP","floor":7.0},{"not_picked":["Crescendo","FlyingSleeves"],"picked":"FearNoEvil","floor":8.0},{"not_picked":["CutThroughFate","ClearTheMind","InnerPeace"],"picked":"SKIP","floor":10.0},{"not_picked":["BattleHymn","Sanctity"],"picked":"Brilliance","floor":12.0},{"not_picked":["ClearTheMind","SashWhip"],"picked":"Protect","floor":13.0},{"not_picked":["Protect","DevaForm","ThirdEye"],"picked":"SKIP","floor":14.0},{"not_picked":["Wish","Vault"],"picked":"Brilliance","floor":16.0},{"not_picked":["CutThroughFate+1","Halt+1","PathToVictory+1"],"picked":"SKIP","floor":18.0},{"not_picked":["Collect","FlyingSleeves","DeceiveReality"],"picked":"SKIP","floor":20.0},{"not_picked":["CrushJoints","PathToVictory","ConjureBlade"],"picked":"SKIP","floor":22.0},{"not_picked":["Swivel+1","PathToVictory+1"],"picked":"Pray+1","floor":23.0},{"not_picked":["JustLucky","WaveOfTheHand+1","FlyingSleeves"],"picked":"SKIP","floor":25.0}],"player_experience":649616,"relics_obtained":[{"floor":7.0,"key":"Smiling Mask"},{"floor":9.0,"key":"War Paint"},{"floor":10.0,"key":"Happy Flower"},{"floor":14.0,"key":"Bag of Preparation"},{"floor":23.0,"key":"Peace Pipe"},{"floor":26.0,"key":"Boot"}],"event_choices":[{"cards_removed":["Strike_P"],"damage_healed":0.0,"max_hp_gain":0.0,"max_hp_loss":0.0,"gold_gain":0.0,"event_name":"Bonfire Elementals","player_choice":"Offered Basic","floor":2.0,"gold_loss":0.0,"damage_taken":0.0},{"damage_healed":0.0,"max_hp_gain":0.0,"max_hp_loss":0.0,"gold_gain":0.0,"event_name":"Shining Light","player_choice":"Entered Light","floor":5.0,"gold_loss":0.0,"damage_taken":14.0,"cards_upgraded":["Prostrate","Tantrum"]},{"cards_removed":["Defend_P"],"damage_healed":0.0,"max_hp_gain":0.0,"max_hp_loss":0.0,"gold_gain":0.0,"event_name":"Golden Wing","player_choice":"Card Removal","floor":11.0,"gold_loss":0.0,"damage_taken":7.0},{"damage_healed":0.0,"max_hp_gain":0.0,"max_hp_loss":0.0,"gold_gain":0.0,"event_name":"Nest","player_choice":"Joined the Cult","floor":21.0,"gold_loss":0.0,"damage_taken":6.0,"cards_obtained":["RitualDagger"]},{"damage_healed":0.0,"max_hp_gain":0.0,"max_hp_loss":0.0,"gold_gain":0.0,"event_name":"Upgrade Shrine","player_choice":"Upgraded","floor":24.0,"gold_loss":0.0,"damage_taken":0.0,"cards_upgraded":["RitualDagger"]}],"is_beta":false,"boss_relics":[{"not_picked":["Coffee Dripper","Tiny House"],"picked":"Philosopher\u0027s Stone"}],"items_purged_floors":[4,19],"is_endless":false,"potions_floor_spawned":[1,7,8,13,16,20,22],"killed_by":"Book of Stabbing","ascension_level":11}}