{"host":"hw9lt6p3yhr90vz0","time":1612980749,"event":{"mods":["BaseMod","DeckTracker","Minty Spire (QoL Compilation)","Relic Stats"],"gold_per_floor":[118,118,293,307,321,356,356,356,356],"floor_reached":8,"language":"ENG","playtime":371,"items_purged":[],"score":76,"play_id":"34ceec92-7520-436d-8c2e-88aa65320a49","local_time":"20210210131229","is_ascension_mode":true,"campfire_choices":[{"floor":7,"key":"REST"}],"circlet_count":0,"master_deck":["Strike_B","Strike_B","Strike_B","Strike_B","Defend_B","Defend_B","Defend_B","Defend_B","Zap","Dualcast","Chaos","Regret","Doubt","Aggregate","Doom and Gloom"],"relics":["Cracked Core","Bronze Scales","WingedGreaves"],"acts_visited":["Exordium"],"potions_floor_usage":[6,8],"damage_taken":[{"damage":2,"enemies":"Jaw Worm","floor":1,"turns":3},{"damage":6,"enemies":"Small Slimes","floor":4,"turns":4},{"damage":3,"enemies":"Cultist","floor":5,"turns":4},{"damage":60,"enemies":"Lagavulin","floor":6,"turns":9},{"damage":28,"enemies":"3 Sentries","floor":8,"turns":3}],"seed_played":"-737596118901944161","potions_obtained":[{"floor":1,"key":"ColorlessPotion"},{"floor":4,"key":"Explosive Potion"}],"is_trial":false,"path_per_floor":["M","?","?","M","M","E","R","E"],"character_chosen":"DEFECT","items_purchased":[],"campfire_rested":1,"item_purchase_floors":[],"current_hp_per_floor":[73,73,73,67,64,4,28,0,0],"gold":356,"neow_bonus":"TEN_PERCENT_HP_BONUS","is_daily":false,"chose_seed":false,"campfire_upgraded":0,"win_rate":0.0,"timestamp":1612980749,"path_taken":["M","?","?","M","M","E","R","E"],"items_purchased_type":[],"build_version":"2020-12-22","purchased_purges":0,"victory":false,"max_hp_per_floor":[82,82,82,82,82,82,82,82,82],"relic_stats":{"counters":[5,23],"Bronze Scales":[34],"obtain_stats":[{"Bronze Scales":2,"WingedGreaves":6,"Cracked Core":0},{"Bronze Scales":1,"WingedGreaves":4,"Cracked Core":0},{"Bronze Scales":3,"WingedGreaves":20,"Cracked Core":0}]},"card_choices":[{"not_picked":["Force Field","Tempest"],"picked":"Chaos","floor":1},{"not_picked":["Sweeping Beam","Lockon"],"picked":"Aggregate","floor":4},{"not_picked":["Gash","Consume","Tempest"],"picked":"SKIP","floor":5},{"not_picked":["Ball Lightning","Stack"],"picked":"Doom and Gloom","floor":6}],"player_experience":1402760,"relics_obtained":[{"floor":6,"key":"WingedGreaves"}],"event_choices":[{"damage_healed":0,"gold_gain":0,"player_choice":"Box","damage_taken":0,"relics_obtained":["Bronze Scales"],"max_hp_gain":0,"max_hp_loss":0,"event_name":"Big Fish","floor":2,"gold_loss":0,"cards_obtained":["Regret"]},{"damage_healed":0,"gold_gain":175,"player_choice":"AGREE","damage_taken":0,"max_hp_gain":0,"max_hp_loss":0,"event_name":"Liars Game","floor":3,"gold_loss":0,"cards_obtained":["Doubt"]}],"is_beta":false,"boss_relics":[],"items_purged_floors":[],"is_endless":false,"potions_floor_spawned":[1,4],"killed_by":"3 Sentries","ascension_level":7}}