{"host":"n95r2z13dwkl182w","time":1612968318,"event":{"mods":["AchievementEnabler","BaseMod","Colored Map","Hermit","Marisa£¨Ùöéë¡¡Øª×âÞÞ£©","Minty Spire (QoL Compilation)","StSLib","SuperFastMode","everything is the same but u backflip on backflip"],"gold_per_floor":[111,111,128,128,145,173,191,207,233,233,253,279,279,298,298,399,399,399,399],"floor_reached":18,"language":"KOR","playtime":865,"items_purged":[],"score":174,"play_id":"3677fdc0-982a-4e91-af37-afc315e523d5","local_time":"20210210234518","is_ascension_mode":false,"campfire_choices":[{"floor":10,"key":"REST"},{"floor":13,"key":"REST"},{"data":"hermit:GoldenBullet","floor":15,"key":"SMITH"}],"circlet_count":0,"master_deck":["hermit:Strike_Hermit","hermit:Strike_Hermit","hermit:Strike_Hermit","hermit:Strike_Hermit","hermit:Defend_Hermit","hermit:Defend_Hermit","hermit:Defend_Hermit","hermit:Defend_Hermit","hermit:Snapshot","hermit:Covet","hermit:Snipe","hermit:GoldenBullet+1","hermit:HighNoon","hermit:LowProfile","hermit:Vantage","hermit:Deadeye","hermit:Roughhouse"],"relics":["hermit:ClaspedLocket","Happy Flower","Omamori","Smiling Mask","Juzu Bracelet","Nunchaku"],"acts_visited":["Exordium","TheCity"],"potions_floor_usage":[6,6,12,12,12,18],"damage_taken":[{"damage":1,"enemies":"2 Louse","floor":1,"turns":2},{"damage":1,"enemies":"Cultist","floor":3,"turns":3},{"damage":5,"enemies":"Small Slimes","floor":5,"turns":4},{"damage":8,"enemies":"Gremlin Nob","floor":6,"turns":3},{"damage":7,"enemies":"Exordium Thugs","floor":7,"turns":5},{"damage":10,"enemies":"Looter","floor":8,"turns":2},{"damage":0,"enemies":"Large Slime","floor":11,"turns":5},{"damage":19,"enemies":"Lagavulin","floor":12,"turns":5},{"damage":10,"enemies":"3 Louse","floor":14,"turns":4},{"damage":53,"enemies":"Hexaghost","floor":16,"turns":10},{"damage":0,"enemies":"3 Byrds","floor":18,"turns":2}],"seed_played":"-2081872830091223958","potions_obtained":[{"floor":3,"key":"SneckoOil"},{"floor":4,"key":"hermit:BlackBile"},{"floor":4,"key":"DuplicationPotion"},{"floor":7,"key":"DuplicationPotion"},{"floor":11,"key":"SkillPotion"},{"floor":16,"key":"EssenceOfSteel"}],"is_trial":false,"path_per_floor":["M","?","M","?","M","E","M","M","T","R","M","E","R","M","R","B",null,"M"],"character_chosen":"HERMIT","items_purchased":[],"campfire_rested":2,"item_purchase_floors":[],"current_hp_per_floor":[74,74,73,73,68,60,53,43,43,65,65,46,68,58,58,5,75,75,75],"gold":399,"neow_bonus":"RANDOM_COMMON_RELIC","is_daily":false,"chose_seed":false,"campfire_upgraded":1,"win_rate":0.0,"timestamp":1612968318,"path_taken":["M","?","?","?","M","E","M","?","T","R","M","E","R","M","R","BOSS","M"],"items_purchased_type":[],"build_version":"2020-12-22","purchased_purges":0,"victory":false,"max_hp_per_floor":[75,75,75,75,75,75,75,75,75,75,75,75,75,75,75,75,75,75,75],"card_choices":[{"not_picked":["hermit:CalledShot","hermit:Coalescence"],"picked":"hermit:GhostlyPresence","floor":1},{"not_picked":["hermit:Roulette","hermit:TrackingShot"],"picked":"hermit:Snipe","floor":3},{"not_picked":["hermit:HighCaliber","hermit:WideOpen"],"picked":"hermit:GoldenBullet","floor":5},{"not_picked":["hermit:Deadeye","hermit:Glare"],"picked":"hermit:HighNoon","floor":6},{"not_picked":["hermit:Roulette","hermit:Grudge","hermit:CursedWeapon"],"picked":"SKIP","floor":7},{"not_picked":["hermit:Snipe","hermit:Misfire"],"picked":"hermit:LowProfile","floor":8},{"not_picked":["hermit:Dive","hermit:Midnight","hermit:Manifest"],"picked":"SKIP","floor":11},{"not_picked":["hermit:CalledShot","hermit:ItchyTrigger"],"picked":"hermit:Vantage","floor":12},{"not_picked":["hermit:HoleUp","hermit:Coalescence"],"picked":"hermit:Deadeye","floor":14},{"not_picked":["hermit:DeadOrAlive","hermit:Gambit"],"picked":"hermit:Roughhouse","floor":16}],"player_experience":61329,"relics_obtained":[{"floor":6,"key":"Smiling Mask"},{"floor":9,"key":"Juzu Bracelet"},{"floor":12,"key":"Nunchaku"}],"event_choices":[{"cards_removed":["hermit:GhostlyPresence"],"damage_healed":0,"gold_gain":0,"player_choice":"Gave Card","damage_taken":0,"relics_obtained":["Omamori"],"max_hp_gain":0,"max_hp_loss":0,"event_name":"WeMeetAgain","floor":2,"gold_loss":0},{"damage_healed":0,"gold_gain":0,"player_choice":"Got Potions","damage_taken":0,"max_hp_gain":0,"max_hp_loss":0,"event_name":"Lab","floor":4,"gold_loss":0}],"is_beta":false,"boss_relics":[{"not_picked":["SacredBark","Runic Dome"],"picked":"hermit:ClaspedLocket"}],"items_purged_floors":[],"is_endless":false,"potions_floor_spawned":[3,7,11,16],"killed_by":"3 Byrds","ascension_level":0}}