{"host":"a9gsz7kv8aebwp1f","time":1612984025,"event":{"mods":["AchievementEnabler","BaseMod","Minty Spire (QoL Compilation)"],"gold_per_floor":[16,16,16,30,50,50,71,71,71,94,107,107,107,121,121,246,246,264,307,307,331,350,350,56,56,79,95,10,65,65,65],"floor_reached":30,"language":"KOR","playtime":894,"items_purged":[],"score":369,"play_id":"85e82389-318b-4077-8bcf-afa832a14d1e","local_time":"20210211040705","is_ascension_mode":true,"campfire_choices":[{"data":"Anger","floor":6,"key":"SMITH"},{"data":"Spot Weakness","floor":8,"key":"SMITH"},{"floor":15,"key":"REST"},{"data":"Armaments","floor":23,"key":"SMITH"}],"circlet_count":0,"master_deck":["AscendersBane","Strike_R","Strike_R","Strike_R","Strike_R","Strike_R","Defend_R","Defend_R","Defend_R","Bash","Anger+1","Blood for Blood","Spot Weakness+1","Clash","Shockwave","Flex","Armaments+1","Immolate","Thunderclap","Perfected Strike","Flex","Armaments","Sadistic Nature","Flex","Shrug It Off","Headbutt"],"relics":["Burning Blood","Golden Idol","Nunchaku","Mummified Hand","SlaversCollar","Red Mask","MutagenicStrength","Potion Belt","Happy Flower","Bronze Scales"],"acts_visited":["Exordium","TheCity"],"potions_floor_usage":[16,16,27],"damage_taken":[{"damage":6,"enemies":"Cultist","floor":1,"turns":3},{"damage":7,"enemies":"2 Louse","floor":4,"turns":2},{"damage":12,"enemies":"Jaw Worm","floor":5,"turns":3},{"damage":21,"enemies":"Lots of Slimes","floor":7,"turns":4},{"damage":15,"enemies":"2 Fungi Beasts","floor":10,"turns":3},{"damage":6,"enemies":"Looter","floor":11,"turns":2},{"damage":24,"enemies":"Large Slime","floor":14,"turns":6},{"damage":36,"enemies":"Hexaghost","floor":16,"turns":8},{"damage":16,"enemies":"Chosen","floor":18,"turns":4},{"damage":16,"enemies":"Masked Bandits","floor":19,"turns":3},{"damage":17,"enemies":"2 Thieves","floor":21,"turns":3},{"damage":19,"enemies":"Centurion and Healer","floor":22,"turns":4},{"damage":31,"enemies":"Snecko","floor":27,"turns":5},{"damage":30,"enemies":"Sentry and Sphere","floor":30,"turns":4}],"seed_played":"1078693634125656280","potions_obtained":[{"floor":1,"key":"Swift Potion"},{"floor":5,"key":"ColorlessPotion"},{"floor":14,"key":"ColorlessPotion"},{"floor":16,"key":"BloodPotion"},{"floor":18,"key":"ElixirPotion"}],"is_trial":false,"path_per_floor":["M","?","?","M","M","R","M","R","T","M","M","?","?","M","R","B",null,"M","?","?","M","M","R","$","?","T","M","?","T","M"],"character_chosen":"IRONCLAD","items_purchased":["Sadistic Nature","Flex","Shrug It Off"],"campfire_rested":1,"item_purchase_floors":[24,24,24],"current_hp_per_floor":[88,64,64,63,57,57,42,42,42,33,33,33,33,15,43,13,75,65,55,55,44,31,31,31,31,31,25,25,25,0,0],"gold":65,"neow_bonus":"TWENTY_PERCENT_HP_BONUS","is_daily":false,"chose_seed":false,"campfire_upgraded":3,"win_rate":0.0,"timestamp":1612984025,"path_taken":["M","?","?","?","M","R","M","R","T","M","M","?","?","?","R","BOSS","M","?","?","M","M","R","$","?","T","M","?","?","M"],"items_purchased_type":["Card","Card","Card"],"build_version":"2020-12-22","purchased_purges":0,"victory":false,"max_hp_per_floor":[96,96,96,96,96,96,96,96,96,96,96,96,96,96,96,96,96,96,96,96,96,96,96,96,96,96,96,96,96,96,96],"card_choices":[{"not_picked":["Ghostly Armor","Burning Pact"],"picked":"Anger","floor":1},{"not_picked":["Anger","Pommel Strike"],"picked":"Blood for Blood","floor":4},{"not_picked":["Iron Wave","Inflame"],"picked":"Spot Weakness","floor":5},{"not_picked":["Whirlwind","True Grit"],"picked":"Clash","floor":7},{"not_picked":["Iron Wave","Clothesline"],"picked":"Shockwave","floor":10},{"not_picked":["Warcry","Perfected Strike"],"picked":"Flex","floor":11},{"not_picked":["Pommel Strike","Rupture"],"picked":"Armaments","floor":14},{"not_picked":["Brutality","Fiend Fire"],"picked":"Immolate","floor":16},{"not_picked":["Entrench+1","Dropkick"],"picked":"Thunderclap","floor":18},{"not_picked":["Body Slam+1","Headbutt+1"],"picked":"Perfected Strike","floor":19},{"not_picked":["Warcry","Pummel"],"picked":"Flex","floor":21},{"not_picked":["Dual Wield","Entrench"],"picked":"Armaments","floor":22},{"not_picked":["Bloodletting+1","Heavy Blade"],"picked":"Headbutt","floor":27}],"player_experience":454855,"relics_obtained":[{"floor":9,"key":"Nunchaku"},{"floor":19,"key":"Red Mask"},{"floor":26,"key":"Potion Belt"},{"floor":29,"key":"Bronze Scales"}],"event_choices":[{"damage_healed":0,"gold_gain":0,"player_choice":"Take Damage","damage_taken":24,"relics_obtained":["Golden Idol"],"max_hp_gain":0,"max_hp_loss":0,"event_name":"Golden Idol","floor":2,"gold_loss":0},{"cards_removed":["Defend_R"],"damage_healed":0,"gold_gain":0,"player_choice":"Offered Basic","damage_taken":0,"max_hp_gain":0,"max_hp_loss":0,"event_name":"Bonfire Elementals","floor":3,"gold_loss":0},{"damage_healed":0,"gold_gain":0,"player_choice":"Box","damage_taken":0,"relics_obtained":["Mummified Hand"],"max_hp_gain":0,"max_hp_loss":0,"event_name":"Big Fish","floor":12,"gold_loss":0,"cards_obtained":["Regret"]},{"cards_removed":["Regret"],"damage_healed":0,"gold_gain":0,"player_choice":"Removed Curses","damage_taken":0,"max_hp_gain":0,"max_hp_loss":0,"event_name":"Fountain of Cleansing","floor":13,"gold_loss":0},{"damage_healed":0,"gold_gain":0,"player_choice":"Fought Bandits","damage_taken":0,"max_hp_gain":0,"max_hp_loss":0,"event_name":"Masked Bandits","floor":19,"gold_loss":0},{"damage_healed":0,"gold_gain":0,"player_choice":"Inject Mutagens","damage_taken":0,"relics_obtained":["MutagenicStrength"],"max_hp_gain":0,"max_hp_loss":0,"event_name":"Drug Dealer","floor":20,"gold_loss":0},{"damage_healed":0,"gold_gain":0,"player_choice":"Ignored","damage_taken":0,"max_hp_gain":0,"max_hp_loss":0,"event_name":"Ghosts","floor":25,"gold_loss":0},{"damage_healed":0,"gold_gain":0,"player_choice":"Obtained Relic","damage_taken":0,"relics_obtained":["Happy Flower"],"max_hp_gain":0,"max_hp_loss":0,"event_name":"Addict","floor":28,"gold_loss":85}],"is_beta":false,"boss_relics":[{"not_picked":["Philosopher\u0027s Stone","Empty Cage"],"picked":"SlaversCollar"}],"items_purged_floors":[],"is_endless":false,"potions_floor_spawned":[1,5,11,14,16,18,19],"killed_by":"Sentry and Sphere","ascension_level":11}}