{"host":"cijem1szy7pmmjx6","time":1612955830,"event":{"mods":["Act Like it!","Arknights","BaseMod","BetterRewards","Downfall","Marisa????????","Minty Spire (QoL Compilation)","Reimu??????","StSLib","The Bug Knight","The Senshi","The Servant 0.9.4"],"gold_per_floor":[109,23,42,55,55,55,71,171,171,187,187,231,231,4,4,125,125,141,141,141,141,16,0,13,36,36,36,36,50,50,50,50],"floor_reached":31,"language":"ZHS","playtime":2027,"items_purged":["Injury"],"score":235,"play_id":"27ccdd87-f326-4fab-8cc1-4b258e21d95e","local_time":"20210210061710","is_ascension_mode":false,"campfire_choices":[{"data":"theSenshi:MoonPrincessHalation","floor":6,"key":"SMITH"},{"data":"theSenshi:GlimpseOfThePast","floor":11,"key":"SMITH"},{"floor":15,"key":"REST"},{"data":"theSenshi:MoonPrismPowerMakeUp","floor":28,"key":"SMITH"}],"circlet_count":0,"master_deck":["theSenshi:SailorKick","theSenshi:SailorKick","theSenshi:SailorKick","theSenshi:SailorKick","theSenshi:SailorBlock","theSenshi:SailorBlock","theSenshi:SailorBlock","theSenshi:SailorBlock","theSenshi:RoseThrow","theSenshi:MoonPrismPowerMakeUp+1","theSenshi:MoonPrincessHalation+1","Dark Shackles","theSenshi:GlimpseOfThePast+1","theSenshi:SailorVenusAssists","theSenshi:SailorChibiMoonAssists","theSenshi:TuxedoSmokingBomber","theSenshi:CrisisMakeUp+1","theSenshi:ChibiMoonsLove","theSenshi:MercurysCunning+1","J.A.X.","theSenshi:Sidestep","theSenshi:TallSilhouette","theSenshi:SailorMarsAssists+1","theSenshi:MoonPrincessHalation+1","theSenshi:LateForSchool","Doubt","theSenshi:GlimpseOfThePast","theSenshi:PlutosSolemnity"],"relics":["theSenshi:TransformationBroochRelic","NeowsBlessing","Golden Idol","Ginger","Shovel","theSenshi:ChokerRelic","Pantograph","Matryoshka"],"acts_visited":["Exordium","TheCity"],"potions_floor_usage":[16,18,21,31],"damage_taken":[{"damage":0,"enemies":"Cultist","floor":1,"turns":1},{"damage":0,"enemies":"2 Louse","floor":3,"turns":1},{"damage":0,"enemies":"Jaw Worm","floor":4,"turns":1},{"damage":0,"enemies":"Large Slime","floor":7,"turns":6},{"damage":4,"enemies":"Blue Slaver","floor":10,"turns":4},{"damage":36,"enemies":"3 Sentries","floor":12,"turns":7},{"damage":2,"enemies":"The Guardian","floor":16,"turns":7},{"damage":0,"enemies":"Shell Parasite","floor":18,"turns":3},{"damage":0,"enemies":"3 Byrds","floor":21,"turns":2},{"damage":19,"enemies":"Centurion and Healer","floor":24,"turns":9},{"damage":32,"enemies":"Chosen and Byrds","floor":25,"turns":8},{"damage":12,"enemies":"Snake Plant","floor":29,"turns":5},{"damage":34,"enemies":"Centurion and Healer","floor":31,"turns":6}],"seed_played":"-7933359553593247285","potions_obtained":[{"floor":7,"key":"SmokeBomb"},{"floor":10,"key":"EntropicBrew"},{"floor":16,"key":"Slimebound:ThreeZeroPotion"},{"floor":25,"key":"bronze:BurnAndBuffPotion"}],"is_trial":false,"path_per_floor":["M","$","M","M","?","R","M","?","T","M","R","E","?","$","R","B",null,"M","?","?","M","$","?","M","M","T","?","R","M","T","M"],"character_chosen":"THE_SENSHI","items_purchased":["Dark Shackles","theSenshi:ChokerRelic","theSenshi:Sidestep","theSenshi:TallSilhouette","Fire Potion"],"campfire_rested":1,"item_purchase_floors":[2,14,22,22,22],"current_hp_per_floor":[75,75,75,75,75,75,75,75,75,71,71,35,35,35,57,55,75,75,75,75,75,75,75,66,43,43,43,43,31,31,0,0],"gold":50,"neow_bonus":"THREE_ENEMY_KILL","is_daily":false,"chose_seed":false,"campfire_upgraded":3,"win_rate":0.0,"timestamp":1612955830,"path_taken":["M","$","?","M","?","R","M","?","T","?","R","E","?","?","R","BOSS","M","?","?","M","$","?","M","M","T","?","R","?","?","M"],"items_purchased_type":["Card","Relic","Card","Card","Potion"],"build_version":"2020-12-22","purchased_purges":1,"victory":false,"max_hp_per_floor":[75,75,75,75,75,75,75,75,75,75,75,75,75,75,75,75,75,75,75,75,75,75,75,75,75,75,75,75,75,75,75,75],"card_choices":[{"not_picked":["theSenshi:MoonTiaraMagic","theSenshi:MoonPunch"],"picked":"theSenshi:MoonPrincessHalation","floor":1},{"not_picked":["theSenshi:TallSilhouette","theSenshi:DramaticEntrance"],"picked":"theSenshi:GlimpseOfThePast","floor":3},{"not_picked":["theSenshi:MoonKick","theSenshi:SailorPlanetAttack"],"picked":"theSenshi:SailorVenusAssists","floor":4},{"not_picked":["theSenshi:MoonKick","theSenshi:SchoolBag"],"picked":"theSenshi:SailorChibiMoonAssists","floor":7},{"not_picked":["theSenshi:SupersonicWaves","theSenshi:SailorVenusAssists"],"picked":"theSenshi:TuxedoSmokingBomber","floor":10},{"not_picked":["theSenshi:EncouragingSpeech","theSenshi:LateForSchool"],"picked":"theSenshi:CrisisMakeUp","floor":12},{"not_picked":["theSenshi:LunaSensingAllies","theSenshi:SailorPlutoAssists"],"picked":"theSenshi:ChibiMoonsLove","floor":16},{"not_picked":["theSenshi:MoonPunch+1","theSenshi:SailorStarMakerAssists+1"],"picked":"theSenshi:MercurysCunning+1","floor":18},{"not_picked":["theSenshi:LunasBite","theSenshi:MoonPunch+1"],"picked":"theSenshi:SailorMarsAssists+1","floor":24},{"not_picked":["theSenshi:LunasBite","theSenshi:SchoolBag"],"picked":"theSenshi:MoonPrincessHalation+1","floor":25},{"not_picked":["theSenshi:TallSilhouette","theSenshi:UranusStrength"],"picked":"theSenshi:PlutosSolemnity","floor":29}],"player_experience":66646,"relics_obtained":[{"floor":9,"key":"Ginger"},{"floor":12,"key":"Shovel"},{"floor":26,"key":"Pantograph"},{"floor":30,"key":"Matryoshka"}],"event_choices":[{"damage_healed":0,"gold_gain":0,"player_choice":"Take Wound","damage_taken":0,"relics_obtained":["Golden Idol"],"max_hp_gain":0,"max_hp_loss":0,"event_name":"Golden Idol","floor":5,"gold_loss":0,"cards_obtained":["Injury"]},{"damage_healed":0,"gold_gain":100,"player_choice":"Pray","damage_taken":0,"max_hp_gain":0,"max_hp_loss":0,"event_name":"Golden Shrine","floor":8,"gold_loss":0},{"damage_healed":0,"gold_gain":0,"player_choice":"Grow","damage_taken":0,"max_hp_gain":0,"max_hp_loss":0,"event_name":"Living Wall","floor":13,"gold_loss":0,"cards_upgraded":["theSenshi:CrisisMakeUp"]},{"damage_healed":0,"gold_gain":0,"player_choice":"Obtain J.A.X.","damage_taken":0,"max_hp_gain":0,"max_hp_loss":0,"event_name":"Drug Dealer","floor":19,"gold_loss":0,"cards_obtained":["J.A.X."]},{"damage_healed":0,"gold_gain":0,"player_choice":"Ignored","damage_taken":0,"max_hp_gain":0,"max_hp_loss":0,"event_name":"Ghosts","floor":20,"gold_loss":0},{"damage_healed":0,"gold_gain":0,"player_choice":"Paid Fearfully","damage_taken":0,"max_hp_gain":0,"max_hp_loss":0,"event_name":"Masked Bandits","floor":23,"gold_loss":16},{"damage_healed":0,"gold_gain":0,"player_choice":"3 cards matched","damage_taken":0,"max_hp_gain":0,"max_hp_loss":0,"event_name":"Match and Keep!","floor":27,"gold_loss":0,"cards_obtained":["theSenshi:LateForSchool","Doubt","theSenshi:GlimpseOfThePast"]}],"is_beta":false,"boss_relics":[{"not_picked":["bronze:MakeshiftBattery","Fusion Hammer","Empty Cage"]}],"items_purged_floors":[14],"is_endless":false,"potions_floor_spawned":[7,10,16,25],"killed_by":"Centurion and Healer","ascension_level":0}}