{"host":"u0qetpmu4y58k1tf","time":1612971338,"event":{"mods":["AchievementEnabler","BaseMod","CapriCore","Colored Map","Colored Powertips","Hermit","Marisa£¨Ùöéë¡¡Øª×âÞÞ£©","Minty Spire (QoL Compilation)","Reliquary","Replay The Spire","StSLib","SuperFastMode","The Bug Knight","The Cursed","The Gatherer","The Hierophant","The Immortal","The Runesmith"],"gold_per_floor":[110,124,124,124,134,134,161,161,161,190,40,65,77,77,77,173,173,192,255,305,368,418,418],"floor_reached":22,"language":"KOR","playtime":749,"items_purged":[],"score":300,"play_id":"5801f3a8-37b0-49e7-94eb-22c2a718ea08","local_time":"20210211003538","is_ascension_mode":true,"campfire_choices":[{"data":"Dualcast","floor":6,"key":"SMITH"},{"data":"Zap","floor":8,"key":"SMITH"},{"data":"Redo","floor":15,"key":"SMITH"}],"circlet_count":0,"master_deck":["Strike_B","Strike_B","Strike_B","Strike_B","Defend_B","Defend_B","Defend_B+1","Defend_B","Zap+1","Dualcast+1","Defend_B","Bash","Sunder","Cold Snap+1","Panic Button","Rainbow","Redo+1","Turbo","Machine Learning+1","CurseOfTheBell","BootSequence","Consume+1","Defragment"],"relics":["Cracked Core","reliquary:Conveyor","BranchBurnRelic","Pear","Boot","PreservedInsect","Centennial Puzzle","SsserpentHead","Calling Bell","reliquary:PartyBalloon","Golden Egg","Mango"],"acts_visited":["Exordium","TheCity"],"potions_floor_usage":[7,10,12,16,16,19],"damage_taken":[{"damage":2,"enemies":"Jaw Worm","floor":1,"turns":3},{"damage":1,"enemies":"2 Louse","floor":2,"turns":2},{"damage":0,"enemies":"Cultist","floor":5,"turns":2},{"damage":0,"enemies":"Gremlin Nob","floor":7,"turns":3},{"damage":6,"enemies":"Lagavulin","floor":10,"turns":5},{"damage":10,"enemies":"3 Sentries","floor":12,"turns":3},{"damage":5,"enemies":"Large Slime","floor":13,"turns":4},{"damage":23,"enemies":"Hexaghost","floor":16,"turns":9},{"damage":4,"enemies":"Spheric Guardian","floor":18,"turns":3},{"damage":11,"enemies":"2 Thieves","floor":19,"turns":4},{"damage":9,"enemies":"Centurion and Healer","floor":21,"turns":8}],"seed_played":"8416195920998003058","potions_obtained":[{"floor":1,"key":"PowerPotion"},{"floor":2,"key":"Ancient Potion"},{"floor":5,"key":"FocusPotion"},{"floor":10,"key":"Adrenaline Potion"},{"floor":12,"key":"FocusPotion"},{"floor":16,"key":"AttackPotion"}],"is_trial":false,"path_per_floor":["M","M","?","?","M","R","E","R","T","E","$","E","M","?","R","B",null,"M","M","?","M","$"],"character_chosen":"DEFECT","items_purchased":["PreservedInsect"],"campfire_rested":0,"item_purchase_floors":[11],"current_hp_per_floor":[73,72,57,57,57,57,76,76,76,84,84,74,69,69,69,61,99,95,84,84,75,75,75],"gold":418,"neow_bonus":"ONE_RARE_RELIC","is_daily":false,"chose_seed":false,"campfire_upgraded":3,"win_rate":0.0,"timestamp":1612971338,"path_taken":["M","M","?","?","M","R","E","R","T","E","$","E","?","?","R","BOSS","M","?","?","?","?"],"items_purchased_type":["Relic"],"build_version":"2020-12-22","purchased_purges":0,"victory":false,"max_hp_per_floor":[75,75,75,75,75,75,85,85,85,85,85,85,85,85,85,85,99,99,99,99,99,99,99],"card_choices":[{"not_picked":["ReplayTheSpireMod:Repulse","BasicCrystalCard"],"picked":"Sunder","floor":1},{"not_picked":["ReplayTheSpireMod:Calculation Training","Time Bomb"],"picked":"Cold Snap","floor":2},{"not_picked":["FTL","ReplaySolidLightProjector"],"picked":"Panic Button","floor":5},{"not_picked":["Sweeping Beam","Go for the Eyes"],"picked":"Rainbow","floor":7},{"not_picked":["Time Bomb","Sweeping Beam"],"picked":"Redo","floor":10},{"not_picked":["FTL","Lockon","Redo"],"picked":"SKIP","floor":12},{"not_picked":["Leap","Rip and Tear"],"picked":"Turbo","floor":13},{"not_picked":["ReplayTheSpireMod:Omega Cannon","Biased Cognition"],"picked":"Machine Learning","floor":16},{"not_picked":["Self Repair","Static Discharge"],"picked":"BootSequence","floor":18},{"not_picked":["Coolheaded","Rip and Tear"],"picked":"Consume+1","floor":19},{"not_picked":["Steam Power","Darkness+1"],"picked":"Defragment","floor":21}],"player_experience":93772,"relics_obtained":[{"floor":4,"key":"reliquary:Conveyor"},{"floor":7,"key":"Pear"},{"floor":10,"key":"Boot"},{"floor":12,"key":"Centennial Puzzle"},{"floor":17,"key":"reliquary:PartyBalloon"},{"floor":17,"key":"Golden Egg"},{"floor":17,"key":"Mango"}],"event_choices":[{"damage_healed":0,"gold_gain":0,"player_choice":"Entered Light","damage_taken":15,"max_hp_gain":0,"max_hp_loss":0,"event_name":"Shining Light","floor":3,"gold_loss":0,"cards_upgraded":["Cold Snap","Defend_B"]},{"damage_healed":0,"gold_gain":0,"player_choice":"Relic","damage_taken":0,"max_hp_gain":0,"max_hp_loss":0,"event_name":"Wheel of Change","floor":4,"gold_loss":0},{"damage_healed":0,"gold_gain":0,"player_choice":"Trade","damage_taken":0,"relics_obtained":["SsserpentHead"],"max_hp_gain":0,"max_hp_loss":0,"event_name":"FaceTrader","floor":14,"gold_loss":0},{"damage_healed":0,"gold_gain":0,"player_choice":"Upgraded","damage_taken":0,"max_hp_gain":0,"max_hp_loss":0,"event_name":"Upgrade Shrine","floor":20,"gold_loss":0,"cards_upgraded":["Machine Learning"]}],"is_beta":false,"boss_relics":[{"not_picked":["Tiny House","reliquary:Craggleroot"],"picked":"Calling Bell"}],"items_purged_floors":[],"is_endless":false,"potions_floor_spawned":[1,2,5,10,12,16],"ascension_level":4}}