{"host":"7v9t59ze4jbx2rzq","time":1612999277,"event":{"mods":["Act Like it!","Ascension Unlocker","Aya Shameimaru","BaseMod","Colored Powertips","Dark Map","Fox Events","Highlight Path","Minty Spire (QoL Compilation)","Optimize The Spire","Ruina","StSLib","The Hydrologist","The Widow","Wide Potions"],"gold_per_floor":[112,37,47,47,59,59,73,106,132,132,132],"floor_reached":10,"language":"ENG","playtime":574,"items_purged":[],"score":136,"play_id":"6c75fc07-4f05-4999-913f-0dab1d6fc08f","local_time":"20210210182117","is_ascension_mode":true,"campfire_choices":[{"data":"theWidow:Spiderbite","floor":6,"key":"SMITH"}],"circlet_count":0,"master_deck":["AscendersBane","theWidow:StrikeWidow","theWidow:StrikeWidow","theWidow:StrikeWidow","theWidow:StrikeWidow","theWidow:DefendWidow","theWidow:DefendWidow","theWidow:DefendWidow","theWidow:DefendWidow","theWidow:Steelweave+1","theWidow:StringShot","theWidow:ExplosiveKick","theWidow:Toxic","theWidow:Spiderbite+1","theWidow:SearingBlade","theWidow:RocketDash"],"relics":["theWidow:CyberheartRelic","Bag of Preparation","Bronze Scales"],"acts_visited":["Exordium"],"potions_floor_usage":[],"damage_taken":[{"damage":1,"enemies":"2 Louse","floor":1,"turns":3},{"damage":4,"enemies":"Small Slimes","floor":3,"turns":5},{"damage":0,"enemies":"Jaw Worm","floor":5,"turns":4},{"damage":16,"enemies":"Lots of Slimes","floor":7,"turns":7},{"damage":26,"enemies":"Lagavulin","floor":8,"turns":6},{"damage":31,"enemies":"Gremlin Nob","floor":10,"turns":3}],"seed_played":"-7452253673180351011","potions_obtained":[],"is_trial":false,"path_per_floor":["M","?","M","?","M","R","M","E","T","E"],"character_chosen":"THE_WIDOW","items_purchased":[],"campfire_rested":0,"item_purchase_floors":[],"current_hp_per_floor":[63,63,59,59,59,59,43,17,17,0,0],"gold":132,"neow_bonus":"UPGRADE_CARD","is_daily":false,"chose_seed":false,"campfire_upgraded":1,"win_rate":0.0,"timestamp":1612999277,"path_taken":["M","?","M","?","M","R","M","E","T","E"],"items_purchased_type":[],"build_version":"2020-12-22","purchased_purges":0,"victory":false,"max_hp_per_floor":[71,71,71,71,71,71,71,71,71,71,71],"card_choices":[{"not_picked":["theWidow:Nanobots","theWidow:Ironthread"],"picked":"theWidow:ExplosiveKick","floor":1},{"not_picked":["theWidow:SelfImprovement","theWidow:SpiderDance"],"picked":"theWidow:Toxic","floor":3},{"not_picked":["theWidow:MetalBurrs","theWidow:BioInformatics"],"picked":"theWidow:Spiderbite","floor":5},{"not_picked":["theWidow:SelfImprovement","theWidow:Gash"],"picked":"theWidow:SearingBlade","floor":7},{"not_picked":["theWidow:Dysphoria","theWidow:Vengeful"],"picked":"theWidow:RocketDash","floor":8}],"player_experience":2197000,"relics_obtained":[{"floor":8,"key":"Bag of Preparation"},{"floor":9,"key":"Bronze Scales"}],"event_choices":[{"cards_removed":["theWidow:StrikeWidow"],"damage_healed":0,"gold_gain":0,"player_choice":"Card Removal","damage_taken":0,"max_hp_gain":0,"max_hp_loss":0,"event_name":"The Cleric","floor":2,"gold_loss":75},{"damage_healed":0,"gold_gain":0,"player_choice":"Ignored","damage_taken":0,"max_hp_gain":0,"max_hp_loss":0,"event_name":"Liars Game","floor":4,"gold_loss":0}],"is_beta":false,"boss_relics":[],"items_purged_floors":[],"is_endless":false,"potions_floor_spawned":[],"killed_by":"Gremlin Nob","ascension_level":20}}