{"host":"r40cn8c2kv7g6k3i","time":1612958971,"event":{"mods":["ATMod(∞¢Ë™Mod)","Act Like it!","BaseMod","Colored Powertips","Downfall","Gensokyo","Hallownest","KinomotoSakuraMod(ƒæ÷Æ±æ”£)","KomeijiMod","Marisa£®ÏF”Í°°ƒß¿Ì…≥£©","Minty Spire (QoL Compilation)","Onozuka Komachi Mod","Prisma Mod","Reimu£®≤©¿ˆ¡È√Œ£©","Remilia£®¿Ÿ√◊¿Ú—«£©","Replay The Spire","Shop Mod","Spicy Shops","StSLib","The Alterego","The Bug Knight","The Servant 0.9.4","UnlockEverythingMod","WarShipGirlsR/’ΩΩ¢…Ÿ≈ÆR mod","Youmu£®ªÍ∆«—˝√Œ£©","Yuri Mod"],"gold_per_floor":[111,2,2,2,0,35,55,268,343,41,58,68,82,102,102,197,197,209,14,0,0,250,31,47,47,47,82,82,96,96,131,131,232,232,243,243,343,359,269,269,300,319,345,378,77,77,77,90,90,390],"floor_reached":51,"language":"ZHS","playtime":6188,"items_purged":["ClowCardTheSword"],"score":986,"play_id":"29e06033-506d-4e31-a77d-f4389ad0498f","local_time":"20210210200931","is_ascension_mode":true,"campfire_choices":[{"floor":15.0,"key":"REST"},{"floor":28.0,"key":"REST"},{"floor":32.0,"key":"REST"},{"floor":40,"key":"REST"},{"floor":47,"key":"REST"},{"floor":49,"key":"REST"}],"circlet_count":0,"master_deck":["SakuraCardTheFirey+","SakuraCardTheRain+","ClowCardTheSword+1","ClowCardTheShield+1","SpellCardSeal","SpellCardRelease","AT_Dispersion+1","ClowCardTheFloat","ClowCardTheMove+1","ClowCardTheSnow","ClowCardTheLittle+1","ClowCardTheShot","ClowCardTheShadow","ClowCardTheMirror","ClowCardTheLight","ClowCardTheFloat","ClowCardTheErase","Hallucinations","Pain","ClowCardTheCloud+1","Carnage","ClowCardTheWood","ClowCardTheFreeze","ClowCardTheLoop","ClowCardTheTwin","ClowCardTheSweet+1","downfall:Haunted","downfall:Haunted","Amnesia","Shame","ClowCardTheShadow","Gensokyo:CustomPotion","ClowCardTheThrough+1","ClowCardTheMaze","ClowCardTheDream+1","Gensokyo:Shovel","Gensokyo:LockedMedkit","Gensokyo:MedicineKit","Gensokyo:Taser","Gensokyo:ReactiveArmor","ClowCardTheFly"],"relics":["KSMOD_SealedBook","KSMOD_SealedWand","AT_ATBox","Gensokyo:CelestialsFlawlessClothing","Smiling Mask","Chameleon Ring","Akabeko","AT_LudenTempest","Honey Jar","KSMOD_GemBrooch","Ring of Fangs","ReplayTheSpireMod:Ring of Challenge","KSMOD_SwordJade","HandDrill","KSMOD_TaoistSuit","Juzu Bracelet","Molten Egg 2","ReplayTheSpireMod:DimensionalGlitch","Mummified Hand","Du-Vu Doll","Toy Ornithopter","Mastiff:ReiMu","Replay:Wax Seal","AT_ChloranthyRing"],"acts_visited":["Gensokyo:Gensokyo","Gensokyo:Gensokyoer","Gensokyo:Gensokyoest"],"potions_floor_usage":[42,42,44,44],"damage_taken":[{"damage":3.0,"enemies":"Gensokyo:Gryphon","floor":1.0,"turns":4.0},{"damage":14.0,"enemies":"Gensokyo:Aya","floor":6.0,"turns":7.0},{"damage":10.0,"enemies":"Gensokyo:2_Kodama","floor":7.0,"turns":5.0},{"damage":4.0,"enemies":"Gensokyo:3_Fairies","floor":8.0,"turns":5.0},{"damage":6.0,"enemies":"Gensokyo:Kitsune","floor":11.0,"turns":2.0},{"damage":4.0,"enemies":"Gensokyo:3_Kodama","floor":12.0,"turns":3.0},{"damage":0.0,"enemies":"Gensokyo:5_Fairies","floor":13.0,"turns":3.0},{"damage":6.0,"enemies":"Gensokyo:Gryphon_and_Rabbit","floor":14.0,"turns":3.0},{"damage":0.0,"enemies":"Gensokyo:Yukari","floor":16.0,"turns":7.0},{"damage":0.0,"enemies":"Gensokyo:Chomper","floor":18.0,"turns":2.0},{"damage":5.0,"enemies":"Gensokyo:2_Gloops","floor":24.0,"turns":4.0},{"damage":32.0,"enemies":"Gensokyo:Slime_Group","floor":27.0,"turns":4.0},{"damage":26.0,"enemies":"Gensokyo:Swordslinger","floor":29.0,"turns":2.0},{"damage":13.0,"enemies":"Gensokyo:Tenshi","floor":31.0,"turns":4.0},{"damage":60.0,"enemies":"Gensokyo:Eternal_Rivals","floor":33.0,"turns":13.0},{"damage":29.0,"enemies":"Gensokyo:3_Bats","floor":35.0,"turns":2.0},{"damage":20,"enemies":"Gensokyo:AncientGuardian","floor":38,"turns":3},{"damage":16,"enemies":"Gensokyo:Doremy","floor":41,"turns":4},{"damage":12,"enemies":"Gensokyo:Sharpion","floor":42,"turns":3},{"damage":12,"enemies":"Gensokyo:Kasen","floor":44,"turns":4},{"damage":8,"enemies":"Gensokyo:AtlasGolem","floor":48,"turns":4},{"damage":8,"enemies":"Gensokyo:Yuyuko","floor":50,"turns":6}],"seed_played":"-3107709217826349241","potions_obtained":[{"floor":7.0,"key":"Venom Potion"},{"floor":8.0,"key":"Reflective Coating"},{"floor":12.0,"key":"FearPotion"},{"floor":13.0,"key":"EssenceOfSteel"},{"floor":18.0,"key":"Venom Potion"},{"floor":24.0,"key":"Energy Potion"},{"floor":31.0,"key":"CalmPotion"},{"floor":33.0,"key":"BlessingOfTheForge"},{"floor":42,"key":"SkillPotion"},{"floor":44,"key":"Death Potion"},{"floor":48,"key":"Fire Potion"}],"is_trial":false,"path_per_floor":["M","COS","?","?","?","E","M","M","T","$","M","M","M","M","R","B",null,"M","$","?","?","?","$","M","?","T","M","R","M","?","E","R","B",null,"M","?","?","M","?","R","E","M","T","E","COS","?","R","M","R","B",null],"character_chosen":"KINOMOTOSAKURA","items_purchased":["ClowCardTheLittle+1","ClowCardTheShot","Akabeko","KSMOD_GemBrooch","ClowCardTheErase","KSMOD_SwordJade","HandDrill"],"campfire_rested":6,"item_purchase_floors":[10,10,10,19,19,23,23],"current_hp_per_floor":[67,67,50,50,51,37,27,23,23,23,17,13,13,7,28,28,70,70,70,70,70,66,66,61,61,61,29,48,22,22,9,27,61,61,32,20,25,8,8,27,14,8,8,5,5,5,24,16,35,35],"gold":390,"neow_bonus":"UPGRADE_CARD","is_daily":false,"chose_seed":false,"campfire_upgraded":0,"win_rate":0.0,"timestamp":1612958971,"path_taken":["M","COS","?","?","?","E","M","M","T","?","M","M","M","M","R","BOSS","M","$","?","?","?","$","M","?","T","M","R","M","?","E","R","BOSS","M","?","?","M","?","R","E","M","T","E","COS","?","R","M","R","BOSS"],"items_purchased_type":["Card","Card","Relic","Relic","Card","Relic","Relic"],"build_version":"2020-12-22","purchased_purges":1,"victory":true,"max_hp_per_floor":[70,70,70,70,70,70,70,70,70,70,70,70,70,70,70,70,70,70,70,70,70,66,66,66,66,66,66,66,66,61,61,61,61,61,61,61,66,66,66,66,66,66,66,66,66,66,66,66,66,66],"card_choices":[{"not_picked":["ClowCardTheShot","ClowCardTheChange"],"picked":"ClowCardTheFloat","floor":1.0},{"not_picked":["ClowCardTheFight","ClowCardTheErase"],"picked":"ClowCardTheRain","floor":6.0},{"not_picked":["ClowCardTheWood","ClowCardTheSnow"],"picked":"ClowCardTheMove","floor":7.0},{"not_picked":["ClowCardTheEarthy","ClowCardTheArrow"],"picked":"ClowCardTheSnow","floor":8.0},{"not_picked":["ClowCardTheSilent","ClowCardTheChange"],"picked":"ClowCardTheShadow","floor":11.0},{"not_picked":["ClowCardTheCreate","ClowCardTheLittle"],"picked":"ClowCardTheFirey","floor":12.0},{"not_picked":["ClowCardTheSand","ClowCardTheSweet"],"picked":"ClowCardTheMirror","floor":13.0},{"not_picked":["ClowCardTheBubbles","ClowCardTheRain"],"picked":"ClowCardTheWave","floor":14.0},{"not_picked":["ClowCardTheCreate","ClowCardTheTwin"],"picked":"ClowCardTheLight","floor":16.0},{"not_picked":["ClowCardTheEarthy","ClowCardTheSweet+1","ClowCardThePower+1"],"picked":"ClowCardTheFloat","floor":18.0},{"not_picked":["ClowCardTheArrow","ClowCardTheDream","ClowCardTheFlower"],"picked":"ClowCardTheCloud+1","floor":24.0},{"not_picked":["ClowCardTheWave","ClowCardTheFlower","ClowCardTheMove"],"picked":"ClowCardTheWood","floor":27.0},{"not_picked":["ClowCardTheErase+1","ClowCardTheCreate","ClowCardTheShot+1"],"picked":"ClowCardTheFreeze","floor":29.0},{"not_picked":["ClowCardTheMirror","ClowCardTheFly","ClowCardTheLibra"],"picked":"ClowCardTheLoop","floor":31.0},{"not_picked":["ClowCardTheThrough+1","ClowCardTheLight","ClowCardTheCreate"],"picked":"ClowCardTheTwin","floor":33.0},{"not_picked":["ClowCardTheLock","ClowCardTheSilent","ClowCardTheRain"],"picked":"ClowCardTheSweet+1","floor":35.0},{"not_picked":["ClowCardTheLibra+1","ClowCardTheFirey","ClowCardTheMirror+1"],"picked":"ClowCardTheShadow","floor":38},{"not_picked":["ClowCardTheChange","ClowCardTheWave","ClowCardTheLittle+1"],"picked":"ClowCardTheThrough+1","floor":41},{"not_picked":["ClowCardTheLock","ClowCardTheFreeze+1","ClowCardTheRain"],"picked":"ClowCardTheMaze","floor":42},{"not_picked":["ClowCardTheErase+1","ClowCardTheThrough+1","ClowCardTheSilent+1"],"picked":"ClowCardTheDream+1","floor":44},{"not_picked":["ClowCardTheArrow+1","ClowCardTheSilent+1","ClowCardTheShot+1"],"picked":"ClowCardTheFly","floor":48}],"player_experience":173668,"relics_obtained":[{"floor":6.0,"key":"Smiling Mask"},{"floor":9.0,"key":"Chameleon Ring"},{"floor":21.0,"key":"Ring of Fangs"},{"floor":21.0,"key":"ReplayTheSpireMod:Ring of Challenge"},{"floor":26.0,"key":"KSMOD_TaoistSuit"},{"floor":31.0,"key":"Molten Egg 2"},{"floor":41,"key":"Toy Ornithopter"},{"floor":43,"key":"Mastiff:ReiMu"},{"floor":44,"key":"Replay:Wax Seal"}],"event_choices":[],"is_beta":false,"boss_relics":[{"not_picked":["Cursed Key","Astrolabe"],"picked":"Honey Jar"},{"not_picked":["Velvet Choker","Runic Dome"],"picked":"ReplayTheSpireMod:DimensionalGlitch"}],"items_purged_floors":[10],"is_endless":false,"potions_floor_spawned":[7,8,12,13,14,18,24,31,33,42,44,48],"ascension_level":1}}