{"host":"watonwak","time":1612915905,"event":{"mods":["AchievementEnabler","BaseMod","Bestiary","Colored Map","Minty Spire (QoL Compilation)","Relic Stats","StSLib"],"gold_per_floor":[111,36,111,15,15,15,45,45,45,74,94,113,143,153,153,230,230,230,230],"floor_reached":18,"language":"ENG","playtime":750,"items_purged":[],"score":445,"play_id":"845782a4-0887-4a66-90b4-653d2902399b","local_time":"20210210001145","is_ascension_mode":true,"campfire_choices":[{"data":"Sweeping Beam","floor":6,"key":"SMITH"},{"data":"Doom and Gloom","floor":8,"key":"SMITH"},{"data":"Undo","floor":15,"key":"SMITH"}],"circlet_count":0,"master_deck":["AscendersBane","Zap","Dualcast","Sweeping Beam+1","Doom and Gloom+1","Undo+1","Coolheaded","Genetic Algorithm","Gash","Creative AI","Streamline","Meteor Strike","Hologram","Echo Form","Reinforced Body","Consume","Blizzard"],"relics":["Cracked Core","NeowsBlessing","DataDisk","Blue Candle","Pear","Letter Opener","Bronze Scales","Pandora\u0027s Box"],"acts_visited":["Exordium","TheCity"],"potions_floor_usage":[13,16],"damage_taken":[{"damage":0,"enemies":"Small Slimes","floor":1,"turns":1},{"damage":0,"enemies":"3 Sentries","floor":7,"turns":2},{"damage":0,"enemies":"Gremlin Nob","floor":10,"turns":1},{"damage":0,"enemies":"2 Louse","floor":11,"turns":1},{"damage":0,"enemies":"Cultist","floor":12,"turns":3},{"damage":31,"enemies":"3 Sentries","floor":13,"turns":6},{"damage":2,"enemies":"Red Slaver","floor":14,"turns":3},{"damage":17,"enemies":"Hexaghost","floor":16,"turns":9},{"damage":39,"enemies":"Shell Parasite","floor":18,"turns":7}],"seed_played":"8392836152132637212","potions_obtained":[{"floor":7,"key":"ColorlessPotion"},{"floor":11,"key":"FairyPotion"},{"floor":13,"key":"CultistPotion"},{"floor":16,"key":"EntropicBrew"}],"is_trial":false,"path_per_floor":["M","?","?","?","$","R","E","R","T","E","M","M","E","M","R","B",null,"M"],"character_chosen":"DEFECT","items_purchased":[],"campfire_rested":0,"item_purchase_floors":[],"current_hp_per_floor":[64,64,53,53,53,53,53,53,63,63,63,63,32,30,30,13,64,25,25],"gold":230,"neow_bonus":"THREE_ENEMY_KILL","is_daily":false,"chose_seed":false,"campfire_upgraded":3,"win_rate":0.0,"timestamp":1612915905,"path_taken":["M","?","?","?","$","R","E","R","T","E","M","M","E","M","R","BOSS","M"],"items_purchased_type":[],"build_version":"2020-12-18","purchased_purges":0,"victory":false,"max_hp_per_floor":[71,71,71,71,71,71,71,71,81,81,81,81,81,81,81,81,81,81,81],"relic_stats":{"counters":[9,33],"Blue Candle":[0],"Bronze Scales":[81],"Pandora\u0027s Box":["Streamline","Meteor Strike","Hologram","Echo Form","Reinforced Body","Consume","Blizzard"],"Letter Opener":[20],"obtain_stats":[{"DataDisk":4,"Pear":9,"NeowsBlessing":0,"Blue Candle":7,"Bronze Scales":13,"Pandora\u0027s Box":17,"Letter Opener":10,"Cracked Core":0},{"DataDisk":1,"Pear":2,"NeowsBlessing":0,"Blue Candle":2,"Bronze Scales":6,"Pandora\u0027s Box":8,"Letter Opener":3,"Cracked Core":0},{"DataDisk":1,"Pear":3,"NeowsBlessing":0,"Blue Candle":3,"Bronze Scales":14,"Pandora\u0027s Box":26,"Letter Opener":4,"Cracked Core":0}]},"card_choices":[{"not_picked":["BootSequence","Steam"],"picked":"Sweeping Beam","floor":1},{"not_picked":["Gash","Streamline"],"picked":"Doom and Gloom","floor":7},{"not_picked":["Coolheaded","Beam Cell"],"picked":"Undo","floor":10},{"not_picked":["Compile Driver","Steam"],"picked":"Coolheaded","floor":11},{"not_picked":["All For One","Conserve Battery"],"picked":"Genetic Algorithm","floor":12},{"not_picked":["Reprogram","Stack","Amplify"],"picked":"SKIP","floor":13},{"not_picked":["Streamline","Fusion"],"picked":"Gash","floor":14},{"not_picked":["Multi-Cast","Thunder Strike"],"picked":"Creative AI","floor":16}],"player_experience":1220764,"relics_obtained":[{"floor":7,"key":"Blue Candle"},{"floor":9,"key":"Pear"},{"floor":10,"key":"Letter Opener"},{"floor":13,"key":"Bronze Scales"}],"event_choices":[{"cards_removed":["Strike_B"],"damage_healed":0,"gold_gain":0,"player_choice":"Card Removal","damage_taken":0,"max_hp_gain":0,"max_hp_loss":0,"event_name":"The Cleric","floor":2,"gold_loss":75},{"damage_healed":0,"gold_gain":75,"player_choice":"Gather Gold","damage_taken":11,"max_hp_gain":0,"max_hp_loss":0,"event_name":"World of Goop","floor":3,"gold_loss":0},{"damage_healed":0,"gold_gain":0,"player_choice":"Paid Gold","damage_taken":0,"relics_obtained":["DataDisk"],"max_hp_gain":0,"max_hp_loss":0,"event_name":"WeMeetAgain","floor":4,"gold_loss":96}],"is_beta":true,"boss_relics":[{"not_picked":["FrozenCore","Cursed Key"],"picked":"Pandora\u0027s Box"}],"items_purged_floors":[],"is_endless":false,"potions_floor_spawned":[7,11,13,16],"killed_by":"Shell Parasite","ascension_level":19}}