{"host":"o397ecwz7fxep68m","time":1612957317,"event":{"mods":["BaseMod","Downfall","Minty Spire (QoL Compilation)","Quick Restart","Relic Stats","StSLib"],"gold_per_floor":[99,119,136,81,100,132,132,132,161,175,192,192,192,192],"floor_reached":12,"language":"ZHS","playtime":899,"items_purged":[],"score":90,"play_id":"466406a6-d820-42ab-ab31-62927f674fbe","local_time":"20210210194157","is_ascension_mode":false,"campfire_choices":[{"data":"Slimebound:CorrosiveSpit","floor":1.0,"key":"SMITH"}],"circlet_count":0,"master_deck":["Slimebound:Strike_Slimebound","Slimebound:Strike_Slimebound","Slimebound:Strike_Slimebound","Slimebound:Tackle","Slimebound:Defend_Slimebound","Slimebound:Defend_Slimebound","Slimebound:Defend_Slimebound","Slimebound:Defend_Slimebound","Slimebound:Split+1","Slimebound:CorrosiveSpit+1","Slimebound:GoopTackle","Slimebound:FlameTackle","Slimebound:Repurpose","Slimebound:Repurpose","Slimebound:SplitBruiser","Slimebound:Darklings","Slimebound:Equalize"],"relics":["Slimebound:AbsorbEndCombat","Bottled Lightning","Oddly Smooth Stone","Peace Pipe"],"acts_visited":[],"potions_floor_usage":[9,10],"damage_taken":[{"damage":5.0,"enemies":"Cultist","floor":2.0,"turns":4.0},{"damage":8.0,"enemies":"2 Louse","floor":3.0,"turns":2.0},{"damage":18.0,"enemies":"downfall:FleeingMerchant","floor":4.0,"turns":4.0},{"damage":6.0,"enemies":"Small Slimes","floor":5.0,"turns":2.0},{"damage":26.0,"enemies":"3 Sentries","floor":6.0,"turns":5.0},{"damage":26,"enemies":"Lagavulin","floor":9,"turns":4},{"damage":2,"enemies":"Gremlin Gang","floor":10,"turns":2},{"damage":7,"enemies":"Blue Slaver","floor":11,"turns":3},{"damage":9,"enemies":"3 Sentries","floor":12,"turns":2}],"seed_played":"9072955930715507573","potions_obtained":[{"floor":5.0,"key":"champ:CounterPotion"},{"floor":6,"key":"Fire Potion"},{"floor":9,"key":"Explosive Potion"},{"floor":10,"key":"Dexterity Potion"}],"is_trial":false,"path_per_floor":["R","M","M","$","M","E","T","?","E","M","M","E"],"character_chosen":"SLIMEBOUND","items_purchased":["Slimebound:Repurpose"],"campfire_rested":0,"item_purchase_floors":[4],"current_hp_per_floor":[60,57,51,41,39,15,15,35,17,17,14,5,5,5],"gold":192,"neow_bonus":"UPGRADE_CARD","is_daily":false,"chose_seed":false,"campfire_upgraded":1,"win_rate":0.0,"timestamp":1612957317,"path_taken":["R","M","M","$","?","E","T","?","E","M","M","E"],"items_purchased_type":["Card"],"build_version":"2020-12-22","purchased_purges":0,"victory":false,"max_hp_per_floor":[60,60,60,60,60,60,60,60,60,60,60,60,60,60],"relic_stats":{"Peace Pipe":0,"counters":[58,225],"obtain_stats":[{"Peace Pipe":9,"Oddly Smooth Stone":7,"Slimebound:AbsorbEndCombat":0,"Bottled Lightning":6},{"Peace Pipe":55,"Oddly Smooth Stone":54,"Slimebound:AbsorbEndCombat":0,"Bottled Lightning":54},{"Peace Pipe":218,"Oddly Smooth Stone":214,"Slimebound:AbsorbEndCombat":0,"Bottled Lightning":214}]},"card_choices":[{"not_picked":["Slimebound:GoopSpray","Slimebound:RejuvenatingLick"],"picked":"Slimebound:GoopTackle","floor":2.0},{"not_picked":["Slimebound:GoopSpray","Slimebound:Prepare"],"picked":"Slimebound:FlameTackle","floor":3.0},{"not_picked":["Slimebound:Dissolve","Slimebound:LeechEnergy"],"picked":"Slimebound:Repurpose","floor":4.0},{"not_picked":["Slimebound:Schlurp","Slimebound:Dissolve"],"picked":"Slimebound:SplitBruiser","floor":5.0},{"not_picked":["Slimebound:RejuvenatingLick","Slimebound:FormOfPuddle","Slimebound:PressTheAttack"],"picked":"SKIP","floor":6},{"not_picked":["Slimebound:SplitAcid","Slimebound:HauntingLick","Slimebound:Prepare"],"picked":"SKIP","floor":9},{"not_picked":["Slimebound:ComboTackle","Slimebound:Schlurp"],"picked":"Slimebound:Darklings","floor":10},{"not_picked":["Slimebound:GoopSpray","Slimebound:LevelUp"],"picked":"Slimebound:Equalize","floor":11}],"player_experience":709461,"relics_obtained":[{"floor":6,"key":"Bottled Lightning"},{"floor":7,"key":"Oddly Smooth Stone"},{"floor":9,"key":"Peace Pipe"}],"event_choices":[{"damage_healed":20,"gold_gain":0,"player_choice":"Banana","damage_taken":0,"max_hp_gain":0,"max_hp_loss":0,"event_name":"Big Fish","floor":8,"gold_loss":0}],"is_beta":false,"boss_relics":[],"items_purged_floors":[],"is_endless":false,"potions_floor_spawned":[5,6,9,10],"killed_by":"3 Sentries","ascension_level":0}}