{"host":"u5p72gjg7qm9i6r4","time":1612926500,"event":{"mods":["AchievementEnabler","BaseMod","Curses Come First","Highlight Path","Minty Spire (QoL Compilation)","Rare Cards Sparkle","StSLib"],"gold_per_floor":[113,130,150,167,180,180,215,231,282,282,79,79,109,121,121,217,217,235,145,161,161,33,60,20,20,20],"floor_reached":25,"language":"ENG","playtime":1376,"items_purged":["Strike_B"],"score":425,"play_id":"00915be6-6574-4817-8e05-e7f064e1fbb7","local_time":"20210209210820","is_ascension_mode":true,"campfire_choices":[{"floor":6.0,"key":"REST"},{"data":"Genetic Algorithm","floor":10.0,"key":"SMITH"},{"data":"Loop","floor":12.0,"key":"SMITH"},{"floor":15,"key":"REST"}],"circlet_count":0,"master_deck":["Strike_B","Strike_B","Defend_B","Defend_B","Defend_B","Defend_B","Zap","Dualcast","Turbo","Glacier","Streamline","Conserve Battery","Genetic Algorithm+1","Heatsinks","Blizzard+1","Conserve Battery","Loop+1","Bandage Up","Biased Cognition","Creative AI","Conserve Battery","Storm","Thunder Strike"],"relics":["Cracked Core","Centennial Puzzle","Smiling Mask","Singing Bowl","Cursed Key","Blue Candle"],"acts_visited":["TheCity"],"potions_floor_usage":[16,18,23,25,25,25,25],"damage_taken":[{"damage":0.0,"enemies":"Cultist","floor":1.0,"turns":3.0},{"damage":0.0,"enemies":"2 Louse","floor":2.0,"turns":2.0},{"damage":7.0,"enemies":"Small Slimes","floor":3.0,"turns":3.0},{"damage":12.0,"enemies":"Looter","floor":4.0,"turns":3.0},{"damage":9.0,"enemies":"Lots of Slimes","floor":5.0,"turns":5.0},{"damage":17.0,"enemies":"Lagavulin","floor":7.0,"turns":6.0},{"damage":3.0,"enemies":"3 Louse","floor":8.0,"turns":3.0},{"damage":36.0,"enemies":"Gremlin Nob","floor":13.0,"turns":5.0},{"damage":8,"enemies":"Blue Slaver","floor":14,"turns":6},{"damage":33,"enemies":"The Guardian","floor":16,"turns":13},{"damage":3,"enemies":"2 Thieves","floor":18,"turns":5},{"damage":8,"enemies":"Shell Parasite","floor":20,"turns":11},{"damage":54,"enemies":"Book of Stabbing","floor":23,"turns":7},{"damage":20,"enemies":"Slavers","floor":25,"turns":3}],"seed_played":"-5362856616873691709","potions_obtained":[{"floor":1.0,"key":"PotionOfCapacity"},{"floor":2.0,"key":"Energy Potion"},{"floor":4.0,"key":"Strength Potion"},{"floor":16,"key":"Explosive Potion"},{"floor":24,"key":"BlessingOfTheForge"},{"floor":24,"key":"PotionOfCapacity"},{"floor":24,"key":"EntropicBrew"}],"is_trial":false,"path_per_floor":["M","M","M","M","M","R","E","M","T","R","$","R","E","M","R","B",null,"M","?","M","?","$","E","?","E"],"character_chosen":"DEFECT","items_purchased":["Conserve Battery","Loop","Bandage Up","Storm"],"campfire_rested":2,"item_purchase_floors":[11,11,11,22],"current_hp_per_floor":[82,82,75,63,54,78,61,58,58,58,58,58,28,24,49,20,84,84,84,80,63,63,13,13,0,0],"gold":20,"neow_bonus":"TEN_PERCENT_HP_BONUS","is_daily":false,"chose_seed":false,"campfire_upgraded":2,"win_rate":0.0,"timestamp":1612926500,"path_taken":["M","M","?","M","M","R","E","M","T","R","$","R","E","M","R","BOSS","M","?","?","?","$","E","?","E"],"items_purchased_type":["Card","Card","Card","Card"],"build_version":"2020-12-22","purchased_purges":1,"victory":false,"max_hp_per_floor":[82,82,82,82,82,82,82,82,82,82,82,82,84,84,84,84,84,86,86,86,91,91,91,91,91,91],"card_choices":[{"not_picked":["Redo","Barrage"],"picked":"Turbo","floor":1.0},{"not_picked":["Leap","Steam"],"picked":"Glacier","floor":2.0},{"not_picked":["Sweeping Beam","Beam Cell"],"picked":"Streamline","floor":3.0},{"not_picked":["Leap","Compile Driver"],"picked":"Conserve Battery","floor":4.0},{"not_picked":["Coolheaded","Conserve Battery"],"picked":"Genetic Algorithm","floor":5.0},{"not_picked":["Gash","Compile Driver"],"picked":"Heatsinks","floor":7.0},{"not_picked":["Rebound","Darkness"],"picked":"Blizzard","floor":8.0},{"not_picked":["Skim","Recycle","Steam"],"picked":"Singing Bowl","floor":13.0},{"not_picked":["Defragment","Conserve Battery"],"picked":"Biased Cognition","floor":14},{"not_picked":["Multi-Cast","Amplify"],"picked":"Creative AI","floor":16},{"not_picked":["Heatsinks","Go for the Eyes+1","Barrage"],"picked":"Singing Bowl","floor":18},{"not_picked":["Gash","Aggregate"],"picked":"Conserve Battery","floor":20},{"not_picked":["Loop+1","Fusion"],"picked":"Thunder Strike","floor":23}],"player_experience":154282,"relics_obtained":[{"floor":7.0,"key":"Centennial Puzzle"},{"floor":9.0,"key":"Smiling Mask"},{"floor":13.0,"key":"Singing Bowl"},{"floor":23,"key":"Blue Candle"}],"event_choices":[{"cards_removed":["Strike_B"],"damage_healed":0,"gold_gain":0,"player_choice":"Upgrade and Remove","damage_taken":0,"max_hp_gain":0,"max_hp_loss":0,"event_name":"Designer","floor":19,"gold_loss":90,"cards_upgraded":["Blizzard"]},{"damage_healed":0,"gold_gain":0,"player_choice":"Shed Blood","damage_taken":22,"max_hp_gain":5,"max_hp_loss":0,"event_name":"Forgotten Altar","floor":21,"gold_loss":0},{"damage_healed":0,"gold_gain":0,"player_choice":"Bought 3 Potions","damage_taken":0,"max_hp_gain":0,"max_hp_loss":0,"event_name":"The Woman in Blue","floor":24,"gold_loss":0}],"is_beta":false,"boss_relics":[{"not_picked":["Calling Bell","Busted Crown"],"picked":"Cursed Key"}],"items_purged_floors":[22],"is_endless":false,"potions_floor_spawned":[1,2,4,5,16],"killed_by":"Slavers","ascension_level":4}}