{"host":"ris23a35wgbcqmkd","time":1612995874,"event":{"mods":["AchievementEnabler","BaseMod","BetterRewards","Colored Map","Colored Powertips","Downfall","Duelist Mod","Hermit","Minty Spire (QoL Compilation)","Rare Cards Sparkle","Shop Mod","StSLib","SuperFastMode","The Cursed","The Necromancer","The Wild Card"],"gold_per_floor":[242,6,38,75,94,121,121,170,170,26,78,0,39,52,52,52,52],"floor_reached":16,"language":"ENG","playtime":733,"items_purged":[],"score":114,"play_id":"36fba730-f335-4110-92f0-08e84572eb1e","local_time":"20210210222434","is_ascension_mode":false,"campfire_choices":[{"data":"theDuelist:WhiteHowling","floor":7,"key":"SMITH"},{"floor":15,"key":"REST"}],"circlet_count":0,"master_deck":["theDuelist:BabyDragon","theDuelist:CastleWalls","theDuelist:CastleWalls","theDuelist:CaveDragon","theDuelist:CaveDragon","theDuelist:LesserDragon","theDuelist:LesserDragon","theDuelist:Sparks","theDuelist:Sparks","theDuelist:YamataDragon","theDuelist:WhiteHornDragon","theDuelist:WhiteHowling+1","theDuelist:MadFlameKaiju","theDuelist:BeserkDragon","theDuelist:BigFire","theDuelist:TyrantWing","theDuelist:CoralDragon","theDuelist:DarkHorus","theDuelist:SilverDragon","theDuelist:Reload"],"relics":["theDuelist:MillenniumPuzzle","theDuelist:CardPoolRelic","theDuelist:CardPoolBasicRelic","theDuelist:BoosterPackPoolRelic","theDuelist:CardPoolAddRelic","theDuelist:CardPoolMinusRelic","theDuelist:CardPoolSaveRelic","theDuelist:CardPoolOptionsRelic","theDuelist:AknamkanonsEssence","Kunai","theDuelist:MonsterEggRelic","PreservedInsect","theDuelist:MillenniumPrayerbook","theDuelist:AknamkanonsEssence"],"acts_visited":["Exordium"],"potions_floor_usage":[16,16],"damage_taken":[{"damage":0,"enemies":"Cultist","floor":1,"turns":3},{"damage":13,"enemies":"2 Louse","floor":3,"turns":5},{"damage":6,"enemies":"Small Slimes","floor":4,"turns":3},{"damage":4,"enemies":"Looter","floor":5,"turns":3},{"damage":10,"enemies":"3 Sentries","floor":6,"turns":7},{"damage":0,"enemies":"Large Slime","floor":8,"turns":5},{"damage":16,"enemies":"Gremlin Nob","floor":11,"turns":4},{"damage":22,"enemies":"3 Louse","floor":13,"turns":4},{"damage":0,"enemies":"2 Fungi Beasts","floor":14,"turns":3},{"damage":33,"enemies":"The Guardian","floor":16,"turns":6}],"seed_played":"-8754118138523589519","potions_obtained":[{"floor":1,"key":"Weak Potion"},{"floor":5,"key":"AttackPotion"},{"floor":11,"key":"theDuelist:OrbBottle"},{"floor":13,"key":"theDuelist:BabyPotion"}],"is_trial":false,"path_per_floor":["M","$","M","M","M","E","R","M","T","$","E","?","M","M","R","B"],"character_chosen":"THE_DUELIST","items_purchased":["theDuelist:AknamkanonsEssence","theDuelist:WhiteHowling","PreservedInsect"],"campfire_rested":1,"item_purchase_floors":[2,2,10],"current_hp_per_floor":[80,80,67,61,57,47,47,47,47,47,31,31,9,9,33,0,0],"gold":52,"neow_bonus":"HUNDRED_GOLD","is_daily":false,"chose_seed":false,"campfire_upgraded":1,"win_rate":0.0,"timestamp":1612995874,"path_taken":["M","?","M","?","M","E","R","M","T","$","E","?","?","M","R","BOSS"],"items_purchased_type":["Relic","Card","Relic"],"build_version":"2020-12-22","purchased_purges":0,"victory":false,"max_hp_per_floor":[80,80,80,80,80,80,80,80,80,80,80,80,80,80,80,80,80],"card_choices":[{"not_picked":["theDuelist:RedHeadedOni","theDuelist:MythicWaterDragon","theDuelist:Beatraptor","theDuelist:AtomicScrapDragon"],"picked":"theDuelist:WhiteHornDragon","floor":1},{"not_picked":["theDuelist:Kabazauls","theDuelist:GalaxyTyranno","theDuelist:Freezadon","theDuelist:Duoterion"],"picked":"theDuelist:MadFlameKaiju","floor":3},{"not_picked":["theDuelist:TwinHeadedFire","theDuelist:LesserDragon","theDuelist:Kabazauls","theDuelist:Earthquake"],"picked":"theDuelist:BeserkDragon","floor":4},{"not_picked":["theDuelist:Reload","theDuelist:RainbowOverdragon","theDuelist:ScrapFactory","theDuelist:Jinzo"],"picked":"theDuelist:BigFire","floor":5},{"not_picked":["theDuelist:FireDarts","theDuelist:DefensiveTactics","theDuelist:MiraculousDescent","theDuelist:SeismicShockwave"],"picked":"theDuelist:TyrantWing","floor":6},{"not_picked":["theDuelist:CyberDinosaur","theDuelist:CyberValley","theDuelist:Earthquake","theDuelist:MaskedDragon"],"picked":"theDuelist:CoralDragon","floor":8},{"not_picked":["theDuelist:EvilMind","theDuelist:DreadnoughtDreadnoid","theDuelist:BlackBrutdrago","theDuelist:BlackTyranno"],"picked":"theDuelist:DarkHorus","floor":11},{"not_picked":["theDuelist:CyberValley","theDuelist:Anthrosaurus","theDuelist:BusterBlader","theDuelist:MythicWaterDragon"],"picked":"theDuelist:SilverDragon","floor":13},{"not_picked":["theDuelist:Hinotama","theDuelist:GreenGraveOni","theDuelist:HarpieFeather","theDuelist:Mausoleum"],"picked":"theDuelist:Reload","floor":14}],"player_experience":267188,"relics_obtained":[{"floor":6,"key":"Kunai"},{"floor":9,"key":"theDuelist:MonsterEggRelic"},{"floor":11,"key":"theDuelist:MillenniumPrayerbook"}],"event_choices":[{"damage_healed":0,"gold_gain":0,"player_choice":"Duplicated Relic - Aknamkanon\u0027s Essence","duelist":true,"damage_taken":0,"max_hp_gain":0,"max_hp_loss":0,"event_name":"Relic Duplicator","floor":12,"gold_loss":0}],"is_beta":false,"boss_relics":[],"items_purged_floors":[],"is_endless":false,"potions_floor_spawned":[1,5,11,13],"killed_by":"The Guardian","ascension_level":0}}