{"host":"am0cr9xwekqmrere","time":1612972741,"event":{"mods":["AchievementEnabler","Act Like it!","BaseMod","Better Altar","Better Match","Better Note","Better Sensory Stone","Better Skull","Better Third Choice","BetterRewards","Conspire","Downfall","Hubris","Infinite Spire","Minty Spire (QoL Compilation)","Rare Cards Sparkle","Spicy Shops","StSLib","Unceasing Turn Reminder"],"gold_per_floor":[99,115,215,6,6,0,26,61,71,81,97,97,107,141,160,160,160,160],"floor_reached":16,"language":"ENG","playtime":739,"items_purged":[],"score":118,"play_id":"7b375ec0-b76c-4684-9bfa-c3621dfd5030","local_time":"20210210095901","is_ascension_mode":true,"campfire_choices":[{"data":"bronze:Replicate","floor":1,"key":"SMITH"},{"data":"bronze:ChosenStrike","floor":12,"key":"SMITH"}],"circlet_count":0,"master_deck":["bronze:Strike","bronze:Strike","bronze:Strike","bronze:Strike","bronze:Defend","bronze:Defend","bronze:Defend","bronze:Defend","bronze:Replicate+1","bronze:Goto","bronze:WildBeam","bronze:Safeguard","bronze:Overheat+1","bronze:Separator","bronze:ItsAFeature","bronze:Deprecate","bronze:FineTuning","bronze:ChosenStrike+1","bronze:WhirlingStrike","bronze:Optimize","bronze:BurnOut"],"relics":["bronze:BronzeCore","Orichalcum","Blood Vial","Bottled Flame","infinitespire:Golems Mask"],"acts_visited":["Exordium"],"potions_floor_usage":[11,13,14,16],"damage_taken":[{"damage":1,"enemies":"conspire:RoseBush","floor":2,"turns":3},{"damage":5,"enemies":"downfall:FleeingMerchant","floor":4,"turns":4},{"damage":0,"enemies":"downfall:FleeingMerchant","floor":6,"turns":4},{"damage":11,"enemies":"Gremlin Nob","floor":8,"turns":4},{"damage":0,"enemies":"Small Slimes","floor":9,"turns":2},{"damage":0,"enemies":"2 Louse","floor":10,"turns":2},{"damage":0,"enemies":"2 Fungi Beasts","floor":11,"turns":2},{"damage":0,"enemies":"Exordium Thugs","floor":13,"turns":3},{"damage":11,"enemies":"3 Sentries","floor":14,"turns":5},{"damage":4,"enemies":"conspire:2 RoseBushes","floor":15,"turns":3},{"damage":69,"enemies":"WA_ARCHETYPE_RETAIN","floor":16,"turns":7}],"seed_played":"3201871425003804508","potions_obtained":[{"floor":8,"key":"SneckoOil"},{"floor":10,"key":"sneckomod:MuddlingPotion"},{"floor":11,"key":"LiquidMemories"},{"floor":13,"key":"Fruit Juice"}],"is_trial":false,"path_per_floor":["R","M","?","$","?","$","T","E","M","M","M","R","M","E","M","B"],"character_chosen":"THE_AUTOMATON","items_purchased":["Blood Vial","bronze:Overheat"],"campfire_rested":0,"item_purchase_floors":[4,4],"current_hp_per_floor":[70,69,69,64,64,66,66,57,59,61,63,63,65,61,59,0,0,0],"gold":160,"neow_bonus":"RANDOM_COMMON_RELIC","is_daily":false,"chose_seed":false,"campfire_upgraded":2,"win_rate":0.0,"timestamp":1612972741,"path_taken":["R","M","?","$","?","$","T","E","M","M","M","R","M","E","M","BOSS"],"items_purchased_type":["Relic","Card"],"build_version":"2020-12-22","purchased_purges":0,"victory":false,"max_hp_per_floor":[70,70,70,70,70,70,70,70,70,70,70,70,70,75,75,75,75,75],"card_choices":[{"not_picked":["bronze:MaxOutput","bronze:DelayedGuard"],"picked":"bronze:WildBeam","floor":2},{"not_picked":["bronze:Frontload","bronze:BuggyMess"],"picked":"bronze:Safeguard","floor":4},{"not_picked":["bronze:Refactor","bronze:OilSpill"],"picked":"bronze:Separator","floor":6},{"not_picked":["bronze:Shield","bronze:BugBarrage"],"picked":"bronze:ItsAFeature","floor":8},{"not_picked":["bronze:CutThrough","bronze:ForceShield"],"picked":"bronze:Deprecate","floor":9},{"not_picked":["bronze:Safeguard","bronze:BronzeOrb"],"picked":"bronze:FineTuning","floor":10},{"not_picked":["bronze:Overheat","bronze:Terminator"],"picked":"bronze:ChosenStrike","floor":11},{"not_picked":["bronze:FineTuning","bronze:WildBeam"],"picked":"bronze:WhirlingStrike","floor":13},{"not_picked":["bronze:Deprecate","bronze:Boost"],"picked":"bronze:Optimize","floor":14},{"not_picked":["bronze:FollowUp","bronze:Fortify"],"picked":"bronze:BurnOut","floor":15}],"player_experience":2760773,"relics_obtained":[{"floor":8,"key":"Bottled Flame"},{"floor":14,"key":"infinitespire:Golems Mask"}],"event_choices":[{"damage_healed":0,"gold_gain":0,"player_choice":"Grow","damage_taken":0,"max_hp_gain":0,"max_hp_loss":0,"event_name":"Living Wall","floor":5,"gold_loss":0,"cards_upgraded":["bronze:Overheat"]}],"is_beta":false,"boss_relics":[],"items_purged_floors":[],"is_endless":false,"potions_floor_spawned":[8,10,11,13],"killed_by":"WA_ARCHETYPE_RETAIN","ascension_level":1}}