{"host":"7tvb1em0d2fx72q7","time":1612988088,"event":{"mods":["BaseMod","Challenge The Spire","Minty Spire (QoL Compilation)","StSLib","everything is the same but u backflip on backflip"],"gold_per_floor":[112,129,148,165,175,175,207,207,256,285,262,43,0,331,331,331,331],"floor_reached":16,"language":"ENG","playtime":1002,"items_purged":["Strike_R"],"score":240,"play_id":"caff507c-eb97-4db3-8bf6-16ed7b58486a","local_time":"20210210151448","is_ascension_mode":true,"campfire_choices":[{"floor":6.0,"key":"REST"},{"floor":15.0,"key":"REST"}],"circlet_count":0,"master_deck":["AscendersBane","Strike_R","Strike_R","Strike_R","Strike_R+1","Defend_R","Defend_R","Defend_R","Defend_R","Bash","Clothesline","Pommel Strike","Carnage","Second Wind","Feel No Pain","True Grit","Reckless Charge+1","Sever Soul","Sentinel","Dual Wield"],"relics":["Black Star","Toy Ornithopter","Paper Frog","Nunchaku","MawBank","Whetstone","Incense Burner","Old Coin"],"acts_visited":["Exordium"],"potions_floor_usage":[16],"damage_taken":[{"damage":7.0,"enemies":"Cultist","floor":1.0,"turns":4.0},{"damage":4.0,"enemies":"2 Louse","floor":2.0,"turns":3.0},{"damage":4.0,"enemies":"Jaw Worm","floor":3.0,"turns":3.0},{"damage":18.0,"enemies":"Exordium Wildlife","floor":4.0,"turns":7.0},{"damage":9.0,"enemies":"Blue Slaver","floor":5.0,"turns":5.0},{"damage":39.0,"enemies":"Gremlin Nob","floor":7.0,"turns":5.0},{"damage":4.0,"enemies":"3 Sentries","floor":10.0,"turns":13.0},{"damage":12.0,"enemies":"Lagavulin","floor":14.0,"turns":6.0},{"damage":45,"enemies":"Slime Boss","floor":16,"turns":16}],"seed_played":"9201723008281903790","potions_obtained":[{"floor":2.0,"key":"GamblersBrew"},{"floor":3.0,"key":"Dexterity Potion"}],"is_trial":false,"path_per_floor":["M","M","M","M","M","R","E","?","T","E","?","$","?","E","R","B"],"character_chosen":"IRONCLAD","items_purchased":["Sever Soul","Sentinel"],"campfire_rested":2,"item_purchase_floors":[12,12],"current_hp_per_floor":[61,57,53,35,26,48,9,9,9,10,28,28,28,16,38,0,0],"gold":331,"neow_bonus":"BOSS_RELIC","is_daily":false,"chose_seed":false,"campfire_upgraded":0,"win_rate":0.0,"timestamp":1612988088,"path_taken":["M","M","M","M","M","R","E","?","T","E","?","$","?","E","R","BOSS"],"items_purchased_type":["Card","Card"],"build_version":"2020-12-22","purchased_purges":1,"victory":false,"max_hp_per_floor":[75,75,75,75,75,75,75,75,75,75,75,75,75,75,75,75,75],"card_choices":[{"not_picked":["Clash","Twin Strike"],"picked":"Clothesline","floor":1.0},{"not_picked":["True Grit","Armaments"],"picked":"Pommel Strike","floor":2.0},{"not_picked":["Pommel Strike","Warcry"],"picked":"Carnage","floor":3.0},{"not_picked":["Sword Boomerang","Pommel Strike"],"picked":"Second Wind","floor":4.0},{"not_picked":["Reckless Charge","Burning Pact"],"picked":"Feel No Pain","floor":5.0},{"not_picked":["Dropkick","Rupture"],"picked":"True Grit","floor":7.0},{"not_picked":["Warcry","Heavy Blade"],"picked":"Reckless Charge","floor":10.0},{"not_picked":["Sword Boomerang","Clothesline"],"picked":"Dual Wield","floor":14.0}],"player_experience":2045972,"relics_obtained":[{"floor":7.0,"key":"Toy Ornithopter"},{"floor":7.0,"key":"Paper Frog"},{"floor":9.0,"key":"Nunchaku"},{"floor":10.0,"key":"MawBank"},{"floor":10.0,"key":"Whetstone"},{"floor":14.0,"key":"Incense Burner"},{"floor":14.0,"key":"Old Coin"}],"event_choices":[{"damage_healed":0.0,"max_hp_gain":0.0,"max_hp_loss":0.0,"gold_gain":0.0,"event_name":"Scrap Ooze","player_choice":"Fled","floor":8.0,"gold_loss":0.0,"damage_taken":0.0},{"damage_healed":18.0,"max_hp_gain":0.0,"max_hp_loss":0.0,"gold_gain":0.0,"event_name":"The Cleric","player_choice":"Healed","floor":11.0,"gold_loss":35.0,"damage_taken":0.0},{"damage_healed":0.0,"max_hp_gain":0.0,"max_hp_loss":0.0,"gold_gain":0.0,"event_name":"World of Goop","player_choice":"Left Gold","floor":13.0,"gold_loss":43.0,"damage_taken":0.0}],"is_beta":false,"boss_relics":[],"items_purged_floors":[12],"is_endless":false,"potions_floor_spawned":[2,3,7],"killed_by":"Slime Boss","ascension_level":20}}