{"host":"4lch21uqe3ag08cj","time":1612924031,"event":{"mods":["AchievementEnabler","BaseMod","Block Reminder","Colored Map","Colored Powertips","Minty Spire (QoL Compilation)","Permanent Neow","Relic Stats"],"gold_per_floor":[116,129,140,153,171,171,186,216,216,227,256,256,282,293,293,389,389,400,675,663,70,87,119,119,148,199,199,209,236,236,40,40,137,137,154,154,200,110,128,153,153,153,153,169,202,214,261,273,285,297,309,321,33,65,65],"floor_reached":56,"language":"ENG","playtime":2957,"items_purged":["Regret","Strike_R"],"score":1604,"play_id":"1d5ad957-f385-4e30-a176-364d30cb0bca","local_time":"20210209232711","is_ascension_mode":true,"campfire_choices":[{"floor":6.0,"key":"REST"},{"floor":12.0,"key":"REST"},{"floor":15.0,"key":"REST"},{"floor":24.0,"key":"REST"},{"data":"Corruption","floor":30.0,"key":"SMITH"},{"data":"Dark Embrace","floor":32.0,"key":"SMITH"},{"data":"Feel No Pain","floor":41.0,"key":"SMITH"},{"floor":46.0,"key":"RECALL"},{"floor":49.0,"key":"DIG"},{"floor":52,"key":"DIG"}],"circlet_count":0,"master_deck":["Strike_R","Defend_R","Defend_R","Defend_R","Defend_R","Bash+1","Dark Embrace+1","Iron Wave","Bloodletting","Clothesline","Shrug It Off","Immolate","Shrug It Off+1","Flame Barrier+1","Spot Weakness+1","Whirlwind","Corruption+1","Feel No Pain","True Grit+1","Carnage","True Grit+1","Shrug It Off+1","Seeing Red+1","Feel No Pain+1","Sentinel+1","Impervious+1","Entrench+1","Demon Form","Inflame","Dark Shackles+1"],"relics":["Burning Blood","Calipers","Peace Pipe","Toxic Egg 2","Art of War","Letter Opener","SlaversCollar","Membership Card","Gremlin Horn","Gambling Chip","InkBottle","Bronze Scales","Orichalcum","WingedGreaves","White Beast Statue","Toy Ornithopter","Mark of Pain","Shovel","Anchor","MawBank","Sundial","Ginger","Mummified Hand","Bottled Tornado","Blue Candle"],"acts_visited":["Exordium","TheCity","TheBeyond","TheEnding"],"potions_floor_usage":[50,54,55,55,55],"damage_taken":[{"damage":0.0,"enemies":"Small Slimes","floor":1.0,"turns":3.0},{"damage":1.0,"enemies":"Cultist","floor":2.0,"turns":4.0},{"damage":7.0,"enemies":"2 Louse","floor":3.0,"turns":3.0},{"damage":21.0,"enemies":"Large Slime","floor":4.0,"turns":6.0},{"damage":25.0,"enemies":"Exordium Thugs","floor":5.0,"turns":8.0},{"damage":9.0,"enemies":"Looter","floor":7.0,"turns":3.0},{"damage":38.0,"enemies":"Lagavulin","floor":8.0,"turns":7.0},{"damage":2.0,"enemies":"Gremlin Gang","floor":10.0,"turns":2.0},{"damage":19.0,"enemies":"Gremlin Nob","floor":11.0,"turns":3.0},{"damage":27.0,"enemies":"Lagavulin","floor":13.0,"turns":9.0},{"damage":7.0,"enemies":"3 Louse","floor":14.0,"turns":3.0},{"damage":34.0,"enemies":"Slime Boss","floor":16.0,"turns":9.0},{"damage":10.0,"enemies":"Spheric Guardian","floor":18.0,"turns":5.0},{"damage":30.0,"enemies":"2 Thieves","floor":20.0,"turns":4.0},{"damage":10.0,"enemies":"Snake Plant","floor":22.0,"turns":5.0},{"damage":21.0,"enemies":"Gremlin Leader","floor":23.0,"turns":6.0},{"damage":15.0,"enemies":"Slavers","floor":25.0,"turns":4.0},{"damage":3.0,"enemies":"Snecko","floor":28.0,"turns":5.0},{"damage":0.0,"enemies":"Gremlin Leader","floor":29.0,"turns":4.0},{"damage":18.0,"enemies":"Champ","floor":33.0,"turns":9.0},{"damage":39.0,"enemies":"3 Shapes","floor":35.0,"turns":6.0},{"damage":27.0,"enemies":"2 Orb Walkers","floor":37.0,"turns":5.0},{"damage":24.0,"enemies":"3 Darklings","floor":39.0,"turns":3.0},{"damage":0.0,"enemies":"Reptomancer","floor":40.0,"turns":4.0},{"damage":10.0,"enemies":"Maw","floor":44.0,"turns":8.0},{"damage":0.0,"enemies":"Nemesis","floor":45.0,"turns":7.0},{"damage":2.0,"enemies":"Reptomancer","floor":47.0,"turns":6.0},{"damage":13,"enemies":"Awakened One","floor":50,"turns":8},{"damage":3,"enemies":"Shield and Spear","floor":54,"turns":3},{"damage":36,"enemies":"The Heart","floor":55,"turns":8}],"seed_played":"-2546270188398173937","potions_obtained":[{"floor":2.0,"key":"Block Potion"},{"floor":3.0,"key":"Fruit Juice"},{"floor":7.0,"key":"Fire Potion"},{"floor":8.0,"key":"ColorlessPotion"},{"floor":10.0,"key":"SteroidPotion"},{"floor":23.0,"key":"Ancient Potion"},{"floor":25.0,"key":"BloodPotion"},{"floor":28.0,"key":"Block Potion"},{"floor":33.0,"key":"PowerPotion"},{"floor":37.0,"key":"Energy Potion"},{"floor":39.0,"key":"Energy Potion"},{"floor":40.0,"key":"Regen Potion"},{"floor":44.0,"key":"FearPotion"},{"floor":45.0,"key":"Fire Potion"},{"floor":47.0,"key":"FearPotion"},{"floor":54,"key":"EssenceOfSteel"}],"is_trial":false,"path_per_floor":["M","M","M","M","M","R","M","E","T","M","E","R","E","M","R","B",null,"M","?","M","$","M","E","R","E","T","?","M","E","R","$","R","B",null,"M","?","?","?","M","E","R","?","T","M","E","R","E","?","R","B",null,"R","$","E","B",null],"character_chosen":"IRONCLAD","items_purchased":["Membership Card","Gremlin Horn","Gambling Chip","Carnage","True Grit+1","Shrug It Off+1","Swift Potion","White Beast Statue","Toy Ornithopter","Bottled Tornado","Inflame","DistilledChaos","Dark Shackles+1"],"campfire_rested":4,"item_purchase_floors":[21,21,21,21,21,21,21,31,31,53,53,53,53],"current_hp_per_floor":[62,67,66,51,32,62,59,27,27,31,18,43,22,21,46,18,85,81,81,57,57,53,38,63,54,54,54,57,63,63,63,63,51,85,52,52,36,36,23,51,51,51,51,67,78,78,81,81,81,77,81,81,81,81,61],"gold":65,"neow_bonus":"ONE_RARE_RELIC","is_daily":false,"chose_seed":false,"campfire_upgraded":3,"win_rate":0.0,"timestamp":1612924031,"path_taken":["M","M","M","M","M","R","M","E","T","M","E","R","E","M","R","BOSS","M","?","M","$","?","E","R","E","T","?","M","E","R","$","R","BOSS","M","?","?","?","?","E","R","?","T","M","E","R","E","?","R","BOSS","R","$","E","BOSS"],"items_purchased_type":["Relic","Relic","Relic","Card","Card","Card","Potion","Relic","Relic","Relic","Card","Potion","Card"],"build_version":"2020-12-22","purchased_purges":2,"victory":true,"max_hp_per_floor":[80,80,80,80,80,85,85,85,85,85,85,85,85,85,85,85,85,85,85,85,85,85,85,85,85,85,85,85,85,85,85,85,85,85,85,85,85,85,85,85,85,81,81,81,81,81,81,81,81,81,81,81,81,81,81],"relic_stats":{"Gremlin Horn":[22,22],"counters":[30,160],"Blue Candle":[0],"Letter Opener":[232],"Ginger":[2],"Orichalcum":[36],"MawBank":96,"Burning Blood":168,"Peace Pipe":0,"Shovel":2,"Sundial":[6],"Mummified Hand":[13],"Gambling Chip":[52],"Bronze Scales":[299],"Art of War":[16],"obtain_stats":[{"Calipers":0,"Gremlin Horn":21,"Ginger":49,"Bottled Tornado":53,"Burning Blood":0,"Shovel":37,"Sundial":47,"Mummified Hand":52,"Gambling Chip":21,"WingedGreaves":29,"Toxic Egg 2":9,"InkBottle":23,"Blue Candle":54,"Letter Opener":13,"Orichalcum":26,"MawBank":45,"White Beast Statue":31,"Peace Pipe":8,"SlaversCollar":17,"Anchor":40,"Bronze Scales":25,"Mark of Pain":34,"Art of War":11,"Membership Card":21,"Toy Ornithopter":31},{"Calipers":0,"Gremlin Horn":14,"Ginger":27,"Bottled Tornado":28,"Burning Blood":0,"Shovel":22,"Sundial":27,"Mummified Hand":28,"Gambling Chip":14,"WingedGreaves":19,"Toxic Egg 2":7,"InkBottle":16,"Blue Candle":29,"Letter Opener":10,"Orichalcum":17,"MawBank":26,"White Beast Statue":19,"Peace Pipe":7,"SlaversCollar":12,"Anchor":24,"Bronze Scales":17,"Mark of Pain":20,"Art of War":9,"Membership Card":14,"Toy Ornithopter":19},{"Calipers":0,"Gremlin Horn":69,"Ginger":141,"Bottled Tornado":149,"Burning Blood":0,"Shovel":113,"Sundial":141,"Mummified Hand":149,"Gambling Chip":69,"WingedGreaves":93,"Toxic Egg 2":34,"InkBottle":80,"Blue Candle":152,"Letter Opener":48,"Orichalcum":84,"MawBank":135,"White Beast Statue":93,"Peace Pipe":34,"SlaversCollar":60,"Anchor":120,"Bronze Scales":84,"Mark of Pain":102,"Art of War":39,"Membership Card":69,"Toy Ornithopter":93}],"InkBottle":[34],"Toy Ornithopter":46},"card_choices":[{"not_picked":["Headbutt","Clash"],"picked":"Dark Embrace","floor":1.0},{"not_picked":["Rage","Perfected Strike"],"picked":"Iron Wave","floor":2.0},{"not_picked":["Armaments","Iron Wave"],"picked":"Bloodletting","floor":3.0},{"not_picked":["Clash","Iron Wave","Shrug It Off"],"picked":"SKIP","floor":4.0},{"not_picked":["Infernal Blade","Sword Boomerang"],"picked":"Clothesline","floor":5.0},{"not_picked":["Rage","Battle Trance"],"picked":"Shrug It Off","floor":7.0},{"not_picked":["Iron Wave","Rampage"],"picked":"Immolate","floor":8.0},{"not_picked":["Fire Breathing","Wild Strike"],"picked":"Shrug It Off+1","floor":10.0},{"not_picked":["Battle Trance+1","Shrug It Off+1"],"picked":"Flame Barrier+1","floor":11.0},{"not_picked":["Headbutt","Sentinel+1"],"picked":"Spot Weakness+1","floor":13.0},{"not_picked":["Flex+1","Armaments+1"],"picked":"Whirlwind","floor":14.0},{"not_picked":["Double Tap+1","Juggernaut"],"picked":"Corruption","floor":16.0},{"not_picked":["Warcry+1","Intimidate+1"],"picked":"Feel No Pain","floor":18.0},{"not_picked":["Heavy Blade","Wild Strike"],"picked":"True Grit+1","floor":20.0},{"not_picked":["Flex+1","Clash","Shrug It Off+1"],"picked":"SKIP","floor":22.0},{"not_picked":["Pommel Strike","Second Wind+1"],"picked":"Seeing Red+1","floor":23.0},{"not_picked":["True Grit+1","Sever Soul+1"],"picked":"Feel No Pain","floor":25.0},{"not_picked":["Intimidate+1","Bludgeon"],"picked":"Sentinel+1","floor":28.0},{"not_picked":["Flex+1","Thunderclap","Shrug It Off+1"],"picked":"SKIP","floor":29.0},{"not_picked":["Offering+1","Juggernaut"],"picked":"Impervious+1","floor":33.0},{"not_picked":["Perfected Strike+1","Flex+1","Combust+1"],"picked":"SKIP","floor":35.0},{"not_picked":["Armaments+1","Cleave+1","Clash+1"],"picked":"SKIP","floor":39.0},{"not_picked":["True Grit+1","Body Slam+1"],"picked":"Entrench+1","floor":40.0},{"not_picked":["Fire Breathing+1","Rampage+1","Wild Strike+1"],"picked":"SKIP","floor":44.0},{"not_picked":["Warcry+1","Heavy Blade+1"],"picked":"Demon Form","floor":45.0},{"not_picked":["Armaments+1","Searing Blow","Heavy Blade+1"],"picked":"SKIP","floor":47.0},{"not_picked":["Sever Soul+1","Second Wind+1","Berserk"],"picked":"SKIP","floor":54}],"player_experience":59256,"relics_obtained":[{"floor":8.0,"key":"Peace Pipe"},{"floor":9.0,"key":"Toxic Egg 2"},{"floor":11.0,"key":"Art of War"},{"floor":13.0,"key":"Letter Opener"},{"floor":23.0,"key":"InkBottle"},{"floor":25.0,"key":"Bronze Scales"},{"floor":26.0,"key":"Orichalcum"},{"floor":29.0,"key":"WingedGreaves"},{"floor":37.0,"key":"Shovel"},{"floor":40.0,"key":"Anchor"},{"floor":45.0,"key":"MawBank"},{"floor":47.0,"key":"Sundial"},{"floor":49.0,"key":"Ginger"},{"floor":52,"key":"Mummified Hand"},{"floor":54,"key":"Blue Candle"}],"event_choices":[{"damage_healed":0.0,"max_hp_gain":0.0,"max_hp_loss":0.0,"gold_gain":275.0,"event_name":"Golden Shrine","player_choice":"Desecrate","floor":19.0,"gold_loss":0.0,"damage_taken":0.0,"cards_obtained":["Regret"]},{"cards_removed":["Strike_R"],"damage_healed":0.0,"max_hp_gain":0.0,"max_hp_loss":0.0,"gold_gain":0.0,"event_name":"Back to Basics","player_choice":"Elegance","floor":27.0,"gold_loss":0.0,"damage_taken":0.0},{"cards_removed":["Strike_R"],"damage_healed":0.0,"max_hp_gain":0.0,"max_hp_loss":0.0,"gold_gain":0.0,"event_name":"Falling","player_choice":"Removed Attack","floor":36.0,"gold_loss":0.0,"damage_taken":0.0},{"damage_healed":0.0,"max_hp_gain":0.0,"max_hp_loss":0.0,"gold_gain":0.0,"event_name":"Mysterious Sphere","player_choice":"Fight","floor":37.0,"gold_loss":0.0,"damage_taken":0.0},{"cards_removed":["Strike_R"],"damage_healed":0.0,"max_hp_gain":0.0,"max_hp_loss":0.0,"gold_gain":0.0,"event_name":"Designer","player_choice":"Upgrade and Remove","floor":38.0,"gold_loss":90.0,"damage_taken":0.0,"cards_upgraded":["Bash"]},{"damage_healed":0.0,"max_hp_gain":0.0,"max_hp_loss":4.0,"gold_gain":0.0,"event_name":"Winding Halls","player_choice":"Max HP","floor":42.0,"gold_loss":0.0,"damage_taken":0.0},{"damage_healed":0.0,"max_hp_gain":0.0,"max_hp_loss":0.0,"gold_gain":0.0,"event_name":"SensoryStone","player_choice":"Memory 1","floor":48.0,"gold_loss":0.0,"damage_taken":0.0}],"is_beta":false,"boss_relics":[{"not_picked":["SacredBark","Busted Crown"],"picked":"SlaversCollar"},{"not_picked":["Runic Dome","Calling Bell"],"picked":"Mark of Pain"}],"items_purged_floors":[21,53],"is_endless":false,"potions_floor_spawned":[2,3,7,8,10,23,25,28,33,35,37,39,40,44,45,47,54],"ascension_level":3}}