{"host":"ogz7heqpirojfnr2","time":1612934909,"event":{"mods":["BaseMod","Downfall","KinomotoSakuraMod(木之本樱)","Lobotomy","LobotomyExtend","Marisa（F雨　魔理沙）","Minty Spire (QoL Compilation)","Remilia（蕾米莉亚）","Replay The Spire","RumiaBox-露米娅的神秘盒子","StSLib","The Animator","The Servant 0.9.4","WarShipGirlsR/战舰少女R mod","Youmu（魂魄妖梦）","Yuri Mod","Yuyuko"],"gold_per_floor":[113,127,127,127,52,78,78,94,141,196,196,196,221,244,244,244,244],"floor_reached":16,"language":"ZHS","playtime":402,"items_purged":["Strike_G"],"score":123,"play_id":"841d7b1f-948b-4416-97cd-aabcd6892bb5","local_time":"20210210132829","is_ascension_mode":true,"campfire_choices":[{"floor":7,"key":"REST"},{"floor":11,"key":"REST"},{"floor":15,"key":"REST"}],"circlet_count":0,"master_deck":["Strike_G","Strike_G","Strike_G","Strike_G","Defend_G","Defend_G","Defend_G","Defend_G+1","Defend_G","Survivor","Storm of Steel+1","Blade Dance","Outmaneuver","Outmaneuver"],"relics":["Ring of the Snake","Omamori","Gremlin Food","ReplayTheSpireMod:Lightbulb","Golden Idol","Akabeko"],"acts_visited":["Exordium"],"potions_floor_usage":[],"damage_taken":[{"damage":12,"enemies":"Jaw Worm","floor":1,"turns":4},{"damage":0,"enemies":"2 Louse","floor":2,"turns":3},{"damage":47,"enemies":"3 Sentries","floor":6,"turns":11},{"damage":4,"enemies":"Small Slimes","floor":8,"turns":4},{"damage":34,"enemies":"Exordium Thugs","floor":14,"turns":5},{"damage":52,"enemies":"Hexaghost","floor":16,"turns":9}],"seed_played":"-6702012321313959014","potions_obtained":[{"floor":6,"key":"DuplicationPotion"}],"is_trial":false,"path_per_floor":["M","M","?","?","$","E","R","M","T","T","R","?","T","M","R","B"],"character_chosen":"THE_SILENT","items_purchased":[],"campfire_rested":3,"item_purchase_floors":[],"current_hp_per_floor":[58,58,58,70,70,23,44,40,40,40,61,61,61,27,48,0,0],"gold":244,"neow_bonus":"ONE_RANDOM_RARE_CARD","is_daily":false,"chose_seed":false,"campfire_upgraded":0,"win_rate":0.0,"timestamp":1612934909,"path_taken":["M","M","?","?","$","E","R","M","T","?","R","?","?","M","R","BOSS"],"items_purchased_type":[],"build_version":"2020-12-22","purchased_purges":1,"victory":false,"max_hp_per_floor":[70,70,70,70,70,70,70,70,70,70,70,70,70,70,70,70,70],"card_choices":[{"not_picked":["Backflip","Expertise"],"picked":"Blade Dance","floor":1},{"not_picked":["Backflip","Dagger Throw"],"picked":"Outmaneuver","floor":2},{"not_picked":["Replay:Poison Smokescreen","Burst"],"picked":"Outmaneuver","floor":6},{"not_picked":["Predator","Blur","Dagger Throw"],"picked":"SKIP","floor":8},{"not_picked":["Dodge and Roll","Setup","Outmaneuver"],"picked":"SKIP","floor":14}],"player_experience":127321,"relics_obtained":[{"floor":6,"key":"Omamori"},{"floor":9,"key":"Gremlin Food"},{"floor":10,"key":"ReplayTheSpireMod:Lightbulb"},{"floor":13,"key":"Akabeko"}],"event_choices":[{"damage_healed":0,"gold_gain":0,"player_choice":"Take Wound","damage_taken":0,"relics_obtained":["Golden Idol"],"max_hp_gain":0,"max_hp_loss":0,"event_name":"Golden Idol","floor":12,"gold_loss":0,"cards_obtained":["Injury"]}],"is_beta":false,"boss_relics":[],"items_purged_floors":[5],"is_endless":false,"potions_floor_spawned":[2,6],"killed_by":"Hexaghost","ascension_level":5}}