{"host":"88lvt7gsyxh4j61b","time":1612984478,"event":{"mods":["BaseMod","Colored Powertips","Highlight Path","Minty Spire (QoL Compilation)","Quick Restart"],"gold_per_floor":[118,40,54,54,0,35,51,71,71,101,113,139,163,191,203,320,332,361,386,430,461,491,503,503],"floor_reached":23,"language":"ITA","playtime":1834,"items_purged":[],"score":207,"play_id":"66869be5-15b9-4ba3-ba22-08967d962401","local_time":"20210210201438","is_ascension_mode":false,"campfire_choices":[{"floor":11,"key":"REST"},{"floor":15,"key":"REST"}],"circlet_count":0,"master_deck":["Strike_P","Strike_P","Strike_P","Strike_P","Defend_P","Defend_P","Defend_P","Defend_P","Vigilance","FollowUp","Worship","SandsOfTime","ConjureBlade","Panacea","FollowUp","Pray","DeusExMachina","Prostrate","MasterReality","DeusExMachina"],"relics":["PureWater","The Courier","HornCleat","MawBank","Black Star","Red Mask"],"acts_visited":["Exordium","TheCity"],"potions_floor_usage":[3,10,20,20,20,22],"damage_taken":[{"damage":0,"enemies":"Small Slimes","floor":1,"turns":4},{"damage":1,"enemies":"Cultist","floor":3,"turns":4},{"damage":20,"enemies":"Gremlin Nob","floor":6,"turns":4},{"damage":5,"enemies":"2 Louse","floor":7,"turns":4},{"damage":1,"enemies":"Exordium Wildlife","floor":8,"turns":5},{"damage":8,"enemies":"Lagavulin","floor":10,"turns":6},{"damage":12,"enemies":"Looter","floor":12,"turns":4},{"damage":0,"enemies":"Large Slime","floor":13,"turns":5},{"damage":5,"enemies":"3 Louse","floor":14,"turns":4},{"damage":46,"enemies":"Slime Boss","floor":16,"turns":10},{"damage":17,"enemies":"Chosen","floor":18,"turns":5},{"damage":3,"enemies":"Spheric Guardian","floor":19,"turns":4},{"damage":27,"enemies":"Masked Bandits","floor":20,"turns":5},{"damage":15,"enemies":"Snake Plant","floor":21,"turns":2},{"damage":15,"enemies":"Centurion and Healer","floor":22,"turns":5},{"damage":15,"enemies":"Book of Stabbing","floor":23,"turns":3}],"seed_played":"-3322683532877287196","potions_obtained":[{"floor":1,"key":"Explosive Potion"},{"floor":8,"key":"DistilledChaos"},{"floor":12,"key":"BottledMiracle"},{"floor":16,"key":"LiquidBronze"},{"floor":19,"key":"DuplicationPotion"},{"floor":20,"key":"Ancient Potion"},{"floor":21,"key":"Regen Potion"}],"is_trial":false,"path_per_floor":["M","$","M","?","$","E","M","M","T","E","R","M","M","M","R","B",null,"M","M","?","M","M","E"],"character_chosen":"WATCHER","items_purchased":["Worship","FollowUp"],"campfire_rested":2,"item_purchase_floors":[2,5],"current_hp_per_floor":[72,72,71,71,71,51,46,45,45,37,58,46,46,41,62,16,72,55,52,25,10,9,0,0],"gold":503,"neow_bonus":"REMOVE_CARD","is_daily":false,"chose_seed":false,"campfire_upgraded":0,"win_rate":0.0,"timestamp":1612984478,"path_taken":["M","$","M","?","$","E","M","?","T","E","R","M","M","M","R","BOSS","M","M","?","M","M","E"],"items_purchased_type":["Card","Card"],"build_version":"2020-12-22","purchased_purges":0,"victory":false,"max_hp_per_floor":[72,72,72,72,72,72,72,72,72,72,72,72,72,72,72,72,72,72,72,72,72,72,72,72],"card_choices":[{"not_picked":["Sanctity","FlurryOfBlows"],"picked":"FollowUp","floor":1},{"not_picked":["FollowUp","EmptyBody"],"picked":"SandsOfTime","floor":3},{"not_picked":["PathToVictory","Nirvana"],"picked":"Pray","floor":6},{"not_picked":["CutThroughFate","EmptyBody"],"picked":"DeusExMachina","floor":7},{"not_picked":["Sanctity","SignatureMove","EmptyBody"],"picked":"SKIP","floor":8},{"not_picked":["Worship","FearNoEvil","Adaptation"],"picked":"SKIP","floor":10},{"not_picked":["SashWhip","WreathOfFlame","FlyingSleeves"],"picked":"SKIP","floor":12},{"not_picked":["Crescendo","WreathOfFlame","JustLucky"],"picked":"SKIP","floor":13},{"not_picked":["EmptyBody","LikeWater"],"picked":"Prostrate","floor":14},{"not_picked":["Judgement","Omniscience"],"picked":"MasterReality","floor":16},{"not_picked":["Crescendo","Evaluate+1","Consecrate"],"picked":"SKIP","floor":18},{"not_picked":["CrushJoints+1","Halt","CutThroughFate"],"picked":"SKIP","floor":19},{"not_picked":["ReachHeaven","Nirvana","ThirdEye"],"picked":"SKIP","floor":21},{"not_picked":["Meditate+1","LikeWater"],"picked":"DeusExMachina","floor":22}],"player_experience":308694,"relics_obtained":[{"floor":6,"key":"The Courier"},{"floor":9,"key":"HornCleat"},{"floor":10,"key":"MawBank"},{"floor":20,"key":"Red Mask"}],"event_choices":[{"damage_healed":0,"gold_gain":0,"player_choice":"2 cards matched","damage_taken":0,"max_hp_gain":0,"max_hp_loss":0,"event_name":"Match and Keep!","floor":4,"gold_loss":0,"cards_obtained":["ConjureBlade","Panacea"]},{"damage_healed":0,"gold_gain":0,"player_choice":"Fought Bandits","damage_taken":0,"max_hp_gain":0,"max_hp_loss":0,"event_name":"Masked Bandits","floor":20,"gold_loss":0}],"is_beta":false,"boss_relics":[{"not_picked":["Fusion Hammer","SlaversCollar"],"picked":"Black Star"}],"items_purged_floors":[],"is_endless":false,"potions_floor_spawned":[1,8,12,16,19,20,21],"killed_by":"Book of Stabbing","ascension_level":0}}