{"host":"17trt2gvjgnh9jmc","time":1612970079,"event":{"mods":["AchievementEnabler","BaseMod","Bestiary","Colored Map","Minty Spire (QoL Compilation)","Relic Stats"],"gold_per_floor":[114,124,136,136,311,337,15,25,50,70,70,70,70,70,70,175,175,188,36,54,71,86,86,119,119,167,196,196,229,256,273,273,370,370,389,401,451,326,346,346,379,379,379,379,404,404,404,432,432,432,432],"floor_reached":50,"language":"ENG","playtime":6904,"items_purged":["Doubt","Corruption","Defend_R+1"],"score":640,"play_id":"01a4b51d-f60d-4058-9446-239e06a5f7ab","local_time":"20210210161439","is_ascension_mode":true,"campfire_choices":[{"floor":11.0,"key":"REST"},{"floor":15.0,"key":"REST"},{"data":"Armaments","floor":23,"key":"SMITH"},{"floor":25,"key":"REST"},{"floor":32,"key":"REST"},{"floor":40,"key":"RECALL"},{"data":"Rage","floor":44,"key":"SMITH"},{"data":"Metallicize","floor":46,"key":"SMITH"},{"data":"Strike_R+1","floor":49,"key":"PURGE"}],"circlet_count":0,"master_deck":["Strike_R+1","Strike_R+1","Strike_R+1","Defend_R+1","Defend_R+1","Twin Strike","Metallicize+1","Dual Wield","Pommel Strike+1","Shrug It Off","Bloodletting","Whirlwind+1","Cleave","Seeing Red","Armaments+1","Armaments+1","Inflame","Shrug It Off+1","Armaments","Juggernaut","Intimidate+1","Heavy Blade+1","Flame Barrier+1","Twin Strike","Anger+1","True Grit+1","Whirlwind+1","Rage+1","Inflame"],"relics":["Burning Blood","Bronze Scales","Kunai","Bag of Marbles","Sozu","Whetstone","Matryoshka","Meat on the Bone","Anchor","Toy Ornithopter","Astrolabe","Bird Faced Urn","Ancient Tea Set","Strawberry","Vajra","Sundial","Peace Pipe","Oddly Smooth Stone"],"acts_visited":["Exordium","TheCity","TheBeyond"],"potions_floor_usage":[27],"damage_taken":[{"damage":0.0,"enemies":"Small Slimes","floor":1.0,"turns":3.0},{"damage":6.0,"enemies":"Cultist","floor":2.0,"turns":3.0},{"damage":3.0,"enemies":"Jaw Worm","floor":3.0,"turns":3.0},{"damage":58.0,"enemies":"3 Sentries","floor":6.0,"turns":15.0},{"damage":1.0,"enemies":"Blue Slaver","floor":8.0,"turns":4.0},{"damage":10.0,"enemies":"Looter","floor":10.0,"turns":3.0},{"damage":31.0,"enemies":"Hexaghost","floor":16.0,"turns":11.0},{"damage":20,"enemies":"Shell Parasite","floor":18,"turns":7},{"damage":5,"enemies":"Chosen","floor":20,"turns":3},{"damage":12,"enemies":"3 Cultists","floor":21,"turns":4},{"damage":21,"enemies":"Shelled Parasite and Fungi","floor":22,"turns":5},{"damage":26,"enemies":"Slavers","floor":24,"turns":4},{"damage":75,"enemies":"Gremlin Leader","floor":27,"turns":8},{"damage":29,"enemies":"Book of Stabbing","floor":29,"turns":6},{"damage":1,"enemies":"Sentry and Sphere","floor":31,"turns":3},{"damage":37,"enemies":"Collector","floor":33,"turns":9},{"damage":4,"enemies":"3 Darklings","floor":35,"turns":4},{"damage":13,"enemies":"Orb Walker","floor":36,"turns":4},{"damage":0,"enemies":"Mind Bloom Boss Battle","floor":37,"turns":7},{"damage":3,"enemies":"Jaw Worm Horde","floor":39,"turns":3},{"damage":22,"enemies":"Reptomancer","floor":41,"turns":7},{"damage":37,"enemies":"Nemesis","floor":45,"turns":7},{"damage":34,"enemies":"Reptomancer","floor":48,"turns":6},{"damage":54,"enemies":"Time Eater","floor":50,"turns":5}],"seed_played":"-7409363161872400445","potions_obtained":[{"floor":3.0,"key":"CultistPotion"},{"floor":6.0,"key":"Weak Potion"},{"floor":8.0,"key":"HeartOfIron"},{"floor":13.0,"key":"FairyPotion"},{"floor":16.0,"key":"BloodPotion"}],"is_trial":false,"path_per_floor":["M","M","M","?","?","E","$","M","T","M","R","?","?","$","R","B",null,"M","$","M","M","M","R","E","R","T","E","?","E","T","M","R","B",null,"M","M","?","$","M","R","E","?","T","R","E","R","T","E","R","B"],"character_chosen":"IRONCLAD","items_purchased":["Kunai","Cleave"],"campfire_rested":4,"item_purchase_floors":[7,19],"current_hp_per_floor":[88,88,88,70,70,18,18,23,23,19,45,38,38,38,64,39,88,74,74,75,69,54,54,34,60,60,8,8,11,11,28,54,35,88,88,81,87,87,88,88,74,74,81,81,56,56,56,48,48,0,0],"gold":432,"neow_bonus":"TEN_PERCENT_HP_BONUS","is_daily":false,"chose_seed":false,"campfire_upgraded":3,"win_rate":0.0,"timestamp":1612970079,"path_taken":["M","M","M","?","?","E","$","M","T","M","R","?","?","$","R","BOSS","M","?","M","M","M","R","E","R","T","E","?","E","?","M","R","BOSS","M","M","?","$","M","R","E","?","T","R","E","R","?","E","R","BOSS"],"items_purchased_type":["Relic","Card"],"build_version":"2020-12-22","purchased_purges":3,"victory":false,"max_hp_per_floor":[88,88,88,88,88,88,88,88,88,88,88,88,88,88,88,88,88,88,88,88,88,88,88,88,88,88,88,88,88,88,88,88,88,88,88,88,88,88,88,88,88,88,95,95,95,95,95,95,95,95,95],"relic_stats":{"counters":[24,134],"Astrolabe":["Intimidate","Heavy Blade","Flame Barrier"],"Whetstone":["Pommel Strike","Strike_R"],"Burning Blood":125,"Sozu":7,"Peace Pipe":1,"Sundial":[0],"Bronze Scales":[345],"Bird Faced Urn":[22],"Kunai":[22],"obtain_stats":[{"Astrolabe":34,"Vajra":43,"Oddly Smooth Stone":48,"Whetstone":24,"Ancient Tea Set":41,"Burning Blood":0,"Sozu":17,"Peace Pipe":47,"Anchor":30,"Matryoshka":27,"Sundial":45,"Bronze Scales":6,"Bird Faced Urn":37,"Strawberry":43,"Bag of Marbles":9,"Kunai":7,"Toy Ornithopter":30,"Meat on the Bone":29},{"Astrolabe":16,"Vajra":21,"Oddly Smooth Stone":23,"Whetstone":12,"Ancient Tea Set":21,"Burning Blood":0,"Sozu":7,"Peace Pipe":22,"Anchor":14,"Matryoshka":13,"Sundial":22,"Bronze Scales":4,"Bird Faced Urn":19,"Strawberry":21,"Bag of Marbles":5,"Kunai":4,"Toy Ornithopter":14,"Meat on the Bone":14},{"Astrolabe":91,"Vajra":116,"Oddly Smooth Stone":129,"Whetstone":65,"Ancient Tea Set":116,"Burning Blood":0,"Sozu":42,"Peace Pipe":123,"Anchor":79,"Matryoshka":73,"Sundial":123,"Bronze Scales":24,"Bird Faced Urn":106,"Strawberry":116,"Bag of Marbles":28,"Kunai":24,"Toy Ornithopter":79,"Meat on the Bone":79}],"Toy Ornithopter":0,"Meat on the Bone":36},"card_choices":[{"not_picked":["Battle Trance","Flame Barrier"],"picked":"Twin Strike","floor":1.0},{"not_picked":["Perfected Strike","Cleave"],"picked":"Metallicize","floor":2.0},{"not_picked":["Evolve","Reckless Charge"],"picked":"Dual Wield","floor":3.0},{"not_picked":["Sentinel","Body Slam"],"picked":"Pommel Strike","floor":6.0},{"not_picked":["Dropkick","Flame Barrier"],"picked":"Shrug It Off","floor":8.0},{"not_picked":["Clash","Dual Wield"],"picked":"Bloodletting","floor":10.0},{"not_picked":["Barricade","Bludgeon"],"picked":"Corruption","floor":16.0},{"not_picked":["Cleave+1","Uppercut+1"],"picked":"Whirlwind+1","floor":18},{"not_picked":["Headbutt","Thunderclap"],"picked":"Seeing Red","floor":20},{"not_picked":["Thunderclap","Headbutt"],"picked":"Armaments","floor":21},{"not_picked":["Pommel Strike+1","Evolve"],"picked":"Armaments+1","floor":22},{"not_picked":["Feed","Headbutt"],"picked":"Sever Soul","floor":24},{"not_picked":["Entrench","Rampage"],"picked":"Inflame","floor":27},{"not_picked":["Warcry+1","Clothesline"],"picked":"Shrug It Off+1","floor":29},{"not_picked":["Heavy Blade","Dual Wield"],"picked":"Armaments","floor":31},{"not_picked":["Impervious","Demon Form"],"picked":"Juggernaut","floor":33},{"not_picked":["Armaments+1","Thunderclap"],"picked":"Twin Strike","floor":35},{"not_picked":["Havoc+1","Blood for Blood"],"picked":"Anger+1","floor":36},{"not_picked":["Clash","Ghostly Armor"],"picked":"True Grit+1","floor":37},{"not_picked":["Exhume","Ghostly Armor+1"],"picked":"Whirlwind+1","floor":39},{"not_picked":["Perfected Strike+1","Power Through+1"],"picked":"Rage","floor":41},{"not_picked":["Wild Strike+1","Fire Breathing"],"picked":"Inflame","floor":45},{"not_picked":["Dropkick+1","Rampage","Evolve"],"picked":"SKIP","floor":48}],"player_experience":421466,"relics_obtained":[{"floor":6.0,"key":"Bronze Scales"},{"floor":9.0,"key":"Bag of Marbles"},{"floor":24,"key":"Whetstone"},{"floor":27,"key":"Matryoshka"},{"floor":29,"key":"Meat on the Bone"},{"floor":30,"key":"Anchor"},{"floor":30,"key":"Toy Ornithopter"},{"floor":37,"key":"Bird Faced Urn"},{"floor":41,"key":"Ancient Tea Set"},{"floor":43,"key":"Strawberry"},{"floor":43,"key":"Vajra"},{"floor":45,"key":"Sundial"},{"floor":47,"key":"Peace Pipe"},{"floor":48,"key":"Oddly Smooth Stone"}],"event_choices":[{"damage_healed":0.0,"max_hp_gain":0.0,"max_hp_loss":0.0,"gold_gain":0.0,"event_name":"Shining Light","player_choice":"Entered Light","floor":4.0,"gold_loss":0.0,"damage_taken":18.0,"cards_upgraded":["Strike_R","Defend_R"]},{"damage_healed":0.0,"max_hp_gain":0.0,"max_hp_loss":0.0,"gold_gain":175.0,"event_name":"Liars Game","player_choice":"AGREE","floor":5.0,"gold_loss":0.0,"damage_taken":0.0,"cards_obtained":["Doubt"]},{"cards_removed":["Strike_R"],"damage_healed":0.0,"max_hp_gain":0.0,"max_hp_loss":0.0,"gold_gain":0.0,"event_name":"Golden Wing","player_choice":"Card Removal","floor":12.0,"gold_loss":0.0,"damage_taken":7.0},{"damage_healed":0.0,"max_hp_gain":0.0,"max_hp_loss":0.0,"gold_gain":0.0,"event_name":"Lab","player_choice":"Got Potions","floor":13.0,"gold_loss":0.0,"damage_taken":0.0},{"damage_healed":0,"gold_gain":0,"player_choice":"Simplicity","damage_taken":0,"max_hp_gain":0,"max_hp_loss":0,"event_name":"Back to Basics","floor":28,"gold_loss":0,"cards_upgraded":["Strike_R","Strike_R","Defend_R","Defend_R","Defend_R"]},{"damage_healed":0,"gold_gain":0,"player_choice":"Fight","damage_taken":0,"max_hp_gain":0,"max_hp_loss":0,"event_name":"MindBloom","floor":37,"gold_loss":0},{"damage_healed":0,"gold_gain":0,"player_choice":"Ignored","damage_taken":0,"max_hp_gain":0,"max_hp_loss":0,"event_name":"Tomb of Lord Red Mask","floor":42,"gold_loss":0}],"is_beta":false,"boss_relics":[{"not_picked":["Coffee Dripper","Snecko Eye"],"picked":"Sozu"},{"not_picked":["Empty Cage","Cursed Key"],"picked":"Astrolabe"}],"items_purged_floors":[7,19,38],"is_endless":false,"potions_floor_spawned":[3,6,8,16,20,21,24,29,37,41,45],"killed_by":"Time Eater","ascension_level":1}}