{"host":"7qjyzxi5zjrbio0h","time":1612982969,"event":{"mods":["AchievementEnabler","BaseMod","Downfall","Hermit","Minty Spire (QoL Compilation)","StSLib"],"gold_per_floor":[113,113,132,150,122,41,60,91,167,202,222,185,211,227,227,227,227],"floor_reached":16,"language":"ENG","playtime":1071,"items_purged":[],"score":122,"play_id":"80060c5e-ab32-423f-8eec-7ed99a36ebc4","local_time":"20210210134929","is_ascension_mode":false,"campfire_choices":[{"floor":15,"key":"REST"}],"circlet_count":0,"master_deck":["Strike_B","Strike_B","Strike_B","Defend_B","Defend_B","Defend_B","Defend_B","Zap","Dualcast","Doom and Gloom","Ball Lightning","Tempest","Cold Snap","Capacitor","Lockon","Loop","Machine Learning","Self Repair"],"relics":["Cracked Core","Unceasing Top","Mercury Hourglass","Oddly Smooth Stone","StoneCalendar"],"acts_visited":["Exordium"],"potions_floor_usage":[8,10,13,16,16],"damage_taken":[{"damage":1,"enemies":"2 Louse","floor":1,"turns":2},{"damage":6,"enemies":"Cultist","floor":3,"turns":3},{"damage":10,"enemies":"Small Slimes","floor":4,"turns":3},{"damage":2,"enemies":"2 Fungi Beasts","floor":7,"turns":4},{"damage":4,"enemies":"Gremlin Nob","floor":8,"turns":4},{"damage":16,"enemies":"Lagavulin","floor":10,"turns":5},{"damage":3,"enemies":"3 Louse","floor":11,"turns":2},{"damage":4,"enemies":"Gremlin Nob","floor":13,"turns":3},{"damage":8,"enemies":"Exordium Thugs","floor":14,"turns":3},{"damage":44,"enemies":"The Guardian","floor":16,"turns":6}],"seed_played":"5942052967787300222","potions_obtained":[{"floor":1,"key":"Guardian:BlockOnCardUsePotion"},{"floor":7,"key":"SkillPotion"},{"floor":8,"key":"BlessingOfTheForge"},{"floor":10,"key":"Weak Potion"},{"floor":14,"key":"Swift Potion"}],"is_trial":false,"path_per_floor":["M","?","M","M","?","$","M","E","T","E","M","$","E","M","R","B"],"character_chosen":"DEFECT","items_purchased":["Capacitor","Loop"],"campfire_rested":1,"item_purchase_floors":[6,12],"current_hp_per_floor":[74,74,68,58,58,58,56,52,52,36,33,33,29,21,43,0,0],"gold":227,"neow_bonus":"TRANSFORM_CARD","is_daily":false,"chose_seed":false,"campfire_upgraded":0,"win_rate":0.0,"timestamp":1612982969,"path_taken":["M","?","?","M","?","$","M","E","T","E","M","$","E","M","R","BOSS"],"items_purchased_type":["Card","Card"],"build_version":"2020-12-22","purchased_purges":0,"victory":false,"max_hp_per_floor":[75,75,75,75,75,75,75,75,75,75,75,75,75,75,75,75,75],"card_choices":[{"not_picked":["Sunder","Conserve Battery"],"picked":"Ball Lightning","floor":1},{"not_picked":["Ball Lightning","Sunder"],"picked":"Tempest","floor":3},{"not_picked":["Rip and Tear","Aggregate"],"picked":"Cold Snap","floor":4},{"not_picked":["Blizzard","Stack","Beam Cell"],"picked":"SKIP","floor":7},{"not_picked":["Coolheaded","Rebound"],"picked":"Lockon","floor":8},{"not_picked":["Streamline","Glacier","Turbo"],"picked":"SKIP","floor":10},{"not_picked":["Sweeping Beam","Hologram","Go for the Eyes"],"picked":"SKIP","floor":11},{"not_picked":["Streamline","Fusion"],"picked":"Machine Learning","floor":13},{"not_picked":["Sweeping Beam","Beam Cell"],"picked":"Self Repair","floor":14}],"player_experience":47094,"relics_obtained":[{"floor":8,"key":"Unceasing Top"},{"floor":9,"key":"Mercury Hourglass"},{"floor":10,"key":"Oddly Smooth Stone"},{"floor":13,"key":"StoneCalendar"}],"event_choices":[{"damage_healed":0,"gold_gain":0,"player_choice":"Ignored","damage_taken":0,"max_hp_gain":0,"max_hp_loss":0,"event_name":"NoteForYourself","floor":2,"gold_loss":0},{"damage_healed":0,"gold_gain":0,"player_choice":"Left Gold","damage_taken":0,"max_hp_gain":0,"max_hp_loss":0,"event_name":"World of Goop","floor":5,"gold_loss":28}],"is_beta":false,"boss_relics":[],"items_purged_floors":[],"is_endless":false,"potions_floor_spawned":[1,7,8,10,14],"killed_by":"The Guardian","ascension_level":0}}