{"host":"9fuvscx47tolndfl","time":1612922345,"event":{"mods":["100% Spire Juice","AchievementEnabler","Act Like it!","Arknights","Aspiration","BaseMod","Beaked The Cultist","Better Match","Better Note","Better Third Choice","CapriCore","Colored Map","Colored Powertips","Conspire","Downfall","GungeonMod","Halation","Hermit","Hubris","Infinite Spire","Jedi Mod","Jorbs\u0027s Wanderer Trilogy","Koishi","Luminous","Marisa????????","Minty Spire (QoL Compilation)","Prisma Mod","Rare Cards Sparkle","Replay The Spire","Shade Mod","Shop Mod","StSLib","The Administrix","The Alterego","The Animator","The Bug Knight","The Construct","The Cursed","The Disciple","The Fake Hero","The Forsaken","The Hayseed","The Hierophant","The Immortal","The Jungle","The Mystic","The Necromancer","The Poker Player","The Problem Sleuth","The Runesmith","The Servant 0.9.4","TheBandit","TheHero","TheSwordswoman","Waifu the Spire","Wandering Minibosses","WarShipGirlsR/????R mod","Yuyuko","thorton","??????REMEMod"],"gold_per_floor":[116,135,153,163,72,72,37,37,37,57,71,71,71,71],"floor_reached":12,"language":"ENG","playtime":4198,"items_purged":[],"score":72,"play_id":"04d8dda0-f981-4773-b5f4-cdcac8d874cc","local_time":"20210209175905","is_ascension_mode":false,"campfire_choices":[{"data":"wariomod:SmallSprint","floor":6,"key":"SMITH"},{"data":"wariomod:Bombtime","floor":8,"key":"SMITH"}],"circlet_count":0,"master_deck":["wariomod:Strike","wariomod:Strike","wariomod:Strike","wariomod:Strike","wariomod:Defend","wariomod:Defend","wariomod:Defend","wariomod:Defend","wariomod:Step","wariomod:Leap","luka_mod:SealingStrike","wariomod:BigUpgrade","wariomod:BlastDash","wariomod:SmackSlam","wariomod:Bombtime+1","ReplayTheSpireMod:Faulty Equipment","wariomod:BumRush+1","wariomod:ChargeForth","ReplayTheSpireMod:Private Reserves","hubris:DuctTapeCard","wariomod:BodyBlock","wariomod:TreasureDig"],"relics":["wariomod:TheHat","REME_ComplimentaryCards","ReplayTheSpireMod:CursedCoin","hubris:DuctTape"],"acts_visited":["Exordium"],"potions_floor_usage":[12],"damage_taken":[{"damage":0,"enemies":"Cultist","floor":1,"turns":3},{"damage":13,"enemies":"Small Slimes","floor":2,"turns":4},{"damage":5,"enemies":"2 Louse","floor":3,"turns":2},{"damage":7,"enemies":"Looter","floor":4,"turns":2},{"damage":7,"enemies":"Blue Slaver","floor":10,"turns":2},{"damage":15,"enemies":"Red Slaver","floor":11,"turns":8},{"damage":46,"enemies":"Lagavulin","floor":12,"turns":5}],"seed_played":"-5856461911950342761","potions_obtained":[{"floor":3,"key":"Fire Potion"},{"floor":11,"key":"Dexterity Potion"}],"is_trial":false,"path_per_floor":["M","M","M","M","$","R","$","R","T","M","M","E"],"character_chosen":"THE_BANDIT","items_purchased":["ReplayTheSpireMod:CursedCoin","wariomod:BumRush+1","wariomod:SmallSprint","wariomod:ChargeForth","ReplayTheSpireMod:Private Reserves","wariomod:SilenceBombs"],"campfire_rested":0,"item_purchase_floors":[5,5,5,5,5,7],"current_hp_per_floor":[88,75,70,63,63,63,63,63,63,56,41,0,0,0],"gold":71,"neow_bonus":"TEN_PERCENT_HP_BONUS","is_daily":false,"chose_seed":false,"campfire_upgraded":2,"win_rate":0.0,"timestamp":1612922345,"path_taken":["M","M","M","M","?","R","$","R","T","M","?","E"],"items_purchased_type":["Relic","Card","Card","Card","Card","Card"],"build_version":"2020-12-22","purchased_purges":0,"victory":false,"max_hp_per_floor":[88,88,88,88,88,88,88,88,88,88,88,88,88,88],"card_choices":[{"not_picked":["wariomod:PayItForwards","wariomod:SpikeSlash"],"picked":"wariomod:BigUpgrade","floor":1},{"not_picked":["wariomod:BodyBlock","wariomod:Hopshield"],"picked":"wariomod:BlastDash","floor":2},{"not_picked":["wariomod:f","wariomod:MassiveParty"],"picked":"wariomod:SmackSlam","floor":3},{"not_picked":["wariomod:f","wariomod:Immortalize"],"picked":"wariomod:Bombtime","floor":4},{"not_picked":["wariomod:ChargeForth","wariomod:DiceyMove"],"picked":"wariomod:BodyBlock","floor":10},{"not_picked":["wariomod:HappyHop","wariomod:TheGrandJourney"],"picked":"wariomod:TreasureDig","floor":11}],"player_experience":246985,"relics_obtained":[{"floor":9,"key":"hubris:DuctTape"}],"event_choices":[],"is_beta":false,"boss_relics":[],"items_purged_floors":[],"is_endless":false,"potions_floor_spawned":[3,11],"killed_by":"Lagavulin","ascension_level":0}}