{"host":"se54kqb5s2qquozl","time":1612998011,"event":{"mods":["BaseMod","Colored Powertips","Downfall","Hermit","Minty Spire (QoL Compilation)","Replay The Spire","StSLib"],"gold_per_floor":[99,119,119,119,133,35,35,49,49,83,103,131,131,151,171,275,275,275,289,299,399,410,410,410,427,447,477,377,54,82,98,110,215,215,215,226,236,252,272,286,309,339,356,256,11,45,45,64,80,80],"floor_reached":51,"language":"ENG","playtime":3378,"items_purged":["Guardian:Strike_Guardian"],"score":1063,"play_id":"e1d71206-7f55-4487-bf25-c42229135ef3","local_time":"20210210170011","is_ascension_mode":true,"campfire_choices":[{"data":"Guardian:TwinSlam","floor":1.0,"key":"SMITH"},{"data":"Guardian:BodySlam","floor":9.0,"key":"SMITH"},{"data":"Guardian:TemporalShield","floor":13.0,"key":"SMITH"},{"data":"Guardian:StasisField","floor":18.0,"key":"SMITH"},{"data":"Guardian:Harden","floor":23.0,"key":"SMITH"},{"data":"Guardian:BaubleBeam","floor":28.0,"key":"SMITH"},{"data":"Guardian:ConstructionForm","floor":35,"key":"SMITH"},{"data":"Guardian:SpikerProtocol","floor":44,"key":"SMITH"},{"data":"Guardian:SpikerProtocol","floor":47,"key":"SMITH"}],"circlet_count":0,"master_deck":["Guardian:Strike_Guardian","Guardian:Strike_Guardian","Guardian:Strike_Guardian","Guardian:Defend_Guardian","Guardian:Defend_Guardian","Guardian:Defend_Guardian","Guardian:Defend_Guardian","Guardian:CurlUp","Guardian:TwinSlam+1","Guardian:TemporalShield+1","Guardian:TimeSifter","Guardian:BodySlam+1","Guardian:ExploitGems","Guardian:TimeCapacitor","Guardian:Planning","Guardian:DecasProtection","Guardian:ShieldSpikes","Guardian:Harden+1","Guardian:StasisField+1","Guardian:DecasProtection","Guardian:BaubleBeam+1","Guardian:EvasiveProtocol+1","Guardian:SpikerProtocol+1","Guardian:AncientConstruct","Guardian:TemporalShield+1","Guardian:ConstructionForm+1","Guardian:DecasProtection+1","Guardian:ArmoredProtocol+1","Guardian:DecasProtection+1","Guardian:SpikerProtocol+1","Guardian:ExploitGems","Guardian:DecasProtection+1","Guardian:SpikerProtocol+1","Guardian:BodySlam"],"relics":["Guardian:ModeShifterPlus","Replay:Wax Seal","Unceasing Top","PreservedInsect","Counterbalance","Simple Rune","Kunai","downfall:HeartBlessingGreen","Oddly Smooth Stone","ReplayFunnel","Bird Faced Urn","Guardian:StasisSlotReductionRelic","Replay:WaspNest","downfall:HeartBlessingBlue","Calipers","Whetstone","Toy Ornithopter"],"acts_visited":["Exordium","TheCity","TheBeyond"],"potions_floor_usage":[42],"damage_taken":[{"damage":0.0,"enemies":"2 Louse","floor":2.0,"turns":2.0},{"damage":0.0,"enemies":"Cultist","floor":4.0,"turns":1.0},{"damage":0.0,"enemies":"Small Slimes","floor":5.0,"turns":4.0},{"damage":10.0,"enemies":"downfall:FleeingMerchant","floor":6.0,"turns":4.0},{"damage":7.0,"enemies":"2 Fungi Beasts","floor":8.0,"turns":4.0},{"damage":22.0,"enemies":"3 Sentries","floor":10.0,"turns":12.0},{"damage":14.0,"enemies":"Exordium Wildlife","floor":11.0,"turns":5.0},{"damage":0.0,"enemies":"Lagavulin","floor":12.0,"turns":7.0},{"damage":0.0,"enemies":"3 Louse","floor":14.0,"turns":1.0},{"damage":6.0,"enemies":"Gremlin Gang","floor":15.0,"turns":6.0},{"damage":6.0,"enemies":"DF_ARCHETYPE_STREAMLINE","floor":16.0,"turns":11.0},{"damage":0.0,"enemies":"3 Byrds","floor":19.0,"turns":3.0},{"damage":0.0,"enemies":"Chosen and Byrds","floor":20.0,"turns":4.0},{"damage":4.0,"enemies":"Centurion and Healer","floor":22.0,"turns":14.0},{"damage":0.0,"enemies":"Snecko","floor":25.0,"turns":5.0},{"damage":0.0,"enemies":"3 Cultists","floor":26.0,"turns":7.0},{"damage":0.0,"enemies":"Replay:Snechameleon","floor":27.0,"turns":4.0},{"damage":0.0,"enemies":"downfall:FleeingMerchant","floor":29.0,"turns":4.0},{"damage":0,"enemies":"Gremlin Leader","floor":30,"turns":5},{"damage":3,"enemies":"Centurion and Healer","floor":31,"turns":5},{"damage":0,"enemies":"Chosen and Byrds","floor":32,"turns":4},{"damage":17,"enemies":"WA_ARCHETYPE_CALM","floor":33,"turns":10},{"damage":0,"enemies":"Orb Walker","floor":36,"turns":7},{"damage":0,"enemies":"3 Darklings","floor":37,"turns":7},{"damage":0,"enemies":"Transient","floor":38,"turns":5},{"damage":6,"enemies":"4 Shapes","floor":39,"turns":9},{"damage":3,"enemies":"Jaw Worm Horde","floor":40,"turns":6},{"damage":0,"enemies":"Nemesis","floor":42,"turns":9},{"damage":5,"enemies":"Writhing Mass","floor":43,"turns":6},{"damage":0,"enemies":"downfall:FleeingMerchant","floor":45,"turns":4},{"damage":0,"enemies":"Giant Head","floor":46,"turns":10},{"damage":0,"enemies":"Maw","floor":48,"turns":5},{"damage":0,"enemies":"4 Shapes","floor":49,"turns":10},{"damage":0,"enemies":"IC_BLOCK_ARCHETYPE","floor":50,"turns":14}],"seed_played":"1571921651630391733","potions_obtained":[{"floor":8.0,"key":"Strength Potion"},{"floor":11.0,"key":"AttackPotion"},{"floor":12.0,"key":"SpeedPotion"},{"floor":14.0,"key":"Energy Potion"},{"floor":15.0,"key":"Adrenaline Potion"},{"floor":16.0,"key":"Weak Potion"},{"floor":26.0,"key":"SteroidPotion"},{"floor":39,"key":"Slimebound:ThreeZeroPotion"},{"floor":42,"key":"AttackPotion"}],"is_trial":false,"path_per_floor":["R","M","?","M","M","$","T","M","R","E","M","E","R","M","M","B",null,"R","M","M","?","M","R","T","M","M","E","R","$","E","M","M","B",null,"R","M","M","M","M","M","T","E","M","R","$","E","R","M","M","B",null],"character_chosen":"GUARDIAN","items_purchased":["Replay:Wax Seal","Oddly Smooth Stone","ReplayFunnel","Calipers","Whetstone","Guardian:SpikerProtocol"],"campfire_rested":0,"item_purchase_floors":[6,29,29,45,45,45],"current_hp_per_floor":[88,88,88,88,88,78,78,71,71,49,35,35,35,35,29,23,88,88,88,88,88,84,84,84,84,84,84,84,84,84,87,88,71,88,88,88,88,88,88,88,88,88,88,98,98,98,98,98,98,98],"gold":80,"neow_bonus":"TEN_PERCENT_HP_BONUS","is_daily":false,"chose_seed":false,"campfire_upgraded":9,"win_rate":0.0,"timestamp":1612998011,"path_taken":["R","M","?","M","M","$","T","M","R","E","M","E","R","M","M","BOSS","R","M","M","?","M","R","T","M","M","E","R","$","E","M","M","BOSS","R","M","M","M","M","M","T","E","M","R","$","E","R","?","M","BOSS"],"items_purchased_type":["Relic","Relic","Relic","Relic","Relic","Card"],"build_version":"2020-12-22","purchased_purges":1,"victory":true,"max_hp_per_floor":[88,88,88,88,88,88,88,88,88,88,88,88,88,88,88,88,88,88,88,88,88,88,88,88,88,88,88,88,88,88,88,88,88,88,88,88,88,88,88,88,88,88,88,98,98,98,98,98,98,98],"card_choices":[{"not_picked":["Guardian:Recover","Guardian:Gem_Lightblue"],"picked":"Guardian:TemporalShield","floor":2.0},{"not_picked":["Guardian:Gem_Cyan","Guardian:PrimingBeam"],"picked":"Guardian:Gem_Lightblue","floor":4.0},{"not_picked":["Guardian:ChargeCore","Guardian:Planning"],"picked":"Guardian:TimeSifter","floor":5.0},{"not_picked":["Guardian:PiercingHide","Guardian:RollAttack"],"picked":"Guardian:BodySlam","floor":6.0},{"not_picked":["Guardian:RollAttack","Guardian:ArmoredProtocol"],"picked":"Guardian:ExploitGems","floor":8.0},{"not_picked":["Guardian:Gem_Crimson","Guardian:CrystalBeam"],"picked":"Guardian:TimeCapacitor","floor":10.0},{"not_picked":["Guardian:Incinerate","Guardian:Gem_Green"],"picked":"Guardian:Planning","floor":11.0},{"not_picked":["Guardian:Recover","Guardian:RollAttack"],"picked":"Guardian:DecasProtection","floor":12.0},{"not_picked":["Guardian:RollAttack","Guardian:BodySlam"],"picked":"Guardian:ShieldSpikes","floor":14.0},{"not_picked":["Guardian:Preprogram","Guardian:MultiBeam"],"picked":"Guardian:Harden","floor":15.0},{"not_picked":["Guardian:Gem_Synthetic","Guardian:HyperBeam_Guardian"],"picked":"Guardian:StasisField","floor":16.0},{"not_picked":["Guardian:VentSteam","Guardian:PrimingBeam"],"picked":"Guardian:DecasProtection","floor":19.0},{"not_picked":["Guardian:VentSteam","Guardian:DonusPower"],"picked":"Guardian:Gem_Red","floor":20.0},{"not_picked":["Guardian:TemporalShield","Guardian:Harden"],"picked":"Guardian:BaubleBeam","floor":22.0},{"not_picked":["Guardian:PrimingBeam+1","Guardian:PolyBeam"],"picked":"Guardian:EvasiveProtocol+1","floor":25.0},{"not_picked":["Guardian:Gem_Cyan","Guardian:MultiBeam"],"picked":"Guardian:SpikerProtocol","floor":26.0},{"not_picked":["Guardian:Recover","Guardian:Gem_Red"],"picked":"Guardian:Gem_Fragmented","floor":27.0},{"not_picked":["Guardian:Suspension","Guardian:FloatingOrbs","Guardian:VentSteam"],"picked":"SKIP","floor":29.0},{"not_picked":["Guardian:SentryBeam","Guardian:VentSteam"],"picked":"Guardian:AncientConstruct","floor":30},{"not_picked":["Guardian:PolyBeam","Guardian:Incinerate+1","Guardian:PrimingBeam"],"picked":"SKIP","floor":31},{"not_picked":["Guardian:Suspension","Guardian:PiercingHide"],"picked":"Guardian:TemporalShield+1","floor":32},{"not_picked":["Guardian:FastForward","Guardian:AncientConstruct"],"picked":"Guardian:ConstructionForm","floor":33},{"not_picked":["Guardian:RollAttack+1","Guardian:Reroute+1"],"picked":"Guardian:DecasProtection+1","floor":36},{"not_picked":["Guardian:PrismaticBeam+1","Guardian:RollAttack"],"picked":"Guardian:ArmoredProtocol+1","floor":37},{"not_picked":["Guardian:TemporalShield+1","Guardian:CrystalBeam+1"],"picked":"Guardian:DecasProtection+1","floor":38},{"not_picked":["Guardian:PrimingBeam","Guardian:RollAttack+1"],"picked":"Guardian:SpikerProtocol+1","floor":39},{"not_picked":["Guardian:ShieldCharger+1","Guardian:PrismaticBeam"],"picked":"Guardian:Gem_Lightblue","floor":40},{"not_picked":["Guardian:FloatingOrbs","Guardian:PrismaticBarrier"],"picked":"Guardian:Gem_Lightblue","floor":42},{"not_picked":["Guardian:Suspension","Guardian:TemporalStrike+1"],"picked":"Guardian:ExploitGems","floor":43},{"not_picked":["Guardian:ChargeCore+1","Guardian:TimeCapacitor"],"picked":"Guardian:DecasProtection+1","floor":45},{"not_picked":["Guardian:TemporalShield","Guardian:RollAttack+1"],"picked":"Guardian:Gem_Fragmented","floor":46},{"not_picked":["Guardian:ShieldCharger","Guardian:SentryBeam","Guardian:TemporalStrike+1"],"picked":"SKIP","floor":48},{"not_picked":["Guardian:PrismaticBarrier","Guardian:Gem_Lightblue"],"picked":"Guardian:BodySlam","floor":49}],"player_experience":45683,"relics_obtained":[{"floor":7.0,"key":"Unceasing Top"},{"floor":10.0,"key":"PreservedInsect"},{"floor":12.0,"key":"Counterbalance"},{"floor":24.0,"key":"Simple Rune"},{"floor":27.0,"key":"Kunai"},{"floor":30,"key":"Bird Faced Urn"},{"floor":42,"key":"Replay:WaspNest"},{"floor":46,"key":"Toy Ornithopter"}],"event_choices":[],"is_beta":false,"boss_relics":[{"not_picked":["Coffee Dripper","Painkiller Herb"],"picked":"Guardian:ModeShifterPlus"},{"not_picked":["bronze:MakeshiftBattery","Runic Pyramid"],"picked":"Guardian:StasisSlotReductionRelic"}],"items_purged_floors":[45],"is_endless":false,"potions_floor_spawned":[8,11,12,14,15,16,25,26,30,31,32,36,39,42,43,46,48],"ascension_level":1}}