{"host":"qdclwaeybsqc6q1a","time":1612998221,"event":{"mods":["AchievementEnabler","Act Like it!","BaseMod","Colored Map","Colored Powertips","Hallownest","Hubris","Humility","Infinite Spire","Minty Spire (QoL Compilation)","Rare Cards Sparkle","Reliquary","Spikes Relics","StSLib"],"gold_per_floor":[118,131,131,149,149,149,179,179,179,212,212,212,212,231,231,335,335,345,200,211,54,68,68,127,127,127,161,161,180,180,180,180,280,280,290,230,230,230,230,230,258,258,326,336,336,139,168,178,178,178,178,178,13,39,39,39],"floor_reached":55,"language":"POL","playtime":3881,"items_purged":[],"score":830,"play_id":"8fbc157a-89d3-4801-8e96-fdcb8434c15b","local_time":"20210211000341","is_ascension_mode":true,"campfire_choices":[{"floor":6.0,"key":"RECALL"},{"data":"PathToVictory","floor":12.0,"key":"SMITH"},{"floor":15.0,"key":"REST"},{"data":"DevaForm","floor":23.0,"key":"SMITH"},{"floor":25.0,"key":"REST"},{"floor":32.0,"key":"REST"},{"data":"hubris:Fate","floor":32.0,"key":"SMITH"},{"floor":40,"key":"REST"},{"data":"PathToVictory","floor":40,"key":"SMITH"},{"floor":42,"key":"REST"},{"data":"PathToVictory","floor":42,"key":"SMITH"},{"floor":49,"key":"REST"},{"data":"PathToVictory","floor":49,"key":"SMITH"},{"data":"Consecrate","floor":52,"key":"SMITH"}],"circlet_count":0,"master_deck":["Strike_P+1","Strike_P","Strike_P","Strike_P","Defend_P+1","Defend_P","Defend_P+1","Defend_P","Eruption+1","Vigilance+1","Consecrate","Consecrate+1","PathToVictory+1","FlyingSleeves","SashWhip","LessonLearned","PathToVictory+1","DevaForm+1","EmptyBody","PathToVictory+1","LessonLearned","PathToVictory+1","Halt","BowlingBash","Conclude","FearNoEvil+1","WindmillStrike","JustLucky","hubris:Fate+1","SandsOfTime","FollowUp","LessonLearned","ThirdEye","DeceiveReality","BlessedFruit","BlessedFruit","Establishment","WreathOfFlame+1","PathToVictory+1","WreathOfFlame","Consecrate+1","Apotheosis","WreathOfFlame+1"],"relics":["PureWater","NeowsBlessing","Hallownest:DreamNailRelic","GiantMaggot","Rawhide","SlaversCollar","DollysMirror","Blood Vial","infinitespire:Magic Flask","hubris:Towel","ShockBauble","reliquary:Craggleroot","Philosopher\u0027s Stone","infinitespire:Lucky Rock","HeavenlyBonsai","Bag of Marbles","reliquary:HotPoker","Hallownest:BlackEggRelic","SnailShell","hubris:DeckOfHolding","infinitespire:CheckeredPen"],"acts_visited":["Hallownest:Greenpath","Hallownest:CityofTears","Hallownest:KingdomsEdge","TheEnding"],"potions_floor_usage":[48],"damage_taken":[{"damage":0.0,"enemies":"Hallownest:2_Tiktiks_and_1_Crawlid","floor":1.0,"turns":2.0},{"damage":0.0,"enemies":"Hallownest:2_Baldur","floor":2.0,"turns":1.0},{"damage":0.0,"enemies":"Hallownest:2_MossCreeps","floor":4.0,"turns":1.0},{"damage":15.0,"enemies":"Hallownest:eliteMossKnight","floor":7.0,"turns":6.0},{"damage":0.0,"enemies":"Hallownest:eliteVengeflyKing","floor":10.0,"turns":4.0},{"damage":0.0,"enemies":"Hallownest:monsterAspidMother","floor":13.0,"turns":2.0},{"damage":7.0,"enemies":"Hallownest:1_Baldur_1_Crawlid_1_Warrior","floor":14.0,"turns":3.0},{"damage":43.0,"enemies":"Hallownest:BossHornet","floor":16.0,"turns":7.0},{"damage":0.0,"enemies":"Hallownest:2_Mistakes","floor":18.0,"turns":3.0},{"damage":10.0,"enemies":"Hallownest:Guard_and_Sentry","floor":20.0,"turns":4.0},{"damage":29.0,"enemies":"Hallownest:2_Husk_Sentries","floor":22.0,"turns":5.0},{"damage":4.0,"enemies":"Hallownest:Glutton_and_Coward","floor":24.0,"turns":5.0},{"damage":27.0,"enemies":"Hallownest:eliteSoulWarrior","floor":27.0,"turns":4.0},{"damage":9.0,"enemies":"Hallownest:Warrior_and_Youth","floor":29.0,"turns":3.0},{"damage":20.0,"enemies":"Hallownest:BossSoulMaster","floor":33.0,"turns":7.0},{"damage":21.0,"enemies":"Hallownest:Shield_Heavy","floor":35.0,"turns":4.0},{"damage":32,"enemies":"Hallownest:StalkingDevout","floor":41,"turns":9},{"damage":25,"enemies":"Hallownest:3_Siblings","floor":44,"turns":6},{"damage":14,"enemies":"Hallownest:eliteCollector","floor":47,"turns":4},{"damage":21,"enemies":"Hallownest:Shield_Sturdy","floor":48,"turns":5},{"damage":62,"enemies":"Hallownest:Radiance","floor":50,"turns":13},{"damage":69,"enemies":"Shield and Spear","floor":54,"turns":5},{"damage":93,"enemies":"The Heart","floor":55,"turns":6}],"seed_played":"8390296545356298110","potions_obtained":[{"floor":2.0,"key":"PowerPotion"},{"floor":7.0,"key":"GamblersBrew"},{"floor":10.0,"key":"StancePotion"},{"floor":16.0,"key":"Regen Potion"},{"floor":27.0,"key":"Energy Potion"},{"floor":29.0,"key":"SkillPotion"},{"floor":41,"key":"FairyPotion"}],"is_trial":false,"path_per_floor":["M","M","?","M","?","R","E","?","T","E","?","R","M","M","R","B",null,"M","$","M","$","M","R","M","R","T","E","?","M","AVR","?","R","B",null,"M","?","?","AVR","T","R","E","R","T","M","?","$","E","M","R","B",null,"R","$","E","B"],"character_chosen":"WATCHER","items_purchased":["DollysMirror","PathToVictory","Halt","BowlingBash","SnailShell","PathToVictory","Apotheosis"],"campfire_rested":6,"item_purchase_floors":[19,21,21,21,46,46,53],"current_hp_per_floor":[72,72,72,72,72,72,57,57,57,57,57,57,57,50,71,28,72,72,72,62,62,47,47,43,64,64,39,39,32,32,32,53,35,72,51,58,58,58,58,79,49,73,73,52,52,52,42,55,81,23,89,89,89,24,0,0],"gold":39,"neow_bonus":"THREE_ENEMY_KILL","is_daily":false,"chose_seed":false,"campfire_upgraded":7,"win_rate":0.0,"timestamp":1612998221,"path_taken":["M","M","?","?","?","R","E","?","T","E","?","R","M","?","R","BOSS","M","$","M","$","M","R","M","R","T","E","?","M","AVR","?","R","BOSS","M","?","?","AVR","?","R","E","R","T","M","?","$","E","M","R","BOSS","R","$","E","BOSS"],"items_purchased_type":["Relic","Card","Card","Card","Relic","Card","Card"],"build_version":"2020-12-22","purchased_purges":0,"victory":false,"max_hp_per_floor":[72,72,72,72,72,72,72,72,72,72,72,72,72,72,72,72,72,72,72,72,72,72,72,72,72,72,72,72,72,72,72,72,72,72,72,79,79,79,79,79,81,81,81,83,83,83,85,87,87,89,89,89,89,93,96,96],"card_choices":[{"not_picked":["TalkToTheHand","Crescendo"],"picked":"Consecrate","floor":1.0},{"not_picked":["Meditate","MentalFortress"],"picked":"Consecrate","floor":2.0},{"not_picked":["WindmillStrike","FearNoEvil"],"picked":"PathToVictory","floor":4.0},{"not_picked":["JustLucky","Evaluate"],"picked":"FlyingSleeves","floor":7.0},{"not_picked":["JustLucky","MentalFortress"],"picked":"SashWhip","floor":10.0},{"not_picked":["ClearTheMind","Crescendo"],"picked":"LessonLearned","floor":13.0},{"not_picked":["WindmillStrike","FlurryOfBlows"],"picked":"PathToVictory","floor":14.0},{"not_picked":["Wish","Vault"],"picked":"DevaForm","floor":16.0},{"not_picked":["ThirdEye","WaveOfTheHand+1"],"picked":"EmptyBody","floor":18.0},{"not_picked":["ForeignInfluence","Evaluate"],"picked":"LessonLearned","floor":20.0},{"not_picked":["Adaptation","Sanctity"],"picked":"Conclude","floor":22.0},{"not_picked":["Indignation","Crescendo"],"picked":"FearNoEvil+1","floor":24.0},{"not_picked":["Evaluate","WheelKick"],"picked":"WindmillStrike","floor":27.0},{"not_picked":["Evaluate","CutThroughFate"],"picked":"JustLucky","floor":29.0},{"not_picked":["FollowUp","TalkToTheHand"],"picked":"SandsOfTime","floor":31.0},{"not_picked":["TalkToTheHand","Wallop"],"picked":"FollowUp","floor":31.0},{"not_picked":["SpiritShield","MasterReality"],"picked":"LessonLearned","floor":33.0},{"not_picked":["Crescendo","TalkToTheHand+1"],"picked":"ThirdEye","floor":35.0},{"not_picked":["Evaluate","Crescendo+1"],"picked":"Establishment","floor":41},{"not_picked":["ClearTheMind+1","CarveReality"],"picked":"WreathOfFlame+1","floor":44},{"not_picked":["Weave+1","Protect"],"picked":"WreathOfFlame","floor":47},{"not_picked":["CutThroughFate","CrushJoints+1"],"picked":"Consecrate","floor":48},{"not_picked":["Wireheading","ClearTheMind+1"],"picked":"WreathOfFlame+1","floor":54}],"player_experience":279515,"relics_obtained":[{"floor":7.0,"key":"GiantMaggot"},{"floor":10.0,"key":"Rawhide"},{"floor":26.0,"key":"Blood Vial"},{"floor":27.0,"key":"infinitespire:Magic Flask"},{"floor":39,"key":"HeavenlyBonsai"},{"floor":41,"key":"Bag of Marbles"},{"floor":43,"key":"reliquary:HotPoker"},{"floor":47,"key":"hubris:DeckOfHolding"},{"floor":54,"key":"infinitespire:CheckeredPen"}],"event_choices":[],"is_beta":false,"boss_relics":[{"not_picked":["Runic Dome","Pandora\u0027s Box"],"picked":"SlaversCollar"},{"not_picked":["Sozu","hubris:Stopwatch"],"picked":"Philosopher\u0027s Stone"}],"items_purged_floors":[],"is_endless":false,"potions_floor_spawned":[2,7,10,16,27,29,41],"killed_by":"The Heart","ascension_level":1,"is_humility":true}}