{"host":"d744ndivyohnro60","time":1612925470,"event":{"mods":["BaseMod","Bestiary","Colored Powertips","Minty Spire (QoL Compilation)","Relic Stats"],"gold_per_floor":[116,132,62,12,12,41,41,69,93,93,127,127,30,59,59,161,161,172,97,97,125,139,139,168,168,168,186,204,204,224,224,224],"floor_reached":31,"language":"ENG","playtime":2470,"items_purged":["Strike_B"],"score":428,"play_id":"f4b5ce85-ade9-4114-a7f6-fbe4996845e8","local_time":"20210209215110","is_ascension_mode":true,"campfire_choices":[{"data":"Turbo","floor":7,"key":"SMITH"},{"data":"Fusion","floor":10,"key":"SMITH"},{"data":"Dualcast","floor":12,"key":"SMITH"},{"floor":15,"key":"REST"},{"floor":23,"key":"REST"},{"floor":25,"key":"REST"}],"circlet_count":0,"master_deck":["Strike_B","Defend_B","Defend_B","Zap+1","Dualcast+1","Turbo+1","Glacier+1","FTL","Compile Driver","Fusion+1","Undo","Ball Lightning","Creative AI","Rebound+1","Chaos+1","Leap+1","Stack","Undo","Blizzard+1","Conserve Battery","Hologram+1","Writhe","Cold Snap+1"],"relics":["Cracked Core","NeowsBlessing","Art of War","Sundial","War Paint","Bag of Preparation","InkBottle","Nunchaku","Astrolabe","Red Mask","MealTicket","White Beast Statue","Molten Egg 2"],"acts_visited":["Exordium","TheCity"],"potions_floor_usage":[8,8,11,21,27,27,30,30,31,31],"damage_taken":[{"damage":0,"enemies":"Cultist","floor":1,"turns":1},{"damage":0,"enemies":"2 Louse","floor":2,"turns":1},{"damage":0,"enemies":"Gremlin Nob","floor":6,"turns":1},{"damage":7,"enemies":"Lagavulin","floor":8,"turns":5},{"damage":0,"enemies":"Gremlin Nob","floor":11,"turns":3},{"damage":8,"enemies":"Lagavulin","floor":14,"turns":5},{"damage":39,"enemies":"The Guardian","floor":16,"turns":12},{"damage":0,"enemies":"Spheric Guardian","floor":18,"turns":3},{"damage":21,"enemies":"Masked Bandits","floor":21,"turns":6},{"damage":4,"enemies":"Chosen","floor":22,"turns":4},{"damage":51,"enemies":"Gremlin Leader","floor":24,"turns":9},{"damage":16,"enemies":"Sentry and Sphere","floor":27,"turns":6},{"damage":5,"enemies":"Snake Plant","floor":28,"turns":4},{"damage":20,"enemies":"Chosen and Byrds","floor":30,"turns":6},{"damage":13,"enemies":"3 Cultists","floor":31,"turns":4}],"seed_played":"4686496230533684446","potions_obtained":[{"floor":1,"key":"Dexterity Potion"},{"floor":2,"key":"Explosive Potion"},{"floor":8,"key":"Swift Potion"},{"floor":16,"key":"Explosive Potion"},{"floor":21,"key":"PotionOfCapacity"},{"floor":22,"key":"EssenceOfDarkness"},{"floor":24,"key":"Ancient Potion"},{"floor":27,"key":"Explosive Potion"},{"floor":28,"key":"Regen Potion"},{"floor":30,"key":"Weak Potion"}],"is_trial":false,"path_per_floor":["M","M","$","?","?","E","R","E","T","R","E","R","$","E","R","B",null,"M","?","$","?","M","R","E","R","T","M","M","?","M","M"],"character_chosen":"DEFECT","items_purchased":["FTL","Ball Lightning"],"campfire_rested":3,"item_purchase_floors":[3,13],"current_hp_per_floor":[68,68,68,68,56,56,56,49,49,49,49,49,49,41,63,24,62,62,62,62,41,37,59,8,30,30,14,9,9,4,0,0],"gold":224,"neow_bonus":"THREE_ENEMY_KILL","is_daily":false,"chose_seed":false,"campfire_upgraded":3,"win_rate":0.0,"timestamp":1612925470,"path_taken":["M","M","$","?","?","E","R","E","T","R","E","R","?","E","R","BOSS","M","?","$","?","M","R","E","R","T","M","M","?","M","?"],"items_purchased_type":["Card","Card"],"build_version":"2020-12-22","purchased_purges":1,"victory":false,"max_hp_per_floor":[75,75,75,75,75,75,75,75,75,75,75,75,75,75,75,75,75,75,75,75,75,75,75,75,75,75,75,75,75,75,75,75],"relic_stats":{"Nunchaku":[8],"counters":[15,70],"Sundial":[14],"Astrolabe":["Rebound","Chaos","Leap"],"MealTicket":0,"Art of War":[6],"Bag of Preparation":[22],"War Paint":["Glacier","Zap"],"obtain_stats":[{"NeowsBlessing":0,"Astrolabe":17,"Bag of Preparation":9,"War Paint":8,"White Beast Statue":26,"Nunchaku":14,"Sundial":6,"MealTicket":24,"Molten Egg 2":29,"Art of War":5,"Red Mask":21,"Cracked Core":0,"InkBottle":11},{"NeowsBlessing":0,"Astrolabe":7,"Bag of Preparation":4,"War Paint":4,"White Beast Statue":11,"Nunchaku":6,"Sundial":3,"MealTicket":11,"Molten Egg 2":13,"Art of War":2,"Red Mask":9,"Cracked Core":0,"InkBottle":5},{"NeowsBlessing":0,"Astrolabe":28,"Bag of Preparation":8,"War Paint":8,"White Beast Statue":50,"Nunchaku":16,"Sundial":3,"MealTicket":50,"Molten Egg 2":60,"Art of War":2,"Red Mask":37,"Cracked Core":0,"InkBottle":11}],"InkBottle":[25]},"card_choices":[{"not_picked":["Genetic Algorithm","Steam Power"],"picked":"Turbo","floor":1},{"not_picked":["Barrage","Ball Lightning"],"picked":"Glacier","floor":2},{"not_picked":["Conserve Battery","Gash"],"picked":"Compile Driver","floor":6},{"not_picked":["Go for the Eyes","Sweeping Beam"],"picked":"Fusion","floor":8},{"not_picked":["Barrage","White Noise"],"picked":"Undo","floor":11},{"not_picked":["Turbo","Steam"],"picked":"White Noise","floor":14},{"not_picked":["Seek","Hyperbeam"],"picked":"Creative AI","floor":16},{"not_picked":["Go for the Eyes","Rebound"],"picked":"Stack","floor":18},{"not_picked":["Glacier","Streamline"],"picked":"Undo","floor":21},{"not_picked":["Chaos","Gash"],"picked":"Blizzard+1","floor":22},{"not_picked":["Steam","Barrage"],"picked":"Conserve Battery","floor":24},{"not_picked":["Rebound+1","Undo","Creative AI"],"picked":"SKIP","floor":27},{"not_picked":["Leap","Hello World"],"picked":"Hologram+1","floor":28},{"not_picked":["Steam","Streamline+1"],"picked":"Cold Snap+1","floor":30}],"player_experience":230264,"relics_obtained":[{"floor":6,"key":"Sundial"},{"floor":8,"key":"War Paint"},{"floor":9,"key":"Bag of Preparation"},{"floor":11,"key":"InkBottle"},{"floor":14,"key":"Nunchaku"},{"floor":21,"key":"Red Mask"},{"floor":24,"key":"MealTicket"},{"floor":26,"key":"White Beast Statue"}],"event_choices":[{"cards_removed":["Strike_B"],"damage_healed":0,"gold_gain":0,"player_choice":"Card Removal","damage_taken":0,"max_hp_gain":0,"max_hp_loss":0,"event_name":"The Cleric","floor":4,"gold_loss":50},{"damage_healed":0,"gold_gain":0,"player_choice":"Success","damage_taken":12,"relics_obtained":["Art of War"],"max_hp_gain":0,"max_hp_loss":0,"event_name":"Scrap Ooze","floor":5,"gold_loss":0},{"cards_removed":["Strike_B"],"damage_healed":0,"gold_gain":0,"player_choice":"Gave Gold","damage_taken":0,"max_hp_gain":0,"max_hp_loss":0,"event_name":"Beggar","floor":19,"gold_loss":75},{"damage_healed":0,"gold_gain":0,"player_choice":"Fought Bandits","damage_taken":0,"max_hp_gain":0,"max_hp_loss":0,"event_name":"Masked Bandits","floor":21,"gold_loss":0},{"damage_healed":0,"gold_gain":0,"player_choice":"Opened","damage_taken":0,"relics_obtained":["Molten Egg 2"],"max_hp_gain":0,"max_hp_loss":0,"event_name":"The Mausoleum","floor":29,"gold_loss":0,"cards_obtained":["Writhe"]}],"is_beta":false,"boss_relics":[{"not_picked":["Tiny House","Nuclear Battery"],"picked":"Astrolabe"}],"items_purged_floors":[13],"is_endless":false,"potions_floor_spawned":[1,2,8,16,21,22,24,27,28,30],"killed_by":"3 Cultists","ascension_level":6}}