{"host":"rolltorest","time":1612922740,"event":{"mods":["BaseMod","Minty Spire (QoL Compilation)","Relic Stats","Slay the Relics Exporter","StSLib"],"gold_per_floor":[112,123,136,136,153,179,179,508,580,580,580,580,545,564,564,564,564],"floor_reached":16,"language":"ENG","playtime":593,"items_purged":[],"score":220,"play_id":"c846ab50-be66-4514-9339-c2c1a8e7cddd","local_time":"20210209180540","is_ascension_mode":true,"campfire_choices":[{"floor":12,"key":"REST"},{"data":"Eviscerate","floor":15,"key":"SMITH"}],"circlet_count":0,"master_deck":["AscendersBane","Strike_G","Strike_G","Strike_G","Strike_G","Defend_G","Defend_G","Defend_G","Defend_G","Defend_G","Survivor","Neutralize","Blade Dance+1","Eviscerate+1","Poisoned Stab","PiercingWail","Footwork","Crippling Poison"],"relics":["Ring of the Snake","NeowsBlessing","Juzu Bracelet","Old Coin","White Beast Statue","InkBottle"],"acts_visited":["Exordium"],"potions_floor_usage":[8,8,16],"damage_taken":[{"damage":0,"enemies":"Cultist","floor":1,"turns":1},{"damage":0,"enemies":"2 Louse","floor":2,"turns":1},{"damage":0,"enemies":"Jaw Worm","floor":3,"turns":1},{"damage":6,"enemies":"2 Fungi Beasts","floor":5,"turns":4},{"damage":26,"enemies":"Gremlin Nob","floor":6,"turns":4},{"damage":22,"enemies":"Lagavulin","floor":8,"turns":6},{"damage":7,"enemies":"Looter","floor":14,"turns":4},{"damage":24,"enemies":"Slime Boss","floor":16,"turns":9}],"seed_played":"-1279497397474046656","potions_obtained":[{"floor":2,"key":"CunningPotion"},{"floor":6,"key":"Swift Potion"},{"floor":14,"key":"Weak Potion"}],"is_trial":false,"path_per_floor":["M","M","M","?","M","E","?","E","T","?","T","R","?","M","R","B"],"character_chosen":"THE_SILENT","items_purchased":[],"campfire_rested":1,"item_purchase_floors":[],"current_hp_per_floor":[59,59,59,59,53,27,27,5,5,5,5,24,40,33,33,9,9],"gold":564,"neow_bonus":"THREE_ENEMY_KILL","is_daily":false,"chose_seed":false,"campfire_upgraded":1,"win_rate":0.0,"timestamp":1612922740,"path_taken":["M","?","M","?","?","E","?","E","T","?","?","R","?","M","R","BOSS"],"items_purchased_type":[],"build_version":"2020-12-18","purchased_purges":0,"victory":false,"max_hp_per_floor":[66,66,66,66,66,66,66,66,66,66,66,66,66,66,66,66,66],"relic_stats":{"counters":[8,30],"Juzu Bracelet":1,"obtain_stats":[{"NeowsBlessing":0,"Juzu Bracelet":6,"White Beast Statue":9,"InkBottle":11,"Ring of the Snake":0,"Old Coin":8},{"NeowsBlessing":0,"Juzu Bracelet":5,"White Beast Statue":6,"InkBottle":6,"Ring of the Snake":0,"Old Coin":6},{"NeowsBlessing":0,"Juzu Bracelet":11,"White Beast Statue":17,"InkBottle":17,"Ring of the Snake":0,"Old Coin":17}],"InkBottle":[4],"Ring of the Snake":[16]},"card_choices":[{"not_picked":["Bane","Underhanded Strike"],"picked":"Blade Dance","floor":1},{"not_picked":["Reflex","Underhanded Strike"],"picked":"Eviscerate","floor":2},{"not_picked":["Escape Plan","Outmaneuver"],"picked":"Poisoned Stab","floor":3},{"not_picked":["Outmaneuver","Masterful Stab","Cloak And Dagger"],"picked":"SKIP","floor":5},{"not_picked":["Flying Knee","All Out Attack"],"picked":"PiercingWail","floor":6},{"not_picked":["Escape Plan","Expertise"],"picked":"Footwork","floor":8},{"not_picked":["Flying Knee","Deadly Poison"],"picked":"Crippling Poison","floor":14}],"player_experience":1936523,"relics_obtained":[{"floor":6,"key":"Juzu Bracelet"},{"floor":8,"key":"Old Coin"},{"floor":9,"key":"White Beast Statue"},{"floor":11,"key":"InkBottle"}],"event_choices":[{"cards_removed":["Strike_G"],"damage_healed":0,"gold_gain":0,"player_choice":"Offered Basic","damage_taken":0,"max_hp_gain":0,"max_hp_loss":0,"event_name":"Bonfire Elementals","floor":4,"gold_loss":0},{"damage_healed":0,"gold_gain":0,"player_choice":"Ignored","damage_taken":0,"max_hp_gain":0,"max_hp_loss":0,"event_name":"Golden Wing","floor":7,"gold_loss":0},{"damage_healed":0,"gold_gain":0,"player_choice":"Grow","damage_taken":0,"max_hp_gain":0,"max_hp_loss":0,"event_name":"Living Wall","floor":10,"gold_loss":0,"cards_upgraded":["Blade Dance"]},{"damage_healed":16,"gold_gain":0,"player_choice":"Healed","damage_taken":0,"max_hp_gain":0,"max_hp_loss":0,"event_name":"The Cleric","floor":13,"gold_loss":35}],"is_beta":true,"boss_relics":[],"items_purged_floors":[],"is_endless":false,"potions_floor_spawned":[2,6,14],"killed_by":"Slime Boss","ascension_level":20}}