{"host":"uv5ws9rdk87e8i5k","time":1612981001,"event":{"mods":["AchievementEnabler","BaseMod","Colored Map","Minty Spire (QoL Compilation)","Permanent Neow","Quick Restart","StSLib","SuperFastMode","The Necromancer"],"gold_per_floor":[116,136,148,148,148,177,177,192,217,235,235,235],"floor_reached":11,"language":"ENG","playtime":212,"items_purged":[],"score":116,"play_id":"55a10412-1f69-4c8e-b88a-a154a3c66c65","local_time":"20210210121641","is_ascension_mode":true,"campfire_choices":[{"data":"Searing Blow","floor":7,"key":"SMITH"}],"circlet_count":0,"master_deck":["AscendersBane","Strike_R+1","Strike_R","Strike_R","Strike_R","Strike_R","Defend_R","Defend_R","Defend_R","Defend_R","Bash","Shrug It Off","Wild Strike","Headbutt+1","Searing Blow+1","Armaments"],"relics":["Sozu","Darkstone Periapt","Calipers","Toy Ornithopter"],"acts_visited":["Exordium"],"potions_floor_usage":[],"damage_taken":[{"damage":5.0,"enemies":"Small Slimes","floor":1.0,"turns":4.0},{"damage":2.0,"enemies":"Jaw Worm","floor":2.0,"turns":3.0},{"damage":1.0,"enemies":"Cultist","floor":3.0,"turns":3.0},{"damage":24,"enemies":"3 Sentries","floor":6,"turns":8},{"damage":6,"enemies":"Lots of Slimes","floor":8,"turns":5},{"damage":3,"enemies":"Looter","floor":10,"turns":3},{"damage":7,"enemies":"Gremlin Nob","floor":11,"turns":3}],"seed_played":"6212187043511918252","potions_obtained":[],"is_trial":false,"path_per_floor":["M","M","M","?","T","E","R","M","T","M","E"],"character_chosen":"IRONCLAD","items_purchased":[],"campfire_rested":0,"item_purchase_floors":[],"current_hp_per_floor":[67,65,64,48,48,24,24,18,18,15,8,8],"gold":235,"neow_bonus":"BOSS_RELIC","is_daily":false,"chose_seed":false,"campfire_upgraded":1,"win_rate":0.0,"timestamp":1612981001,"path_taken":["M","M","M","?","?","E","R","?","T","?","E"],"items_purchased_type":[],"build_version":"2020-12-22","purchased_purges":0,"victory":false,"max_hp_per_floor":[80,80,80,80,80,80,80,80,80,80,80,80],"card_choices":[{"not_picked":["Heavy Blade","Havoc"],"picked":"Shrug It Off","floor":1.0},{"not_picked":["Disarm","Flex"],"picked":"Wild Strike","floor":2.0},{"not_picked":["Havoc","Armaments"],"picked":"Headbutt","floor":3.0},{"not_picked":["Clash","Flex"],"picked":"Searing Blow","floor":6},{"not_picked":["Wild Strike","Pommel Strike"],"picked":"Armaments","floor":8},{"not_picked":["Clothesline","Limit Break","Sword Boomerang"],"picked":"SKIP","floor":10}],"player_experience":164339,"relics_obtained":[{"floor":5.0,"key":"Darkstone Periapt"},{"floor":6,"key":"Calipers"},{"floor":9,"key":"Toy Ornithopter"}],"event_choices":[{"damage_healed":0.0,"max_hp_gain":0.0,"max_hp_loss":0.0,"gold_gain":0.0,"event_name":"Shining Light","player_choice":"Entered Light","floor":4.0,"gold_loss":0.0,"damage_taken":16.0,"cards_upgraded":["Strike_R","Headbutt"]}],"is_beta":false,"boss_relics":[],"items_purged_floors":[],"is_endless":false,"potions_floor_spawned":[2,8,10],"killed_by":"Gremlin Nob","ascension_level":11}}