{"host":"rwomhe7k24zy6c7l","time":1612932787,"event":{"mods":["Act Like it!","BaseMod","Colored Powertips","Conspire","Gensokyo","Minty Spire (QoL Compilation)","RumiaBox-露米娅的神秘盒子","StSLib","The Bug Knight","WarShipGirlsR/战舰少女R mod"],"gold_per_floor":[210,137,137,137,149,184,195,44,94,94,104,116,116,148,148,250,250,260,298,298,298],"floor_reached":20,"language":"ZHS","playtime":1251,"items_purged":["Infinite Blades"],"score":182,"play_id":"f0dd0792-56ef-4157-bb35-a090003ed91b","local_time":"20210210125307","is_ascension_mode":false,"campfire_choices":[{"floor":13,"key":"REST"},{"floor":15,"key":"REST"}],"circlet_count":0,"master_deck":["Strike_G","Strike_G","Strike_G","Strike_G","Strike_G","Defend_G","Defend_G","Defend_G","Defend_G","Defend_G","Survivor","Neutralize","Poisoned Stab","Poisoned Stab","Noxious Fumes","After Image","Poisoned Stab+1"],"relics":["Ring of the Snake","Question Card","Vajra","Pen Nib","LastBattle","SoulBox","Strawberry"],"acts_visited":["Exordium","TheCity"],"potions_floor_usage":[6,16,16],"damage_taken":[{"damage":1,"enemies":"Cultist","floor":1,"turns":3},{"damage":5,"enemies":"2 Louse","floor":5,"turns":3},{"damage":40,"enemies":"3 Sentries","floor":6,"turns":11},{"damage":6,"enemies":"Jaw Worm","floor":7,"turns":3},{"damage":10,"enemies":"conspire:2 RoseBushes","floor":11,"turns":7},{"damage":2,"enemies":"2 Fungi Beasts","floor":12,"turns":3},{"damage":25,"enemies":"Lagavulin","floor":14,"turns":6},{"damage":21,"enemies":"The Guardian","floor":16,"turns":8},{"damage":48,"enemies":"conspire:FuzzyDice","floor":18,"turns":6},{"damage":13,"enemies":"conspire:MimicChest","floor":19,"turns":7},{"damage":23,"enemies":"3 Byrds","floor":20,"turns":2}],"seed_played":"-6720301877529499471","potions_obtained":[{"floor":1,"key":"Fruit Juice"},{"floor":12,"key":"LiquidBronze"},{"floor":14,"key":"Energy Potion"}],"is_trial":false,"path_per_floor":["M","$","T","?","M","E","M","$","T","?","M","M","R","E","R","B",null,"M","?","M"],"character_chosen":"THE_SILENT","items_purchased":["Infinite Blades","Noxious Fumes"],"campfire_rested":2,"item_purchase_floors":[2,8],"current_hp_per_floor":[69,69,69,69,64,29,23,23,23,23,13,11,33,8,30,9,75,27,21,0,0],"gold":298,"neow_bonus":"HUNDRED_GOLD","is_daily":false,"chose_seed":false,"campfire_upgraded":0,"win_rate":0.0,"timestamp":1612932787,"path_taken":["M","$","?","?","M","E","M","$","T","?","M","?","R","E","R","BOSS","M","?","M"],"items_purchased_type":["Card","Card"],"build_version":"2020-12-22","purchased_purges":1,"victory":false,"max_hp_per_floor":[70,70,70,70,70,75,75,75,75,75,75,75,75,75,75,75,75,75,82,82,82],"card_choices":[{"not_picked":["Masterful Stab","Acrobatics","Outmaneuver"],"picked":"SKIP","floor":1},{"not_picked":["Choke","Blur","Escape Plan","Skewer"],"picked":"SKIP","floor":5},{"not_picked":["Deflect","Underhanded Strike","Acrobatics"],"picked":"Poisoned Stab","floor":6},{"not_picked":["Terror","Deadly Poison","Endless Agony"],"picked":"Poisoned Stab","floor":7},{"not_picked":["Deflect","Wraith Form v2","Cloak And Dagger","Dodge and Roll"],"picked":"SKIP","floor":11},{"not_picked":["Dash","Dagger Throw","PiercingWail","Choke"],"picked":"SKIP","floor":12},{"not_picked":["Predator","Wraith Form v2","Acrobatics","All Out Attack"],"picked":"SKIP","floor":14},{"not_picked":["Bullet Time","Night Terror","Wraith Form v2"],"picked":"After Image","floor":16},{"not_picked":["Blade Dance","Blur","Deadly Poison+1"],"picked":"Poisoned Stab+1","floor":18}],"player_experience":139749,"relics_obtained":[{"floor":3,"key":"Question Card"},{"floor":6,"key":"Vajra"},{"floor":9,"key":"Pen Nib"},{"floor":14,"key":"LastBattle"},{"floor":19,"key":"Strawberry"}],"event_choices":[{"damage_healed":0,"gold_gain":0,"player_choice":"Disagree","damage_taken":0,"max_hp_gain":0,"max_hp_loss":0,"event_name":"conspire:LoneGhost","floor":4,"gold_loss":0},{"damage_healed":0,"gold_gain":0,"player_choice":"Ignored","damage_taken":0,"max_hp_gain":0,"max_hp_loss":0,"event_name":"Golden Wing","floor":10,"gold_loss":0}],"is_beta":false,"boss_relics":[{"not_picked":["Coffee Dripper","Velvet Choker"],"picked":"SoulBox"}],"items_purged_floors":[8],"is_endless":false,"potions_floor_spawned":[1,12,14],"killed_by":"3 Byrds","ascension_level":0}}