{"host":"ve5hox67eka4rdnb","time":1612943841,"event":{"mods":["ATMod(∞¢Ë™Mod)","AchievementEnabler","Act Like it!","BaseMod","Downfall","Gensokyo","Hermit","Koishi","Lobotomy","LobotomyExtend","Marisa£®ÏF”Í°°ƒß¿Ì…≥£©","Minty Spire (QoL Compilation)","Reimu£®≤©¿ˆ¡È√Œ£©","Remilia£®¿Ÿ√◊¿Ú—«£©","Replay The Spire","Shop Mod","StSLib","The Construct","The Cursed","The Servant 0.9.4"],"gold_per_floor":[110,110,110,213,213,247,259,286,286,286,306,306,346,365,365,365,365],"floor_reached":16,"language":"ZHS","playtime":525,"items_purged":[],"score":130,"play_id":"43366b6f-0d63-48e6-81e6-b76599380bd0","local_time":"20210210155721","is_ascension_mode":true,"campfire_choices":[{"data":"Streamline","floor":12.0,"key":"SMITH"},{"data":"Hologram","floor":15.0,"key":"SMITH"}],"circlet_count":0,"master_deck":["Strike_B","Strike_B+1","Strike_B","Strike_B+1","Defend_B","Defend_B","Defend_B","Defend_B","Zap","Dualcast","AT_EssenceShift","Sunder+1","Gash","Streamline+1","Panic Button+1","Turbo","Hologram+1"],"relics":["AT_ATBox","Replay:Bronze Core","LetterFromLob","Blue Candle","construct:RocketBooster","Singing Bowl","Golden Idol","AT_SilverBalance"],"acts_visited":["Exordium"],"potions_floor_usage":[16],"damage_taken":[{"damage":7.0,"enemies":"Jaw Worm","floor":1.0,"turns":3.0},{"damage":15.0,"enemies":"Gremlin Nob","floor":6.0,"turns":4.0},{"damage":0.0,"enemies":"Small Slimes","floor":7.0,"turns":4.0},{"damage":18.0,"enemies":"3 Sentries","floor":8.0,"turns":7.0},{"damage":1.0,"enemies":"2 Louse","floor":11.0,"turns":2.0},{"damage":27.0,"enemies":"Gremlin Nob","floor":13.0,"turns":4.0},{"damage":8.0,"enemies":"Blue Slaver","floor":14.0,"turns":2.0},{"damage":38,"enemies":"Hexaghost","floor":16,"turns":11}],"seed_played":"-8067079914495033476","potions_obtained":[{"floor":1.0,"key":"SpeedPotion"},{"floor":7.0,"key":"BlessingOfTheForge"},{"floor":11.0,"key":"ColorlessPotion"}],"is_trial":false,"path_per_floor":["M","?","?","?","?","E","M","E","T","?","M","R","E","M","R","B"],"character_chosen":"DEFECT","items_purchased":[],"campfire_rested":0,"item_purchase_floors":[],"current_hp_per_floor":[68,53,48,48,48,33,33,15,15,15,16,16,10,29,29,0,0],"gold":365,"neow_bonus":"BOSS_RELIC","is_daily":false,"chose_seed":false,"campfire_upgraded":2,"win_rate":0.0,"timestamp":1612943841,"path_taken":["M","?","?","?","?","E","M","E","T","?","M","R","E","M","R","BOSS"],"items_purchased_type":[],"build_version":"2020-12-22","purchased_purges":0,"victory":false,"max_hp_per_floor":[75,75,75,75,75,75,75,75,75,69,71,71,71,73,73,73,73],"card_choices":[{"not_picked":["Tempest","BasicCrystalCard"],"picked":"Sunder","floor":1.0},{"not_picked":["Conserve Battery","AT_ThreeBodyProblem"],"picked":"Gash","floor":4.0},{"not_picked":["Leap","Ball Lightning"],"picked":"Streamline","floor":4.0},{"not_picked":["Chill","Loop","AT_HeatAcrobatics"],"picked":"SKIP","floor":6.0},{"not_picked":["AT_HeatAcrobatics","Redo"],"picked":"Panic Button","floor":7.0},{"not_picked":["Cold Snap","Double Energy"],"picked":"Turbo","floor":8.0},{"not_picked":["Beam Cell","ReplayTheSpireMod:Repulse","Coolheaded"],"picked":"Singing Bowl","floor":11.0},{"not_picked":["Defragment","Panic Button"],"picked":"Hologram","floor":13.0},{"not_picked":["Doom and Gloom","Turbo","Self Repair"],"picked":"Singing Bowl","floor":14.0}],"player_experience":204252,"relics_obtained":[{"floor":1.0,"key":"LetterFromLob"},{"floor":6.0,"key":"construct:RocketBooster"},{"floor":8.0,"key":"Singing Bowl"},{"floor":13.0,"key":"AT_SilverBalance"}],"event_choices":[{"damage_healed":0.0,"max_hp_gain":0.0,"max_hp_loss":0.0,"gold_gain":0.0,"event_name":"Shining Light","player_choice":"Entered Light","floor":2.0,"gold_loss":0.0,"damage_taken":15.0,"cards_upgraded":["Strike_B","Sunder"]},{"damage_healed":0.0,"max_hp_gain":0.0,"max_hp_loss":6.0,"gold_gain":0.0,"event_name":"Golden Idol","player_choice":"Lose Max HP","floor":10.0,"gold_loss":0.0,"damage_taken":0.0,"relics_obtained":["Golden Idol"]}],"is_beta":false,"boss_relics":[],"items_purged_floors":[],"is_endless":false,"potions_floor_spawned":[1,7,11],"killed_by":"Hexaghost","ascension_level":2}}