{"host":"gfxjwtol062e9znw","time":1612962039,"event":{"mods":["BaseMod","Colored Map","Minty Spire (QoL Compilation)","Rare Cards Sparkle"],"gold_per_floor":[119,134,154,154,169,203,220,220,220,245,257,257,149,185,185,314,314,332,355,373,70,70,70,113,23,23,23,23,67,79,91,103,245,257,287,323,335,363,105,143,143,143,143,203,203,203,55,76,76,76,76],"floor_reached":50,"language":"ENG","playtime":1936,"items_purged":["Defend_R","Defend_R"],"score":818,"play_id":"bc2eef46-14a8-4b50-88a3-f786c476b6df","local_time":"20210211000039","is_ascension_mode":true,"campfire_choices":[{"floor":8.0,"key":"REST"},{"floor":15.0,"key":"REST"},{"floor":23,"key":"REST"},{"floor":27,"key":"REST"},{"floor":30,"key":"REST"},{"floor":32,"key":"REST"},{"floor":42,"key":"REST"},{"floor":45,"key":"REST"},{"floor":49,"key":"REST"}],"circlet_count":0,"master_deck":["AscendersBane","Strike_R","Strike_R","Strike_R","Strike_R","Strike_R","Defend_R+1","Bash","Shrug It Off","Rage","Wild Strike","Offering","Shrug It Off","Anger","Fire Breathing","Perfected Strike","Pummel","Uppercut","Armaments","Offering","Demon Form","Shrug It Off","Headbutt","Perfected Strike","Seeing Red","RitualDagger","RitualDagger","Immolate","Pummel+1","Spot Weakness","Madness","Madness","True Grit+1"],"relics":["Burning Blood","Blood Vial","Pear","White Beast Statue","Golden Idol","Juzu Bracelet","SlaversCollar","Lizard Tail","Champion Belt","Vajra","MawBank","Philosopher\u0027s Stone","Lee\u0027s Waffle","Bag of Marbles","Sundial","FossilizedHelix","Frozen Egg 2"],"acts_visited":["Exordium","TheCity","TheBeyond"],"potions_floor_usage":[20,22,24,29,33,35,36,38,40,40,44,50,50],"damage_taken":[{"damage":0.0,"enemies":"Small Slimes","floor":1.0,"turns":3.0},{"damage":10.0,"enemies":"Cultist","floor":2.0,"turns":4.0},{"damage":8.0,"enemies":"2 Louse","floor":3.0,"turns":2.0},{"damage":22.0,"enemies":"Exordium Thugs","floor":5.0,"turns":5.0},{"damage":24.0,"enemies":"Gremlin Nob","floor":6.0,"turns":4.0},{"damage":7.0,"enemies":"2 Fungi Beasts","floor":7.0,"turns":3.0},{"damage":9.0,"enemies":"Lagavulin","floor":10.0,"turns":5.0},{"damage":13.0,"enemies":"Looter","floor":11.0,"turns":3.0},{"damage":26.0,"enemies":"3 Sentries","floor":14.0,"turns":6.0},{"damage":36.0,"enemies":"Slime Boss","floor":16.0,"turns":7.0},{"damage":24,"enemies":"Chosen","floor":18,"turns":5},{"damage":33,"enemies":"Shell Parasite","floor":19,"turns":5},{"damage":34,"enemies":"Snake Plant","floor":20,"turns":5},{"damage":0,"enemies":"Cultist and Chosen","floor":22,"turns":1},{"damage":20,"enemies":"Slavers","floor":24,"turns":5},{"damage":46,"enemies":"Gremlin Leader","floor":29,"turns":4},{"damage":59,"enemies":"Champ","floor":33,"turns":11},{"damage":47,"enemies":"3 Darklings","floor":35,"turns":6},{"damage":17,"enemies":"3 Shapes","floor":36,"turns":5},{"damage":39,"enemies":"Jaw Worm Horde","floor":38,"turns":3},{"damage":82,"enemies":"Reptomancer","floor":40,"turns":6},{"damage":55,"enemies":"2 Orb Walkers","floor":44,"turns":5},{"damage":16,"enemies":"4 Shapes","floor":48,"turns":4},{"damage":98,"enemies":"Time Eater","floor":50,"turns":8}],"seed_played":"1247724156796817855","potions_obtained":[{"floor":1.0,"key":"SteroidPotion"},{"floor":3.0,"key":"LiquidMemories"},{"floor":5.0,"key":"Block Potion"},{"floor":11.0,"key":"PowerPotion"},{"floor":14.0,"key":"SpeedPotion"},{"floor":16.0,"key":"Explosive Potion"},{"floor":20,"key":"SmokeBomb"},{"floor":24,"key":"Strength Potion"},{"floor":29,"key":"BlessingOfTheForge"},{"floor":33,"key":"BlessingOfTheForge"},{"floor":35,"key":"Block Potion"},{"floor":36,"key":"Dexterity Potion"},{"floor":38,"key":"BloodPotion"},{"floor":40,"key":"Block Potion"},{"floor":44,"key":"CultistPotion"}],"is_trial":false,"path_per_floor":["M","M","M","?","M","E","M","R","T","E","M","?","$","E","R","B",null,"M","M","M","$","M","R","E","?","T","R","?","E","R","?","R","B",null,"M","M","?","M","$","E","?","R","T","?","R","T","$","M","R","B"],"character_chosen":"IRONCLAD","items_purchased":["Uppercut","Armaments","Lizard Tail","Lee\u0027s Waffle","Strength Potion","ColorlessPotion"],"campfire_rested":9,"item_purchase_floors":[13,13,21,39,39,47],"current_hp_per_floor":[78,74,72,77,61,43,44,69,79,78,73,73,73,55,81,53,79,63,38,12,12,20,46,34,34,34,60,54,16,42,42,68,17,70,31,22,77,44,84,24,13,38,38,48,73,73,73,65,84,0,0],"gold":76,"neow_bonus":"THREE_CARDS","is_daily":false,"chose_seed":false,"campfire_upgraded":0,"win_rate":0.0,"timestamp":1612962039,"path_taken":["M","M","M","?","M","E","M","R","T","E","M","?","$","E","R","BOSS","M","M","M","$","M","R","E","?","T","R","?","E","R","?","R","BOSS","M","M","?","M","$","E","?","R","T","?","R","?","$","M","R","BOSS"],"items_purchased_type":["Card","Card","Relic","Relic","Potion","Potion"],"build_version":"2020-12-22","purchased_purges":2,"victory":false,"max_hp_per_floor":[80,80,80,85,85,85,85,85,95,95,95,88,88,88,88,88,88,88,88,88,88,88,88,88,88,88,88,88,88,88,88,88,88,88,88,88,77,77,84,84,84,84,84,84,84,84,84,84,84,84,84],"card_choices":[{"not_picked":["Fire Breathing","Infernal Blade"],"picked":"Shrug It Off","floor":0.0},{"not_picked":["Sentinel","Clash"],"picked":"Rage","floor":1.0},{"not_picked":["Thunderclap","Dual Wield"],"picked":"Wild Strike","floor":2.0},{"not_picked":["Blood for Blood","Armaments"],"picked":"Offering","floor":3.0},{"not_picked":["Thunderclap","Burning Pact"],"picked":"Shrug It Off","floor":5.0},{"not_picked":["Combust","Fire Breathing"],"picked":"Anger","floor":6.0},{"not_picked":["Havoc","Sword Boomerang"],"picked":"Fire Breathing","floor":7.0},{"not_picked":["Flex","Rupture"],"picked":"Perfected Strike","floor":10.0},{"not_picked":["Clothesline","Metallicize"],"picked":"Pummel","floor":11.0},{"not_picked":["Spot Weakness","Flex"],"picked":"Offering","floor":14.0},{"not_picked":["Brutality","Exhume"],"picked":"Demon Form","floor":16.0},{"not_picked":["Uppercut","Body Slam"],"picked":"Shrug It Off","floor":18},{"not_picked":["Heavy Blade","Anger"],"picked":"Headbutt","floor":19},{"not_picked":["Thunderclap","Hemokinesis"],"picked":"Perfected Strike","floor":20},{"not_picked":["Armaments","Reckless Charge"],"picked":"Seeing Red","floor":24},{"not_picked":["Clash","Headbutt","Feel No Pain+1"],"picked":"SKIP","floor":29},{"not_picked":["Exhume","Feed"],"picked":"Immolate","floor":33},{"not_picked":["Feel No Pain+1","Wild Strike+1"],"picked":"Pummel+1","floor":35},{"not_picked":["Headbutt+1","Twin Strike+1","Dark Embrace"],"picked":"SKIP","floor":36},{"not_picked":["Second Wind+1","Sword Boomerang+1"],"picked":"Spot Weakness","floor":38},{"not_picked":["Perfected Strike","Shrug It Off","Uppercut"],"picked":"SKIP","floor":40},{"not_picked":["Shrug It Off","Fire Breathing"],"picked":"True Grit+1","floor":44},{"not_picked":["Burning Pact+1","Wild Strike+1","Armaments+1"],"picked":"SKIP","floor":48}],"player_experience":138191,"relics_obtained":[{"floor":6.0,"key":"Blood Vial"},{"floor":9.0,"key":"Pear"},{"floor":10.0,"key":"White Beast Statue"},{"floor":14.0,"key":"Juzu Bracelet"},{"floor":24,"key":"Champion Belt"},{"floor":26,"key":"Vajra"},{"floor":29,"key":"MawBank"},{"floor":40,"key":"Bag of Marbles"},{"floor":43,"key":"Sundial"},{"floor":44,"key":"FossilizedHelix"},{"floor":46,"key":"Frozen Egg 2"}],"event_choices":[{"damage_healed":0.0,"max_hp_gain":5.0,"max_hp_loss":0.0,"gold_gain":0.0,"event_name":"Big Fish","player_choice":"Donut","floor":4.0,"gold_loss":0.0,"damage_taken":0.0},{"damage_healed":0.0,"max_hp_gain":0.0,"max_hp_loss":7.0,"gold_gain":0.0,"event_name":"Golden Idol","player_choice":"Lose Max HP","floor":12.0,"gold_loss":0.0,"damage_taken":0.0,"relics_obtained":["Golden Idol"]},{"cards_removed":["Defend_R"],"damage_healed":0,"gold_gain":0,"player_choice":"Upgrade and Remove","damage_taken":0,"max_hp_gain":0,"max_hp_loss":0,"event_name":"Designer","floor":25,"gold_loss":90,"cards_upgraded":["Defend_R"]},{"damage_healed":0,"gold_gain":0,"player_choice":"Joined the Cult","damage_taken":6,"max_hp_gain":0,"max_hp_loss":0,"event_name":"Nest","floor":28,"gold_loss":0,"cards_obtained":["RitualDagger"]},{"damage_healed":0,"gold_gain":0,"player_choice":"Copied","damage_taken":0,"max_hp_gain":0,"max_hp_loss":0,"event_name":"Duplicator","floor":31,"gold_loss":0,"cards_obtained":["RitualDagger"]},{"damage_healed":77,"gold_gain":0,"player_choice":"Heal","damage_taken":0,"max_hp_gain":0,"max_hp_loss":11,"event_name":"The Moai Head","floor":37,"gold_loss":0},{"damage_healed":0,"gold_gain":0,"player_choice":"Embrace Madness","damage_taken":11,"max_hp_gain":0,"max_hp_loss":0,"event_name":"Winding Halls","floor":41,"gold_loss":0,"cards_obtained":["Madness","Madness"]},{"damage_healed":0,"gold_gain":0,"player_choice":"Fight","damage_taken":0,"max_hp_gain":0,"max_hp_loss":0,"event_name":"Mysterious Sphere","floor":44,"gold_loss":0}],"is_beta":false,"boss_relics":[{"not_picked":["Tiny House","Runic Cube"],"picked":"SlaversCollar"},{"not_picked":["Runic Pyramid","Coffee Dripper"],"picked":"Philosopher\u0027s Stone"}],"items_purged_floors":[39,47],"is_endless":false,"potions_floor_spawned":[1,3,5,11,14,16,18,19,20,22,24,29,33,35,36,38,40,44,48],"killed_by":"Time Eater","ascension_level":11}}