{"host":"hqvh779b89tfrjxy","time":1612956769,"event":{"mods":["Act Like it!","BaseMod","Better Third Choice","Downfall","Elementarium","GifTheSpireLib","Minty Spire (QoL Compilation)","Replay The Spire","Spicy Shops","StSLib"],"gold_per_floor":[117,135,152,152,171,204,204,230,230,55,55,6,6,35,35,135,135,155,173,187,187,198,198,227,70,70,70,70,90,117,137,137,137,137],"floor_reached":33,"language":"ENG","playtime":1316,"items_purged":["Strike_R","Strike_R"],"score":457,"play_id":"0ec64c98-c00a-4bd2-9f5f-0355621f7e9d","local_time":"20210210123249","is_ascension_mode":true,"campfire_choices":[{"floor":7,"key":"REST"},{"floor":11,"key":"REST"},{"data":"Spot Weakness","floor":23,"key":"SMITH"},{"floor":27,"key":"REST"},{"floor":32,"key":"REST"}],"circlet_count":0,"master_deck":["AscendersBane","Strike_R","Strike_R","Defend_R","Defend_R","Defend_R+1","Defend_R","Bash","Dramatic Entrance","Cleave+1","Cleave","Hemokinesis","Demon Form","Brutality","Spot Weakness+1","Disarm","Disarm","Second Wind","Evolve"],"relics":["Burning Blood","Blood Vial","Kunai","ReplayTheSpireMod:Ninjato","betterThird:SlimedRelic","Odd Mushroom","Sozu","Bottled Lightning","OrangePellets","Replay:Bottled Snecko","Eternal Feather"],"acts_visited":["Exordium","TheCity"],"potions_floor_usage":[6,6],"damage_taken":[{"damage":0,"enemies":"2 Louse","floor":1,"turns":2},{"damage":12,"enemies":"Jaw Worm","floor":2,"turns":2},{"damage":1,"enemies":"Cultist","floor":3,"turns":3},{"damage":25,"enemies":"Red Slaver","floor":5,"turns":6},{"damage":34,"enemies":"Lagavulin","floor":6,"turns":4},{"damage":38,"enemies":"Replay:BlueRogue","floor":8,"turns":5},{"damage":0,"enemies":"The Mushroom Lair","floor":14,"turns":2},{"damage":25,"enemies":"Fading Forest","floor":16,"turns":11},{"damage":10,"enemies":"2 Thieves","floor":18,"turns":3},{"damage":6,"enemies":"3 Byrds","floor":19,"turns":5},{"damage":26,"enemies":"Cultist and Chosen","floor":20,"turns":6},{"damage":36,"enemies":"Centurion and Healer","floor":22,"turns":6},{"damage":12,"enemies":"Replay:Snechameleon","floor":24,"turns":6},{"damage":9,"enemies":"Snecko","floor":29,"turns":8},{"damage":27,"enemies":"Gremlin Leader","floor":30,"turns":5},{"damage":18,"enemies":"Shelled Parasite and Fungi","floor":31,"turns":5},{"damage":48,"enemies":"Collector","floor":33,"turns":4}],"seed_played":"-3544707089203245747","potions_obtained":[{"floor":2,"key":"Swift Potion"},{"floor":5,"key":"BlessingOfTheForge"}],"is_trial":false,"path_per_floor":["M","M","M","?","M","E","R","E","T","$","R","?","$","?","R","B",null,"M","M","M","?","M","R","E","$","T","R","$","M","E","M","R","B"],"character_chosen":"IRONCLAD","items_purchased":["OrangePellets"],"campfire_rested":4,"item_purchase_floors":[25],"current_hp_per_floor":[78,72,77,61,42,14,38,8,8,8,32,21,21,29,29,34,69,67,69,51,51,23,23,19,19,19,43,43,42,23,13,46,0,0],"gold":137,"neow_bonus":"RANDOM_COLORLESS","is_daily":false,"chose_seed":false,"campfire_upgraded":1,"win_rate":0.0,"timestamp":1612956769,"path_taken":["M","M","M","?","M","E","R","E","T","$","R","?","$","?","R","BOSS","M","M","M","?","?","R","E","?","T","R","?","M","E","M","R","BOSS"],"items_purchased_type":["Relic"],"build_version":"2020-12-22","purchased_purges":2,"victory":false,"max_hp_per_floor":[80,80,80,80,80,80,80,80,80,80,80,80,80,80,80,80,80,80,80,80,80,80,80,80,80,80,80,80,80,80,80,80,80,80],"card_choices":[{"not_picked":["ReplayTheSpireMod:Private Reserves","Swift Strike"],"picked":"Dramatic Entrance","floor":0},{"not_picked":["Twin Strike","Second Wind"],"picked":"Cleave","floor":1},{"not_picked":["Clothesline","True Grit"],"picked":"Cleave","floor":2},{"not_picked":["Replay:Undeath\u0027s Touch","Flex","Anger"],"picked":"SKIP","floor":3},{"not_picked":["Cleave","Pommel Strike"],"picked":"Hemokinesis","floor":5},{"not_picked":["ReplayTheSpireMod:Muscle Training","Clash","Replay:Many Hands"],"picked":"SKIP","floor":6},{"not_picked":["Pommel Strike","Flex","Cleave"],"picked":"SKIP","floor":8},{"not_picked":["Hemogenesis","Offering"],"picked":"Brutality","floor":16},{"not_picked":["Replay:Undeath\u0027s Touch","Havoc","Intimidate"],"picked":"SKIP","floor":18},{"not_picked":["Shockwave","Feel No Pain"],"picked":"Spot Weakness","floor":19},{"not_picked":["Pommel Strike+1","Shrug It Off+1"],"picked":"Disarm","floor":20},{"not_picked":["Seeing Red+1","ReplayTheSpireMod:LeadingStrike"],"picked":"Second Wind","floor":22},{"not_picked":["Replay:Undeath\u0027s Touch+1","ReplayTheSpireMod:Limb From Limb+1","Spot Weakness"],"picked":"SKIP","floor":24},{"not_picked":["Twin Strike","Rampage","Dark Embrace"],"picked":"SKIP","floor":29},{"not_picked":["Demonic Infusion","Headbutt"],"picked":"Evolve","floor":30},{"not_picked":["Perfected Strike","Abandon","Bloodletting"],"picked":"SKIP","floor":31}],"player_experience":229722,"relics_obtained":[{"floor":6,"key":"Blood Vial"},{"floor":8,"key":"Kunai"},{"floor":9,"key":"ReplayTheSpireMod:Ninjato"},{"floor":14,"key":"Odd Mushroom"},{"floor":24,"key":"Bottled Lightning"},{"floor":26,"key":"Replay:Bottled Snecko"},{"floor":30,"key":"Eternal Feather"}],"event_choices":[{"damage_healed":77,"gold_gain":0,"player_choice":"Upgrade","damage_taken":16,"max_hp_gain":0,"max_hp_loss":80,"event_name":"betterThird:BetterShining","floor":4,"gold_loss":0,"cards_upgraded":["Defend_R","Cleave"]},{"damage_healed":0,"gold_gain":0,"player_choice":"Slimed","damage_taken":11,"max_hp_gain":0,"max_hp_loss":0,"event_name":"betterThird:BetterGoop","floor":12,"gold_loss":49},{"damage_healed":0,"gold_gain":0,"player_choice":"Fought Mushrooms","damage_taken":0,"max_hp_gain":0,"max_hp_loss":0,"event_name":"Mushrooms","floor":14,"gold_loss":0},{"damage_healed":0,"gold_gain":0,"player_choice":"Copied","damage_taken":0,"max_hp_gain":0,"max_hp_loss":0,"event_name":"Duplicator","floor":21,"gold_loss":0,"cards_obtained":["Disarm"]}],"is_beta":false,"boss_relics":[{"not_picked":["Runic Cube","Replay:Grab Bag"],"picked":"Sozu"}],"items_purged_floors":[10,10],"is_endless":false,"potions_floor_spawned":[2,5,18,22,24,29],"killed_by":"Collector","ascension_level":11}}