{"host":"phniwng9zo19jwdb","time":1612981903,"event":{"mods":["AchievementEnabler","BaseMod","Colored Powertips","Dark Map","Faster Ascension Climbing","GifTheSpireLib","Minty Spire (QoL Compilation)","Permanent Neow","Rare Cards Sparkle","Relic Filter Mod","StSLib","Weighted Paths"],"gold_per_floor":[119,139,157,157,176,207,227,261,261,261,288,302,302,327,327,400,450,488,503,553,135,135,162,1,35,58,58,70,83,83,83,83,158,158,174,192,209,262,276,276,11,43,69,95,95,95,129,60,60,60,60,60,60,8,36,36],"floor_reached":57,"language":"ENG","playtime":2682,"items_purged":["Strike_G"],"score":3096,"play_id":"8d962fd6-5d5e-4bbe-84e6-51f0ea9c6447","local_time":"20210210193143","is_ascension_mode":true,"campfire_choices":[{"data":"Apotheosis","floor":10.0,"key":"SMITH"},{"data":"Neutralize","floor":13.0,"key":"SMITH"},{"data":"Reflex","floor":15.0,"key":"SMITH"},{"floor":27.0,"key":"REST"},{"data":"Chrysalis","floor":30.0,"key":"SMITH"},{"data":"Blade Dance","floor":32.0,"key":"SMITH"},{"floor":40,"key":"RECALL"},{"floor":46,"key":"REST"},{"floor":49,"key":"REST"},{"floor":53,"key":"REST"}],"circlet_count":0,"master_deck":["AscendersBane","Strike_G","Strike_G","Strike_G","Defend_G","Defend_G","Defend_G+1","Defend_G","Defend_G","Survivor","Neutralize+1","Apotheosis+1","Reflex+1","Backflip","Dodge and Roll","Calculated Gamble","Blade Dance","Underhanded Strike","Die Die Die","Catalyst","Accuracy+1","After Image+1","Blade Dance+1","Noxious Fumes+1","Reflex+1","Chrysalis+1","Writhe","Accuracy+1","PiercingWail","Acrobatics","Adrenaline","Blade Dance+1","Tactician+1","Backflip","Catalyst+1","Acrobatics","Caltrops+1","Cloak And Dagger","Die Die Die"],"relics":["Ring of the Snake","Vajra","Ninja Scroll","Paper Crane","Frozen Egg 2","Tiny House","TwistedFunnel","Eternal Feather","Snake Skull","ClockworkSouvenir","Ancient Tea Set","Happy Flower","Fusion Hammer","Dead Branch","Bottled Lightning","Orichalcum","PreservedInsect","CaptainsWheel","MealTicket","Juzu Bracelet","Bronze Scales"],"acts_visited":["Exordium","TheCity","TheBeyond","TheEnding"],"potions_floor_usage":[37,37,42,56],"damage_taken":[{"damage":0.0,"enemies":"Small Slimes","floor":1.0,"turns":4.0},{"damage":4.0,"enemies":"Cultist","floor":2.0,"turns":4.0},{"damage":0.0,"enemies":"2 Louse","floor":3.0,"turns":4.0},{"damage":1.0,"enemies":"2 Fungi Beasts","floor":5.0,"turns":5.0},{"damage":3.0,"enemies":"Lagavulin","floor":6.0,"turns":10.0},{"damage":5.0,"enemies":"Blue Slaver","floor":7.0,"turns":5.0},{"damage":0.0,"enemies":"Gremlin Nob","floor":8.0,"turns":2.0},{"damage":0.0,"enemies":"Lots of Slimes","floor":12.0,"turns":1.0},{"damage":0.0,"enemies":"Lagavulin","floor":14.0,"turns":5.0},{"damage":10.0,"enemies":"Slime Boss","floor":16.0,"turns":9.0},{"damage":5.0,"enemies":"2 Thieves","floor":18.0,"turns":5.0},{"damage":0.0,"enemies":"Chosen","floor":19.0,"turns":3.0},{"damage":37.0,"enemies":"Slavers","floor":23.0,"turns":3.0},{"damage":16.0,"enemies":"Book of Stabbing","floor":25.0,"turns":6.0},{"damage":13.0,"enemies":"Centurion and Healer","floor":28.0,"turns":7.0},{"damage":4.0,"enemies":"Chosen and Byrds","floor":29.0,"turns":6.0},{"damage":14.0,"enemies":"Automaton","floor":33.0,"turns":6.0},{"damage":3.0,"enemies":"3 Darklings","floor":35.0,"turns":4.0},{"damage":3.0,"enemies":"Orb Walker","floor":36.0,"turns":2.0},{"damage":18,"enemies":"Transient","floor":37,"turns":6},{"damage":7,"enemies":"2 Orb Walkers","floor":38,"turns":3},{"damage":0,"enemies":"Jaw Worm Horde","floor":39,"turns":2},{"damage":0,"enemies":"Reptomancer","floor":42,"turns":3},{"damage":0,"enemies":"Giant Head","floor":44,"turns":4},{"damage":5,"enemies":"Nemesis","floor":47,"turns":4},{"damage":4,"enemies":"Donu and Deca","floor":50,"turns":5},{"damage":30,"enemies":"Time Eater","floor":51,"turns":12},{"damage":34,"enemies":"Shield and Spear","floor":55,"turns":5},{"damage":28,"enemies":"The Heart","floor":56,"turns":6}],"seed_played":"1878272922044081962","potions_obtained":[{"floor":3.0,"key":"EntropicBrew"},{"floor":6.0,"key":"PowerPotion"},{"floor":14.0,"key":"LiquidBronze"},{"floor":17.0,"key":"ColorlessPotion"},{"floor":28.0,"key":"Weak Potion"},{"floor":29.0,"key":"SmokeBomb"},{"floor":33.0,"key":"Weak Potion"},{"floor":35.0,"key":"Weak Potion"},{"floor":36,"key":"Block Potion"},{"floor":37,"key":"SkillPotion"},{"floor":39,"key":"Strength Potion"}],"is_trial":false,"path_per_floor":["M","M","M","?","M","E","M","E","T","R","T","M","R","E","R","B",null,"M","M","?","$","?","E","$","E","T","R","M","M","R","?","R","B",null,"M","M","M","?","M","R","$","E","T","E","?","R","E","?","R","B","B",null,"R","$","E","B",null],"character_chosen":"THE_SILENT","items_purchased":["TwistedFunnel","Chrysalis","ClockworkSouvenir","Bottled Lightning","Cloak And Dagger"],"campfire_rested":4,"item_purchase_floors":[21,21,24,41,54],"current_hp_per_floor":[44,40,40,40,39,36,31,31,31,31,31,31,31,31,31,21,60,55,55,55,55,55,18,18,2,2,38,25,21,39,39,57,43,64,61,58,40,33,33,54,54,54,54,54,54,71,66,66,71,67,37,63,71,71,37,9],"gold":36,"neow_bonus":"RANDOM_COLORLESS_2","is_daily":false,"chose_seed":false,"campfire_upgraded":5,"win_rate":0.0,"timestamp":1612981903,"path_taken":["M","M","M","?","M","E","?","E","T","R","?","M","R","E","R","BOSS","M","M","?","$","?","E","?","E","T","R","?","M","R","?","R","BOSS","M","M","?","?","M","R","$","E","T","E","?","R","E","?","R","BOSS","BOSS","R","$","E","BOSS"],"items_purchased_type":["Relic","Card","Relic","Relic","Card"],"build_version":"2020-12-22","purchased_purges":1,"victory":true,"max_hp_per_floor":[66,66,66,66,66,66,66,66,66,66,66,66,66,66,66,66,71,71,71,71,71,71,71,71,71,71,71,71,71,71,71,71,71,71,71,71,71,71,71,71,71,71,71,71,71,71,71,71,71,71,71,71,71,71,71,71],"card_choices":[{"not_picked":["Secret Weapon","Secret Technique"],"picked":"Apotheosis","floor":0.0},{"not_picked":["Deadly Poison","Dagger Throw"],"picked":"Reflex","floor":1.0},{"not_picked":["Terror","Deadly Poison"],"picked":"Backflip","floor":2.0},{"not_picked":["Setup","Flechettes"],"picked":"Dodge and Roll","floor":3.0},{"not_picked":["Finisher","Dagger Spray"],"picked":"Calculated Gamble","floor":5.0},{"not_picked":["Underhanded Strike","Night Terror"],"picked":"Blade Dance","floor":6.0},{"not_picked":["Dagger Spray","Deflect"],"picked":"Underhanded Strike","floor":7.0},{"not_picked":["Underhanded Strike","Deadly Poison"],"picked":"Die Die Die","floor":8.0},{"not_picked":["Concentrate","Leg Sweep"],"picked":"Catalyst","floor":12.0},{"not_picked":["Quick Slash","Reflex"],"picked":"Accuracy+1","floor":14.0},{"not_picked":["Unload","Envenom+1"],"picked":"After Image+1","floor":16.0},{"not_picked":["Concentrate","Expertise"],"picked":"Blade Dance","floor":17.0},{"not_picked":["Poisoned Stab","Cloak And Dagger"],"picked":"Noxious Fumes+1","floor":18.0},{"not_picked":["Flying Knee","Outmaneuver"],"picked":"Reflex","floor":19.0},{"not_picked":["Poisoned Stab","Dagger Spray"],"picked":"Accuracy+1","floor":23.0},{"not_picked":["Bane","Deflect","Poisoned Stab"],"picked":"SKIP","floor":25.0},{"not_picked":["Quick Slash","Deadly Poison"],"picked":"PiercingWail","floor":28.0},{"not_picked":["PiercingWail+1","Deflect"],"picked":"Acrobatics","floor":29.0},{"not_picked":["Glass Knife","Doppelganger"],"picked":"Adrenaline","floor":33.0},{"not_picked":["Dagger Spray+1","Predator+1"],"picked":"Backstab+1","floor":35.0},{"not_picked":["Deflect+1","Finisher","All Out Attack+1"],"picked":"SKIP","floor":36},{"not_picked":["Escape Plan","Dodge and Roll"],"picked":"Blade Dance+1","floor":37},{"not_picked":["All Out Attack","Acrobatics+1"],"picked":"Tactician+1","floor":38},{"not_picked":["Noxious Fumes+1","Dodge and Roll"],"picked":"Backflip","floor":39},{"not_picked":["Storm of Steel","Deadly Poison"],"picked":"Catalyst+1","floor":42},{"not_picked":["Dagger Spray","Well Laid Plans+1"],"picked":"Acrobatics","floor":44},{"not_picked":["Unload","Prepared"],"picked":"Caltrops+1","floor":47},{"not_picked":["Sucker Punch+1","Deflect"],"picked":"Die Die Die","floor":55}],"player_experience":108682,"relics_obtained":[{"floor":6.0,"key":"Vajra"},{"floor":8.0,"key":"Ninja Scroll"},{"floor":9.0,"key":"Paper Crane"},{"floor":14.0,"key":"Frozen Egg 2"},{"floor":23.0,"key":"Snake Skull"},{"floor":25.0,"key":"Ancient Tea Set"},{"floor":26.0,"key":"Happy Flower"},{"floor":38,"key":"Dead Branch"},{"floor":42,"key":"Orichalcum"},{"floor":43,"key":"PreservedInsect"},{"floor":44,"key":"CaptainsWheel"},{"floor":47,"key":"MealTicket"},{"floor":55,"key":"Bronze Scales"}],"event_choices":[{"cards_removed":["Strike_G"],"damage_healed":0.0,"max_hp_gain":0.0,"max_hp_loss":0.0,"gold_gain":0.0,"event_name":"Purifier","player_choice":"Purged","floor":4.0,"gold_loss":0.0,"damage_taken":0.0},{"damage_healed":0.0,"max_hp_gain":0.0,"max_hp_loss":0.0,"gold_gain":50.0,"event_name":"Nest","player_choice":"Stole From Cult","floor":20.0,"gold_loss":0.0,"damage_taken":0.0},{"damage_healed":0.0,"max_hp_gain":0.0,"max_hp_loss":0.0,"gold_gain":0.0,"event_name":"The Mausoleum","player_choice":"Opened","floor":22.0,"gold_loss":0.0,"damage_taken":0.0,"relics_obtained":["Eternal Feather"],"cards_obtained":["Writhe"]},{"damage_healed":0.0,"max_hp_gain":0.0,"max_hp_loss":0.0,"gold_gain":0.0,"event_name":"Accursed Blacksmith","player_choice":"Forge","floor":31.0,"gold_loss":0.0,"damage_taken":0.0,"cards_upgraded":["Reflex"]},{"damage_healed":0,"gold_gain":0,"player_choice":"Fight","damage_taken":0,"max_hp_gain":0,"max_hp_loss":0,"event_name":"Mysterious Sphere","floor":38,"gold_loss":0},{"cards_removed":["Backstab"],"damage_healed":0,"gold_gain":0,"player_choice":"Removed Attack","damage_taken":0,"max_hp_gain":0,"max_hp_loss":0,"event_name":"Falling","floor":45,"gold_loss":0},{"damage_healed":0,"gold_gain":0,"player_choice":"Paid Gold","damage_taken":0,"relics_obtained":["Juzu Bracelet"],"max_hp_gain":0,"max_hp_loss":0,"event_name":"WeMeetAgain","floor":48,"gold_loss":69}],"is_beta":false,"boss_relics":[{"not_picked":["Cursed Key","Runic Dome"],"picked":"Tiny House"},{"not_picked":["Calling Bell","Pandora\u0027s Box"],"picked":"Fusion Hammer"}],"items_purged_floors":[21],"is_endless":false,"potions_floor_spawned":[3,6,14,28,29,33,35,36,37,39],"ascension_level":20}}