{"host":"4nqeo0vu1vuav7gg","time":1612975114,"event":{"mods":["AchievementEnabler","BaseMod","Block Reminder","Colored Map","Colored Powertips","Highlight Path","Minty Spire (QoL Compilation)","Quick Restart","Rare Cards Sparkle","Relic Relevance Reorder","StSLib"],"gold_per_floor":[112,112,112,132,9,44,44,60,85,142,142,172,172,185,185,185,185],"floor_reached":16,"language":"ENG","playtime":768,"items_purged":[],"score":216,"play_id":"2c1ec16a-f73b-4e41-95fe-eca0977ee62a","local_time":"20210210173834","is_ascension_mode":true,"campfire_choices":[{"floor":7.0,"key":"REST"},{"floor":13.0,"key":"REST"},{"floor":15.0,"key":"REST"}],"circlet_count":0,"master_deck":["AscendersBane","Strike_B","Strike_B","Defend_B","Defend_B","Defend_B","Zap","Dualcast","Chill","Gash+1","Loop","Reinforced Body","All For One","Cold Snap","Streamline","Tempest"],"relics":["Cracked Core","Nunchaku","Blood Vial","WingedGreaves"],"acts_visited":["Exordium"],"potions_floor_usage":[16],"damage_taken":[{"damage":1.0,"enemies":"Cultist","floor":1.0,"turns":3.0},{"damage":1.0,"enemies":"Small Slimes","floor":4.0,"turns":4.0},{"damage":32.0,"enemies":"3 Sentries","floor":6.0,"turns":11.0},{"damage":0.0,"enemies":"2 Louse","floor":8.0,"turns":4.0},{"damage":17.0,"enemies":"Lagavulin","floor":12.0,"turns":8.0},{"damage":35.0,"enemies":"Exordium Wildlife","floor":14.0,"turns":7.0},{"damage":46,"enemies":"Slime Boss","floor":16,"turns":6}],"seed_played":"-3174891516112331126","potions_obtained":[{"floor":4.0,"key":"PowerPotion"},{"floor":14.0,"key":"LiquidMemories"}],"is_trial":false,"path_per_floor":["M","?","$","M","$","E","R","M","T","?","?","E","R","M","R","B"],"character_chosen":"DEFECT","items_purchased":["Loop","Reinforced Body"],"campfire_rested":3,"item_purchase_floors":[5,5],"current_hp_per_floor":[45,45,45,44,44,12,33,35,35,35,35,20,41,8,29,0,0],"gold":185,"neow_bonus":"REMOVE_TWO","is_daily":false,"chose_seed":false,"campfire_upgraded":0,"win_rate":0.0,"timestamp":1612975114,"path_taken":["M","?","$","?","?","E","R","M","T","?","?","E","R","M","R","BOSS"],"items_purchased_type":["Card","Card"],"build_version":"2020-12-22","purchased_purges":0,"victory":false,"max_hp_per_floor":[71,71,71,71,71,71,71,71,71,71,71,71,71,71,71,71,71],"card_choices":[{"not_picked":["Turbo","Redo"],"picked":"Chill","floor":1.0},{"not_picked":["Ball Lightning","Stack"],"picked":"Gash","floor":4.0},{"not_picked":["Stack","Go for the Eyes"],"picked":"All For One","floor":6.0},{"not_picked":["Beam Cell","Steam"],"picked":"Cold Snap","floor":8.0},{"not_picked":["Compile Driver","Conserve Battery"],"picked":"Streamline","floor":12.0},{"not_picked":["Go for the Eyes","Leap"],"picked":"Tempest","floor":14.0}],"player_experience":1099976,"relics_obtained":[{"floor":6.0,"key":"Blood Vial"},{"floor":9.0,"key":"Nunchaku"},{"floor":12.0,"key":"WingedGreaves"}],"event_choices":[{"cards_removed":["Strike_B"],"damage_healed":0.0,"max_hp_gain":0.0,"max_hp_loss":0.0,"gold_gain":0.0,"event_name":"Purifier","player_choice":"Purged","floor":2.0,"gold_loss":0.0,"damage_taken":0.0},{"damage_healed":0.0,"max_hp_gain":0.0,"max_hp_loss":0.0,"gold_gain":57.0,"event_name":"Golden Wing","player_choice":"Gained Gold","floor":10.0,"gold_loss":0.0,"damage_taken":0.0},{"damage_healed":0.0,"max_hp_gain":0.0,"max_hp_loss":0.0,"gold_gain":0.0,"event_name":"Living Wall","player_choice":"Grow","floor":11.0,"gold_loss":0.0,"damage_taken":0.0,"cards_upgraded":["Gash"]}],"is_beta":false,"boss_relics":[],"items_purged_floors":[],"is_endless":false,"potions_floor_spawned":[4,14],"killed_by":"Slime Boss","ascension_level":20}}