{"host":"mqhvlr3kpxebko0t","time":1612966558,"event":{"mods":["AchievementEnabler","BaseMod","Colored Map","Colored Powertips","KOR Keyword Fix","Keyboard Shortcuts","Minty Spire (QoL Compilation)","StSLib","SuperFastMode"],"gold_per_floor":[116,191,191,14,28,53,53,53,53,73,91,110,110,110],"floor_reached":13,"language":"KOR","playtime":179,"items_purged":["Strike_R"],"score":220,"play_id":"3112f023-ad15-4c2f-b7ee-03a2155db521","local_time":"20210210231558","is_ascension_mode":true,"campfire_choices":[],"circlet_count":0,"master_deck":["AscendersBane","Strike_R","Strike_R","Defend_R","Defend_R","Defend_R","Defend_R","Bash","Finesse","Uppercut","Warcry"],"relics":["Burning Blood","NeowsBlessing","Centennial Puzzle","Oddly Smooth Stone","Champion Belt"],"acts_visited":["Exordium"],"potions_floor_usage":[13],"damage_taken":[{"damage":0.0,"enemies":"Jaw Worm","floor":1.0,"turns":1.0},{"damage":0,"enemies":"Small Slimes","floor":5,"turns":1},{"damage":0,"enemies":"Lagavulin","floor":6,"turns":1},{"damage":0,"enemies":"2 Louse","floor":10,"turns":3},{"damage":2,"enemies":"Looter","floor":11,"turns":3},{"damage":7,"enemies":"Blue Slaver","floor":12,"turns":5},{"damage":59,"enemies":"3 Sentries","floor":13,"turns":12}],"seed_played":"5948796994762281178","potions_obtained":[{"floor":5,"key":"AttackPotion"},{"floor":12,"key":"EssenceOfSteel"}],"is_trial":false,"path_per_floor":["M","?","?","$","M","E","?","?","T","M","M","M","E"],"character_chosen":"IRONCLAD","items_purchased":["Finesse"],"campfire_rested":0,"item_purchase_floors":[4],"current_hp_per_floor":[74,63,56,56,62,68,68,50,50,56,60,59,0,0],"gold":110,"neow_bonus":"THREE_ENEMY_KILL","is_daily":false,"chose_seed":false,"campfire_upgraded":0,"win_rate":0.0,"timestamp":1612966558,"path_taken":["M","?","?","$","M","E","?","?","T","?","M","M","E"],"items_purchased_type":["Card"],"build_version":"2020-12-22","purchased_purges":1,"victory":false,"max_hp_per_floor":[75,75,75,75,75,75,75,75,75,75,75,75,75,75],"card_choices":[{"not_picked":["Clothesline","Headbutt","Havoc"],"picked":"SKIP","floor":1.0},{"not_picked":["Pummel","Bloodletting","Perfected Strike"],"picked":"SKIP","floor":5},{"not_picked":["Perfected Strike","Iron Wave","Rage"],"picked":"SKIP","floor":6},{"not_picked":["Armaments","Berserk","True Grit"],"picked":"SKIP","floor":10},{"not_picked":["Sword Boomerang","Armaments","Fire Breathing"],"picked":"SKIP","floor":11},{"not_picked":["Searing Blow","Rupture"],"picked":"Warcry","floor":12}],"player_experience":703774,"relics_obtained":[{"floor":6,"key":"Centennial Puzzle"},{"floor":9,"key":"Champion Belt"}],"event_choices":[{"damage_healed":0.0,"max_hp_gain":0.0,"max_hp_loss":0.0,"gold_gain":75.0,"event_name":"World of Goop","player_choice":"Gather Gold","floor":2.0,"gold_loss":0.0,"damage_taken":11.0},{"cards_removed":["Strike_R"],"damage_healed":0.0,"max_hp_gain":0.0,"max_hp_loss":0.0,"gold_gain":0.0,"event_name":"Golden Wing","player_choice":"Card Removal","floor":3.0,"gold_loss":0.0,"damage_taken":7.0},{"damage_healed":0,"gold_gain":0,"cards_transformed":["Strike_R"],"player_choice":"Change","damage_taken":0,"max_hp_gain":0,"max_hp_loss":0,"event_name":"Living Wall","floor":7,"gold_loss":0,"cards_obtained":["Uppercut"]},{"damage_healed":0,"gold_gain":0,"player_choice":"Success","damage_taken":18,"relics_obtained":["Oddly Smooth Stone"],"max_hp_gain":0,"max_hp_loss":0,"event_name":"Scrap Ooze","floor":8,"gold_loss":0}],"is_beta":false,"boss_relics":[],"items_purged_floors":[4],"is_endless":false,"potions_floor_spawned":[5,12],"killed_by":"3 Sentries","ascension_level":20}}