{"host":"xnrw1j8ho83czkv7","time":1612915703,"event":{"mods":["AchievementEnabler","BaseMod","Colored Map","Colored Powertips","Minty Spire (QoL Compilation)","Quick Restart","StSLib"],"gold_per_floor":[110,123,123,123,123,123,48,48,48,48,123,148,192,192,192,317,317,331,331,331,351,367,411,411,427,427,427,443,458,479,494,494,617,617,630,148,172,172,172,172,212,212,237,237,87,87,123,138,138,138],"floor_reached":51,"language":"ENG","playtime":2195,"items_purged":["Regret","Strike_R","Strike_R"],"score":910,"play_id":"79091090-a2b1-444e-8ca6-8e5396f08ec5","local_time":"20210210000823","is_ascension_mode":true,"campfire_choices":[{"data":"Barricade","floor":6.0,"key":"SMITH"},{"data":"Flame Barrier","floor":8.0,"key":"SMITH"},{"data":"Bash","floor":10.0,"key":"SMITH"},{"data":"Defend_R","floor":15.0,"key":"SMITH"},{"data":"Defend_R","floor":24.0,"key":"SMITH"},{"data":"Defend_R","floor":27.0,"key":"SMITH"},{"floor":32.0,"key":"RECALL"},{"floor":40.0,"key":"REST"},{"floor":42,"key":"REST"},{"floor":44,"key":"REST"},{"floor":46,"key":"REST"},{"floor":49,"key":"REST"}],"circlet_count":0,"master_deck":["Strike_R","Strike_R","Defend_R+1","Defend_R+1","Defend_R+1","Defend_R+1","Bash+1","Barricade+1","Flame Barrier+1","Body Slam+1","Necronomicurse","Flame Barrier+1","Finesse","Shrug It Off","Madness","Madness","Body Slam+1"],"relics":["Burning Blood","Orichalcum","Golden Idol","Bag of Marbles","Frozen Egg 2","Busted Crown","Necronomicon","Boot","Molten Egg 2","Fusion Hammer","InkBottle","Strawberry","Oddly Smooth Stone","Eternal Feather"],"acts_visited":["Exordium","TheCity","TheBeyond"],"potions_floor_usage":[41,50],"damage_taken":[{"damage":16.0,"enemies":"Jaw Worm","floor":1.0,"turns":4.0},{"damage":0.0,"enemies":"2 Louse","floor":2.0,"turns":4.0},{"damage":0.0,"enemies":"Small Slimes","floor":12.0,"turns":4.0},{"damage":12.0,"enemies":"Lagavulin","floor":13.0,"turns":9.0},{"damage":0.0,"enemies":"Hexaghost","floor":16.0,"turns":10.0},{"damage":1.0,"enemies":"Shell Parasite","floor":18.0,"turns":4.0},{"damage":11.0,"enemies":"Spheric Guardian","floor":21.0,"turns":5.0},{"damage":0.0,"enemies":"Snecko","floor":22.0,"turns":5.0},{"damage":30.0,"enemies":"Book of Stabbing","floor":23.0,"turns":5.0},{"damage":7.0,"enemies":"Centurion and Healer","floor":25.0,"turns":5.0},{"damage":8.0,"enemies":"Snake Plant","floor":28.0,"turns":4.0},{"damage":2.0,"enemies":"Chosen and Byrds","floor":29.0,"turns":5.0},{"damage":5.0,"enemies":"Shelled Parasite and Fungi","floor":30.0,"turns":4.0},{"damage":0.0,"enemies":"Snake Plant","floor":31.0,"turns":3.0},{"damage":12.0,"enemies":"Champ","floor":33.0,"turns":14.0},{"damage":35.0,"enemies":"Orb Walker","floor":35.0,"turns":5.0},{"damage":0.0,"enemies":"3 Shapes","floor":37.0,"turns":7.0},{"damage":29,"enemies":"Reptomancer","floor":41,"turns":7},{"damage":6,"enemies":"Nemesis","floor":47,"turns":5},{"damage":12,"enemies":"3 Darklings","floor":48,"turns":5},{"damage":1,"enemies":"Awakened One","floor":50,"turns":9}],"seed_played":"8548539381411469833","potions_obtained":[{"floor":1.0,"key":"LiquidBronze"},{"floor":18.0,"key":"SkillPotion"},{"floor":21.0,"key":"GamblersBrew"},{"floor":25.0,"key":"SpeedPotion"},{"floor":31.0,"key":"PowerPotion"},{"floor":33.0,"key":"FairyPotion"},{"floor":35.0,"key":"FearPotion"},{"floor":37.0,"key":"CultistPotion"},{"floor":47,"key":"Explosive Potion"}],"is_trial":false,"path_per_floor":["M","M","?","?","?","R","$","R","T","R","?","M","E","?","R","B",null,"M","?","?","M","M","E","R","M","T","R","M","M","M","M","R","B",null,"M","$","M","?","?","R","E","R","T","R","$","R","E","M","R","B",null],"character_chosen":"IRONCLAD","items_purchased":["Finesse","InkBottle","Shrug It Off","Body Slam+1"],"campfire_rested":5,"item_purchase_floors":[36,36,36,45],"current_hp_per_floor":[62,68,68,50,36,36,36,36,36,36,25,31,25,18,18,24,72,72,56,56,51,57,33,33,32,32,32,30,34,35,41,41,35,72,43,43,49,39,30,51,35,58,58,79,79,79,79,73,79,79],"gold":138,"neow_bonus":"THREE_RARE_CARDS","is_daily":false,"chose_seed":false,"campfire_upgraded":6,"win_rate":0.0,"timestamp":1612915703,"path_taken":["M","M","?","?","?","R","$","R","T","R","?","M","E","?","R","BOSS","M","?","?","M","M","E","R","M","T","R","M","?","?","?","R","BOSS","M","$","M","?","?","R","E","R","T","R","$","R","E","M","R","BOSS"],"items_purchased_type":["Card","Relic","Card","Card"],"build_version":"2020-12-22","purchased_purges":3,"victory":true,"max_hp_per_floor":[72,72,72,72,72,72,72,72,72,72,72,72,72,72,72,72,72,72,72,72,72,72,72,72,72,72,72,72,72,72,72,72,72,72,72,72,72,72,72,72,79,79,79,79,79,79,79,79,79,79],"card_choices":[{"not_picked":["Bludgeon","Offering"],"picked":"Barricade","floor":0.0},{"not_picked":["Shockwave","Flex"],"picked":"Flame Barrier","floor":1.0},{"not_picked":["Warcry","Headbutt"],"picked":"Body Slam","floor":2.0},{"not_picked":["Bloodletting","True Grit","Wild Strike"],"picked":"SKIP","floor":12.0},{"not_picked":["Battle Trance","Armaments","Heavy Blade"],"picked":"SKIP","floor":13.0},{"not_picked":["Cleave+1"],"picked":"SKIP","floor":18.0},{"not_picked":["Sword Boomerang"],"picked":"SKIP","floor":21.0},{"not_picked":["Bloodletting"],"picked":"SKIP","floor":22.0},{"not_picked":["Clothesline"],"picked":"SKIP","floor":23.0},{"not_picked":["Armaments+1"],"picked":"SKIP","floor":25.0},{"not_picked":["Shockwave"],"picked":"SKIP","floor":28.0},{"not_picked":["Evolve+1"],"picked":"SKIP","floor":29.0},{"not_picked":["Cleave+1"],"picked":"SKIP","floor":30.0},{"not_picked":["Headbutt+1"],"picked":"SKIP","floor":31.0},{"not_picked":["Sentinel"],"picked":"SKIP","floor":35.0},{"not_picked":["Hemokinesis+1"],"picked":"SKIP","floor":37.0},{"not_picked":["Sword Boomerang+1"],"picked":"SKIP","floor":41},{"not_picked":["Thunderclap+1"],"picked":"SKIP","floor":47},{"not_picked":["True Grit"],"picked":"SKIP","floor":48}],"player_experience":57802,"relics_obtained":[{"floor":9.0,"key":"Bag of Marbles"},{"floor":13.0,"key":"Frozen Egg 2"},{"floor":19.0,"key":"Necronomicon"},{"floor":23.0,"key":"Boot"},{"floor":26.0,"key":"Molten Egg 2"},{"floor":41,"key":"Strawberry"},{"floor":43,"key":"Oddly Smooth Stone"},{"floor":47,"key":"Eternal Feather"}],"event_choices":[{"damage_healed":0.0,"max_hp_gain":0.0,"max_hp_loss":0.0,"gold_gain":0.0,"event_name":"Big Fish","player_choice":"Box","floor":3.0,"gold_loss":0.0,"damage_taken":0.0,"relics_obtained":["Orichalcum"],"cards_obtained":["Regret"]},{"damage_healed":0.0,"max_hp_gain":0.0,"max_hp_loss":0.0,"gold_gain":0.0,"event_name":"Golden Idol","player_choice":"Take Damage","floor":4.0,"gold_loss":0.0,"damage_taken":18.0,"relics_obtained":["Golden Idol"]},{"damage_healed":0.0,"max_hp_gain":0.0,"max_hp_loss":0.0,"gold_gain":0.0,"event_name":"Shining Light","player_choice":"Entered Light","floor":5.0,"gold_loss":0.0,"damage_taken":14.0,"cards_upgraded":["Body Slam","Defend_R"]},{"damage_healed":0.0,"max_hp_gain":0.0,"max_hp_loss":0.0,"gold_gain":75.0,"event_name":"World of Goop","player_choice":"Gather Gold","floor":11.0,"gold_loss":0.0,"damage_taken":11.0},{"cards_removed":["Strike_R"],"damage_healed":0.0,"max_hp_gain":0.0,"max_hp_loss":0.0,"gold_gain":0.0,"event_name":"Golden Wing","player_choice":"Card Removal","floor":14.0,"gold_loss":0.0,"damage_taken":7.0},{"damage_healed":0.0,"max_hp_gain":0.0,"max_hp_loss":0.0,"gold_gain":0.0,"event_name":"Cursed Tome","player_choice":"Obtained Book","floor":19.0,"gold_loss":0.0,"damage_taken":16.0},{"damage_healed":0.0,"max_hp_gain":0.0,"max_hp_loss":0.0,"gold_gain":0.0,"event_name":"Duplicator","player_choice":"Copied","floor":20.0,"gold_loss":0.0,"damage_taken":0.0,"cards_obtained":["Flame Barrier"]},{"damage_healed":0.0,"max_hp_gain":0.0,"max_hp_loss":0.0,"gold_gain":0.0,"event_name":"SensoryStone","player_choice":"Memory 3","floor":38.0,"gold_loss":0.0,"damage_taken":10.0},{"damage_healed":0.0,"max_hp_gain":0.0,"max_hp_loss":0.0,"gold_gain":0.0,"event_name":"Winding Halls","player_choice":"Embrace Madness","floor":39.0,"gold_loss":0.0,"damage_taken":9.0,"cards_obtained":["Madness","Madness"]}],"is_beta":false,"boss_relics":[{"not_picked":["Astrolabe","Black Blood"],"picked":"Busted Crown"},{"not_picked":["Sozu","Tiny House"],"picked":"Fusion Hammer"}],"items_purged_floors":[7,36,45],"is_endless":false,"potions_floor_spawned":[1,18,21,25,31,33,35,37,47],"ascension_level":3}}