{"host":"xurz8oye0j2lsa2k","time":1612998275,"event":{"mods":["AchievementEnabler","Aspiration","BaseMod","Bestiary","BetterRewards","Colored Map","Downfall","Hubris","Minty Spire (QoL Compilation)","Permanent Neow","Replay The Spire","Spicy Shops","StSLib","The Servant 0.9.4","UnlockEverythingMod"],"gold_per_floor":[99,111,125,145,155,155,155,80,11,11,28,7,7,7,22,22,22,22],"floor_reached":16,"language":"ENG","playtime":1535,"items_purged":[],"score":92,"play_id":"e01754a2-da27-40e7-9a58-ed5aed91cb16","local_time":"20210210180435","is_ascension_mode":false,"campfire_choices":[{"floor":1.0,"key":"DIG"},{"data":"Slimebound:Split","floor":13,"key":"SMITH"}],"circlet_count":0,"master_deck":["Slimebound:Strike_Slimebound","Slimebound:Tackle","Slimebound:Defend_Slimebound","Slimebound:Defend_Slimebound","Slimebound:Defend_Slimebound","Slimebound:Split+1","Slimebound:CorrosiveSpit","Slimebound:BestDefense","Slimebound:FormOfPuddle","Slimebound:LivingWall","Slimebound:GoopSpray","Slimebound:RollThrough","Slimebound:ProtectTheBoss","Slimebound:AcidTongue","Slimebound:AcidTongue","Parasite","Slimebound:ServeAndProtect"],"relics":["Slimebound:AbsorbEndCombat","Kunai","ReplayTheSpireMod:Shallot","Slimebound:GreedOozeRelic","ReplayTheSpireMod:CursedCoin","Vajra"],"acts_visited":["Exordium"],"potions_floor_usage":[16],"damage_taken":[{"damage":15.0,"enemies":"Jaw Worm","floor":2.0,"turns":4.0},{"damage":5.0,"enemies":"2 Louse","floor":3.0,"turns":2.0},{"damage":5.0,"enemies":"Cultist","floor":4.0,"turns":3.0},{"damage":10.0,"enemies":"3 Louse","floor":5.0,"turns":3.0},{"damage":3.0,"enemies":"downfall:FleeingMerchant","floor":9.0,"turns":4.0},{"damage":4,"enemies":"Large Slime","floor":11,"turns":7},{"damage":0,"enemies":"downfall:FleeingMerchant","floor":12,"turns":4},{"damage":17,"enemies":"Lots of Slimes","floor":15,"turns":4},{"damage":118,"enemies":"SI_SHIV_ARCHETYPE","floor":16,"turns":5}],"seed_played":"690327290453662466","potions_obtained":[{"floor":5.0,"key":"Dexterity Potion"},{"floor":11,"key":"SpeedPotion"},{"floor":15,"key":"Weak Potion"}],"is_trial":false,"path_per_floor":["R_BF","M","M","M","M","?","T","?","$","?","M","$","R","?","M","B"],"character_chosen":"SLIMEBOUND","items_purchased":["Slimebound:AcidTongue","ReplayTheSpireMod:CursedCoin","Vajra"],"campfire_rested":0,"item_purchase_floors":[9,12,12],"current_hp_per_floor":[59,46,43,42,36,36,36,36,37,51,55,55,55,55,44,0,0,0],"gold":22,"neow_bonus":"TRANSFORM_TWO_CARDS","is_daily":false,"chose_seed":false,"campfire_upgraded":1,"win_rate":0.0,"timestamp":1612998275,"path_taken":["R_BF","M","M","M","M","?","T","?","$","?","M","?","R","?","M","BOSS"],"items_purchased_type":["Card","Relic","Relic"],"build_version":"2020-12-22","purchased_purges":0,"victory":false,"max_hp_per_floor":[59,59,59,59,59,59,59,59,59,59,59,59,59,59,59,59,59,59],"card_choices":[{"not_picked":["Slimebound:LivingWall","Slimebound:PressTheAttack","Slimebound:Recollect"],"picked":"SKIP","floor":2.0},{"not_picked":["Slimebound:Nibble","Slimebound:Schlurp","Slimebound:HauntingLick"],"picked":"SKIP","floor":3.0},{"not_picked":["Slimebound:SplitSpecialist","Slimebound:SplitAcid"],"picked":"Slimebound:LivingWall","floor":4.0},{"not_picked":["Slimebound:Prepare","Slimebound:PressTheAttack"],"picked":"Slimebound:GoopSpray","floor":5.0},{"not_picked":["Slimebound:LeechEnergy","Slimebound:OneTwoCombo"],"picked":"Slimebound:ProtectTheBoss","floor":9.0},{"not_picked":["Slimebound:ComboTackle","Slimebound:LivingWall","Slimebound:SplitLeeching"],"picked":"SKIP","floor":11},{"not_picked":["Slimebound:HungryTackle","Slimebound:Schlurp","Slimebound:Gluttony"],"picked":"SKIP","floor":12},{"not_picked":["Slimebound:Recollect","Slimebound:SplitMire"],"picked":"Slimebound:ServeAndProtect","floor":15}],"player_experience":579657,"relics_obtained":[{"floor":1.0,"key":"Kunai"},{"floor":7.0,"key":"ReplayTheSpireMod:Shallot"}],"event_choices":[{"damage_healed":14,"gold_gain":0,"player_choice":"Healed and dodged fight","damage_taken":0,"max_hp_gain":0,"max_hp_loss":0,"event_name":"Mushrooms","floor":10,"gold_loss":0,"cards_obtained":["Parasite"]}],"is_beta":false,"boss_relics":[],"items_purged_floors":[],"is_endless":false,"potions_floor_spawned":[5,11,15],"killed_by":"SI_SHIV_ARCHETYPE","ascension_level":0}}