{"host":"i09pxcjttd31eh4q","time":1612930271,"event":{"mods":["AchievementEnabler","BaseMod","Colored Map","Keyboard Shortcuts","Minty Spire (QoL Compilation)","StSLib","SuperFastMode"],"gold_per_floor":[118,137,152,152,152,152,164,10,81,97,97,111,124,152,152,224,224,239,239,39,50,66,96,111,129,129,129,4,23,43,62,62,139,139,150,202,202,221,221,250,264,298,298,298,27,27,61,74,74,74,74,74,74,74,107,107],"floor_reached":57,"language":"KOR","playtime":3384,"items_purged":["Strike_G","Strike_G","Strike_G+1"],"score":3091,"play_id":"e25d4e3c-9d92-4785-8228-ddb938731756","local_time":"20210210131111","is_ascension_mode":true,"campfire_choices":[{"data":"Neutralize","floor":6.0,"key":"SMITH"},{"data":"Reflex","floor":11.0,"key":"SMITH"},{"data":"Prepared","floor":15.0,"key":"SMITH"},{"data":"Tactician","floor":27.0,"key":"SMITH"},{"floor":32,"key":"REST"},{"floor":46,"key":"RECALL"},{"data":"Reflex","floor":49,"key":"SMITH"},{"data":"Deflect","floor":53,"key":"SMITH"}],"circlet_count":0,"master_deck":["AscendersBane","Strike_G+1","Defend_G+1","Defend_G+1","Survivor+1","Neutralize+1","Tactician+1","Unload+1","All Out Attack+1","Backflip+1","Well Laid Plans+1","Eviscerate+1","Reflex+1","Dagger Throw+1","Prepared+1","Underhanded Strike+1","Flash of Steel+1","Deflect+1","Backflip+1","Acrobatics+1","Acrobatics+1","Prepared+1","Adrenaline+1","After Image+1","Eviscerate+1","Deflect+1","Reflex+1","Purity","After Image"],"relics":["Ring of the Snake","Question Card","Odd Mushroom","Philosopher\u0027s Stone","Bronze Scales","Empty Cage","TungstenRod","Mark of the Bloom","Blood Vial","Tough Bandages","Bottled Tornado","Sundial","Boot","Torii"],"acts_visited":["Exordium","TheCity","TheBeyond","TheEnding"],"potions_floor_usage":[31,50,56],"damage_taken":[{"damage":4.0,"enemies":"Jaw Worm","floor":1.0,"turns":3.0},{"damage":0.0,"enemies":"2 Louse","floor":2.0,"turns":2.0},{"damage":0.0,"enemies":"Cultist","floor":3.0,"turns":3.0},{"damage":4.0,"enemies":"Exordium Wildlife","floor":7.0,"turns":3.0},{"damage":8.0,"enemies":"Blue Slaver","floor":10.0,"turns":3.0},{"damage":4.0,"enemies":"Exordium Thugs","floor":12.0,"turns":3.0},{"damage":0.0,"enemies":"3 Louse","floor":13.0,"turns":2.0},{"damage":9.0,"enemies":"The Mushroom Lair","floor":14.0,"turns":3.0},{"damage":1.0,"enemies":"Hexaghost","floor":16.0,"turns":7.0},{"damage":0.0,"enemies":"Chosen","floor":18.0,"turns":3.0},{"damage":0.0,"enemies":"3 Byrds","floor":21.0,"turns":4.0},{"damage":5.0,"enemies":"Centurion and Healer","floor":22.0,"turns":4.0},{"damage":16.0,"enemies":"Book of Stabbing","floor":23.0,"turns":5.0},{"damage":14.0,"enemies":"3 Cultists","floor":24.0,"turns":4.0},{"damage":0.0,"enemies":"Cultist and Chosen","floor":25.0,"turns":3.0},{"damage":11,"enemies":"Shelled Parasite and Fungi","floor":29,"turns":4},{"damage":0,"enemies":"3 Cultists","floor":30,"turns":3},{"damage":0,"enemies":"Sentry and Sphere","floor":31,"turns":3},{"damage":12,"enemies":"Champ","floor":33,"turns":7},{"damage":0,"enemies":"Orb Walker","floor":35,"turns":2},{"damage":0,"enemies":"2 Orb Walkers","floor":36,"turns":3},{"damage":0,"enemies":"3 Darklings","floor":38,"turns":2},{"damage":0,"enemies":"Nemesis","floor":40,"turns":2},{"damage":0,"enemies":"Sphere and 2 Shapes","floor":41,"turns":1},{"damage":0,"enemies":"Reptomancer","floor":42,"turns":2},{"damage":0,"enemies":"Nemesis","floor":47,"turns":3},{"damage":0,"enemies":"Spire Growth","floor":48,"turns":2},{"damage":0,"enemies":"Time Eater","floor":50,"turns":12},{"damage":0,"enemies":"Donu and Deca","floor":51,"turns":3},{"damage":0,"enemies":"Shield and Spear","floor":55,"turns":3},{"damage":16,"enemies":"The Heart","floor":56,"turns":7}],"seed_played":"8921361678150925613","potions_obtained":[{"floor":1.0,"key":"GhostInAJar"},{"floor":3.0,"key":"Explosive Potion"},{"floor":12.0,"key":"CunningPotion"},{"floor":16.0,"key":"SteroidPotion"},{"floor":18.0,"key":"AttackPotion"},{"floor":21.0,"key":"PowerPotion"},{"floor":24.0,"key":"SteroidPotion"},{"floor":36,"key":"SkillPotion"},{"floor":38,"key":"Block Potion"},{"floor":40,"key":"Dexterity Potion"}],"is_trial":false,"path_per_floor":["M","M","M","?","?","R","M","$","T","M","R","M","M","?","R","B",null,"M","?","$","M","M","E","M","M","T","R","$","M","M","M","R","B",null,"M","?","?","M","?","E","M","E","T","?","$","R","E","M","R","B","B",null,"R","$","E","B",null],"character_chosen":"THE_SILENT","items_purchased":["Reflex","Flash of Steel","Sundial"],"campfire_rested":1,"item_purchase_floors":[8,20,45],"current_hp_per_floor":[55,55,55,37,37,37,33,33,33,25,25,21,21,12,12,11,48,48,60,60,60,55,39,25,25,25,25,25,14,14,14,32,20,50,50,50,50,50,50,50,50,50,50,50,50,50,50,50,50,50,50,50,50,50,50,34],"gold":107,"neow_bonus":"TRANSFORM_TWO_CARDS","is_daily":false,"chose_seed":false,"campfire_upgraded":6,"win_rate":0.0,"timestamp":1612930271,"path_taken":["M","M","M","?","?","R","M","?","T","M","R","M","M","?","R","BOSS","M","?","?","?","M","E","M","M","T","R","$","M","M","M","R","BOSS","M","?","?","?","?","E","M","E","T","?","$","R","E","M","R","BOSS","BOSS","R","$","E","BOSS"],"items_purchased_type":["Card","Card","Relic"],"build_version":"2020-12-22","purchased_purges":3,"victory":true,"max_hp_per_floor":[60,60,60,60,60,60,60,60,60,60,60,60,60,60,60,60,60,60,60,60,60,60,60,60,60,60,60,60,60,60,60,60,60,60,60,60,60,60,60,60,60,60,60,60,60,60,60,60,60,60,60,60,60,60,60,60],"card_choices":[{"not_picked":["Backflip","Quick Slash"],"picked":"All Out Attack","floor":1.0},{"not_picked":["Heel Hook","Dagger Spray"],"picked":"Backflip","floor":2.0},{"not_picked":["Quick Slash","Flying Knee"],"picked":"Well Laid Plans","floor":3.0},{"not_picked":["Acrobatics","Cloak And Dagger"],"picked":"Eviscerate","floor":7.0},{"not_picked":["Reflex","Distraction","Slice"],"picked":"Dagger Throw","floor":10.0},{"not_picked":["Well Laid Plans","Infinite Blades","Setup"],"picked":"Prepared","floor":12.0},{"not_picked":["Sucker Punch","PiercingWail","Poisoned Stab"],"picked":"Underhanded Strike","floor":13.0},{"not_picked":["Sucker Punch","Poisoned Stab","Accuracy"],"picked":"Tools of the Trade","floor":14.0},{"not_picked":["Slice","Flechettes","Deadly Poison+1","Endless Agony"],"picked":"SKIP","floor":18.0},{"not_picked":["Caltrops+1","Outmaneuver","Flying Knee","Deadly Poison"],"picked":"SKIP","floor":21.0},{"not_picked":["Dagger Throw","Distraction","PiercingWail+1"],"picked":"Deflect+1","floor":22.0},{"not_picked":["Sucker Punch+1","Deadly Poison","Dagger Spray"],"picked":"Backflip","floor":23.0},{"not_picked":["Catalyst","Night Terror","PiercingWail"],"picked":"Acrobatics","floor":24.0},{"not_picked":["Deflect","Dagger Spray","Deadly Poison"],"picked":"Acrobatics","floor":25.0},{"not_picked":["Dagger Spray","Flechettes","Blur"],"picked":"Prepared","floor":29},{"not_picked":["Outmaneuver","Infinite Blades","Quick Slash","Dagger Spray"],"picked":"SKIP","floor":30},{"not_picked":["Sucker Punch","Backflip","Dagger Throw"],"picked":"Adrenaline","floor":31},{"not_picked":["Phantasmal Killer","Doppelganger","Night Terror"],"picked":"After Image","floor":33},{"not_picked":["Outmaneuver","Quick Slash+1","Bane+1"],"picked":"Eviscerate+1","floor":35},{"not_picked":["Leg Sweep+1","Expertise","Distraction+1","Dash"],"picked":"SKIP","floor":38},{"not_picked":["Predator","Choke+1","Prepared","Flying Knee"],"picked":"SKIP","floor":40},{"not_picked":["Acrobatics+1","Expertise","Quick Slash"],"picked":"Deflect","floor":41},{"not_picked":["Deflect","Flechettes+1","Sucker Punch"],"picked":"Reflex","floor":42},{"not_picked":["PanicButton","Trip","Dramatic Entrance"],"picked":"Purity","floor":44},{"not_picked":["Backstab","Bouncing Flask","Expertise+1","Sucker Punch"],"picked":"SKIP","floor":47},{"not_picked":["Sucker Punch","Bane","Prepared"],"picked":"After Image","floor":48},{"not_picked":["Quick Slash","Tactician","Catalyst","Dagger Spray"],"picked":"SKIP","floor":55}],"player_experience":894713,"relics_obtained":[{"floor":9.0,"key":"Question Card"},{"floor":14.0,"key":"Odd Mushroom"},{"floor":23.0,"key":"Bronze Scales"},{"floor":36,"key":"TungstenRod"},{"floor":40,"key":"Blood Vial"},{"floor":42,"key":"Tough Bandages"},{"floor":43,"key":"Bottled Tornado"},{"floor":47,"key":"Boot"},{"floor":55,"key":"Torii"}],"event_choices":[{"damage_healed":0.0,"max_hp_gain":0.0,"max_hp_loss":0.0,"gold_gain":0.0,"event_name":"Shining Light","player_choice":"Entered Light","floor":4.0,"gold_loss":0.0,"damage_taken":18.0,"cards_upgraded":["Strike_G","Strike_G"]},{"damage_healed":0.0,"max_hp_gain":0.0,"max_hp_loss":0.0,"gold_gain":0.0,"event_name":"Liars Game","player_choice":"Ignored","floor":5.0,"gold_loss":0.0,"damage_taken":0.0},{"damage_healed":0.0,"max_hp_gain":0.0,"max_hp_loss":0.0,"gold_gain":0.0,"event_name":"Mushrooms","player_choice":"Fought Mushrooms","floor":14.0,"gold_loss":0.0,"damage_taken":0.0},{"damage_healed":12.0,"max_hp_gain":0.0,"max_hp_loss":0.0,"gold_gain":0.0,"event_name":"The Library","player_choice":"Heal","floor":19.0,"gold_loss":0.0,"damage_taken":0.0},{"damage_healed":0,"gold_gain":0,"player_choice":"Fight","damage_taken":0,"max_hp_gain":0,"max_hp_loss":0,"event_name":"Mysterious Sphere","floor":36,"gold_loss":0},{"cards_removed":["Tools of the Trade"],"damage_healed":0,"gold_gain":0,"player_choice":"Removed Power","damage_taken":0,"max_hp_gain":0,"max_hp_loss":0,"event_name":"Falling","floor":37,"gold_loss":0},{"damage_healed":0,"gold_gain":0,"player_choice":"Upgrade","damage_taken":0,"relics_obtained":["Mark of the Bloom"],"max_hp_gain":0,"max_hp_loss":0,"event_name":"MindBloom","floor":39,"gold_loss":0,"cards_upgraded":["Defend_G","Defend_G","Survivor","Unload","All Out Attack","Backflip","Well Laid Plans","Eviscerate","Dagger Throw","Underhanded Strike","Flash of Steel","Backflip","Acrobatics","Acrobatics","Prepared","Adrenaline","After Image"]},{"damage_healed":0,"gold_gain":0,"player_choice":"Memory 1","damage_taken":0,"max_hp_gain":0,"max_hp_loss":0,"event_name":"SensoryStone","floor":44,"gold_loss":0}],"is_beta":false,"boss_relics":[{"not_picked":["Pandora\u0027s Box","Coffee Dripper"],"picked":"Philosopher\u0027s Stone"},{"not_picked":["Sozu","Runic Dome"],"picked":"Empty Cage"}],"items_purged_floors":[8,20,28],"is_endless":false,"potions_floor_spawned":[1,3,12,14,16,18,21,22,24,36,38,40,47],"ascension_level":20}}