{"host":"6azrrw3tf7wb0f4b","time":1612940324,"event":{"mods":["BaseMod","DeckTracker","Minty Spire (QoL Compilation)","SuperFastMode"],"gold_per_floor":[110,260,276,296,0,0,12,12,12,12,31,31,3,21,21,95,95,115,115,115,131,10,35,35,65,116,26,26,26,26,45,45,124,124,137,51,66,80,94,94,94,94],"floor_reached":41,"language":"KOR","playtime":938,"items_purged":["Doubt"],"score":758,"play_id":"7fbaaaed-644f-4d17-a6ec-3564e55c44df","local_time":"20210210155844","is_ascension_mode":true,"campfire_choices":[{"data":"Apotheosis","floor":6,"key":"SMITH"},{"data":"Self Repair","floor":8,"key":"SMITH"},{"floor":10,"key":"REST"},{"data":"Zap","floor":15,"key":"SMITH"},{"data":"Defragment","floor":24,"key":"SMITH"},{"data":"Strike_B","floor":28,"key":"PURGE"},{"data":"Chaos","floor":32,"key":"SMITH"},{"data":"Electrodynamics","floor":40,"key":"SMITH"}],"circlet_count":0,"master_deck":["AscendersBane","Defend_B","Defend_B","Zap+1","Dualcast","Leap","Self Repair+1","Apotheosis+1","Core Surge","Turbo","Reboot","Electrodynamics+1","Genetic Algorithm+1","Meteor Strike+1","Recycle+1","Loop","Defragment+1","Chaos+1","Rainbow","Cold Snap","Echo Form","Steam+1","Reboot","Coolheaded","Hello World+1","Heatsinks+1","Stack"],"relics":["Cracked Core","TungstenRod","Membership Card","Bird Faced Urn","Astrolabe","TheAbacus","Peace Pipe","Mango","Ancient Tea Set","Philosopher\u0027s Stone","Orrery"],"acts_visited":["Exordium","TheCity","TheBeyond"],"potions_floor_usage":[16,16,21,25,39],"damage_taken":[{"damage":1,"enemies":"Jaw Worm","floor":1,"turns":4},{"damage":6,"enemies":"Small Slimes","floor":3,"turns":4},{"damage":9,"enemies":"Cultist","floor":4,"turns":4},{"damage":8,"enemies":"Blue Slaver","floor":7,"turns":4},{"damage":0,"enemies":"Exordium Wildlife","floor":11,"turns":4},{"damage":3,"enemies":"Large Slime","floor":14,"turns":5},{"damage":34,"enemies":"Hexaghost","floor":16,"turns":11},{"damage":9,"enemies":"Chosen","floor":18,"turns":6},{"damage":0,"enemies":"Spheric Guardian","floor":21,"turns":3},{"damage":40,"enemies":"Slavers","floor":23,"turns":4},{"damage":45,"enemies":"Book of Stabbing","floor":25,"turns":6},{"damage":8,"enemies":"Centurion and Healer","floor":31,"turns":6},{"damage":29,"enemies":"Collector","floor":33,"turns":11},{"damage":21,"enemies":"3 Shapes","floor":35,"turns":4},{"damage":56,"enemies":"3 Darklings","floor":37,"turns":8},{"damage":11,"enemies":"Sphere and 2 Shapes","floor":38,"turns":5},{"damage":31,"enemies":"4 Shapes","floor":39,"turns":4},{"damage":52,"enemies":"Nemesis","floor":41,"turns":2}],"seed_played":"2725874206880608845","potions_obtained":[{"floor":7,"key":"GamblersBrew"},{"floor":11,"key":"PowerPotion"},{"floor":16,"key":"AttackPotion"},{"floor":23,"key":"DistilledChaos"},{"floor":31,"key":"FearPotion"},{"floor":33,"key":"PowerPotion"}],"is_trial":false,"path_per_floor":["M","?","M","M","$","R","M","R","T","R","M","?","$","M","R","B",null,"M","?","?","M","$","E","R","E","T","$","R","?","$","M","R","B",null,"M","$","M","M","M","R","E"],"character_chosen":"DEFECT","items_purchased":["Membership Card","Apotheosis","PowerPotion","Defragment","TheAbacus","Rainbow","Orrery"],"campfire_rested":1,"item_purchase_floors":[5,5,13,22,22,27,36],"current_hp_per_floor":[63,63,57,55,55,55,57,57,57,64,64,64,64,64,64,58,63,64,48,48,64,64,42,42,29,29,29,29,29,29,39,39,28,69,66,66,30,39,34,34,0,0],"gold":94,"neow_bonus":"ONE_RARE_RELIC","is_daily":false,"chose_seed":false,"campfire_upgraded":6,"win_rate":0.0,"timestamp":1612940324,"path_taken":["M","?","M","M","$","R","M","R","T","R","M","?","$","M","R","BOSS","M","?","?","?","$","E","R","E","T","?","R","?","$","M","R","BOSS","M","$","M","M","M","R","E"],"items_purchased_type":["Relic","Card","Potion","Card","Relic","Card","Relic"],"build_version":"2020-12-22","purchased_purges":1,"victory":false,"max_hp_per_floor":[64,64,64,64,64,64,64,64,64,64,64,64,64,64,64,64,64,64,69,69,69,69,69,69,83,83,83,83,83,83,83,83,83,83,83,83,83,83,83,83,83,83],"card_choices":[{"not_picked":["Beam Cell","Barrage"],"picked":"Leap","floor":1},{"not_picked":["Darkness","Turbo"],"picked":"Self Repair","floor":3},{"not_picked":["Go for the Eyes","Redo","Hello World"],"picked":"SKIP","floor":4},{"not_picked":["Rip and Tear","Gash"],"picked":"Core Surge","floor":7},{"not_picked":["Stack","Tempest"],"picked":"Turbo","floor":11},{"not_picked":["Hologram","Auto Shields","Leap"],"picked":"SKIP","floor":14},{"not_picked":["Biased Cognition","Hyperbeam"],"picked":"Electrodynamics","floor":16},{"not_picked":["Capacitor","FTL"],"picked":"Loop","floor":18},{"not_picked":["Barrage","Scrape","Redo"],"picked":"SKIP","floor":21},{"not_picked":["Sweeping Beam+1","Beam Cell"],"picked":"Chaos","floor":23},{"not_picked":["Hologram","Compile Driver","Sweeping Beam"],"picked":"SKIP","floor":25},{"not_picked":["Core Surge","Conserve Battery"],"picked":"Cold Snap","floor":31},{"not_picked":["Electrodynamics","Core Surge"],"picked":"Echo Form","floor":33},{"not_picked":["Cold Snap+1","Hologram+1","Skim"],"picked":"SKIP","floor":35},{"not_picked":["Blizzard","Darkness"],"picked":"Steam+1","floor":36},{"not_picked":["Blizzard","Barrage"],"picked":"Reboot","floor":36},{"not_picked":["Meteor Strike","Hologram"],"picked":"Coolheaded","floor":36},{"not_picked":["Ball Lightning+1","Beam Cell"],"picked":"Hello World+1","floor":37},{"not_picked":["Steam","Scrape"],"picked":"Heatsinks+1","floor":38},{"not_picked":["Conserve Battery","Chaos"],"picked":"Stack","floor":39}],"player_experience":766237,"relics_obtained":[{"floor":9,"key":"Bird Faced Urn"},{"floor":23,"key":"Peace Pipe"},{"floor":25,"key":"Mango"},{"floor":26,"key":"Ancient Tea Set"}],"event_choices":[{"damage_healed":0,"gold_gain":150,"player_choice":"AGREE","damage_taken":0,"max_hp_gain":0,"max_hp_loss":0,"event_name":"Liars Game","floor":2,"gold_loss":0,"cards_obtained":["Doubt"]},{"damage_healed":0,"gold_gain":0,"cards_transformed":["Strike_B"],"player_choice":"Change","damage_taken":0,"max_hp_gain":0,"max_hp_loss":0,"event_name":"Living Wall","floor":12,"gold_loss":0,"cards_obtained":["Reboot"]},{"damage_healed":0,"gold_gain":0,"player_choice":"Shed Blood","damage_taken":22,"max_hp_gain":5,"max_hp_loss":0,"event_name":"Forgotten Altar","floor":19,"gold_loss":0},{"cards_removed":["Defend_B"],"damage_healed":0,"gold_gain":0,"player_choice":"Elegance","damage_taken":0,"max_hp_gain":0,"max_hp_loss":0,"event_name":"Back to Basics","floor":20,"gold_loss":0}],"is_beta":false,"boss_relics":[{"not_picked":["FrozenCore","Empty Cage"],"picked":"Astrolabe"},{"not_picked":["Runic Pyramid","Busted Crown"],"picked":"Philosopher\u0027s Stone"}],"items_purged_floors":[5],"is_endless":false,"potions_floor_spawned":[7,11,16,23,31,33,37],"killed_by":"Nemesis","ascension_level":16}}