{"host":"aqym1xxr3lb31d9m","time":1612963864,"event":{"mods":["BaseMod","Block Reminder","Colored Map","Colored Powertips","DeckTracker","Highlight Path","Minty Spire (QoL Compilation)","Quick Restart","Random Character Button","StSLib","SuperFastMode","UnlockEverythingMod"],"gold_per_floor":[112,112,87,101,20,47,47,78,101,101,101],"floor_reached":10,"language":"JPN","playtime":220,"items_purged":[],"score":198,"play_id":"fe7b4a33-abb8-470f-aba3-3e87675425e5","local_time":"20210210223104","is_ascension_mode":true,"campfire_choices":[{"data":"Dagger Spray","floor":7,"key":"SMITH"}],"circlet_count":0,"master_deck":["AscendersBane","Strike_G","Strike_G","Strike_G","Strike_G","Defend_G","Defend_G+1","Defend_G","Defend_G","Defend_G","Survivor+1","Neutralize","Dagger Throw","Prepared","Dagger Spray+1","Calculated Gamble","Dagger Throw","Predator","Skewer"],"relics":["Ring of the Snake","NeowsBlessing","Omamori","War Paint","Ancient Tea Set"],"acts_visited":["Exordium"],"potions_floor_usage":[8,8],"damage_taken":[{"damage":0,"enemies":"Jaw Worm","floor":1,"turns":1},{"damage":0,"enemies":"Cultist","floor":4,"turns":1},{"damage":0,"enemies":"3 Sentries","floor":6,"turns":1},{"damage":24,"enemies":"Gremlin Nob","floor":8,"turns":4},{"damage":45,"enemies":"Lagavulin","floor":10,"turns":8}],"seed_played":"4928891486634665633","potions_obtained":[{"floor":4,"key":"LiquidMemories"}],"is_trial":false,"path_per_floor":["M","?","$","M","$","E","R","E","T","E"],"character_chosen":"THE_SILENT","items_purchased":["Dagger Spray","SteroidPotion","Dagger Throw"],"campfire_rested":0,"item_purchase_floors":[3,5,5],"current_hp_per_floor":[59,59,59,59,59,59,59,35,35,0,0],"gold":101,"neow_bonus":"THREE_ENEMY_KILL","is_daily":false,"chose_seed":false,"campfire_upgraded":1,"win_rate":0.0,"timestamp":1612963864,"path_taken":["M","?","?","?","$","E","R","E","T","E"],"items_purchased_type":["Card","Potion","Card"],"build_version":"2020-12-22","purchased_purges":0,"victory":false,"max_hp_per_floor":[66,66,66,66,66,66,66,66,66,66,66],"card_choices":[{"not_picked":["Acrobatics","Accuracy"],"picked":"Dagger Throw","floor":1},{"not_picked":["Flechettes","Expertise"],"picked":"Calculated Gamble","floor":4},{"not_picked":["Blade Dance","Deflect"],"picked":"Predator","floor":6},{"not_picked":["Deadly Poison","Outmaneuver"],"picked":"Skewer","floor":8}],"player_experience":4209286,"relics_obtained":[{"floor":6,"key":"Omamori"},{"floor":8,"key":"War Paint"},{"floor":9,"key":"Ancient Tea Set"}],"event_choices":[{"damage_healed":0,"gold_gain":0,"cards_transformed":["Strike_G"],"player_choice":"Transformed","damage_taken":0,"max_hp_gain":0,"max_hp_loss":0,"event_name":"Transmorgrifier","floor":2,"gold_loss":0,"cards_obtained":["Prepared"]}],"is_beta":false,"boss_relics":[],"items_purged_floors":[],"is_endless":false,"potions_floor_spawned":[4,6],"killed_by":"Lagavulin","ascension_level":20}}