{"host":"e3zuhorjxi9w14q4","time":1612962197,"event":{"mods":["AchievementEnabler","Aspiration","BaseMod","Defuse TimeMaze Blight","Downfall","Energized Spire","GifTheSpireLib","Hubris","Infinite Spire","Jorbs\u0027s Wanderer Trilogy","Minty Spire (QoL Compilation)","Reliquary","Replay The Spire","Spicy Shops","Spikes Relics","StSLib","Stuff the Spire","The Marked","The Servant 0.9.4"],"gold_per_floor":[118,136,136,152,170,197,217,217,243,263,292,305,305,324,324,420,420,437,437,450,461,461,461],"floor_reached":22,"language":"ENG","playtime":1028,"items_purged":[],"score":222,"play_id":"fa6c0158-2246-44da-bc21-847777fae201","local_time":"20210210140317","is_ascension_mode":true,"campfire_choices":[{"data":"BottledTime","floor":8,"key":"SMITH"},{"floor":15,"key":"REST"}],"circlet_count":0,"master_deck":["Strike_S","Strike_S","Strike_S","Strike_S","Defend_S","Defend_S","Defend_S","Defend_S","KidneyShot","Exchange","Moonlight","Starlight","Spin","BottledTime+1","Defy","Manipulate","Rearm","SurpressingFire","Gouge","MurderousAura","RitualDagger","Defy"],"relics":["Uniform","GiantMaggot","Strawberry","Replay:Multitool","hubris:Icosahedron","Philosopher\u0027s Stone"],"acts_visited":["Exordium","TheCity"],"potions_floor_usage":[16,16,16,22],"damage_taken":[{"damage":5,"enemies":"2 Louse","floor":1,"turns":3},{"damage":0,"enemies":"Cultist","floor":2,"turns":3},{"damage":9,"enemies":"Jaw Worm","floor":4,"turns":2},{"damage":0,"enemies":"3 Louse","floor":5,"turns":1},{"damage":16,"enemies":"Gremlin Nob","floor":6,"turns":4},{"damage":1,"enemies":"Exordium Wildlife","floor":7,"turns":3},{"damage":6,"enemies":"2 Fungi Beasts","floor":10,"turns":3},{"damage":16,"enemies":"Replay:BlueRogue","floor":11,"turns":5},{"damage":12,"enemies":"Lots of Slimes","floor":12,"turns":3},{"damage":1,"enemies":"Looter","floor":14,"turns":4},{"damage":3,"enemies":"The Guardian","floor":16,"turns":11},{"damage":7,"enemies":"Spheric Guardian","floor":18,"turns":4},{"damage":25,"enemies":"Shell Parasite","floor":20,"turns":4},{"damage":39,"enemies":"Snake Plant","floor":21,"turns":4},{"damage":10,"enemies":"Shelled Parasite and Fungi","floor":22,"turns":1}],"seed_played":"7711688722025644685","potions_obtained":[{"floor":3,"key":"Explosive Potion"},{"floor":3,"key":"Flashbang"},{"floor":3,"key":"Venom Potion"},{"floor":6,"key":"DistilledChaos"},{"floor":12,"key":"Milkshake"},{"floor":16,"key":"AttackPotion"},{"floor":18,"key":"DistilledChaos"},{"floor":20,"key":"LifebloodPotion"}],"is_trial":false,"path_per_floor":["M","M","?","M","M","E","M","R","T","M","E","M","?","M","R","B",null,"M","?","M","M","M"],"character_chosen":"THE_SERVANT","items_purchased":[],"campfire_rested":1,"item_purchase_floors":[],"current_hp_per_floor":[66,66,66,57,57,41,40,40,47,41,25,13,13,12,35,32,78,71,65,40,1,0,0],"gold":461,"neow_bonus":"TEN_PERCENT_HP_BONUS","is_daily":false,"chose_seed":false,"campfire_upgraded":1,"win_rate":0.0,"timestamp":1612962197,"path_taken":["M","M","?","M","M","E","M","R","T","M","E","?","?","M","R","BOSS","M","?","M","M","M"],"items_purchased_type":[],"build_version":"2020-12-22","purchased_purges":0,"victory":false,"max_hp_per_floor":[71,71,71,71,71,71,71,71,78,78,78,78,78,78,78,78,78,78,78,78,78,78,78],"card_choices":[{"not_picked":["MoonPhase","Unruled"],"picked":"Moonlight","floor":1},{"not_picked":["TimeWarp","FastForward"],"picked":"Starlight","floor":2},{"not_picked":["Moonlight","TimeWarp"],"picked":"Spin","floor":4},{"not_picked":["Ricochet","Moonlight"],"picked":"BottledTime","floor":5},{"not_picked":["StarChef","Embodiment"],"picked":"Defy","floor":6},{"not_picked":["ShatteredReality","Replace"],"picked":"Manipulate","floor":7},{"not_picked":["Manipulate","ShatteredReality"],"picked":"Rearm","floor":10},{"not_picked":["Defy","ShatteredReality"],"picked":"SurpressingFire","floor":11},{"not_picked":["ShatteredReality","Alleviate"],"picked":"Gouge","floor":12},{"not_picked":["Revamp","Spin","Reset"],"picked":"SKIP","floor":14},{"not_picked":["TrueSight","Duplication"],"picked":"MurderousAura","floor":16},{"not_picked":["Alleviate","Ricochet","InstantArmor"],"picked":"SKIP","floor":18},{"not_picked":["Collapse","Misdirection"],"picked":"Defy","floor":20},{"not_picked":["BottledTime","Revamp","ShatteredReality+1"],"picked":"SKIP","floor":21}],"player_experience":278964,"relics_obtained":[{"floor":6,"key":"GiantMaggot"},{"floor":9,"key":"Strawberry"},{"floor":11,"key":"Replay:Multitool"}],"event_choices":[{"damage_healed":0,"gold_gain":0,"player_choice":"Got Potions","damage_taken":0,"max_hp_gain":0,"max_hp_loss":0,"event_name":"Lab","floor":3,"gold_loss":0},{"damage_healed":0,"gold_gain":0,"player_choice":"Joined the Cult","damage_taken":6,"max_hp_gain":0,"max_hp_loss":0,"event_name":"Nest","floor":19,"gold_loss":0,"cards_obtained":["RitualDagger"]}],"is_beta":false,"boss_relics":[{"not_picked":["ChewingGum","Abe\u0027s Treasure"],"picked":"Philosopher\u0027s Stone"}],"items_purged_floors":[],"is_endless":false,"potions_floor_spawned":[5,6,10,12,14,16,18,20],"killed_by":"Shelled Parasite and Fungi","ascension_level":2}}