{"host":"qmdmcz5nn4dzus5k","time":1612916702,"event":{"mods":["AchievementEnabler","BaseMod","Bestiary","BetterRewards","Card Filter","Displayed Cursed Tome","Minty Spire (QoL Compilation)","Quick Restart","Relic Filter","Remove Card Discount Mod","Replay The Spire","Spicy Shops","StSLib","The Marked","TheHero","Uncapped"],"gold_per_floor":[110,110,133,133,152,190,190,233,233,11,25,39,39,64,64,195,195,209,228,228,228],"floor_reached":20,"language":"ENG","playtime":2045,"items_purged":["theMarked:Strike","theMarked:Strike","theMarked:Defend","Injury"],"score":186,"play_id":"35d99441-ab7c-4e72-abd6-5785a93dbeda","local_time":"20210209192502","is_ascension_mode":false,"campfire_choices":[{"floor":7.0,"key":"REST"},{"floor":13.0,"key":"REST"},{"floor":15.0,"key":"REST"}],"circlet_count":0,"master_deck":["theMarked:Strike","theMarked:Strike","theMarked:Strike","theMarked:Defend","theMarked:Defend","theMarked:Defend","theMarked:SoldierOfQuellstein","theMarked:RogueSparks","theMarked:WardOff","Madness","theMarked:ParalyzingBlade","theMarked:Indomitable","theMarked:EmpowerWeapon","theMarked:Frustration","theMarked:OneWithTheBlade","theMarked:BanishingStrike","theMarked:ContemptForTheProud","theMarked:GodGivenPower","theMarked:TakeOffHeels","theMarked:MuscleMemory+1","theMarked:Aftermath"],"relics":["theMarked:ArtifactOfAir","Ice Cream","Vajra","Golden Idol","Blood Vial","The Courier","StoneCalendar","Membership Card","Kunai","Ring of Chaos"],"acts_visited":["Exordium","TheCity"],"potions_floor_usage":[],"damage_taken":[{"damage":2.0,"enemies":"Small Slimes","floor":1.0,"turns":3.0},{"damage":0.0,"enemies":"2 Louse","floor":3.0,"turns":3.0},{"damage":6.0,"enemies":"Jaw Worm","floor":5.0,"turns":4.0},{"damage":16.0,"enemies":"Replay:BlueRogue","floor":6.0,"turns":5.0},{"damage":57.0,"enemies":"3 Sentries","floor":8.0,"turns":11.0},{"damage":5.0,"enemies":"2 Fungi Beasts","floor":11.0,"turns":3.0},{"damage":9.0,"enemies":"3 Louse","floor":12.0,"turns":3.0},{"damage":0.0,"enemies":"Gremlin Gang","floor":14.0,"turns":4.0},{"damage":26.0,"enemies":"Fading Forest","floor":16.0,"turns":11.0},{"damage":34,"enemies":"2 Thieves","floor":18,"turns":5},{"damage":22,"enemies":"Chosen","floor":19,"turns":6},{"damage":18,"enemies":"Snake Plant","floor":20,"turns":2}],"seed_played":"3580665818298726142","potions_obtained":[{"floor":1.0,"key":"PowerPotion"},{"floor":8.0,"key":"Adrenaline Potion"},{"floor":16.0,"key":"SpeedPotion"},{"floor":19,"key":"Energy Potion"}],"is_trial":false,"path_per_floor":["M","?","M","?","M","E","R","E","T","$","M","M","R","M","R","B",null,"M","M","M"],"character_chosen":"THE_DEFAULT","items_purchased":["Vajra","theMarked:RogueSparks","theMarked:WardOff","Madness","Membership Card","Kunai"],"campfire_rested":3,"item_purchase_floors":[0,0,0,0,10,10],"current_hp_per_floor":[68,68,68,68,62,46,67,12,12,12,9,2,23,25,46,32,70,36,16,0,0],"gold":228,"neow_bonus":"","is_daily":false,"chose_seed":false,"campfire_upgraded":0,"win_rate":0.0,"timestamp":1612916702,"path_taken":["M","?","M","?","M","E","R","E","T","$","M","M","R","M","R","BOSS","BOSS","M","M","M"],"items_purchased_type":["Relic","Card","Card","Card","Relic","Relic"],"build_version":"2020-12-22","purchased_purges":4,"victory":false,"max_hp_per_floor":[70,70,70,70,70,70,70,70,70,70,70,70,70,70,70,70,70,70,70,70,70],"card_choices":[{"not_picked":["theMarked:HeightenedSenses","theMarked:Parry"],"picked":"theMarked:ParalyzingBlade","floor":1.0},{"not_picked":["theMarked:Parkour","theMarked:WastefulAttack"],"picked":"theMarked:Indomitable","floor":3.0},{"not_picked":["theMarked:Determination","theMarked:WardOff"],"picked":"theMarked:EmpowerWeapon","floor":5.0},{"not_picked":["theMarked:Parkour","theMarked:TunnelVision"],"picked":"theMarked:Frustration","floor":6.0},{"not_picked":["theMarked:TurnInvisible","theMarked:SwordAndMagic"],"picked":"theMarked:OneWithTheBlade","floor":8.0},{"not_picked":["theMarked:Frustration","theMarked:WardOff"],"picked":"theMarked:BanishingStrike","floor":11.0},{"not_picked":["theMarked:TwofoldDefense","theMarked:Improvise"],"picked":"theMarked:ContemptForTheProud","floor":12.0},{"not_picked":["theMarked:TakeCover","theMarked:Memento"],"picked":"theMarked:GodGivenPower","floor":14.0},{"not_picked":["theMarked:Defy","theMarked:TurnInvisible"],"picked":"theMarked:TakeOffHeels","floor":16.0},{"not_picked":["theMarked:ResourceFulStrike","theMarked:RepellingDischarge"],"picked":"theMarked:MuscleMemory+1","floor":18},{"not_picked":["theMarked:RepellingDischarge","theMarked:SwordAndMagic"],"picked":"theMarked:Aftermath","floor":19}],"player_experience":68871,"relics_obtained":[{"floor":6.0,"key":"Blood Vial"},{"floor":8.0,"key":"The Courier"},{"floor":9.0,"key":"StoneCalendar"}],"event_choices":[{"damage_healed":0.0,"max_hp_gain":0.0,"max_hp_loss":0.0,"gold_gain":0.0,"event_name":"Golden Idol","player_choice":"Take Wound","floor":2.0,"gold_loss":0.0,"damage_taken":0.0,"relics_obtained":["Golden Idol"],"cards_obtained":["Injury"]}],"is_beta":false,"boss_relics":[{"not_picked":["Replay:Ancient Bell","Ectoplasm"],"picked":"Ring of Chaos"}],"items_purged_floors":[0,0,0,10],"is_endless":false,"potions_floor_spawned":[1,8,16,19],"killed_by":"Snake Plant","ascension_level":0}}