{"host":"aqym1xxr3lb31d9m","time":1612968534,"event":{"mods":["BaseMod","Block Reminder","Colored Map","Colored Powertips","DeckTracker","Highlight Path","Minty Spire (QoL Compilation)","Quick Restart","Random Character Button","StSLib","SuperFastMode","UnlockEverythingMod"],"gold_per_floor":[11,11,11,30,45,45,58,58,58,58,58,58,58,99,99,188,188,207,207,228,24,44,44,44,44,44,57,1,51,51,89,89,89,89],"floor_reached":33,"language":"JPN","playtime":1160,"items_purged":[],"score":522,"play_id":"26cc5e75-a5c3-4cf2-9aec-5dfdc5fbd3e1","local_time":"20210210234854","is_ascension_mode":true,"campfire_choices":[{"floor":6,"key":"DIG"},{"data":"Bouncing Flask","floor":8,"key":"SMITH"},{"floor":11,"key":"DIG"},{"floor":15,"key":"DIG"},{"data":"Neutralize","floor":23,"key":"SMITH"},{"data":"Burst","floor":25,"key":"SMITH"},{"floor":30,"key":"REST"},{"data":"Wraith Form v2","floor":32,"key":"SMITH"}],"circlet_count":0,"master_deck":["AscendersBane","Strike_G","Strike_G","Strike_G","Strike_G","Defend_G","Defend_G","Defend_G","Defend_G","Defend_G","Survivor","Neutralize+1","Backflip","Distraction","Cloak And Dagger","Endless Agony","Bouncing Flask+1","Footwork+1","Burst+1","Deadly Poison","Footwork","Accuracy","Blade Dance","Ghostly","Ghostly","Ghostly","Backstab","Noxious Fumes","PiercingWail","Wraith Form v2+1"],"relics":["Ring of the Snake","Shovel","Golden Idol","Mummified Hand","Lantern","Nunchaku","Ninja Scroll","Ginger","Black Star","Membership Card","Tiny Chest","Pantograph","Bag of Preparation"],"acts_visited":["Exordium","TheCity"],"potions_floor_usage":[16,22,33],"damage_taken":[{"damage":1,"enemies":"Jaw Worm","floor":1,"turns":4},{"damage":1,"enemies":"Small Slimes","floor":4,"turns":4},{"damage":0,"enemies":"Cultist","floor":5,"turns":4},{"damage":0,"enemies":"Red Slaver","floor":7,"turns":7},{"damage":14,"enemies":"Gremlin Nob","floor":14,"turns":3},{"damage":29,"enemies":"Hexaghost","floor":16,"turns":11},{"damage":5,"enemies":"3 Byrds","floor":18,"turns":5},{"damage":0,"enemies":"Spheric Guardian","floor":20,"turns":3},{"damage":21,"enemies":"3 Cultists","floor":22,"turns":6},{"damage":2,"enemies":"Cultist and Chosen","floor":27,"turns":5},{"damage":5,"enemies":"Gremlin Leader","floor":31,"turns":7},{"damage":50,"enemies":"Collector","floor":33,"turns":10}],"seed_played":"4523764112065890639","potions_obtained":[{"floor":4,"key":"EssenceOfSteel"},{"floor":14,"key":"CunningPotion"},{"floor":18,"key":"SmokeBomb"},{"floor":20,"key":"PowerPotion"}],"is_trial":false,"path_per_floor":["M","?","?","M","M","R","M","R","T","$","R","$","?","E","R","B",null,"M","?","M","$","M","R","?","R","T","M","$","?","R","E","R","B"],"character_chosen":"THE_SILENT","items_purchased":["Membership Card","Accuracy","Blade Dance","Noxious Fumes","PiercingWail"],"campfire_rested":1,"item_purchase_floors":[21,21,21,28,28],"current_hp_per_floor":[58,58,58,57,57,57,57,57,57,57,57,57,48,34,34,5,46,41,41,41,41,20,20,20,20,20,18,18,18,27,22,22,0,0],"gold":89,"neow_bonus":"ONE_RARE_RELIC","is_daily":false,"chose_seed":false,"campfire_upgraded":4,"win_rate":0.0,"timestamp":1612968534,"path_taken":["M","?","?","M","M","R","M","R","T","$","R","$","?","E","R","BOSS","M","?","?","$","M","R","?","R","T","M","$","?","R","E","R","BOSS"],"items_purchased_type":["Relic","Card","Card","Card","Card"],"build_version":"2020-12-22","purchased_purges":0,"victory":false,"max_hp_per_floor":[66,60,60,60,60,60,60,60,60,60,60,60,60,60,60,60,60,60,60,60,60,60,60,30,30,30,30,30,30,30,30,30,30,30],"card_choices":[{"not_picked":["Outmaneuver","Finisher"],"picked":"Backflip","floor":1},{"not_picked":["Outmaneuver","Acrobatics"],"picked":"Cloak And Dagger","floor":4},{"not_picked":["Cloak And Dagger","Slice"],"picked":"Endless Agony","floor":5},{"not_picked":["Bane","Escape Plan"],"picked":"Bouncing Flask","floor":7},{"not_picked":["Bullet Time","Deflect"],"picked":"Footwork","floor":14},{"not_picked":["Grand Finale","Envenom"],"picked":"Burst","floor":16},{"not_picked":["Outmaneuver","Dagger Spray"],"picked":"Deadly Poison","floor":18},{"not_picked":["Flying Knee+1","Slice"],"picked":"Footwork","floor":20},{"not_picked":["Flying Knee","Underhanded Strike","Heel Hook"],"picked":"SKIP","floor":22},{"not_picked":["Dagger Spray","Poisoned Stab"],"picked":"Backstab","floor":27},{"not_picked":["Riddle With Holes","Blade Dance"],"picked":"Wraith Form v2","floor":31}],"player_experience":4209286,"relics_obtained":[{"floor":6,"key":"Mummified Hand"},{"floor":9,"key":"Lantern"},{"floor":11,"key":"Nunchaku"},{"floor":14,"key":"Ninja Scroll"},{"floor":15,"key":"Ginger"},{"floor":26,"key":"Tiny Chest"},{"floor":31,"key":"Pantograph"},{"floor":31,"key":"Bag of Preparation"}],"event_choices":[{"damage_healed":0,"gold_gain":0,"player_choice":"Lose Max HP","damage_taken":0,"relics_obtained":["Golden Idol"],"max_hp_gain":0,"max_hp_loss":6,"event_name":"Golden Idol","floor":2,"gold_loss":0},{"damage_healed":0,"gold_gain":0,"cards_transformed":["Strike_G"],"player_choice":"Change","damage_taken":0,"max_hp_gain":0,"max_hp_loss":0,"event_name":"Living Wall","floor":3,"gold_loss":0,"cards_obtained":["Distraction"]},{"damage_healed":0,"gold_gain":0,"player_choice":"Damaged","damage_taken":9,"max_hp_gain":0,"max_hp_loss":0,"event_name":"Wheel of Change","floor":13,"gold_loss":0},{"damage_healed":0,"gold_gain":0,"player_choice":"Upgraded","damage_taken":0,"max_hp_gain":0,"max_hp_loss":0,"event_name":"Upgrade Shrine","floor":19,"gold_loss":0,"cards_upgraded":["Footwork"]},{"damage_healed":0,"gold_gain":0,"player_choice":"Became a Ghost","damage_taken":0,"max_hp_gain":0,"max_hp_loss":30,"event_name":"Ghosts","floor":24,"gold_loss":0,"cards_obtained":["Ghostly","Ghostly","Ghostly"]},{"damage_healed":0,"gold_gain":50,"player_choice":"Stole From Cult","damage_taken":0,"max_hp_gain":0,"max_hp_loss":0,"event_name":"Nest","floor":29,"gold_loss":0}],"is_beta":false,"boss_relics":[{"not_picked":["Ring of the Serpent","Tiny House"],"picked":"Black Star"}],"items_purged_floors":[],"is_endless":false,"potions_floor_spawned":[4,14,18,20],"killed_by":"Collector","ascension_level":20}}