{"host":"ajxvnmsjfcleb5r5","time":1612961289,"event":{"mods":["2.2 Compatiblity","AchievementEnabler","BaseMod","Beaked The Cultist","Better Note","BetterRewards","Card Forge","Colored Powertips","DNKmod","Friendly Minions","Gremlin Mod","Hermit","Infinite Spire","Minty Spire (QoL Compilation)","Quick Restart","Shop Mod","StSLib","SuperFastMode"],"gold_per_floor":[114,114,64,11,26,26,38,64,64,90,108,108,118,49,49,154,154,172,172,184,184,202,222,137,159,171,183,207,234,246,246],"floor_reached":30,"language":"KOR","playtime":1245,"items_purged":[],"score":219,"play_id":"18ebd8a4-25e1-4c33-883b-ec13cdf0eaa1","local_time":"20210210214809","is_ascension_mode":false,"campfire_choices":[{"data":"beaked:CrazyRituals","floor":6,"key":"SMITH"},{"data":"beaked:Insight","floor":12,"key":"SMITH"},{"data":"beaked:CrazyRituals","floor":15,"key":"SMITH"},{"data":"beaked:Ceremony","floor":27,"key":"SMITH"}],"circlet_count":0,"master_deck":["beaked:Strike_Y","beaked:Strike_Y+1","beaked:Strike_Y","beaked:Defend_Y","beaked:Defend_Y","beaked:Defend_Y","beaked:Defend_Y","beaked:Ceremony+1","beaked:CrazyRituals+1","beaked:CrazyRituals+1","infinitespire:Collect","beaked:Insight","beaked:MaddeningMurmurs","beaked:Sacrifice+1","beaked:Insight+1","beaked:Foresight","beaked:TuckingFeathers","beaked:VigorBurst","beaked:AwakenedForm","beaked:Tweet+1","beaked:Mantra+1","beaked:WarriorEssence+1","beaked:BloodRitual","beaked:RitualOfBody","beaked:CrazyRituals","beaked:BraceForImpact+1","beaked:Resilience","beaked:HuntressEssence"],"relics":["beaked:MendingPlumage","Hammer of Thor","Seething Fire","Anvil of the Gods","infinitespire:BottledMercury","Bronze Scales","NeowsBlessing","Oddly Smooth Stone","Potion Belt","Whetstone","Astrolabe","MawBank","Frozen Egg 2"],"acts_visited":["Exordium","TheCity"],"potions_floor_usage":[29,30,30,30,30],"damage_taken":[{"damage":0,"enemies":"2 Louse","floor":1,"turns":1},{"damage":0,"enemies":"Cultist","floor":5,"turns":1},{"damage":0,"enemies":"Small Slimes","floor":7,"turns":1},{"damage":12,"enemies":"Gremlin Nob","floor":8,"turns":4},{"damage":5,"enemies":"Lagavulin","floor":10,"turns":7},{"damage":12,"enemies":"2 Fungi Beasts","floor":11,"turns":4},{"damage":17,"enemies":"Exordium Wildlife","floor":13,"turns":6},{"damage":17,"enemies":"Hexaghost","floor":16,"turns":7},{"damage":16,"enemies":"Shell Parasite","floor":18,"turns":6},{"damage":25,"enemies":"Spheric Guardian","floor":20,"turns":6},{"damage":52,"enemies":"Snake Plant","floor":22,"turns":5},{"damage":48,"enemies":"Snecko","floor":23,"turns":7},{"damage":28,"enemies":"Chosen and Byrds","floor":25,"turns":7},{"damage":68,"enemies":"Sentry and Sphere","floor":28,"turns":6},{"damage":56,"enemies":"Shelled Parasite and Fungi","floor":29,"turns":7},{"damage":41,"enemies":"Gremlin Leader","floor":30,"turns":3}],"seed_played":"-6627093587370304862","potions_obtained":[{"floor":5,"key":"infinitespire:BlackPotion"},{"floor":10,"key":"AttackPotion"},{"floor":13,"key":"FearPotion"},{"floor":20,"key":"AttackPotion"},{"floor":23,"key":"Strength Potion"}],"is_trial":false,"path_per_floor":["M","?","?","$","M","R","M","E","T","E","M","R","M","$","R","B",null,"M","?","M","?","M","M","?","M","T","R","M","M","E"],"character_chosen":"BEAKED_THE_CULTIST","items_purchased":["beaked:Insight","beaked:VigorBurst"],"campfire_rested":0,"item_purchase_floors":[4,14],"current_hp_per_floor":[50,38,38,38,39,39,41,48,48,48,51,51,56,61,61,61,61,61,61,60,60,34,32,32,48,48,48,33,26,0,0],"gold":246,"neow_bonus":"THREE_ENEMY_KILL","is_daily":false,"chose_seed":false,"campfire_upgraded":4,"win_rate":0.0,"timestamp":1612961289,"path_taken":["M","?","?","$","M","R","M","E","T","E","M","R","M","$","R","BOSS","M","?","?","?","M","M","?","M","T","R","M","M","E"],"items_purchased_type":["Card","Card"],"build_version":"2020-12-22","purchased_purges":0,"victory":false,"max_hp_per_floor":[50,50,50,50,50,50,50,50,50,50,53,53,56,61,61,61,61,61,61,61,61,61,61,61,64,64,64,67,70,70,70],"card_choices":[{"not_picked":["beaked:SacrificialDive","beaked:DigDeeper","beaked:Flinch"],"picked":"SKIP","floor":1},{"not_picked":["infinitespire:Fortify","infinitespire:Punishment"],"picked":"infinitespire:Collect","floor":2},{"not_picked":["beaked:Poke","beaked:Molting"],"picked":"beaked:MaddeningMurmurs","floor":5},{"not_picked":["beaked:Windmill","beaked:StunningBlow","beaked:WarriorEssence"],"picked":"SKIP","floor":7},{"not_picked":["beaked:Redirect","beaked:StunningBlow"],"picked":"beaked:Sacrifice","floor":8},{"not_picked":["beaked:MimicMachine","beaked:FeelMyPain"],"picked":"beaked:Insight","floor":10},{"not_picked":["beaked:MimicWarrior","beaked:CursingBlood"],"picked":"beaked:Foresight","floor":11},{"not_picked":["beaked:BloodForTheGods","beaked:Hexing"],"picked":"beaked:TuckingFeathers","floor":13},{"not_picked":["beaked:FullHouse","beaked:LiftOff"],"picked":"beaked:AwakenedForm","floor":16},{"not_picked":["beaked:Tradeoff","beaked:DigDeeper+1","beaked:SacrificialDive+1"],"picked":"SKIP","floor":18},{"not_picked":["beaked:Windmill","beaked:WarriorSpirit"],"picked":"beaked:RitualOfBody","floor":20},{"not_picked":["beaked:Struggle+1","beaked:Flinch"],"picked":"beaked:BraceForImpact+1","floor":22},{"not_picked":["beaked:RuinSticks+1","beaked:TuckingFeathers","beaked:DarkPact"],"picked":"SKIP","floor":23},{"not_picked":["beaked:Evade","beaked:Daydream"],"picked":"beaked:Resilience","floor":25},{"not_picked":["beaked:DigDeep+1","beaked:Foresight","beaked:Daydream"],"picked":"SKIP","floor":28},{"not_picked":["beaked:Redirect","beaked:Cower"],"picked":"beaked:HuntressEssence","floor":29}],"player_experience":170750,"relics_obtained":[{"floor":8,"key":"Oddly Smooth Stone"},{"floor":9,"key":"Potion Belt"},{"floor":10,"key":"Whetstone"},{"floor":26,"key":"Frozen Egg 2"}],"event_choices":[{"cards_removed":["infinitespire:Collect"],"damage_healed":0,"gold_gain":0,"player_choice":"Take \u0026 Give","damage_taken":0,"max_hp_gain":0,"max_hp_loss":0,"event_name":"betterNote:BetterNote","floor":19,"gold_loss":0,"cards_obtained":["beaked:BloodRitual"]},{"damage_healed":0,"gold_gain":0,"player_choice":"Read","damage_taken":0,"max_hp_gain":0,"max_hp_loss":0,"event_name":"The Library","floor":21,"gold_loss":0,"cards_obtained":["beaked:CrazyRituals"]},{"damage_healed":0,"gold_gain":0,"player_choice":"Obtained Relic","damage_taken":0,"relics_obtained":["MawBank"],"max_hp_gain":0,"max_hp_loss":0,"event_name":"Addict","floor":24,"gold_loss":85}],"is_beta":false,"boss_relics":[{"not_picked":["Snecko Eye","Velvet Choker"],"picked":"Astrolabe"}],"items_purged_floors":[],"is_endless":false,"potions_floor_spawned":[5,10,13,20,23,28],"killed_by":"Gremlin Leader","ascension_level":0}}