{"host":"idjwbq71yrpkph1r","time":1612976138,"event":{"mods":["Alarm Clock","BaseMod","Block Reminder","Colored Map","Colored Powertips","Conspire","Curses Come First","Dark Map","Displayed Cursed Tome","Hermit","Hubris","Minty Spire (QoL Compilation)","Monster B Gone","Morshu Shopkeeper","Rare Cards Sparkle","Relic Stats","StS++","StSLib","Swap Starting Deck Mod","The Blue Laboratory","everything is the same but u backflip on backflip"],"gold_per_floor":[110,110,57,57,75,107,122,122,145,145,61,75,75,107,107,203,203,217,119,136,151,151,151,183,195,218,218,218,218,230,230,230,328,328,339,354,354,55,70,70,96,110,164,184,184,37,0,0,0,0,0],"floor_reached":50,"language":"ENG","playtime":2279,"items_purged":[],"score":573,"play_id":"06a1ef7b-a92e-4401-a34d-6feb2013218d","local_time":"20210210175538","is_ascension_mode":false,"campfire_choices":[{"data":"Perfected Strike","floor":10,"key":"SMITH"},{"data":"conspire:Banana","floor":13,"key":"SMITH"},{"data":"Exhume","floor":15,"key":"SMITH"},{"data":"Exhume","floor":23,"key":"SMITH"},{"floor":28,"key":"REST"},{"data":"Trip","floor":32,"key":"SMITH"},{"data":"Seeing Red","floor":40,"key":"SMITH"},{"floor":49,"key":"REST"}],"circlet_count":0,"master_deck":["Strike_R","Strike_R","Strike_R","Strike_R","Strike_R","Defend_R","Defend_R+1","Defend_R","Bash+1","Cleave","Cleave","Perfected Strike+1","Seeing Red+1","conspire:Banana+1","Exhume+1","Perfected Strike","Exhume+1","Trip+1","Twin Strike","Twin Strike+1"],"relics":["Burning Blood","NeowsBlessing","hubris:Spice","Letter Opener","hubris:PeanutButter","Boot","conspire:GiftBox","StSpp:Balance","hubris:Towel","Nunchaku","Red Mask"],"acts_visited":["Exordium","TheCity","TheBeyond"],"potions_floor_usage":[24,41,50],"damage_taken":[{"damage":0,"enemies":"Jaw Worm","floor":1,"turns":1},{"damage":0,"enemies":"Small Slimes","floor":5,"turns":1},{"damage":0,"enemies":"Gremlin Nob","floor":6,"turns":1},{"damage":0,"enemies":"Cultist","floor":7,"turns":3},{"damage":5,"enemies":"2 Fungi Beasts","floor":12,"turns":3},{"damage":20,"enemies":"Lagavulin","floor":14,"turns":5},{"damage":58,"enemies":"Hexaghost","floor":16,"turns":8},{"damage":0,"enemies":"conspire:FuzzyDice","floor":18,"turns":5},{"damage":26,"enemies":"Chosen","floor":20,"turns":5},{"damage":21,"enemies":"Centurion and Healer","floor":21,"turns":7},{"damage":36,"enemies":"Slavers","floor":24,"turns":4},{"damage":19,"enemies":"3 Cultists","floor":25,"turns":6},{"damage":15,"enemies":"Sentry and Sphere","floor":30,"turns":4},{"damage":93,"enemies":"Automaton","floor":33,"turns":10},{"damage":0,"enemies":"3 Shapes","floor":35,"turns":4},{"damage":0,"enemies":"Orb Walker","floor":36,"turns":2},{"damage":34,"enemies":"Maw","floor":39,"turns":7},{"damage":105,"enemies":"Nemesis","floor":41,"turns":6},{"damage":12,"enemies":"Jaw Worm Horde","floor":42,"turns":3},{"damage":20,"enemies":"Writhing Mass","floor":44,"turns":4},{"damage":48,"enemies":"Time Eater","floor":50,"turns":4}],"seed_played":"7371232578247080546","potions_obtained":[{"floor":5,"key":"Ancient Potion"},{"floor":12,"key":"blueLaboratory:RecallPotion"},{"floor":16,"key":"blueLaboratory:ConflagurationPotion"},{"floor":24,"key":"ColorlessPotion"},{"floor":33,"key":"BloodPotion"},{"floor":35,"key":"StSpp:InhibitionPotion"}],"is_trial":false,"path_per_floor":["M","?","$","?","M","E","M","T","T","R","$","M","R","E","R","B",null,"M","$","M","M","?","R","E","M","T","?","R","$","M","?","R","B",null,"M","M","?","$","M","R","E","M","T","M","?","$","?","$","R","B"],"character_chosen":"IRONCLAD","items_purchased":["Cleave","conspire:Banana","Trip","hubris:Spice","Nunchaku"],"campfire_rested":2,"item_purchase_floors":[3,11,19,38,46],"current_hp_per_floor":[80,64,64,69,75,81,87,87,87,87,87,89,89,77,77,29,95,101,101,85,76,76,76,58,49,49,49,84,84,81,125,125,44,123,129,121,121,113,91,91,23,21,21,9,9,9,9,9,43,0,0],"gold":0,"neow_bonus":"THREE_ENEMY_KILL","is_daily":false,"chose_seed":false,"campfire_upgraded":6,"win_rate":0.0,"timestamp":1612976138,"path_taken":["M","?","$","?","M","E","M","?","T","R","$","M","R","E","R","BOSS","M","$","?","M","?","R","E","?","T","?","R","$","M","?","R","BOSS","M","?","?","$","M","R","E","M","T","M","?","$","?","?","R","BOSS"],"items_purchased_type":["Card","Card","Card","Relic","Relic"],"build_version":"2020-12-22","purchased_purges":0,"victory":false,"max_hp_per_floor":[80,80,80,88,88,88,88,88,88,88,88,89,89,91,91,95,95,101,101,105,111,111,111,123,127,119,119,119,119,125,125,125,131,123,129,121,121,113,119,119,117,121,113,115,115,115,115,115,115,117,117],"relic_stats":{"Nunchaku":[0],"counters":[21,93],"Letter Opener":[75],"Boot":[28],"obtain_stats":[{"conspire:GiftBox":14,"Nunchaku":46,"StSpp:Balance":17,"NeowsBlessing":0,"hubris:Spice":4,"hubris:PeanutButter":8,"Red Mask":47,"Letter Opener":6,"hubris:Towel":37,"Boot":9,"Burning Blood":0},{"conspire:GiftBox":6,"Nunchaku":20,"StSpp:Balance":7,"NeowsBlessing":0,"hubris:Spice":1,"hubris:PeanutButter":4,"Red Mask":20,"Letter Opener":3,"hubris:Towel":16,"Boot":4,"Burning Blood":0},{"conspire:GiftBox":14,"Nunchaku":89,"StSpp:Balance":22,"NeowsBlessing":0,"hubris:Spice":1,"hubris:PeanutButter":6,"Red Mask":89,"Letter Opener":3,"hubris:Towel":69,"Boot":6,"Burning Blood":0}],"Burning Blood":96},"card_choices":[{"not_picked":["Thunderclap","Pommel Strike"],"picked":"Cleave","floor":1},{"not_picked":["StSpp:Sprint","Wild Strike"],"picked":"Perfected Strike","floor":5},{"not_picked":["Carnage","hubris:CleavingFinish"],"picked":"Seeing Red","floor":6},{"not_picked":["Combust","Thunderclap","Rage"],"picked":"SKIP","floor":7},{"not_picked":["Shrug It Off","Inflame","Havoc"],"picked":"SKIP","floor":12},{"not_picked":["Impervious","conspire:Purge"],"picked":"Exhume","floor":14},{"not_picked":["Perfected Strike","StSpp:Vengeance","Pommel Strike"],"picked":"SKIP","floor":14},{"not_picked":["StSpp:Vengeance","Pommel Strike"],"picked":"Perfected Strike","floor":14},{"not_picked":["Bludgeon","Offering"],"picked":"Exhume","floor":16},{"not_picked":["Reckless Charge","conspire:ExplosiveBarrier","Blood for Blood"],"picked":"SKIP","floor":18},{"not_picked":["StSpp:Vengeance","StSpp:TheBiggerTheyAre","Shrug It Off"],"picked":"SKIP","floor":20},{"not_picked":["Flex","Heavy Blade","Feel No Pain"],"picked":"SKIP","floor":21},{"not_picked":["StSpp:CounterStrike","Disarm","hubris:SharpeningStone"],"picked":"SKIP","floor":24},{"not_picked":["Shrug It Off","Entrench+1","Wild Strike+1"],"picked":"SKIP","floor":25},{"not_picked":["Shrug It Off","Entrench+1","Wild Strike+1"],"picked":"SKIP","floor":25},{"not_picked":["Wild Strike","Thunderclap"],"picked":"Carnage","floor":30},{"not_picked":["Entrench+1","StSpp:TheBiggerTheyAre+1","Wild Strike"],"picked":"SKIP","floor":35},{"not_picked":["hubris:ReadiedAction+1","hubris:SpiceAddiction"],"picked":"hubris:SpiceAddiction","floor":36},{"not_picked":["StSpp:BladeOfBlood","Wild Strike+1"],"picked":"Twin Strike+1","floor":39},{"not_picked":["Intimidate+1","True Grit+1","Demon Form"],"picked":"SKIP","floor":41},{"not_picked":["Wild Strike+1","Intimidate","StSpp:TheBiggerTheyAre+1"],"picked":"SKIP","floor":42},{"not_picked":["Anger","StSpp:Vengeance+1","Burning Pact"],"picked":"SKIP","floor":44}],"player_experience":346178,"relics_obtained":[{"floor":6,"key":"Letter Opener"},{"floor":8,"key":"hubris:PeanutButter"},{"floor":9,"key":"Boot"},{"floor":14,"key":"conspire:GiftBox"},{"floor":24,"key":"hubris:Spice"},{"floor":26,"key":"hubris:Spice"},{"floor":41,"key":"hubris:Spice"},{"floor":43,"key":"hubris:Spice"}],"event_choices":[{"damage_healed":0,"gold_gain":0,"player_choice":"Entered Light","damage_taken":16,"max_hp_gain":0,"max_hp_loss":0,"event_name":"Shining Light","floor":2,"gold_loss":0,"cards_upgraded":["Bash","Defend_R"]},{"damage_healed":0,"gold_gain":0,"player_choice":"Success","damage_taken":3,"relics_obtained":["hubris:Spice"],"max_hp_gain":0,"max_hp_loss":0,"event_name":"Scrap Ooze","floor":4,"gold_loss":0},{"cards_removed":["Defend_R"],"damage_healed":0,"gold_gain":0,"player_choice":"Purged","damage_taken":0,"max_hp_gain":0,"max_hp_loss":0,"event_name":"Purifier","floor":22,"gold_loss":0},{"cards_removed":["Carnage"],"damage_healed":44,"gold_gain":0,"player_choice":"Offered Uncommon","damage_taken":0,"max_hp_gain":0,"max_hp_loss":0,"event_name":"Bonfire Elementals","floor":31,"gold_loss":0},{"damage_healed":0,"gold_gain":0,"player_choice":"Ignored","damage_taken":0,"max_hp_gain":0,"max_hp_loss":0,"event_name":"Mysterious Sphere","floor":45,"gold_loss":0},{"damage_healed":0,"gold_gain":0,"player_choice":"Paid","damage_taken":0,"relics_obtained":["Red Mask"],"max_hp_gain":0,"max_hp_loss":0,"event_name":"Tomb of Lord Red Mask","floor":47,"gold_loss":37}],"is_beta":false,"boss_relics":[{"not_picked":["StSpp:PileOfSugar","Ectoplasm"],"picked":"StSpp:Balance"},{"not_picked":["Empty Cage","StSpp:FireArrow"],"picked":"hubris:Spice"}],"items_purged_floors":[],"is_endless":false,"potions_floor_spawned":[5,12,16,24,25,33,35,36],"killed_by":"Time Eater","ascension_level":0}}