{"host":"yqw1zpryoutrnocq","time":1612928537,"event":{"mods":["2.2 Compatiblity","AchievementEnabler","BaseMod","Colored Map","Custom Start","DeckTracker","Minty Spire (QoL Compilation)","StSLib","SuperFastMode"],"gold_per_floor":[119,135,147,164,21,21,55,113,138,39,39,71,71,83,83,83,188,188,207,219,219,294,309,309,5,15,15,15,15,15,31,31,31,31,31],"floor_reached":34,"language":"KOR","playtime":951,"items_purged":["Strike_G"],"score":393,"play_id":"ce04f993-9e1d-4fc4-bfec-90fbcd8fa43b","local_time":"20210209214217","is_ascension_mode":true,"campfire_choices":[{"data":"Infinite Blades","floor":6.0,"key":"SMITH"},{"data":"Noxious Fumes","floor":11.0,"key":"SMITH"},{"floor":15.0,"key":"REST"},{"data":"Blade Dance","floor":16.0,"key":"SMITH"},{"data":"Cloak And Dagger","floor":24.0,"key":"SMITH"},{"data":"Tactician","floor":28.0,"key":"SMITH"},{"floor":33,"key":"REST"}],"circlet_count":0,"master_deck":["AscendersBane","Strike_G+1","Strike_G+1","Strike_G+1","Strike_G+1","Defend_G+1","Defend_G+1","Defend_G+1","Defend_G+1","Defend_G+1","Survivor","Neutralize","Blade Dance+1","Noxious Fumes+1","Deflect","Dagger Spray","Riddle With Holes","Cloak And Dagger+1","Poisoned Stab","Infinite Blades+1","Die Die Die","Backflip","PiercingWail","Acrobatics","Malaise","Venomology","Quick Slash+1","Prepared+1","Underhanded Strike","Tactician+1","Dodge and Roll+1"],"relics":["Ring of the Snake","PreservedInsect","Potion Belt","Omamori","CaptainsWheel","SacredBark","Bottled Flame","Happy Flower","TwistedFunnel","HornCleat"],"acts_visited":["Exordium","TheCity"],"potions_floor_usage":[31,32,32,32,34],"damage_taken":[{"damage":7.0,"enemies":"Small Slimes","floor":1.0,"turns":3.0},{"damage":3.0,"enemies":"Jaw Worm","floor":2.0,"turns":4.0},{"damage":2.0,"enemies":"Cultist","floor":3.0,"turns":5.0},{"damage":1.0,"enemies":"Exordium Wildlife","floor":4.0,"turns":3.0},{"damage":17.0,"enemies":"3 Sentries","floor":7.0,"turns":6.0},{"damage":12.0,"enemies":"Gremlin Nob","floor":8.0,"turns":3.0},{"damage":17.0,"enemies":"Lagavulin","floor":12.0,"turns":6.0},{"damage":0.0,"enemies":"Exordium Thugs","floor":14.0,"turns":3.0},{"damage":20.0,"enemies":"The Guardian","floor":17.0,"turns":7.0},{"damage":7.0,"enemies":"Chosen","floor":19.0,"turns":6.0},{"damage":1.0,"enemies":"Spheric Guardian","floor":20.0,"turns":5.0},{"damage":18.0,"enemies":"Snake Plant","floor":23.0,"turns":4.0},{"damage":12.0,"enemies":"Cultist and Chosen","floor":26.0,"turns":4.0},{"damage":1,"enemies":"Centurion and Healer","floor":31,"turns":5},{"damage":4,"enemies":"Shelled Parasite and Fungi","floor":32,"turns":4},{"damage":38,"enemies":"Collector","floor":34,"turns":7}],"seed_played":"5698745685115902608","potions_obtained":[{"floor":3.0,"key":"SmokeBomb"},{"floor":4.0,"key":"BlessingOfTheForge"},{"floor":12.0,"key":"Dexterity Potion"},{"floor":13.0,"key":"CultistPotion"},{"floor":13.0,"key":"SkillPotion"},{"floor":13.0,"key":"Fruit Juice"},{"floor":17.0,"key":"Block Potion"},{"floor":23.0,"key":"GamblersBrew"},{"floor":31,"key":"BlessingOfTheForge"}],"is_trial":false,"path_per_floor":["M","M","M","M","$","R","E","?","T","$","R","E","?","M","R","R","B",null,"M","M","T","?","M","R","$","M","T","R","$","?","M","M","R","B"],"character_chosen":"THE_SILENT","items_purchased":["Cloak And Dagger","Poisoned Stab","Infinite Blades","PiercingWail","Happy Flower","TwistedFunnel"],"campfire_rested":2,"item_purchase_floors":[5,5,5,10,25,25],"current_hp_per_floor":[56,53,51,50,50,50,33,21,21,21,21,4,9,9,31,31,11,59,52,51,51,44,26,26,26,14,14,14,14,14,13,9,31,0,0],"gold":31,"neow_bonus":"THREE_CARDS","is_daily":false,"chose_seed":false,"campfire_upgraded":5,"win_rate":0.0,"timestamp":1612928537,"path_taken":["M","M","M","M","$","R","E","?","T","$","R","E","?","M","R","R","BOSS","M","M","?","?","M","R","$","?","T","R","$","?","M","M","R","BOSS"],"items_purchased_type":["Card","Card","Card","Card","Relic","Relic"],"build_version":"2020-12-22","purchased_purges":1,"victory":false,"max_hp_per_floor":[70,70,70,70,70,70,70,70,70,70,70,70,75,75,75,75,75,75,75,75,75,75,75,75,75,75,75,75,75,75,75,75,75,75,75],"card_choices":[{"not_picked":["Dodge and Roll","Acrobatics"],"picked":"Blade Dance","floor":0.0},{"not_picked":["Deadly Poison","Blade Dance"],"picked":"Noxious Fumes","floor":1.0},{"not_picked":["Endless Agony","Slice"],"picked":"Deflect","floor":2.0},{"not_picked":["Bane","Bullet Time"],"picked":"Dagger Spray","floor":3.0},{"not_picked":["Dagger Spray","Backstab"],"picked":"Riddle With Holes","floor":4.0},{"not_picked":["Dagger Throw","PiercingWail"],"picked":"Die Die Die","floor":7.0},{"not_picked":["Underhanded Strike","Sucker Punch"],"picked":"Backflip","floor":8.0},{"not_picked":["Eviscerate","Dash"],"picked":"Acrobatics","floor":12.0},{"not_picked":["PiercingWail","Flying Knee"],"picked":"Malaise","floor":14.0},{"not_picked":["Glass Knife","Burst"],"picked":"Venomology","floor":17.0},{"not_picked":["Slice","Acrobatics"],"picked":"Quick Slash+1","floor":19.0},{"not_picked":["Slice","Underhanded Strike"],"picked":"Prepared+1","floor":20.0},{"not_picked":["Bullet Time","Distraction"],"picked":"Underhanded Strike","floor":23.0},{"not_picked":["Dodge and Roll","Poisoned Stab"],"picked":"Tactician","floor":26.0},{"not_picked":["Acrobatics","Dagger Spray+1"],"picked":"Dodge and Roll+1","floor":31}],"player_experience":324035,"relics_obtained":[{"floor":7.0,"key":"PreservedInsect"},{"floor":8.0,"key":"Potion Belt"},{"floor":9.0,"key":"Omamori"},{"floor":12.0,"key":"CaptainsWheel"},{"floor":21.0,"key":"Bottled Flame"},{"floor":27.0,"key":"HornCleat"}],"event_choices":[{"damage_healed":0.0,"max_hp_gain":0.0,"max_hp_loss":0.0,"gold_gain":30.0,"event_name":"Dead Adventurer","player_choice":"Searched \u00272\u0027 times","floor":8.0,"gold_loss":0.0,"damage_taken":0.0},{"damage_healed":0.0,"max_hp_gain":0.0,"max_hp_loss":0.0,"gold_gain":0.0,"event_name":"Lab","player_choice":"Got Potions","floor":13.0,"gold_loss":0.0,"damage_taken":0.0},{"damage_healed":0.0,"max_hp_gain":0.0,"max_hp_loss":0.0,"gold_gain":75.0,"event_name":"FaceTrader","player_choice":"Touch","floor":22.0,"gold_loss":0.0,"damage_taken":7.0},{"damage_healed":0,"gold_gain":0,"player_choice":"Simplicity","damage_taken":0,"max_hp_gain":0,"max_hp_loss":0,"event_name":"Back to Basics","floor":30,"gold_loss":0,"cards_upgraded":["Strike_G","Strike_G","Strike_G","Strike_G","Defend_G","Defend_G","Defend_G","Defend_G","Defend_G"]}],"is_beta":false,"boss_relics":[{"not_picked":["Fusion Hammer","Runic Pyramid"],"picked":"SacredBark"}],"items_purged_floors":[10],"is_endless":false,"potions_floor_spawned":[3,4,12,17,23,31],"killed_by":"Collector","ascension_level":10}}