{"host":"7qjyzxi5zjrbio0h","time":1612992297,"event":{"mods":["AchievementEnabler","BaseMod","Downfall","Hermit","Minty Spire (QoL Compilation)","StSLib"],"gold_per_floor":[114,126,126,126,144,144,155,155,155,5,33,33,46,57,57,152,152,165,165,178,93,107,138,149,149,149,160,260,260,278,278,278,383,383,400,325,325,345,345,345,377,377,377,134,153,203,0,0,0,0],"floor_reached":51,"language":"ENG","playtime":2878,"items_purged":["downfall:Bewildered"],"score":795,"play_id":"b860c835-e871-40b4-9a7f-2cc1972daa26","local_time":"20210210162457","is_ascension_mode":false,"campfire_choices":[{"data":"Bash","floor":6,"key":"SMITH"},{"data":"Burning Pact","floor":8,"key":"SMITH"},{"data":"Fire Breathing","floor":12,"key":"SMITH"},{"floor":15,"key":"REST"},{"data":"Demon Form","floor":29,"key":"SMITH"},{"data":"Power Through","floor":32,"key":"SMITH"},{"data":"Wild Strike","floor":40,"key":"SMITH"},{"data":"Perfected Strike","floor":42,"key":"SMITH"},{"data":"Wild Strike","floor":49,"key":"SMITH"}],"circlet_count":0,"master_deck":["Strike_R","Strike_R","Strike_R","Strike_R","Defend_R","Defend_R+1","Defend_R+1","Defend_R","Bash+1","Wild Strike","Burning Pact+1","Spot Weakness","Fire Breathing+1","Wild Strike+1","Wild Strike+1","Demon Form+1","Power Through+1","Battle Trance+1","Perfected Strike+1","Perfected Strike+1","Perfected Strike+1","Wild Strike+1"],"relics":["Burning Blood","Pantograph","War Paint","Orichalcum","Coffee Dripper","sneckomod:BabySnecko","Kunai","Mango","Letter Opener","Pocketwatch","Sundial","bronze:MakeshiftBattery","Blue Candle","Toy Ornithopter","Potion Belt","Paper Frog","Incense Burner","Red Mask"],"acts_visited":["Exordium","TheCity","TheBeyond"],"potions_floor_usage":[11,13,16,20,23,27,33,33,45,50],"damage_taken":[{"damage":5,"enemies":"Small Slimes","floor":1,"turns":3},{"damage":7,"enemies":"Jaw Worm","floor":2,"turns":4},{"damage":1,"enemies":"Cultist","floor":5,"turns":3},{"damage":28,"enemies":"Lots of Slimes","floor":7,"turns":4},{"damage":18,"enemies":"Gremlin Nob","floor":11,"turns":3},{"damage":14,"enemies":"2 Fungi Beasts","floor":13,"turns":4},{"damage":6,"enemies":"Looter","floor":14,"turns":3},{"damage":0,"enemies":"Slime Boss","floor":16,"turns":6},{"damage":6,"enemies":"Chosen","floor":18,"turns":4},{"damage":19,"enemies":"3 Byrds","floor":20,"turns":4},{"damage":2,"enemies":"Snecko","floor":22,"turns":3},{"damage":49,"enemies":"Slavers","floor":23,"turns":5},{"damage":4,"enemies":"Cultist and Chosen","floor":24,"turns":4},{"damage":30,"enemies":"Shelled Parasite and Fungi","floor":27,"turns":5},{"damage":3,"enemies":"Colosseum Slavers","floor":28,"turns":4},{"damage":15,"enemies":"Colosseum Nobs","floor":28,"turns":3},{"damage":4,"enemies":"Snecko","floor":30,"turns":5},{"damage":47,"enemies":"Champ","floor":33,"turns":7},{"damage":13,"enemies":"Orb Walker","floor":35,"turns":3},{"damage":19,"enemies":"3 Darklings","floor":38,"turns":4},{"damage":7,"enemies":"Giant Head","floor":41,"turns":5},{"damage":6,"enemies":"Sphere and 2 Shapes","floor":45,"turns":4},{"damage":0,"enemies":"Mind Bloom Boss Battle","floor":46,"turns":4},{"damage":41,"enemies":"Time Eater","floor":50,"turns":8}],"seed_played":"-4439386272067371415","potions_obtained":[{"floor":1,"key":"Dexterity Potion"},{"floor":4,"key":"DistilledChaos"},{"floor":4,"key":"DuplicationPotion"},{"floor":4,"key":"PowerPotion"},{"floor":11,"key":"champ:CounterPotion"},{"floor":13,"key":"ColorlessPotion"},{"floor":16,"key":"ElixirPotion"},{"floor":22,"key":"bronze:BurnAndBuffPotion"},{"floor":24,"key":"SteroidPotion"},{"floor":33,"key":"BloodPotion"},{"floor":35,"key":"ColorlessPotion"},{"floor":45,"key":"Ancient Potion"},{"floor":46,"key":"AttackPotion"}],"is_trial":false,"path_per_floor":["M","M","?","?","M","R","M","R","T","$","E","R","M","M","R","B",null,"M","?","M","?","M","E","M","?","T","M","?","R","M","?","R","B",null,"M","$","?","M","?","R","E","R","T","$","M","?","?","$","R","B",null],"character_chosen":"IRONCLAD","items_purchased":["War Paint","Paper Frog"],"campfire_rested":1,"item_purchase_floors":[10,44],"current_hp_per_floor":[88,87,87,87,88,88,66,66,66,66,54,54,46,46,72,88,88,88,88,75,75,79,50,52,52,52,28,22,22,24,24,24,8,102,95,95,95,82,77,77,76,76,76,76,81,102,102,102,102,92],"gold":0,"neow_bonus":"TEN_PERCENT_HP_BONUS","is_daily":false,"chose_seed":false,"campfire_upgraded":8,"win_rate":0.0,"timestamp":1612992297,"path_taken":["M","M","?","?","M","R","?","R","T","?","E","R","M","M","R","BOSS","M","?","M","?","M","E","M","?","T","?","?","R","M","?","R","BOSS","M","$","?","M","?","R","E","R","T","?","M","?","?","?","R","BOSS"],"items_purchased_type":["Relic","Relic"],"build_version":"2020-12-22","purchased_purges":1,"victory":true,"max_hp_per_floor":[88,88,88,88,88,88,88,88,88,88,88,88,88,88,88,88,88,88,88,88,88,88,102,102,102,102,102,102,102,102,102,102,102,102,102,102,102,102,102,102,102,102,102,102,102,102,102,102,102,102],"card_choices":[{"not_picked":["Seeing Red","Clash"],"picked":"Wild Strike","floor":1},{"not_picked":["Clothesline","Wild Strike"],"picked":"Burning Pact","floor":2},{"not_picked":["Cleave","Pommel Strike"],"picked":"Spot Weakness","floor":5},{"not_picked":["Warcry","Flex","Combust"],"picked":"SKIP","floor":7},{"not_picked":["Combust","Blood for Blood"],"picked":"Fire Breathing","floor":11},{"not_picked":["Anger","Warcry"],"picked":"Wild Strike","floor":13},{"not_picked":["Flex","Perfected Strike"],"picked":"Wild Strike","floor":14},{"not_picked":["Reaper","Feed"],"picked":"Demon Form","floor":16},{"not_picked":["Armaments","Seeing Red+1","Flex+1"],"picked":"SKIP","floor":18},{"not_picked":["Thunderclap","Dual Wield","Shrug It Off"],"picked":"SKIP","floor":20},{"not_picked":["Pommel Strike","Perfected Strike"],"picked":"Power Through","floor":22},{"not_picked":["Bloodletting","Rupture","Rampage+1"],"picked":"SKIP","floor":23},{"not_picked":["Flex","Warcry"],"picked":"Battle Trance+1","floor":24},{"not_picked":["Warcry","Uppercut+1","Shockwave+1"],"picked":"SKIP","floor":27},{"not_picked":["Infernal Blade","Iron Wave","Shrug It Off+1"],"picked":"SKIP","floor":30},{"not_picked":["Thunderclap+1","Dropkick"],"picked":"Perfected Strike+1","floor":35},{"not_picked":["Dark Embrace+1","Evolve"],"picked":"Perfected Strike+1","floor":38},{"not_picked":["Limit Break","Body Slam"],"picked":"Perfected Strike","floor":41},{"not_picked":["Cleave+1","Sword Boomerang"],"picked":"Wild Strike+1","floor":45}],"player_experience":48403,"relics_obtained":[{"floor":9,"key":"Pantograph"},{"floor":11,"key":"Orichalcum"},{"floor":23,"key":"Mango"},{"floor":26,"key":"Letter Opener"},{"floor":28,"key":"Pocketwatch"},{"floor":28,"key":"Sundial"},{"floor":41,"key":"Toy Ornithopter"},{"floor":43,"key":"Potion Belt"},{"floor":46,"key":"Incense Burner"}],"event_choices":[{"damage_healed":0,"gold_gain":0,"player_choice":"Ignored","damage_taken":0,"max_hp_gain":0,"max_hp_loss":0,"event_name":"Golden Idol","floor":3,"gold_loss":0},{"damage_healed":0,"gold_gain":0,"player_choice":"Got Potions","damage_taken":0,"max_hp_gain":0,"max_hp_loss":0,"event_name":"Lab","floor":4,"gold_loss":0},{"damage_healed":0,"gold_gain":0,"player_choice":"Obtained Relic","damage_taken":0,"relics_obtained":["Kunai"],"max_hp_gain":0,"max_hp_loss":0,"event_name":"Addict","floor":21,"gold_loss":85},{"damage_healed":0,"gold_gain":0,"player_choice":"Bought 0 Potions","damage_taken":0,"max_hp_gain":0,"max_hp_loss":0,"event_name":"The Woman in Blue","floor":25,"gold_loss":0},{"damage_healed":0,"gold_gain":0,"player_choice":"Fight","damage_taken":0,"max_hp_gain":0,"max_hp_loss":0,"event_name":"Colosseum","floor":28,"gold_loss":0},{"damage_healed":0,"gold_gain":0,"player_choice":"Fought Nobs","damage_taken":0,"max_hp_gain":0,"max_hp_loss":0,"event_name":"Colosseum","floor":28,"gold_loss":0},{"damage_healed":0,"gold_gain":0,"player_choice":"Ignored","damage_taken":0,"max_hp_gain":0,"max_hp_loss":0,"event_name":"Cursed Tome","floor":31,"gold_loss":0},{"cards_removed":["Strike_R"],"damage_healed":0,"gold_gain":0,"player_choice":"Removed Attack","damage_taken":0,"max_hp_gain":0,"max_hp_loss":0,"event_name":"Falling","floor":37,"gold_loss":0},{"damage_healed":0,"gold_gain":0,"player_choice":"Fight","damage_taken":0,"max_hp_gain":0,"max_hp_loss":0,"event_name":"MindBloom","floor":46,"gold_loss":0},{"damage_healed":0,"gold_gain":0,"player_choice":"Paid","damage_taken":0,"relics_obtained":["Red Mask"],"max_hp_gain":0,"max_hp_loss":0,"event_name":"Tomb of Lord Red Mask","floor":47,"gold_loss":203}],"is_beta":false,"boss_relics":[{"not_picked":["Runic Pyramid","SlaversCollar"],"picked":"Coffee Dripper"},{"not_picked":["Velvet Choker","SacredBark"],"picked":"bronze:MakeshiftBattery"}],"items_purged_floors":[36],"is_endless":false,"potions_floor_spawned":[1,7,11,13,16,22,24,33,35,45,46],"ascension_level":0}}