{"host":"cnq91ghfhf6lz0gv","time":1612917504,"event":{"mods":["BaseMod","Clockwork Mod","Colored Map","Colored Powertips","Conspire","Downfall","Googly Eyes","Highlight Path","Minty Spire (QoL Compilation)","Replay The Spire","StSLib","SuperFastMode","The IronCluck","The Showman","slay the spire mod where everything is the same but ironclad has a cowboy hat"],"gold_per_floor":[369,381,117,117,127,157,7,7,7,27,40,40,57,84,84,189,189,199,217,117,117,134,160,172,184,196,208,208],"floor_reached":27,"language":"ENG","playtime":1802,"items_purged":["Strike_B","conspire:GhostlyStrike"],"score":292,"play_id":"c6883a03-6905-40cd-877f-73f48af231c0","local_time":"20210209193824","is_ascension_mode":true,"campfire_choices":[{"floor":15,"key":"DIG"},{"data":"Genetic Algorithm","floor":24,"key":"SMITH"}],"circlet_count":0,"master_deck":["conspire:GhostlyStrike","conspire:GhostlyStrike","conspire:GhostlyDefend","conspire:GhostlyDefend","conspire:GhostlyDefend","conspire:GhostlyDefend","Zap","Clumsy","Ball Lightning","Core Surge","Glacier","Compile Driver","BasicCrystalCard","Seek","Core Surge","Glacier","FIFO Queue+1","Genetic Algorithm+1"],"relics":["Cracked Core","Onion Ring","Replay:Antivirus Software","Centennial Puzzle","Prayer Wheel","Ring of Chaos","MawBank","BranchBurnRelic","Quantum Egg"],"acts_visited":["Exordium","TheCity"],"potions_floor_usage":[16,27,27,27],"damage_taken":[{"damage":15,"enemies":"2 Louse","floor":1,"turns":2},{"damage":5,"enemies":"Small Slimes","floor":2,"turns":2},{"damage":2,"enemies":"Jaw Worm","floor":5,"turns":3},{"damage":7,"enemies":"Lagavulin","floor":6,"turns":8},{"damage":0,"enemies":"Exordium Wildlife","floor":10,"turns":3},{"damage":2,"enemies":"Lots of Slimes","floor":11,"turns":3},{"damage":11,"enemies":"3 Louse","floor":13,"turns":4},{"damage":17,"enemies":"3 Sentries","floor":14,"turns":6},{"damage":15,"enemies":"Fading Forest","floor":16,"turns":11},{"damage":9,"enemies":"Shell Parasite","floor":18,"turns":8},{"damage":5,"enemies":"Spheric Guardian","floor":19,"turns":5},{"damage":9,"enemies":"Snecko","floor":22,"turns":10},{"damage":19,"enemies":"conspire:Head Lice","floor":23,"turns":12},{"damage":49,"enemies":"Gremlin Leader","floor":27,"turns":7}],"seed_played":"881381318435517915","potions_obtained":[{"floor":1,"key":"Fire Potion"},{"floor":5,"key":"BlessingOfTheForge"},{"floor":6,"key":"Regen Potion"},{"floor":14,"key":"FocusPotion"},{"floor":18,"key":"Energy Potion"}],"is_trial":false,"path_per_floor":["M","M","$","?","M","E","$","?","T","M","M","$","M","E","R_BF","B",null,"M","M","$","?","M","E","R","$","T","E"],"character_chosen":"DEFECT","items_purchased":["Core Surge","Glacier","Replay:Antivirus Software"],"campfire_rested":0,"item_purchase_floors":[3,3,7],"current_hp_per_floor":[60,55,55,55,53,46,46,39,39,39,37,37,26,9,9,19,75,66,61,61,61,52,33,33,33,33,0,0],"gold":208,"neow_bonus":"TWO_FIFTY_GOLD","is_daily":false,"chose_seed":false,"campfire_upgraded":1,"win_rate":0.0,"timestamp":1612917504,"path_taken":["M","M","$","?","M","E","$","?","T","M","M","?","?","E","R_BF","BOSS","M","M","?","?","M","E","R","$","T","E"],"items_purchased_type":["Card","Card","Relic"],"build_version":"2020-12-22","purchased_purges":2,"victory":false,"max_hp_per_floor":[75,75,75,75,75,75,75,75,75,75,75,75,75,75,75,75,75,75,75,75,75,75,75,75,75,75,75,75],"card_choices":[{"not_picked":["Scrape","Sweeping Beam"],"picked":"Ball Lightning","floor":1},{"not_picked":["Redo","Aggregate","Tempest"],"picked":"SKIP","floor":2},{"not_picked":["Stack","Ball Lightning"],"picked":"Compile Driver","floor":5},{"not_picked":["Sweeping Beam","Streamline","BasicCrystalCard"],"picked":"SKIP","floor":6},{"not_picked":["Sweeping Beam","Streamline"],"picked":"BasicCrystalCard","floor":6},{"not_picked":["Turbo","Streamline","FTL"],"picked":"SKIP","floor":10},{"not_picked":["Coolheaded","Sweeping Beam","Rebound"],"picked":"SKIP","floor":11},{"not_picked":["Coolheaded","All For One","Go for the Eyes"],"picked":"SKIP","floor":13},{"not_picked":["conspire:Rain","ReplayTheSpireMod:Dual Polarity"],"picked":"Seek","floor":14},{"not_picked":["Thunder Strike","ReplayTheSpireMod:Omega Cannon"],"picked":"Core Surge","floor":16},{"not_picked":["ReplaySort","Go for the Eyes"],"picked":"Glacier","floor":18},{"not_picked":["Go for the Eyes","Redo","Cold Snap"],"picked":"SKIP","floor":18},{"not_picked":["Creative AI","Glacier"],"picked":"FIFO Queue+1","floor":19},{"not_picked":["Turbo","Blizzard+1","Beam Cell+1"],"picked":"SKIP","floor":19},{"not_picked":["Ball Lightning","Darkness"],"picked":"Genetic Algorithm","floor":22},{"not_picked":["BasicCrystalCard+1","Heatsinks","Sweeping Beam+1"],"picked":"SKIP","floor":22},{"not_picked":["Conserve Battery","Glacier","Gash+1"],"picked":"SKIP","floor":23}],"player_experience":217004,"relics_obtained":[{"floor":6,"key":"Onion Ring"},{"floor":14,"key":"Centennial Puzzle"},{"floor":15,"key":"Dead Branch"},{"floor":23,"key":"MawBank"},{"floor":26,"key":"Quantum Egg"}],"event_choices":[{"damage_healed":0,"gold_gain":0,"player_choice":"Agree","damage_taken":0,"max_hp_gain":0,"max_hp_loss":0,"event_name":"conspire:LoneGhost","floor":4,"gold_loss":0},{"cards_removed":["Dualcast"],"damage_healed":0,"gold_gain":0,"player_choice":"Card Removal","damage_taken":7,"max_hp_gain":0,"max_hp_loss":0,"event_name":"Golden Wing","floor":8,"gold_loss":0},{"damage_healed":0,"gold_gain":0,"player_choice":"Ignored","damage_taken":0,"max_hp_gain":0,"max_hp_loss":0,"event_name":"Vampires","floor":21,"gold_loss":0}],"is_beta":false,"boss_relics":[{"not_picked":["Philosopher\u0027s Stone","Nuclear Battery"],"picked":"Ring of Chaos"}],"items_purged_floors":[3,20],"is_endless":false,"potions_floor_spawned":[1,5,6,14,18,23],"killed_by":"Gremlin Leader","ascension_level":2}}