{"host":"qy1e0kd24tpj3i2m","time":1612969324,"event":{"mods":["Act Like it!","BaseMod","Better Skull","Better Vampires","Colored Map","Colored Powertips","Custom Start","Faster Ascension Climbing","Friendly Minions","GifTheSpireLib","Gremlin Skip","Highlight Path","Minty Spire (QoL Compilation)","Permanent Neow","Poor People Problems","Quick Restart","Red Circlet Mod","Relic Filter Mod","Relic Sorter","Reorder Act Four","SacredBarkPlus","Shop Mod","StSLib","SuperFastMode","Transform Curses","Wide Potions","没有小屋子和绿帽子啦"],"gold_per_floor":[114,264,283,283,112,139,139,152,177,12,12,12,26,41,41,116,116,127,156,156,99,99,99,99],"floor_reached":23,"language":"ZHS","playtime":620,"items_purged":["Doubt"],"score":424,"play_id":"e5ddb466-a896-4837-931d-a896970c80af","local_time":"20210211000204","is_ascension_mode":true,"campfire_choices":[{"data":"True Grit","floor":7.0,"key":"SMITH"},{"data":"Body Slam","floor":11.0,"key":"SMITH"},{"data":"Anger","floor":15.0,"key":"SMITH"}],"circlet_count":0,"master_deck":["AscendersBane","Strike_R","Strike_R","Strike_R","Defend_R","Defend_R","Defend_R","Defend_R","Flame Barrier","Rampage","Flame Barrier","Iron Wave","Evolve","True Grit+1","Body Slam+1","Ghostly Armor","Reckless Charge","Ghostly Armor","Panacea","Anger+1","Barricade","Spot Weakness+1","Dark Embrace","Brutality","Feed","Writhe"],"relics":["Burning Blood","NeowsBlessing","Orrery","Bronze Scales","Coffee Dripper","Red Mask","Ginger"],"acts_visited":["Exordium","TheCity"],"potions_floor_usage":[23],"damage_taken":[{"damage":0.0,"enemies":"Small Slimes","floor":1.0,"turns":1.0},{"damage":0.0,"enemies":"2 Louse","floor":3.0,"turns":1.0},{"damage":0.0,"enemies":"Gremlin Nob","floor":6.0,"turns":1.0},{"damage":0.0,"enemies":"Jaw Worm","floor":8.0,"turns":4.0},{"damage":0.0,"enemies":"Exordium Wildlife","floor":13.0,"turns":5.0},{"damage":9.0,"enemies":"Blue Slaver","floor":14.0,"turns":4.0},{"damage":28.0,"enemies":"The Guardian","floor":16.0,"turns":11.0},{"damage":0.0,"enemies":"3 Byrds","floor":18.0,"turns":4.0},{"damage":48.0,"enemies":"Masked Bandits","floor":19.0,"turns":5.0},{"damage":38,"enemies":"Gremlin Leader","floor":23,"turns":6}],"seed_played":"1330431226927435270","potions_obtained":[{"floor":6.0,"key":"CultistPotion"},{"floor":13.0,"key":"Weak Potion"},{"floor":14.0,"key":"AttackPotion"},{"floor":16.0,"key":"Swift Potion"},{"floor":19.0,"key":"FearPotion"}],"is_trial":false,"path_per_floor":["M","?","M","?","$","E","R","M","T","$","R","?","M","M","R","B",null,"M","?","?","$","?","E"],"character_chosen":"IRONCLAD","items_purchased":["Orrery","Panacea","Block Potion"],"campfire_rested":0,"item_purchase_floors":[5,10,21],"current_hp_per_floor":[74,74,75,75,75,75,75,75,75,75,75,80,80,77,77,55,74,80,38,38,38,38,0,0],"gold":99,"neow_bonus":"THREE_ENEMY_KILL","is_daily":false,"chose_seed":false,"campfire_upgraded":3,"win_rate":0.0,"timestamp":1612969324,"path_taken":["M","?","M","?","$","E","R","M","T","$","R","?","?","M","R","BOSS","M","?","?","$","?","E"],"items_purchased_type":["Relic","Card","Potion"],"build_version":"2020-12-22","purchased_purges":1,"victory":false,"max_hp_per_floor":[75,75,75,75,75,75,75,75,75,75,75,80,80,80,80,80,80,80,80,80,80,80,80,80],"card_choices":[{"not_picked":["Clash","Sever Soul"],"picked":"Flame Barrier","floor":1.0},{"not_picked":["Pummel","Sword Boomerang"],"picked":"Rampage","floor":3.0},{"not_picked":["Rupture","Pummel"],"picked":"Iron Wave","floor":5.0},{"not_picked":["Uppercut","Seeing Red"],"picked":"Evolve","floor":5.0},{"not_picked":["Havoc","Body Slam"],"picked":"True Grit","floor":5.0},{"not_picked":["Iron Wave","Ghostly Armor"],"picked":"Body Slam","floor":5.0},{"not_picked":["True Grit","Sever Soul"],"picked":"Ghostly Armor","floor":5.0},{"not_picked":["Infernal Blade","Clothesline"],"picked":"Reckless Charge","floor":6.0},{"not_picked":["Perfected Strike","Combust"],"picked":"Ghostly Armor","floor":8.0},{"not_picked":["True Grit","Fiend Fire"],"picked":"Anger","floor":13.0},{"not_picked":["Clash","Anger","Heavy Blade"],"picked":"SKIP","floor":14.0},{"not_picked":["Brutality","Offering"],"picked":"Barricade","floor":16.0},{"not_picked":["Rampage","Pummel"],"picked":"Spot Weakness+1","floor":18.0},{"not_picked":["Dropkick","Headbutt"],"picked":"Dark Embrace","floor":19.0}],"player_experience":1012150,"relics_obtained":[{"floor":6.0,"key":"Bronze Scales"},{"floor":19.0,"key":"Red Mask"}],"event_choices":[{"damage_healed":0.0,"max_hp_gain":0.0,"max_hp_loss":0.0,"gold_gain":150.0,"event_name":"Liars Game","player_choice":"AGREE","floor":2.0,"gold_loss":0.0,"damage_taken":0.0,"cards_obtained":["Doubt"]},{"damage_healed":0.0,"max_hp_gain":0.0,"max_hp_loss":0.0,"gold_gain":0.0,"cards_transformed":["Bash"],"event_name":"Living Wall","player_choice":"Change","floor":4.0,"gold_loss":0.0,"damage_taken":0.0,"cards_obtained":["Flame Barrier"]},{"damage_healed":0.0,"max_hp_gain":5.0,"max_hp_loss":0.0,"gold_gain":0.0,"event_name":"Big Fish","player_choice":"Donut","floor":12.0,"gold_loss":0.0,"damage_taken":0.0},{"damage_healed":0.0,"max_hp_gain":0.0,"max_hp_loss":0.0,"gold_gain":0.0,"event_name":"Masked Bandits","player_choice":"Fought Bandits","floor":19.0,"gold_loss":0.0,"damage_taken":0.0},{"damage_healed":0.0,"max_hp_gain":0.0,"max_hp_loss":0.0,"gold_gain":0.0,"cards_transformed":["Strike_R","Strike_R"],"event_name":"Drug Dealer","player_choice":"Became Test Subject","floor":20.0,"gold_loss":0.0,"damage_taken":0.0,"cards_obtained":["Brutality","Feed"]},{"damage_healed":0.0,"max_hp_gain":0.0,"max_hp_loss":0.0,"gold_gain":0.0,"event_name":"The Mausoleum","player_choice":"Opened","floor":22.0,"gold_loss":0.0,"damage_taken":0.0,"relics_obtained":["Ginger"],"cards_obtained":["Writhe"]}],"is_beta":false,"boss_relics":[{"not_picked":["Snecko Eye","Astrolabe"],"picked":"Coffee Dripper"}],"items_purged_floors":[10],"is_endless":false,"potions_floor_spawned":[6,13,14,16,19],"killed_by":"Gremlin Leader","ascension_level":20}}