{"host":"t1puqh5lxz8sp6fn","time":1612999943,"event":{"mods":["AchievementEnabler","BaseMod","Colored Powertips","Minty Spire (QoL Compilation)","Rare Cards Sparkle","Relic Stats","StSLib"],"gold_per_floor":[152,1,52,84,135,135,135,135,209,235,252,311,275,317,317,415,415,427,39,39,39,74,74,74,74],"floor_reached":24,"playtime":744,"items_purged":["Shame","Strike_G"],"score":357,"play_id":"4eaa3ca6-655b-42dd-96ed-c94916e73534","local_time":"20210210203223","is_ascension_mode":true,"campfire_choices":[{"data":"Terror","floor":6,"key":"SMITH"},{"data":"HandOfGreed","floor":8,"key":"SMITH"},{"floor":15,"key":"REST"},{"floor":23,"key":"REST"}],"circlet_count":0,"master_deck":["AscendersBane","Strike_G","Strike_G","Strike_G","Strike_G","Defend_G","Defend_G","Defend_G","Defend_G","Defend_G","Survivor","Neutralize","HandOfGreed+1","Blade Dance","Noxious Fumes","Deadly Poison","Terror+1","Flying Knee","Dagger Spray","Adrenaline","PiercingWail","A Thousand Cuts","Prepared","Well Laid Plans","RitualDagger","Leg Sweep+1"],"relics":["Ring of the Snake","Gremlin Horn","Pear","Tingsha","Potion Belt","Black Star","Toxic Egg 2"],"acts_visited":["Exordium","TheCity"],"potions_floor_usage":[16,18,22],"damage_taken":[{"damage":0,"enemies":"Small Slimes","floor":1,"turns":7},{"damage":1,"enemies":"Jaw Worm","floor":4,"turns":6},{"damage":6,"enemies":"2 Louse","floor":5,"turns":4},{"damage":25,"enemies":"Lagavulin","floor":10,"turns":5},{"damage":3,"enemies":"Looter","floor":11,"turns":2},{"damage":15,"enemies":"3 Sentries","floor":12,"turns":7},{"damage":1,"enemies":"Blue Slaver","floor":14,"turns":2},{"damage":27,"enemies":"The Guardian","floor":16,"turns":10},{"damage":23,"enemies":"2 Thieves","floor":18,"turns":5},{"damage":11,"enemies":"Shell Parasite","floor":22,"turns":4},{"damage":46,"enemies":"Masked Bandits","floor":24,"turns":3}],"seed_played":"8797178020662955266","potions_obtained":[{"floor":1,"key":"AttackPotion"},{"floor":5,"key":"Fire Potion"},{"floor":16,"key":"Explosive Potion"}],"is_trial":false,"path_per_floor":["M","$","?","M","M","R","T","R","T","E","M","E","?","M","R","B",null,"M","$","?","?","M","R","?"],"character_chosen":"THE_SILENT","items_purchased":["Noxious Fumes","Toxic Egg 2","Well Laid Plans"],"campfire_rested":2,"item_purchase_floors":[2,19,19],"current_hp_per_floor":[59,59,59,58,52,52,52,52,62,37,34,19,19,18,40,13,60,37,37,37,31,20,42,0,0],"gold":74,"neow_bonus":"RANDOM_COLORLESS_2","is_daily":false,"chose_seed":false,"campfire_upgraded":2,"win_rate":0.0,"timestamp":1612999943,"path_taken":["M","$","?","M","M","R","?","R","T","E","M","E","?","M","R","BOSS","M","$","?","?","M","R","?"],"items_purchased_type":["Card","Relic","Card"],"build_version":"2020-12-13","purchased_purges":2,"victory":false,"max_hp_per_floor":[66,66,66,66,66,66,66,66,76,76,76,76,76,76,76,76,76,76,76,76,76,76,76,76,76],"relic_stats":{"Gremlin Horn":[3,3],"counters":[11,55],"Tingsha":[18],"Black Star":0,"obtain_stats":[{"Potion Belt":12,"Pear":9,"Gremlin Horn":7,"Tingsha":10,"Black Star":17,"Toxic Egg 2":19,"Ring of the Snake":0},{"Potion Belt":6,"Pear":3,"Gremlin Horn":3,"Tingsha":4,"Black Star":8,"Toxic Egg 2":9,"Ring of the Snake":0},{"Potion Belt":31,"Pear":17,"Gremlin Horn":17,"Tingsha":22,"Black Star":43,"Toxic Egg 2":48,"Ring of the Snake":0}],"Ring of the Snake":[22]},"card_choices":[{"not_picked":["Master of Strategy","Magnetism"],"picked":"HandOfGreed","floor":0},{"not_picked":["Flying Knee","Endless Agony"],"picked":"Blade Dance","floor":1},{"not_picked":["Acrobatics","Underhanded Strike"],"picked":"Deadly Poison","floor":4},{"not_picked":["Dodge and Roll","Backflip"],"picked":"Terror","floor":5},{"not_picked":["Concentrate","Sucker Punch"],"picked":"Flying Knee","floor":10},{"not_picked":["Bouncing Flask","Caltrops"],"picked":"Dagger Spray","floor":11},{"not_picked":["Deflect","Dagger Spray"],"picked":"Adrenaline","floor":12},{"not_picked":["Infinite Blades","Tactician"],"picked":"PiercingWail","floor":14},{"not_picked":["Phantasmal Killer","Glass Knife"],"picked":"A Thousand Cuts","floor":16},{"not_picked":["Infinite Blades","PiercingWail"],"picked":"Prepared","floor":18},{"not_picked":["Skewer","Calculated Gamble+1"],"picked":"Leg Sweep+1","floor":22}],"player_experience":506689,"relics_obtained":[{"floor":7,"key":"Gremlin Horn"},{"floor":9,"key":"Pear"},{"floor":10,"key":"Tingsha"},{"floor":12,"key":"Potion Belt"}],"event_choices":[{"damage_healed":0,"gold_gain":51,"player_choice":"Gained Gold","damage_taken":0,"max_hp_gain":0,"max_hp_loss":0,"event_name":"Golden Wing","floor":3,"gold_loss":0},{"damage_healed":0,"gold_gain":0,"player_choice":"Left Gold","damage_taken":0,"max_hp_gain":0,"max_hp_loss":0,"event_name":"World of Goop","floor":13,"gold_loss":36},{"damage_healed":0,"gold_gain":0,"player_choice":"Ignored","damage_taken":0,"max_hp_gain":0,"max_hp_loss":0,"event_name":"Ghosts","floor":20,"gold_loss":0},{"damage_healed":0,"gold_gain":0,"player_choice":"Joined the Cult","damage_taken":6,"max_hp_gain":0,"max_hp_loss":0,"event_name":"Nest","floor":21,"gold_loss":0,"cards_obtained":["RitualDagger"]},{"damage_healed":0,"gold_gain":0,"player_choice":"Fought Bandits","damage_taken":0,"max_hp_gain":0,"max_hp_loss":0,"event_name":"Masked Bandits","floor":24,"gold_loss":0}],"is_beta":false,"boss_relics":[{"not_picked":["Fusion Hammer","Sozu"],"picked":"Black Star"}],"items_purged_floors":[2,19],"is_endless":false,"potions_floor_spawned":[1,5,16],"killed_by":"Masked Bandits","ascension_level":15}}