{"host":"5p9hybygolzp0efr","time":1612929189,"event":{"mods":["AchievementEnabler","BaseMod","Bestiary","Colored Map","Minty Spire (QoL Compilation)","Permanent Neow","Relic Stats","StSLib"],"gold_per_floor":[112,126,140,140,140,169,179,179,224,253,110,125,145,161,161,266,266,282,297,297,316,335,362,362,362,362,155,168,188,188,188],"floor_reached":30,"language":"ENG","playtime":1683,"items_purged":[],"score":451,"play_id":"392e32bf-da76-487b-bf55-2579e5b2f3d8","local_time":"20210210115309","is_ascension_mode":true,"campfire_choices":[{"data":"MentalFortress","floor":8,"key":"SMITH"},{"data":"Eruption","floor":15,"key":"SMITH"},{"data":"Vigilance","floor":24,"key":"SMITH"}],"circlet_count":0,"master_deck":["AscendersBane","Eruption+1","Vigilance+1","MentalFortress+1","FlurryOfBlows","WaveOfTheHand","FlurryOfBlows","Halt"],"relics":["Pandora\u0027s Box","Kunai","Orichalcum","Lantern","Sling","Busted Crown","Mercury Hourglass","Pear","Medical Kit"],"acts_visited":["Exordium","TheCity"],"potions_floor_usage":[21,30,30],"damage_taken":[{"damage":10.0,"enemies":"Small Slimes","floor":1.0,"turns":7.0},{"damage":7.0,"enemies":"2 Louse","floor":2.0,"turns":5.0},{"damage":0.0,"enemies":"Jaw Worm","floor":3.0,"turns":3.0},{"damage":4,"enemies":"Gremlin Nob","floor":6,"turns":5},{"damage":3,"enemies":"Gremlin Gang","floor":7,"turns":6},{"damage":0,"enemies":"Lagavulin","floor":10,"turns":8},{"damage":1,"enemies":"Blue Slaver","floor":12,"turns":3},{"damage":2,"enemies":"Looter","floor":13,"turns":4},{"damage":6,"enemies":"Red Slaver","floor":14,"turns":5},{"damage":8,"enemies":"Slime Boss","floor":16,"turns":15},{"damage":0,"enemies":"Chosen","floor":18,"turns":6},{"damage":0,"enemies":"3 Byrds","floor":19,"turns":6},{"damage":18,"enemies":"Sentry and Sphere","floor":21,"turns":8},{"damage":4,"enemies":"Shelled Parasite and Fungi","floor":22,"turns":6},{"damage":4,"enemies":"Book of Stabbing","floor":23,"turns":6},{"damage":6,"enemies":"Centurion and Healer","floor":28,"turns":6},{"damage":0,"enemies":"3 Cultists","floor":29,"turns":5},{"damage":40,"enemies":"Slavers","floor":30,"turns":3}],"seed_played":"-6245977691572816901","potions_obtained":[{"floor":1.0,"key":"LiquidMemories"},{"floor":3.0,"key":"BlessingOfTheForge"},{"floor":7,"key":"Fruit Juice"},{"floor":14,"key":"ColorlessPotion"},{"floor":22,"key":"Explosive Potion"}],"is_trial":false,"path_per_floor":["M","M","M","?","?","E","M","R","T","E","$","M","M","M","R","B",null,"M","M","?","M","M","E","R","?","T","$","M","M","E"],"character_chosen":"WATCHER","items_purchased":["Sling","FlurryOfBlows","Medical Kit"],"campfire_rested":0,"item_purchase_floors":[11,27,27],"current_hp_per_floor":[55,48,48,48,48,44,41,41,41,41,41,40,38,32,32,24,60,60,60,60,42,38,34,34,34,44,44,38,38,0,0],"gold":188,"neow_bonus":"BOSS_RELIC","is_daily":false,"chose_seed":false,"campfire_upgraded":3,"win_rate":0.0,"timestamp":1612929189,"path_taken":["M","M","M","?","?","E","M","R","T","E","?","M","?","M","R","BOSS","M","M","?","M","M","E","R","?","T","$","M","?","E"],"items_purchased_type":["Relic","Card","Relic"],"build_version":"2020-12-22","purchased_purges":0,"victory":false,"max_hp_per_floor":[72,72,72,72,72,72,72,72,72,72,72,72,72,72,72,72,72,72,72,72,72,72,72,72,72,82,82,82,82,82,82],"relic_stats":{"Busted Crown":14,"counters":[18,107],"Pandora\u0027s Box":["Crescendo","Brilliance","Consecrate","WaveOfTheHand","Vengeance","Wireheading","SignatureMove","WreathOfFlame"],"Kunai":[64],"Orichalcum":[36],"Medical Kit":[2],"obtain_stats":[{"Lantern":10,"Busted Crown":17,"Pear":26,"Pandora\u0027s Box":0,"Kunai":6,"PureWater":0,"Orichalcum":9,"Sling":11,"Medical Kit":27,"Mercury Hourglass":23},{"Lantern":6,"Busted Crown":10,"Pear":15,"Pandora\u0027s Box":0,"Kunai":4,"PureWater":0,"Orichalcum":5,"Sling":6,"Medical Kit":15,"Mercury Hourglass":15},{"Lantern":34,"Busted Crown":61,"Pear":93,"Pandora\u0027s Box":0,"Kunai":20,"PureWater":0,"Orichalcum":26,"Sling":34,"Medical Kit":93,"Mercury Hourglass":93}],"Mercury Hourglass":[90]},"card_choices":[{"not_picked":["Crescendo","Weave"],"picked":"MentalFortress","floor":1.0},{"not_picked":["Vengeance","Nirvana"],"picked":"FlurryOfBlows","floor":2.0},{"not_picked":["Evaluate","FlurryOfBlows"],"picked":"WaveOfTheHand","floor":3.0},{"not_picked":["Pray","BowlingBash","CarveReality"],"picked":"SKIP","floor":6},{"not_picked":["WreathOfFlame","ThirdEye","PathToVictory"],"picked":"SKIP","floor":7},{"not_picked":["WreathOfFlame","ThirdEye","PathToVictory"],"picked":"SKIP","floor":7},{"not_picked":["Collect","JustLucky","Sanctity"],"picked":"SKIP","floor":10},{"not_picked":["EmptyFist","Prostrate","Pray"],"picked":"SKIP","floor":12},{"not_picked":["JustLucky","BowlingBash","Crescendo"],"picked":"SKIP","floor":13},{"not_picked":["JustLucky","CarveReality","WreathOfFlame"],"picked":"SKIP","floor":14},{"not_picked":["ClearTheMind"],"picked":"SKIP","floor":18},{"not_picked":["ThirdEye"],"picked":"SKIP","floor":19},{"not_picked":["Crescendo"],"picked":"SKIP","floor":21},{"not_picked":["EmptyBody"],"picked":"SKIP","floor":22},{"not_picked":["Scrawl"],"picked":"SKIP","floor":23},{"not_picked":["SashWhip"],"picked":"SKIP","floor":28},{"not_picked":[],"picked":"Halt","floor":29}],"player_experience":610262,"relics_obtained":[{"floor":6,"key":"Kunai"},{"floor":9,"key":"Orichalcum"},{"floor":10,"key":"Lantern"},{"floor":23,"key":"Mercury Hourglass"},{"floor":26,"key":"Pear"}],"event_choices":[{"damage_healed":0.0,"max_hp_gain":0.0,"max_hp_loss":0.0,"gold_gain":0.0,"event_name":"Liars Game","player_choice":"Ignored","floor":4.0,"gold_loss":0.0,"damage_taken":0.0},{"damage_healed":0.0,"max_hp_gain":0.0,"max_hp_loss":0.0,"gold_gain":0.0,"event_name":"The Cleric","player_choice":"Leave","floor":5.0,"gold_loss":0.0,"damage_taken":0.0},{"damage_healed":0,"gold_gain":0,"player_choice":"Ignored","damage_taken":0,"max_hp_gain":0,"max_hp_loss":0,"event_name":"Ghosts","floor":20,"gold_loss":0},{"damage_healed":0,"gold_gain":0,"player_choice":"Ignored","damage_taken":0,"max_hp_gain":0,"max_hp_loss":0,"event_name":"Transmorgrifier","floor":25,"gold_loss":0}],"is_beta":false,"boss_relics":[{"not_picked":["Philosopher\u0027s Stone","Runic Dome"],"picked":"Busted Crown"}],"items_purged_floors":[],"is_endless":false,"potions_floor_spawned":[1,3,7,14,19,22,28],"killed_by":"Slavers","ascension_level":11}}