{"host":"i0avyit1s6jb1siw","time":1612949649,"event":{"mods":["BaseMod","DeckTracker","Dota2Spire","Highlight Path","Minty Spire (QoL Compilation)","Quick Restart","StSLib","SuperFastMode"],"gold_per_floor":[116,191,207,132,132,132,159,174,199,224,256,256,273,273,292,292,366,366,385,385,1,29,29,29,29,29,56,83,96,127,27,77,90,90,166,166,181,181,181,192,86,86,102,102,126,126,126,153,167,200,200,225,306,306,306,306,306,306],"floor_reached":57,"language":"ENG","playtime":1244,"items_purged":["Defend_P","Defend_P"],"score":1682,"play_id":"361635a6-fd7e-4a24-8699-c236113a432c","local_time":"20210210103409","is_ascension_mode":true,"campfire_choices":[{"data":"Eruption","floor":6.0,"key":"SMITH"},{"data":"CrushJoints","floor":14.0,"key":"SMITH"},{"data":"Vault","floor":16.0,"key":"SMITH"},{"data":"Meditate","floor":24.0,"key":"SMITH"},{"data":"EmptyFist","floor":26.0,"key":"SMITH"},{"data":"Crescendo","floor":34.0,"key":"SMITH"},{"data":"Apotheosis","floor":42.0,"key":"SMITH"},{"floor":44.0,"key":"RECALL"},{"floor":47.0,"key":"REST"},{"floor":54,"key":"REST"},{"floor":55,"key":"REST"}],"circlet_count":0,"master_deck":["AscendersBane","Strike_P","Defend_P+1","Eruption+1","Vigilance","ForeignInfluence+1","CrushJoints+1","Vault+1","Protect","SpiritShield","EmptyFist+1","MentalFortress+1","Crescendo+1","MentalFortress+1","DevaForm+1","Meditate+1","Establishment+1","Apotheosis+1","Thinking Ahead","Adaptation+1","FlyingSleeves","Tantrum","Vault"],"relics":["PureWater","NeowsBlessing","Bronze Scales","Ancient Tea Set","Yang","Dota2Spire:Bloodstone","Frozen Egg 2","Red Mask","Centennial Puzzle","PreservedInsect","Pen Nib","Philosopher\u0027s Stone","Dota2Spire:PhaseBoots","Strawberry","Eternal Feather"],"acts_visited":["Exordium","TheCity","TheBeyond"],"potions_floor_usage":[52,52,52],"damage_taken":[{"damage":0.0,"enemies":"Jaw Worm","floor":1.0,"turns":1.0},{"damage":0.0,"enemies":"2 Louse","floor":3.0,"turns":1.0},{"damage":0.0,"enemies":"Lagavulin","floor":7.0,"turns":1.0},{"damage":0.0,"enemies":"Small Slimes","floor":8.0,"turns":2.0},{"damage":0.0,"enemies":"Gremlin Nob","floor":11.0,"turns":2.0},{"damage":0.0,"enemies":"2 Fungi Beasts","floor":13.0,"turns":3.0},{"damage":0.0,"enemies":"Blue Slaver","floor":15.0,"turns":3.0},{"damage":0.0,"enemies":"Slime Boss","floor":17.0,"turns":5.0},{"damage":6.0,"enemies":"Shell Parasite","floor":19.0,"turns":6.0},{"damage":1.0,"enemies":"Masked Bandits","floor":22.0,"turns":4.0},{"damage":0.0,"enemies":"2 Thieves","floor":29.0,"turns":4.0},{"damage":2.0,"enemies":"Gremlin Leader","floor":30.0,"turns":3.0},{"damage":0.0,"enemies":"Shelled Parasite and Fungi","floor":33.0,"turns":5.0},{"damage":33.0,"enemies":"Automaton","floor":35.0,"turns":13.0},{"damage":0.0,"enemies":"Orb Walker","floor":37.0,"turns":3.0},{"damage":2.0,"enemies":"3 Shapes","floor":40.0,"turns":6.0},{"damage":0.0,"enemies":"3 Darklings","floor":43.0,"turns":4.0},{"damage":46,"enemies":"Nemesis","floor":48,"turns":4},{"damage":0,"enemies":"Maw","floor":49,"turns":5},{"damage":5,"enemies":"Reptomancer","floor":50,"turns":3},{"damage":37,"enemies":"Nemesis","floor":52,"turns":6},{"damage":0,"enemies":"4 Shapes","floor":53,"turns":7},{"damage":1,"enemies":"Awakened One","floor":56,"turns":8},{"damage":97,"enemies":"Time Eater","floor":57,"turns":8}],"seed_played":"-8978382139616170454","potions_obtained":[{"floor":1.0,"key":"AttackPotion"},{"floor":3.0,"key":"Weak Potion"},{"floor":8.0,"key":"EntropicBrew"},{"floor":15.0,"key":"FearPotion"},{"floor":17.0,"key":"GamblersBrew"},{"floor":37.0,"key":"BottledMiracle"},{"floor":52,"key":"Ancient Potion"}],"is_trial":false,"path_per_floor":["M","?","M","$","?","R","E","M","T","T","E","?","M","R","M","R","B",null,"M","?","$","?","?","R","$","R","T","T","M","E","$","?","M","R","B",null,"M","?","?","M","$","R","M","R","T","T","R","E","M","E","?","E","M","R","R","B","B"],"character_chosen":"WATCHER","items_purchased":["Frozen Egg 2","MentalFortress+1","Crescendo","Adaptation+1","FlyingSleeves"],"campfire_rested":3,"item_purchase_floors":[21,21,21,41,41],"current_hp_per_floor":[61,50,50,50,30,30,30,30,30,30,30,35,35,35,35,35,35,64,58,58,58,57,57,57,57,57,57,57,57,55,55,55,55,55,22,60,60,50,50,48,48,48,48,48,48,48,69,30,30,25,25,24,24,60,80,79,0,0],"gold":306,"neow_bonus":"THREE_ENEMY_KILL","is_daily":false,"chose_seed":false,"campfire_upgraded":7,"win_rate":0.0,"timestamp":1612949649,"path_taken":["M","?","M","$","?","R","E","M","T","T","E","?","M","R","M","R","BOSS","M","?","$","?","?","R","?","R","T","T","?","E","$","?","M","R","BOSS","M","?","?","M","$","R","M","R","T","T","R","E","?","E","?","E","M","R","R","BOSS","BOSS"],"items_purchased_type":["Relic","Card","Card","Card","Card"],"build_version":"2020-12-22","purchased_purges":2,"victory":false,"max_hp_per_floor":[68,68,68,68,68,68,68,68,68,68,68,73,73,73,73,73,73,73,73,73,73,73,73,73,73,73,73,73,73,73,73,73,73,73,73,73,73,73,73,73,73,73,73,73,73,73,73,80,80,80,80,80,80,80,80,80,80,80],"card_choices":[{"not_picked":["JustLucky","Fasting2"],"picked":"ForeignInfluence","floor":1.0},{"not_picked":["FlurryOfBlows","Consecrate"],"picked":"CrushJoints","floor":3.0},{"not_picked":["WaveOfTheHand","Prostrate","ClearTheMind"],"picked":"SKIP","floor":7.0},{"not_picked":["FollowUp","EmptyBody","Study"],"picked":"SKIP","floor":8.0},{"not_picked":["JustLucky","SignatureMove"],"picked":"Vault","floor":11.0},{"not_picked":["PathToVictory","CrushJoints","FlurryOfBlows"],"picked":"SKIP","floor":13.0},{"not_picked":["Crescendo","Evaluate"],"picked":"Protect","floor":15.0},{"not_picked":["Wish","Judgement"],"picked":"SpiritShield","floor":17.0},{"not_picked":["EmptyMind","FlyingSleeves"],"picked":"EmptyFist","floor":19.0},{"not_picked":["FlurryOfBlows","WindmillStrike"],"picked":"MentalFortress+1","floor":22.0},{"not_picked":["ClearTheMind","Perseverance","ReachHeaven+1"],"picked":"SKIP","floor":29.0},{"not_picked":["Evaluate","WindmillStrike","Prostrate"],"picked":"SKIP","floor":30.0},{"not_picked":["Halt","Evaluate","Fasting2+1"],"picked":"SKIP","floor":33.0},{"not_picked":["DevaForm+1","Ragnarok"],"picked":"Establishment+1","floor":35.0},{"not_picked":["WindmillStrike","Wireheading+1","Halt"],"picked":"SKIP","floor":37.0},{"not_picked":["Deep Breath","Metamorphosis"],"picked":"Apotheosis","floor":38.0},{"not_picked":["Purity","Trip"],"picked":"Thinking Ahead","floor":38.0},{"not_picked":["CutThroughFate","EmptyBody","BowlingBash+1"],"picked":"SKIP","floor":40.0},{"not_picked":["CutThroughFate","EmptyBody","BowlingBash+1"],"picked":"SKIP","floor":40.0},{"not_picked":["EmptyFist","ClearTheMind","CutThroughFate"],"picked":"SKIP","floor":43.0},{"not_picked":["DeceiveReality","SpiritShield"],"picked":"Tantrum","floor":48},{"not_picked":["FlurryOfBlows","EmptyBody","SashWhip"],"picked":"SKIP","floor":49},{"not_picked":["Vengeance","Alpha","Indignation"],"picked":"SKIP","floor":50},{"not_picked":["WreathOfFlame","Perseverance"],"picked":"Vault","floor":52},{"not_picked":["JustLucky+1","FollowUp+1","ClearTheMind"],"picked":"SKIP","floor":53}],"player_experience":2432315,"relics_obtained":[{"floor":7.0,"key":"Bronze Scales"},{"floor":10.0,"key":"Ancient Tea Set"},{"floor":11.0,"key":"Yang"},{"floor":22.0,"key":"Red Mask"},{"floor":27.0,"key":"Centennial Puzzle"},{"floor":28.0,"key":"PreservedInsect"},{"floor":30.0,"key":"Pen Nib"},{"floor":45.0,"key":"Dota2Spire:PhaseBoots"},{"floor":48,"key":"Strawberry"},{"floor":50,"key":"Eternal Feather"}],"event_choices":[{"damage_healed":0.0,"max_hp_gain":0.0,"max_hp_loss":0.0,"gold_gain":75.0,"event_name":"World of Goop","player_choice":"Gather Gold","floor":2.0,"gold_loss":0.0,"damage_taken":11.0},{"damage_healed":0.0,"max_hp_gain":0.0,"max_hp_loss":0.0,"gold_gain":0.0,"event_name":"Shining Light","player_choice":"Entered Light","floor":5.0,"gold_loss":0.0,"damage_taken":20.0,"cards_upgraded":["ForeignInfluence","Defend_P"]},{"damage_healed":0.0,"max_hp_gain":5.0,"max_hp_loss":0.0,"gold_gain":0.0,"event_name":"Big Fish","player_choice":"Donut","floor":12.0,"gold_loss":0.0,"damage_taken":0.0},{"damage_healed":0.0,"max_hp_gain":0.0,"max_hp_loss":0.0,"gold_gain":0.0,"event_name":"Ghosts","player_choice":"Ignored","floor":20.0,"gold_loss":0.0,"damage_taken":0.0},{"damage_healed":0.0,"max_hp_gain":0.0,"max_hp_loss":0.0,"gold_gain":0.0,"event_name":"Masked Bandits","player_choice":"Fought Bandits","floor":22.0,"gold_loss":0.0,"damage_taken":0.0},{"damage_healed":0.0,"max_hp_gain":0.0,"max_hp_loss":0.0,"gold_gain":0.0,"cards_transformed":["Strike_P","Strike_P"],"event_name":"Drug Dealer","player_choice":"Became Test Subject","floor":23.0,"gold_loss":0.0,"damage_taken":0.0,"cards_obtained":["DevaForm","Meditate"]},{"damage_healed":0.0,"max_hp_gain":0.0,"max_hp_loss":0.0,"gold_gain":50.0,"event_name":"Nest","player_choice":"Stole From Cult","floor":32.0,"gold_loss":0.0,"damage_taken":0.0},{"damage_healed":0.0,"max_hp_gain":0.0,"max_hp_loss":0.0,"gold_gain":0.0,"event_name":"SensoryStone","player_choice":"Memory 3","floor":38.0,"gold_loss":0.0,"damage_taken":10.0},{"cards_removed":["Defend_P"],"damage_healed":0.0,"max_hp_gain":0.0,"max_hp_loss":0.0,"gold_gain":0.0,"event_name":"Purifier","player_choice":"Purged","floor":39.0,"gold_loss":0.0,"damage_taken":0.0},{"cards_removed":["Strike_P"],"damage_healed":0,"gold_gain":0,"player_choice":"Removed Attack","damage_taken":0,"max_hp_gain":0,"max_hp_loss":0,"event_name":"Falling","floor":51,"gold_loss":0}],"is_beta":false,"boss_relics":[{"not_picked":["Black Star","VioletLotus"],"picked":"Dota2Spire:Bloodstone"},{"not_picked":["Cursed Key","Tiny House"],"picked":"Philosopher\u0027s Stone"}],"items_purged_floors":[4,31],"is_endless":false,"potions_floor_spawned":[1,3,8,15,17,29,30,37,48,50,52],"killed_by":"Time Eater","ascension_level":20}}