{"host":"ej72cplobca8grby","time":1612957614,"event":{"mods":["BaseMod","Downfall","Minty Spire (QoL Compilation)","StSLib"],"gold_per_floor":[99,114,114,214,225,260,260,280,292,308,328,328,428,165,183,280,280,80,90,108,108,168,219,290,290,427,427,500,560,592,644,701,806,806,806,862,913,972,972,1025,1051,951,549,617,246,297,369,394,450,490,490,560,120,120,120,120],"floor_reached":57,"language":"ENG","playtime":4371,"items_purged":["bronze:Strike","bronze:Break","bronze:ChildClass","bronze:WhirlingStrike"],"score":1458,"play_id":"1e18b7fa-1d1b-487a-9b30-38a6aae1c9ce","local_time":"20210210134654","is_ascension_mode":true,"campfire_choices":[{"data":"bronze:Goto","floor":1,"key":"SMITH"},{"floor":12,"key":"RECALL"},{"data":"bronze:Philosophize","floor":18,"key":"SMITH"},{"data":"bronze:HardenedForm","floor":25,"key":"SMITH"},{"data":"bronze:Virus","floor":27,"key":"SMITH"},{"data":"bronze:Deprecate","floor":35,"key":"SMITH"},{"data":"bronze:Terminator","floor":42,"key":"SMITH"},{"data":"bronze:Verify","floor":54,"key":"SMITH"}],"circlet_count":0,"master_deck":["bronze:Goto+1","bronze:InfiniteBeams","bronze:Frontload","bronze:Deprecate+1","bronze:Virus+1","bronze:DelayedGuard","bronze:Philosophize+1","bronze:HardenedForm+1","bronze:Terminator+1","bronze:FindAndReplace","bronze:Repulsor+1","bronze:Verify+1","bronze:Safeguard","bronze:GetLatest","bronze:Repair","bronze:Refactor+1"],"relics":["bronze:BronzeCore","Bag of Marbles","Nunchaku","Ornamental Fan","Runic Pyramid","downfall:HeartBlessingRed","downfall:HeartBlessingGreen","downfall:KnowingSkull","HornCleat","Vajra","Eternal Feather","Meat on the Bone","Pandora\u0027s Box","downfall:HeartBlessingBlue","Bag of Preparation","Orichalcum","Ancient Tea Set","Shuriken","Akabeko","Strawberry","Mango","Incense Burner"],"acts_visited":["Exordium","TheCity","TheBeyond","TheEnding"],"potions_floor_usage":[30,30,30,36,56,56],"damage_taken":[{"damage":8,"enemies":"Small Slimes","floor":2,"turns":2},{"damage":0,"enemies":"Cultist","floor":5,"turns":4},{"damage":5,"enemies":"3 Sentries","floor":6,"turns":9},{"damage":0,"enemies":"Jaw Worm","floor":8,"turns":2},{"damage":2,"enemies":"Blue Slaver","floor":9,"turns":3},{"damage":0,"enemies":"Red Slaver","floor":10,"turns":3},{"damage":0,"enemies":"Large Slime","floor":11,"turns":5},{"damage":0,"enemies":"downfall:FleeingMerchant","floor":14,"turns":4},{"damage":6,"enemies":"3 Louse","floor":15,"turns":4},{"damage":11,"enemies":"DF_ARCHETYPE_STREAMLINE","floor":16,"turns":5},{"damage":0,"enemies":"Shell Parasite","floor":19,"turns":4},{"damage":0,"enemies":"3 Byrds","floor":20,"turns":2},{"damage":3,"enemies":"Snecko","floor":22,"turns":4},{"damage":5,"enemies":"Snake Plant","floor":23,"turns":3},{"damage":3,"enemies":"downfall:FleeingMerchant","floor":26,"turns":4},{"damage":7,"enemies":"Book of Stabbing","floor":28,"turns":4},{"damage":12,"enemies":"Chosen and Byrds","floor":29,"turns":3},{"damage":20,"enemies":"Slavers","floor":30,"turns":3},{"damage":3,"enemies":"Cultist and Chosen","floor":31,"turns":5},{"damage":5,"enemies":"Centurion and Healer","floor":32,"turns":3},{"damage":16,"enemies":"SI_MIRROR_ARCHETYPE","floor":33,"turns":5},{"damage":27,"enemies":"3 Shapes","floor":36,"turns":5},{"damage":14,"enemies":"Orb Walker","floor":37,"turns":4},{"damage":6,"enemies":"Spire Growth","floor":38,"turns":3},{"damage":9,"enemies":"3 Darklings","floor":40,"turns":4},{"damage":10,"enemies":"Giant Head","floor":44,"turns":4},{"damage":19,"enemies":"Maw","floor":46,"turns":6},{"damage":11,"enemies":"Nemesis","floor":47,"turns":7},{"damage":4,"enemies":"Spire Growth","floor":49,"turns":4},{"damage":11,"enemies":"IC_BLOCK_ARCHETYPE","floor":50,"turns":3},{"damage":7,"enemies":"downfall:CharBossMerchant","floor":52,"turns":3},{"damage":8,"enemies":"downfall:NeowBoss","floor":55,"turns":9},{"damage":68,"enemies":"downfall:NeowBossFinal","floor":56,"turns":10}],"seed_played":"-1432238812883400693","potions_obtained":[{"floor":6,"key":"Dexterity Potion"},{"floor":9,"key":"Weak Potion"},{"floor":11,"key":"EssenceOfSteel"},{"floor":22,"key":"EntropicBrew"},{"floor":31,"key":"DistilledChaos"},{"floor":40,"key":"AttackPotion"},{"floor":44,"key":"Guardian:BlockOnCardUsePotion"},{"floor":47,"key":"FearPotion"}],"is_trial":false,"path_per_floor":["R","M","?","?","M","E","T","M","M","M","M","R","?","$","M","B",null,"R","M","M","?","M","M","T","R","$","R","E","M","E","M","M","B",null,"R","M","M","M","?","M","T","R","$","E","$","M","E","?","M","B",null,"E","$","R","B","B",null],"character_chosen":"THE_AUTOMATON","items_purchased":["Ornamental Fan","Vajra","Bag of Preparation","Orichalcum","Shuriken","Incense Burner"],"campfire_rested":0,"item_purchase_floors":[14,26,43,43,45,53],"current_hp_per_floor":[70,62,62,62,62,57,57,57,55,55,55,55,55,55,49,38,70,70,70,70,63,60,55,55,55,52,52,45,33,13,22,29,25,70,70,50,36,42,42,45,45,64,64,54,54,42,50,57,53,54,87,94,94,101,93,37],"gold":120,"neow_bonus":"THREE_CARDS","is_daily":false,"chose_seed":false,"campfire_upgraded":7,"win_rate":0.0,"timestamp":1612957614,"path_taken":["R","M","?","?","M","E","T","M","M","M","?","R","?","$","M","BOSS","R","M","M","?","M","M","T","R","$","R","E","M","E","?","M","BOSS","R","M","M","M","?","M","T","R","$","E","$","M","E","?","M","BOSS","E","$","R","BOSS","BOSS"],"items_purchased_type":["Relic","Relic","Relic","Relic","Relic","Relic"],"build_version":"2020-12-22","purchased_purges":4,"victory":true,"max_hp_per_floor":[70,70,70,70,70,70,70,70,70,70,70,70,70,70,70,70,70,70,70,70,70,70,70,70,70,70,70,70,70,70,70,70,70,70,70,70,70,70,70,70,70,80,80,80,80,80,80,87,87,87,87,101,101,101,101,101],"card_choices":[{"not_picked":["bronze:Frontload","bronze:Deprecate"],"picked":"bronze:InfiniteBeams","floor":0},{"not_picked":["bronze:BitShift","bronze:FollowUp","bronze:CutThrough"],"picked":"SKIP","floor":2},{"not_picked":["bronze:DelayedSlice","bronze:FineTuning"],"picked":"bronze:Deprecate","floor":5},{"not_picked":["bronze:FindAndReplace","bronze:BitShift"],"picked":"bronze:Virus","floor":6},{"not_picked":["bronze:Shell","bronze:Overload","bronze:FineTuning"],"picked":"SKIP","floor":8},{"not_picked":["bronze:CutThrough","bronze:Overheat","bronze:Deprecate"],"picked":"SKIP","floor":9},{"not_picked":["bronze:OilSpill","bronze:Shield"],"picked":"bronze:DelayedGuard","floor":10},{"not_picked":["bronze:Separator","bronze:DarkDash"],"picked":"bronze:Philosophize","floor":11},{"not_picked":["bronze:Branch","bronze:FineTuning"],"picked":"bronze:HardenedForm","floor":14},{"not_picked":["bronze:Frontload","bronze:BugBarrage"],"picked":"bronze:Terminator","floor":15},{"not_picked":["bronze:CutThrough+1","bronze:Separator","bronze:InfiniteBeams"],"picked":"SKIP","floor":19},{"not_picked":["bronze:Turbo+1","bronze:ChosenStrike","bronze:DarkDash"],"picked":"SKIP","floor":20},{"not_picked":["bronze:ItsAFeature","bronze:Turbo","bronze:BitShift"],"picked":"SKIP","floor":22},{"not_picked":["bronze:Return","bronze:Frontload","bronze:Branch+1"],"picked":"SKIP","floor":23},{"not_picked":["bronze:DelayedGuard+1","bronze:BitShift","bronze:ForceShield"],"picked":"SKIP","floor":26},{"not_picked":["bronze:Turbo","bronze:Separator"],"picked":"bronze:FindAndReplace","floor":28},{"not_picked":["bronze:DelayedGuard","bronze:Overload+1"],"picked":"bronze:Repulsor+1","floor":29},{"not_picked":["bronze:Flail","bronze:Repulsor","bronze:BugBarrage"],"picked":"SKIP","floor":30},{"not_picked":["bronze:DelayedSlice","bronze:WhirlingStrike"],"picked":"bronze:Verify","floor":31},{"not_picked":["bronze:Repair","bronze:Separator","bronze:Constructor"],"picked":"SKIP","floor":32},{"not_picked":["bronze:DelayedGuard","bronze:OilSpill+1","bronze:Constructor+1"],"picked":"SKIP","floor":36},{"not_picked":["bronze:BronzeArmor+1","bronze:ForceShield+1","bronze:ChildClass+1"],"picked":"SKIP","floor":37},{"not_picked":["bronze:DelayedGuard","bronze:WildBeam"],"picked":"bronze:Refactor+1","floor":38},{"not_picked":["bronze:BuggyMess","bronze:BugBarrage+1","bronze:Optimize+1"],"picked":"SKIP","floor":40},{"not_picked":["bronze:Overheat+1","bronze:Invalidate","bronze:BuggyMess"],"picked":"SKIP","floor":44},{"not_picked":["bronze:Backtrace+1","bronze:ThunderWave","bronze:Iterate+1"],"picked":"SKIP","floor":46},{"not_picked":["bronze:DarkDash","bronze:DelayedGuard","bronze:DelayedSlice+1"],"picked":"SKIP","floor":47},{"not_picked":["bronze:CutThrough+1","bronze:DigitalCarnage","bronze:BronzeArmor+1"],"picked":"SKIP","floor":49},{"not_picked":["bronze:Shield","bronze:Overload","bronze:ChosenStrike"],"picked":"SKIP","floor":52}],"player_experience":1217543,"relics_obtained":[{"floor":6,"key":"Bag of Marbles"},{"floor":7,"key":"Nunchaku"},{"floor":24,"key":"HornCleat"},{"floor":28,"key":"Eternal Feather"},{"floor":30,"key":"Meat on the Bone"},{"floor":44,"key":"Ancient Tea Set"},{"floor":47,"key":"Akabeko"},{"floor":48,"key":"Strawberry"},{"floor":52,"key":"Mango"}],"event_choices":[{"cards_removed":["bronze:Replicate"],"damage_healed":0,"gold_gain":0,"player_choice":"Removed Attack","damage_taken":0,"max_hp_gain":0,"max_hp_loss":0,"event_name":"Falling","floor":39,"gold_loss":0}],"is_beta":false,"boss_relics":[{"not_picked":["Tiny House","Busted Crown"],"picked":"Runic Pyramid"},{"not_picked":["Velvet Choker","Philosopher\u0027s Stone"],"picked":"Pandora\u0027s Box"}],"items_purged_floors":[26,43,45,53],"is_endless":false,"potions_floor_spawned":[6,9,11,19,22,31,32,40,44,47,52],"ascension_level":1}}