{"host":"1focbxb2e8qu7ccd","time":1612927610,"event":{"mods":["AchievementEnabler","BaseMod","Bestiary","Highlight Path","Minty Spire (QoL Compilation)","Relic Stats"],"gold_per_floor":[116,135,147,72,18,45,45,64,64,64,101,71,98,148,148,233,233,252,252,252],"floor_reached":19,"language":"ENG","playtime":934,"items_purged":[],"score":354,"play_id":"17201ea8-fbb3-42e5-bbca-6fe7e24c6636","local_time":"20210209222650","is_ascension_mode":true,"campfire_choices":[{"data":"Dagger Spray","floor":7,"key":"SMITH"},{"data":"Finisher","floor":10,"key":"SMITH"},{"data":"Malaise","floor":15,"key":"SMITH"}],"circlet_count":0,"master_deck":["AscendersBane","Strike_G","Strike_G","Strike_G","Strike_G","Defend_G","Defend_G","Defend_G","Defend_G","Defend_G","Survivor","Neutralize","Blade Dance","Blade Dance","Dagger Spray+1","All Out Attack","Finisher+1","Terror","Footwork","Malaise+1","Phantasmal Killer"],"relics":["Ring of the Snake","CeramicFish","Singing Bowl","Black Star"],"acts_visited":["Exordium","TheCity"],"potions_floor_usage":[6,8,19,19],"damage_taken":[{"damage":1,"enemies":"Small Slimes","floor":1,"turns":3},{"damage":3,"enemies":"2 Louse","floor":2,"turns":2},{"damage":0,"enemies":"Cultist","floor":3,"turns":3},{"damage":11,"enemies":"Gremlin Nob","floor":6,"turns":3},{"damage":7,"enemies":"Blue Slaver","floor":8,"turns":4},{"damage":25,"enemies":"Lagavulin","floor":11,"turns":7},{"damage":9,"enemies":"Gremlin Gang","floor":13,"turns":2},{"damage":9,"enemies":"The Guardian","floor":16,"turns":12},{"damage":25,"enemies":"Shell Parasite","floor":18,"turns":5},{"damage":40,"enemies":"Chosen","floor":19,"turns":5}],"seed_played":"-4637105811448252627","potions_obtained":[{"floor":3,"key":"Regen Potion"},{"floor":6,"key":"SmokeBomb"},{"floor":16,"key":"Fire Potion"},{"floor":18,"key":"ColorlessPotion"}],"is_trial":false,"path_per_floor":["M","M","M","?","$","E","R","M","T","R","E","$","M","?","R","B",null,"M","M"],"character_chosen":"THE_SILENT","items_purchased":["SteroidPotion","Footwork"],"campfire_rested":0,"item_purchase_floors":[5,12],"current_hp_per_floor":[58,55,55,55,55,44,44,49,49,49,24,24,15,15,15,6,51,28,0,0],"gold":252,"neow_bonus":"THREE_CARDS","is_daily":false,"chose_seed":false,"campfire_upgraded":3,"win_rate":0.0,"timestamp":1612927610,"path_taken":["M","M","M","?","$","E","R","M","T","R","E","$","M","?","R","BOSS","M","M"],"items_purchased_type":["Potion","Card"],"build_version":"2020-12-22","purchased_purges":0,"victory":false,"max_hp_per_floor":[66,66,66,66,66,66,66,66,66,66,66,66,66,66,66,66,66,68,68,68],"relic_stats":{"Singing Bowl":2,"counters":[10,46],"CeramicFish":45,"Black Star":0,"obtain_stats":[{"Singing Bowl":11,"CeramicFish":6,"Black Star":17,"Ring of the Snake":0},{"Singing Bowl":6,"CeramicFish":4,"Black Star":8,"Ring of the Snake":0},{"Singing Bowl":22,"CeramicFish":11,"Black Star":36,"Ring of the Snake":0}],"Ring of the Snake":[20]},"card_choices":[{"not_picked":["Sucker Punch","Flying Knee"],"picked":"Blade Dance","floor":0},{"not_picked":["Cloak And Dagger","Bane"],"picked":"Blade Dance","floor":1},{"not_picked":["Blade Dance","Heel Hook"],"picked":"Dagger Spray","floor":2},{"not_picked":["Outmaneuver","Well Laid Plans"],"picked":"All Out Attack","floor":3},{"not_picked":["Predator","Dagger Spray","Bane"],"picked":"SKIP","floor":6},{"not_picked":["Skewer","Riddle With Holes"],"picked":"Finisher","floor":8},{"not_picked":["Flying Knee","Endless Agony"],"picked":"Terror","floor":11},{"not_picked":["Footwork","Accuracy"],"picked":"Malaise","floor":13},{"not_picked":["Night Terror","Die Die Die"],"picked":"Phantasmal Killer","floor":16},{"not_picked":["Outmaneuver","Blade Dance","Concentrate"],"picked":"Singing Bowl","floor":18}],"player_experience":921711,"relics_obtained":[{"floor":6,"key":"CeramicFish"},{"floor":11,"key":"Singing Bowl"}],"event_choices":[{"cards_removed":["Strike_G"],"damage_healed":0,"gold_gain":0,"player_choice":"Card Removal","damage_taken":0,"max_hp_gain":0,"max_hp_loss":0,"event_name":"The Cleric","floor":4,"gold_loss":75},{"damage_healed":0,"gold_gain":50,"player_choice":"Pray","damage_taken":0,"max_hp_gain":0,"max_hp_loss":0,"event_name":"Golden Shrine","floor":14,"gold_loss":0}],"is_beta":false,"boss_relics":[{"not_picked":["Coffee Dripper","HoveringKite"],"picked":"Black Star"}],"items_purged_floors":[],"is_endless":false,"potions_floor_spawned":[3,6,16,18],"killed_by":"Chosen","ascension_level":20}}