{"host":"6gwm7y0tp7acoxay","time":1612961541,"event":{"mods":["BaseMod","Colored Map","Keyboard Shortcuts","Minty Spire (QoL Compilation)","Quick Restart","StSLib","SuperFastMode","everything is the same but u backflip on backflip"],"gold_per_floor":[119,119,119,137,157,191,191,206,206,237,270,303,303,303,303,378,378,393,68,93,93,93,126,126,126,126,138,167,194,119,154,154,227,227,244,244,298,298,126,151,183,200,223,252,279,279,311,341,341,341,341,341,341,45,72,72],"floor_reached":57,"language":"KOR","playtime":1725,"items_purged":["Pommel Strike"],"score":3752,"play_id":"66d2b187-483e-43bf-b507-c793d4ec541f","local_time":"20210210215221","daily_mods":["SealedDeck","Heirloom","Flight"],"is_ascension_mode":true,"campfire_choices":[{"data":"Armaments","floor":7.0,"key":"SMITH"},{"floor":13.0,"key":"REST"},{"data":"Battle Trance","floor":15.0,"key":"SMITH"},{"floor":24.0,"key":"REST"},{"data":"Seeing Red","floor":32.0,"key":"SMITH"},{"floor":46.0,"key":"RECALL"},{"data":"Evolve","floor":49.0,"key":"SMITH"},{"data":"Whirlwind","floor":53.0,"key":"SMITH"}],"circlet_count":0,"master_deck":["AscendersBane","Flex","Sword Boomerang","Battle Trance+1","Shrug It Off","Spot Weakness","Seeing Red+1","Armaments+1","Double Tap","Impervious","Shockwave","Uppercut","Whirlwind+1","Second Wind+1","Evolve+1","Limit Break+1","Offering+1","Power Through+1"],"relics":["Burning Blood","Prayer Wheel","Juzu Bracelet","Toxic Egg 2","Turnip","Pantograph","Akabeko","Gremlin Horn","Sozu","Medical Kit","PreservedInsect","Red Mask","Regal Pillow","Calipers","Red Skull","Meat on the Bone","Happy Flower","Thread and Needle","Membership Card","Anchor","Ginger","Champion Belt","Darkstone Periapt","Bag of Preparation","CaptainsWheel","Ornamental Fan","Lantern"],"acts_visited":["Exordium","TheCity","TheBeyond","TheEnding"],"potions_floor_usage":[56],"damage_taken":[{"damage":1.0,"enemies":"Small Slimes","floor":1.0,"turns":3.0},{"damage":0.0,"enemies":"2 Louse","floor":4.0,"turns":2.0},{"damage":0.0,"enemies":"Cultist","floor":5.0,"turns":2.0},{"damage":8.0,"enemies":"Lagavulin","floor":6.0,"turns":5.0},{"damage":0.0,"enemies":"Exordium Thugs","floor":8.0,"turns":2.0},{"damage":46.0,"enemies":"Gremlin Nob","floor":10.0,"turns":4.0},{"damage":10.0,"enemies":"Lagavulin","floor":11.0,"turns":5.0},{"damage":21.0,"enemies":"3 Sentries","floor":12.0,"turns":7.0},{"damage":0.0,"enemies":"Slime Boss","floor":16.0,"turns":4.0},{"damage":17.0,"enemies":"2 Thieves","floor":18.0,"turns":2.0},{"damage":0.0,"enemies":"Masked Bandits","floor":20.0,"turns":2.0},{"damage":10.0,"enemies":"Slavers","floor":23.0,"turns":2.0},{"damage":3.0,"enemies":"Spheric Guardian","floor":27.0,"turns":3.0},{"damage":0.0,"enemies":"Gremlin Leader","floor":28.0,"turns":3.0},{"damage":16.0,"enemies":"Slavers","floor":29.0,"turns":3.0},{"damage":31.0,"enemies":"Gremlin Leader","floor":31.0,"turns":3.0},{"damage":0.0,"enemies":"Champ","floor":33.0,"turns":6.0},{"damage":0.0,"enemies":"3 Darklings","floor":35.0,"turns":2.0},{"damage":11.0,"enemies":"2 Orb Walkers","floor":37.0,"turns":3.0},{"damage":11.0,"enemies":"Giant Head","floor":40.0,"turns":2.0},{"damage":12.0,"enemies":"Reptomancer","floor":41.0,"turns":3.0},{"damage":3.0,"enemies":"3 Shapes","floor":42.0,"turns":4.0},{"damage":20.0,"enemies":"Giant Head","floor":44.0,"turns":6.0},{"damage":6.0,"enemies":"Reptomancer","floor":45.0,"turns":2.0},{"damage":6.0,"enemies":"Giant Head","floor":47.0,"turns":4.0},{"damage":14.0,"enemies":"Nemesis","floor":48.0,"turns":7.0},{"damage":12.0,"enemies":"Time Eater","floor":50.0,"turns":6.0},{"damage":6.0,"enemies":"Donu and Deca","floor":51.0,"turns":6.0},{"damage":8.0,"enemies":"Shield and Spear","floor":55.0,"turns":4.0},{"damage":64,"enemies":"The Heart","floor":56,"turns":8}],"seed_played":"5695051045127578549","potions_obtained":[{"floor":6.0,"key":"AttackPotion"},{"floor":11.0,"key":"Explosive Potion"},{"floor":16.0,"key":"SkillPotion"}],"is_trial":true,"path_per_floor":["M","?","?","M","M","E","R","M","T","E","E","E","R","T","R","B",null,"M","$","?","?","?","E","R","?","T","M","E","E","$","E","R","B",null,"M","?","?","?","$","E","E","M","T","E","E","R","E","E","R","B","B",null,"R","$","E","B",null],"character_chosen":"IRONCLAD","items_purchased":["Medical Kit","PreservedInsect","Membership Card","CaptainsWheel","Ornamental Fan"],"campfire_rested":2,"item_purchase_floors":[19,19,39,54,54],"current_hp_per_floor":[73,73,73,75,75,73,73,75,75,35,31,16,38,38,38,69,74,63,63,69,69,48,44,80,80,80,80,80,70,70,57,57,80,80,80,80,75,75,75,70,64,67,67,53,53,53,53,57,57,74,80,80,80,80,78,34],"gold":72,"neow_bonus":"","is_daily":false,"chose_seed":false,"campfire_upgraded":5,"win_rate":0.0,"timestamp":1612961541,"path_taken":["M","?","?","M","?","E","R","M","T","E","E","E","R","?","R","BOSS","M","$","?","?","?","E","R","?","T","M","E","E","?","E","R","BOSS","M","?","?","?","?","E","E","M","T","E","E","R","E","E","R","BOSS","BOSS","R","$","E","BOSS"],"items_purchased_type":["Relic","Relic","Relic","Relic","Relic"],"build_version":"2020-12-22","purchased_purges":1,"victory":true,"max_hp_per_floor":[75,75,75,75,75,75,75,75,75,75,75,75,75,75,75,75,75,75,75,75,75,80,80,80,80,80,80,80,80,80,80,80,80,80,80,80,80,80,80,80,80,80,80,80,80,80,80,80,80,80,80,80,80,80,80,80],"card_choices":[{"not_picked":["Twin Strike","Heavy Blade","Anger"],"picked":"SKIP","floor":1.0},{"not_picked":["Thunderclap","Flex","Body Slam"],"picked":"SKIP","floor":1.0},{"not_picked":["Pommel Strike","Dark Embrace","Rampage"],"picked":"SKIP","floor":4.0},{"not_picked":["Ghostly Armor","Warcry","Carnage"],"picked":"SKIP","floor":4.0},{"not_picked":["Wild Strike","Dropkick"],"picked":"Double Tap","floor":5.0},{"not_picked":["True Grit","Armaments","Carnage"],"picked":"SKIP","floor":5.0},{"not_picked":["Rupture","Twin Strike"],"picked":"Impervious","floor":6.0},{"not_picked":["Anger","Headbutt"],"picked":"Shockwave","floor":8.0},{"not_picked":["Clash","Iron Wave"],"picked":"Uppercut","floor":8.0},{"not_picked":["Uppercut","Hemokinesis"],"picked":"Whirlwind","floor":10.0},{"not_picked":["Armaments+1","Spot Weakness+1"],"picked":"Second Wind+1","floor":11.0},{"not_picked":["Rampage","Sentinel+1"],"picked":"Evolve","floor":12.0},{"not_picked":["Immolate","Juggernaut"],"picked":"Limit Break+1","floor":16.0},{"not_picked":["Clash","Armaments+1","Flame Barrier+1"],"picked":"SKIP","floor":18.0},{"not_picked":["True Grit+1","Twin Strike","Clash"],"picked":"SKIP","floor":18.0},{"not_picked":["Uppercut","Dark Embrace","Bloodletting+1"],"picked":"SKIP","floor":23.0},{"not_picked":["Shrug It Off+1","Pommel Strike","Iron Wave"],"picked":"SKIP","floor":27.0},{"not_picked":["Evolve","Pommel Strike","Infernal Blade+1"],"picked":"SKIP","floor":27.0},{"not_picked":["Double Tap+1","Heavy Blade+1","Bludgeon"],"picked":"SKIP","floor":28.0},{"not_picked":["Rampage","Infernal Blade+1","Whirlwind"],"picked":"SKIP","floor":29.0},{"not_picked":["Cleave","Sword Boomerang","Shrug It Off+1"],"picked":"SKIP","floor":31.0},{"not_picked":["Demon Form","Impervious+1"],"picked":"Offering+1","floor":33.0},{"not_picked":["Perfected Strike+1","Intimidate+1","Flame Barrier+1"],"picked":"SKIP","floor":35.0},{"not_picked":["Infernal Blade+1","Shockwave+1","Havoc+1"],"picked":"SKIP","floor":35.0},{"not_picked":["Reckless Charge","Ghostly Armor+1","Twin Strike"],"picked":"SKIP","floor":40.0},{"not_picked":["Twin Strike","Metallicize","Berserk"],"picked":"SKIP","floor":41.0},{"not_picked":["Armaments+1","Anger+1","Pummel+1"],"picked":"SKIP","floor":42.0},{"not_picked":["Twin Strike+1","Hemokinesis+1","Sentinel+1"],"picked":"SKIP","floor":42.0},{"not_picked":["Armaments+1","Body Slam","Warcry+1"],"picked":"SKIP","floor":44.0},{"not_picked":["Uppercut+1","Juggernaut","Intimidate+1"],"picked":"SKIP","floor":45.0},{"not_picked":["Reckless Charge+1","Warcry+1","Twin Strike"],"picked":"SKIP","floor":47.0},{"not_picked":["Havoc+1","Rage+1"],"picked":"Power Through+1","floor":48.0},{"not_picked":["Pommel Strike","Second Wind+1","Searing Blow"],"picked":"SKIP","floor":55.0}],"player_experience":4517424,"relics_obtained":[{"floor":6.0,"key":"Juzu Bracelet"},{"floor":9.0,"key":"Toxic Egg 2"},{"floor":10.0,"key":"Turnip"},{"floor":11.0,"key":"Pantograph"},{"floor":12.0,"key":"Akabeko"},{"floor":14.0,"key":"Gremlin Horn"},{"floor":20.0,"key":"Red Mask"},{"floor":23.0,"key":"Regal Pillow"},{"floor":26.0,"key":"Calipers"},{"floor":28.0,"key":"Red Skull"},{"floor":29.0,"key":"Meat on the Bone"},{"floor":31.0,"key":"Happy Flower"},{"floor":37.0,"key":"Thread and Needle"},{"floor":40.0,"key":"Anchor"},{"floor":41.0,"key":"Ginger"},{"floor":44.0,"key":"Champion Belt"},{"floor":45.0,"key":"Darkstone Periapt"},{"floor":47.0,"key":"Bag of Preparation"},{"floor":55.0,"key":"Lantern"}],"event_choices":[{"damage_healed":0.0,"max_hp_gain":0.0,"max_hp_loss":0.0,"gold_gain":0.0,"event_name":"Liars Game","player_choice":"Ignored","floor":2.0,"gold_loss":0.0,"damage_taken":0.0},{"cards_removed":["Clothesline"],"damage_healed":0.0,"max_hp_gain":0.0,"max_hp_loss":0.0,"gold_gain":0.0,"event_name":"Purifier","player_choice":"Purged","floor":3.0,"gold_loss":0.0,"damage_taken":0.0},{"damage_healed":0.0,"max_hp_gain":0.0,"max_hp_loss":0.0,"gold_gain":0.0,"event_name":"Masked Bandits","player_choice":"Fought Bandits","floor":20.0,"gold_loss":0.0,"damage_taken":0.0},{"damage_healed":0.0,"max_hp_gain":0.0,"max_hp_loss":0.0,"gold_gain":0.0,"event_name":"Ghosts","player_choice":"Ignored","floor":21.0,"gold_loss":0.0,"damage_taken":0.0},{"damage_healed":0.0,"max_hp_gain":5.0,"max_hp_loss":0.0,"gold_gain":0.0,"event_name":"Forgotten Altar","player_choice":"Shed Blood","floor":22.0,"gold_loss":0.0,"damage_taken":26.0},{"damage_healed":0.0,"max_hp_gain":0.0,"max_hp_loss":0.0,"gold_gain":0.0,"event_name":"Vampires","player_choice":"Ignored","floor":25.0,"gold_loss":0.0,"damage_taken":0.0},{"cards_removed":["True Grit"],"damage_healed":0.0,"max_hp_gain":0.0,"max_hp_loss":0.0,"gold_gain":0.0,"event_name":"Purifier","player_choice":"Purged","floor":36.0,"gold_loss":0.0,"damage_taken":0.0},{"damage_healed":0.0,"max_hp_gain":0.0,"max_hp_loss":0.0,"gold_gain":0.0,"event_name":"Mysterious Sphere","player_choice":"Fight","floor":37.0,"gold_loss":0.0,"damage_taken":0.0},{"damage_healed":0.0,"max_hp_gain":0.0,"max_hp_loss":0.0,"gold_gain":0.0,"event_name":"Match and Keep!","player_choice":"0 cards matched","floor":38.0,"gold_loss":0.0,"damage_taken":0.0,"cards_obtained":[]}],"is_beta":false,"boss_relics":[{"not_picked":["Philosopher\u0027s Stone","Snecko Eye"],"picked":"Sozu"},{"not_picked":["SacredBark","Busted Crown","Cursed Key"]}],"items_purged_floors":[30],"is_endless":false,"potions_floor_spawned":[6,11,16,18,29,35,42,45,47,48,55],"ascension_level":20}}