{"host":"jbmvtpvel2a8rbg6","time":1612927955,"event":{"mods":["Aspiration","BaseMod","Better Match","Better Sensory Stone","Better Skull","Conspire","Downfall","Energized Spire","GungeonMod","Hubris","Infinite Spire","Minty Spire (QoL Compilation)","RRrroohrrRGHHhhh!!","Reliquary","Replay The Spire","StSLib","Wandering Minibosses"],"gold_per_floor":[116,116,90,100,50,78,78,104,104,104,123,123,123,141,141,271,271,294,143,212,232,232,275,275,314,366,387,402,420,380,380,380,380,380],"floor_reached":33,"language":"ENG","playtime":1933,"items_purged":[],"score":318,"play_id":"b0eaf6bc-f0e0-4b85-9db5-66c57d27896c","local_time":"20210209193235","is_ascension_mode":false,"campfire_choices":[{"data":"PathToVictory","floor":7,"key":"SMITH"},{"data":"Prostrate","floor":13,"key":"SMITH"},{"floor":32,"key":"REST"}],"circlet_count":0,"master_deck":["Strike_P","Strike_P+1","Strike_P+1","Strike_P","Defend_P+1","Defend_P","Defend_P","Defend_P","SashWhip","LessonLearned","PathToVictory+1","rorgmod:Follow-Up+1","rorgmod:Ache","Prostrate+1","DevaForm","Go for the Eyes","White Noise+1","Sickly","Conserve Battery","Judgement+1"],"relics":["PureWater","NeowsBlessing","DemoMod:Orange","Nunchaku","Replay:Rubber Ducky","Golden Idol","reliquary:FeatherDuster","aspiration:DefectSkillbook","Bag of Marbles","Kunai","Ring of Searing","Ring of Panic","Torii","hubris:Icosahedron","DemoMod:LamentConfigurum","reliquary:Stiletto","aspiration:Headhunter","hubris:GrandSneckoEye"],"acts_visited":["Exordium","TheCity"],"potions_floor_usage":[14,16,21,25,27,28],"damage_taken":[{"damage":0,"enemies":"Small Slimes","floor":1,"turns":1},{"damage":0,"enemies":"Jaw Worm","floor":4,"turns":1},{"damage":0,"enemies":"Lagavulin","floor":6,"turns":1},{"damage":30,"enemies":"Gremlin Nob","floor":8,"turns":4},{"damage":0,"enemies":"Cultist","floor":11,"turns":3},{"damage":0,"enemies":"2 Fungi Beasts","floor":14,"turns":3},{"damage":2,"enemies":"Slime Boss","floor":16,"turns":13},{"damage":9,"enemies":"Spheric Guardian","floor":18,"turns":4},{"damage":13,"enemies":"3 Byrds","floor":21,"turns":4},{"damage":12,"enemies":"Book of Stabbing","floor":23,"turns":5},{"damage":24,"enemies":"Slavers","floor":25,"turns":4},{"damage":3,"enemies":"Snake Plant","floor":27,"turns":3},{"damage":0,"enemies":"Cultist and Chosen","floor":28,"turns":4},{"damage":18,"enemies":"3 Cultists","floor":29,"turns":6},{"damage":50,"enemies":"hubris:MusketHawk","floor":33,"turns":6}],"seed_played":"-2596207603827683302","potions_obtained":[{"floor":8,"key":"SkillPotion"},{"floor":11,"key":"Ancient Potion"},{"floor":15,"key":"Energy Potion"},{"floor":15,"key":"DemoMod:LeadSkinPotion"},{"floor":23,"key":"champ:CounterPotion"},{"floor":25,"key":"FearPotion"},{"floor":27,"key":"Adrenaline Potion"}],"is_trial":false,"path_per_floor":["M","?","?","M","$","E","R","E","T","?","M","T","R","M","R","B",null,"M","$","T","M","?","E","?","E","T","M","M","M","?","AVR","R","B"],"character_chosen":"WATCHER","items_purchased":["PathToVictory","Bag of Marbles"],"campfire_rested":1,"item_purchase_floors":[5,19],"current_hp_per_floor":[72,65,65,65,65,77,77,47,47,47,47,47,47,47,47,45,84,75,75,75,62,62,50,50,26,26,23,23,5,5,5,30,0,0],"gold":380,"neow_bonus":"THREE_ENEMY_KILL","is_daily":false,"chose_seed":false,"campfire_upgraded":2,"win_rate":0.0,"timestamp":1612927955,"path_taken":["M","?","?","M","?","E","R","E","T","?","?","?","R","M","R","BOSS","M","$","?","M","?","E","?","E","T","?","M","M","?","AVR","R","BOSS"],"items_purchased_type":["Card","Relic"],"build_version":"2020-12-22","purchased_purges":0,"victory":false,"max_hp_per_floor":[72,72,72,72,72,84,84,84,84,84,84,84,84,84,84,84,84,84,84,84,84,84,84,84,84,84,84,84,84,84,84,84,84,84],"card_choices":[{"not_picked":["Nirvana","Evaluate"],"picked":"SashWhip","floor":1},{"not_picked":["Collect","SashWhip"],"picked":"LessonLearned","floor":4},{"not_picked":["Pray","FlyingSleeves"],"picked":"rorgmod:Follow-Up","floor":6},{"not_picked":["SignatureMove","Conclude","EmptyBody"],"picked":"SKIP","floor":8},{"not_picked":["Protect","Consecrate"],"picked":"Prostrate","floor":11},{"not_picked":["Crescendo","WaveOfTheHand","LikeWater"],"picked":"SKIP","floor":14},{"not_picked":["Omniscience","Replay:LoomingThreat"],"picked":"DevaForm","floor":16},{"not_picked":["BasicCrystalCard+1","Crescendo","CrushJoints"],"picked":"Go for the Eyes","floor":18},{"not_picked":["Rebound","Crystallizer","Nirvana"],"picked":"White Noise+1","floor":21},{"not_picked":["EmptyBody","EmptyFist","BowlingBash","Scrawl"],"picked":"SKIP","floor":23},{"not_picked":["Halt","rorgmod:Fragmentation","CutThroughFate"],"picked":"Conserve Battery","floor":25},{"not_picked":["Indignation","EmptyBody","ReplayTheSpireMod:Reroute Power","rorgmod:Antivirus"],"picked":"SKIP","floor":27},{"not_picked":["Conserve Battery+1","Chaos","rorgmod:Leap+1"],"picked":"Judgement","floor":28},{"not_picked":["Go for the Eyes","Panic Button","rorgmod:Fragmentation+1","Consume+1"],"picked":"SKIP","floor":29}],"player_experience":863079,"relics_obtained":[{"floor":6,"key":"DemoMod:Orange"},{"floor":8,"key":"Nunchaku"},{"floor":9,"key":"Replay:Rubber Ducky"},{"floor":12,"key":"reliquary:FeatherDuster"},{"floor":20,"key":"Kunai"},{"floor":22,"key":"Ring of Searing"},{"floor":22,"key":"Ring of Panic"},{"floor":23,"key":"Torii"},{"floor":25,"key":"DemoMod:LamentConfigurum"},{"floor":26,"key":"reliquary:Stiletto"}],"event_choices":[{"cards_removed":["Vigilance"],"damage_healed":0,"gold_gain":0,"player_choice":"Card Removal","damage_taken":7,"max_hp_gain":0,"max_hp_loss":0,"event_name":"Golden Wing","floor":2,"gold_loss":0},{"damage_healed":0,"gold_gain":0,"player_choice":"Left Gold","damage_taken":0,"max_hp_gain":0,"max_hp_loss":0,"event_name":"World of Goop","floor":3,"gold_loss":26},{"damage_healed":0,"gold_gain":0,"player_choice":"Take Wound","damage_taken":0,"relics_obtained":["Golden Idol"],"max_hp_gain":0,"max_hp_loss":0,"event_name":"Golden Idol","floor":10,"gold_loss":0,"cards_obtained":["rorgmod:Ache"]},{"damage_healed":0,"gold_gain":0,"player_choice":"Upgraded Two","damage_taken":0,"max_hp_gain":0,"max_hp_loss":0,"event_name":"Designer","floor":30,"gold_loss":40,"cards_upgraded":["Judgement","Strike_P"]}],"is_beta":false,"boss_relics":[{"not_picked":["Runic Dome","infinitespire:Cupcake"],"picked":"aspiration:DefectSkillbook"}],"items_purged_floors":[],"is_endless":false,"potions_floor_spawned":[8,11,23,25,27],"killed_by":"hubris:MusketHawk","ascension_level":0}}