{"host":"dw8ij7emqco3quom","time":1612994574,"event":{"mods":["BaseMod","Minty Spire (QoL Compilation)"],"gold_per_floor":[115,115,128,53,53,87,87,128,151,151,129,159,189,217,217,322,322,356,383,383,308,317,317,358,376,376,376,376],"floor_reached":27,"language":"FRA","playtime":2047,"items_purged":["Strike_R"],"score":325,"play_id":"345af9c4-933a-4a97-ac61-5e32ad3cbdad","local_time":"20210210230254","is_ascension_mode":true,"campfire_choices":[{"floor":7.0,"key":"REST"},{"floor":10.0,"key":"REST"},{"data":"Armaments","floor":15.0,"key":"SMITH"},{"floor":23,"key":"REST"}],"circlet_count":0,"master_deck":["Strike_R","Strike_R","Strike_R","Strike_R","Defend_R","Defend_R","Defend_R","Bash","Dropkick","Shrug It Off","Perfected Strike","Inflame","Flame Barrier","Headbutt","Intimidate","Limit Break","Shrug It Off","Flex","Pommel Strike","Armaments+1","Feed","Dropkick","Cleave+1","Uppercut","Limit Break","Headbutt"],"relics":["Black Blood","Akabeko","Prayer Wheel","CeramicFish","Enchiridion","The Courier","Blue Candle"],"acts_visited":["Exordium","TheCity"],"potions_floor_usage":[25,25,27],"damage_taken":[{"damage":9.0,"enemies":"Jaw Worm","floor":1.0,"turns":3.0},{"damage":10.0,"enemies":"2 Louse","floor":3.0,"turns":3.0},{"damage":27.0,"enemies":"Lagavulin","floor":6.0,"turns":6.0},{"damage":28.0,"enemies":"3 Sentries","floor":8.0,"turns":7.0},{"damage":0.0,"enemies":"Cultist","floor":12.0,"turns":3.0},{"damage":10.0,"enemies":"Exordium Thugs","floor":13.0,"turns":4.0},{"damage":0.0,"enemies":"2 Fungi Beasts","floor":14.0,"turns":4.0},{"damage":32.0,"enemies":"The Guardian","floor":16.0,"turns":11.0},{"damage":6.0,"enemies":"3 Byrds","floor":18.0,"turns":3.0},{"damage":19.0,"enemies":"Shell Parasite","floor":19.0,"turns":6.0},{"damage":75,"enemies":"Slavers","floor":24,"turns":7},{"damage":7,"enemies":"Snecko","floor":25,"turns":3},{"damage":31,"enemies":"Book of Stabbing","floor":27,"turns":4}],"seed_played":"-2598492889309076768","potions_obtained":[{"floor":6.0,"key":"SneckoOil"},{"floor":8.0,"key":"Swift Potion"},{"floor":13.0,"key":"SteroidPotion"},{"floor":16.0,"key":"Energy Potion"},{"floor":24,"key":"Block Potion"}],"is_trial":false,"path_per_floor":["M","?","M","$","?","E","R","E","T","R","?","M","M","M","R","B",null,"M","M","?","$","?","R","E","M","T","E"],"character_chosen":"IRONCLAD","items_purchased":["Inflame"],"campfire_rested":3,"item_purchase_floors":[4],"current_hp_per_floor":[69,69,65,65,53,32,56,34,34,58,58,64,60,66,66,40,70,76,73,57,57,57,82,19,27,27,0,0],"gold":376,"neow_bonus":"TRANSFORM_CARD","is_daily":false,"chose_seed":false,"campfire_upgraded":1,"win_rate":0.0,"timestamp":1612994574,"path_taken":["M","?","M","$","?","E","R","E","T","R","?","?","M","M","R","BOSS","M","M","?","$","?","R","E","M","T","E"],"items_purchased_type":["Card"],"build_version":"2020-12-22","purchased_purges":1,"victory":false,"max_hp_per_floor":[80,80,80,80,80,80,80,80,80,80,80,80,80,80,80,80,80,80,84,84,84,84,84,84,87,87,87,87],"card_choices":[{"not_picked":["Heavy Blade","Anger"],"picked":"Shrug It Off","floor":1.0},{"not_picked":["Wild Strike","Whirlwind"],"picked":"Perfected Strike","floor":3.0},{"not_picked":["Headbutt","Second Wind"],"picked":"Flame Barrier","floor":6.0},{"not_picked":["Entrench","Carnage"],"picked":"Headbutt","floor":8.0},{"not_picked":["Entrench","Havoc"],"picked":"Intimidate","floor":12.0},{"not_picked":["Wild Strike","Shrug It Off"],"picked":"Limit Break","floor":12.0},{"not_picked":["Sword Boomerang","Anger"],"picked":"Shrug It Off","floor":13.0},{"not_picked":["Clothesline","Shrug It Off"],"picked":"Flex","floor":13.0},{"not_picked":["Pummel","Fiend Fire"],"picked":"Pommel Strike","floor":14.0},{"not_picked":["Pommel Strike","Heavy Blade"],"picked":"Armaments","floor":14.0},{"not_picked":["Impervious","Offering"],"picked":"Feed","floor":16.0},{"not_picked":["Feel No Pain","Body Slam+1"],"picked":"Dropkick","floor":18.0},{"not_picked":["Bloodletting","Shrug It Off"],"picked":"Cleave+1","floor":18.0},{"not_picked":["Flex+1","True Grit"],"picked":"Uppercut","floor":19.0},{"not_picked":["Anger","Warcry","Wild Strike"],"picked":"SKIP","floor":19.0},{"not_picked":["Dark Embrace","Feel No Pain"],"picked":"Headbutt","floor":24},{"not_picked":["Warcry","Exhume","Sever Soul"],"picked":"SKIP","floor":25},{"not_picked":["Rupture","Iron Wave+1","Sentinel"],"picked":"SKIP","floor":25}],"player_experience":724884,"relics_obtained":[{"floor":6.0,"key":"Prayer Wheel"},{"floor":8.0,"key":"CeramicFish"},{"floor":20.0,"key":"Enchiridion"},{"floor":24,"key":"The Courier"},{"floor":26,"key":"Blue Candle"}],"event_choices":[{"damage_healed":0.0,"max_hp_gain":0.0,"max_hp_loss":0.0,"gold_gain":0.0,"event_name":"Shining Light","player_choice":"Ignored","floor":2.0,"gold_loss":0.0,"damage_taken":0.0},{"damage_healed":0.0,"max_hp_gain":0.0,"max_hp_loss":0.0,"gold_gain":0.0,"event_name":"Scrap Ooze","player_choice":"Success","floor":5.0,"gold_loss":0.0,"damage_taken":12.0,"relics_obtained":["Akabeko"]},{"damage_healed":0.0,"max_hp_gain":0.0,"max_hp_loss":0.0,"gold_gain":0.0,"event_name":"World of Goop","player_choice":"Left Gold","floor":11.0,"gold_loss":22.0,"damage_taken":0.0},{"damage_healed":0.0,"max_hp_gain":0.0,"max_hp_loss":0.0,"gold_gain":0.0,"event_name":"Cursed Tome","player_choice":"Obtained Book","floor":20.0,"gold_loss":0.0,"damage_taken":16.0},{"damage_healed":0,"gold_gain":0,"player_choice":"Copied","damage_taken":0,"max_hp_gain":0,"max_hp_loss":0,"event_name":"Duplicator","floor":22,"gold_loss":0,"cards_obtained":["Limit Break"]}],"is_beta":false,"boss_relics":[{"not_picked":["Coffee Dripper","Runic Dome"],"picked":"Black Blood"}],"items_purged_floors":[21],"is_endless":false,"potions_floor_spawned":[6,8,13,16,24],"killed_by":"Book of Stabbing","ascension_level":7}}