{"host":"37ccm3d17clopct7","time":1612953345,"event":{"mods":["BaseMod","GungeonMod","Hermit","Lobotomy","Minty Spire (QoL Compilation)","StSLib","The Bug Knight","The Cursed","The Hierophant","The Jungle","The Runesmith"],"gold_per_floor":[110,110,123,123,52,85,85,117,117,136,169,179,203,223,223,318,318,336,336,351,35,84,84,116,132,157,9,29,41,41,41],"floor_reached":30,"language":"KOR","playtime":1361,"items_purged":[],"score":352,"play_id":"48ba81c8-ba0b-4c4e-a5d5-a981dfd279ad","local_time":"20210210193545","is_ascension_mode":true,"campfire_choices":[{"floor":7,"key":"RECALL"},{"floor":15,"key":"REST"},{"floor":23,"key":"REST"}],"circlet_count":0,"master_deck":["Runesmith:Strike_RS","Runesmith:Strike_RS","Runesmith:Defend_RS","Runesmith:Defend_RS","Runesmith:Defend_RS","Runesmith:CraftFirestone+1","Runesmith:Fortify+1","Runesmith:EarthShield","Runesmith:EnergizedChisel","Runesmith:Firestorm","Runesmith:LithiumIon","Runesmith:Refine","Runesmith:ChiselStab","Runesmith:CraftProtectio","Runesmith:Permafrost","Runesmith:UnlimitedPower","Runesmith:ChiselStab","Runesmith:Reinforce","Runesmith:LithiumIon","Runesmith:MetallurgicalResearch","Runesmith:CraftIndustria","Runesmith:LithiumIon","Runesmith:OneForEveryone","Runesmith:RuneHurl"],"relics":["Runesmith:BrokenRuby","NeowsBlessing","Runesmith:Nanobots","Oddly Smooth Stone","Matryoshka","War Paint","DemoMod:Metronome","DemoMod:ChaffGrenade","DemoMod:MonsterBlood","Empty Cage","Membership Card","Eternal Feather","Ancient Tea Set","TungstenRod","Runesmith:AutoHammer","Lee\u0027s Waffle"],"acts_visited":["Exordium","theJungle:Jungle"],"potions_floor_usage":[16,16,20,25,28],"damage_taken":[{"damage":0,"enemies":"Jaw Worm","floor":1,"turns":1},{"damage":0,"enemies":"2 Louse","floor":3,"turns":1},{"damage":0,"enemies":"3 Sentries","floor":6,"turns":2},{"damage":10,"enemies":"Lagavulin","floor":8,"turns":7},{"damage":0,"enemies":"Cultist","floor":10,"turns":4},{"damage":3,"enemies":"3 Sentries","floor":11,"turns":9},{"damage":1,"enemies":"Looter","floor":12,"turns":3},{"damage":7,"enemies":"Blue Slaver","floor":14,"turns":4},{"damage":27,"enemies":"Hexaghost","floor":16,"turns":9},{"damage":10,"enemies":"theJungle:5_Spyders","floor":18,"turns":7},{"damage":18,"enemies":"theJungle:GiantWrat","floor":20,"turns":8},{"damage":0,"enemies":"theJungle:Cassacara","floor":24,"turns":11},{"damage":27,"enemies":"Snake Plant","floor":25,"turns":5},{"damage":26,"enemies":"theJungle:JungleHuntersEncounter","floor":28,"turns":6},{"damage":50,"enemies":"theJungle:2_Snecko_Cultists","floor":29,"turns":7},{"damage":9,"enemies":"JungleHuntersEvent","floor":30,"turns":2}],"seed_played":"-927443540510965827","potions_obtained":[{"floor":3,"key":"SneckoOil"},{"floor":10,"key":"AttackPotion"},{"floor":12,"key":"SkillPotion"},{"floor":16,"key":"AttackPotion"},{"floor":18,"key":"Swift Potion"},{"floor":19,"key":"LiquidMemories"},{"floor":19,"key":"LiquidBronze"},{"floor":20,"key":"Swift Potion"},{"floor":25,"key":"EssenceOfSteel"}],"is_trial":false,"path_per_floor":["M","?","M","?","$","E","R","E","T","M","E","M","T","M","R","B",null,"M","?","M","$","T","R","E","M","T","$","M","M","?"],"character_chosen":"RUNESMITH_CLASS","items_purchased":["Runesmith:Firestorm","Membership Card","Eternal Feather","Runesmith:LithiumIon","Lee\u0027s Waffle","Runesmith:LithiumIon","Runesmith:OneForEveryone"],"campfire_rested":2,"item_purchase_floors":[5,21,21,21,27,27,27],"current_hp_per_floor":[70,63,63,56,56,56,56,46,46,46,43,42,49,42,65,38,77,67,67,49,49,49,77,77,50,50,84,58,8,0,0],"gold":41,"neow_bonus":"THREE_ENEMY_KILL","is_daily":false,"chose_seed":false,"campfire_upgraded":0,"win_rate":0.0,"timestamp":1612953345,"path_taken":["M","?","M","?","$","E","R","E","T","M","E","M","?","M","R","BOSS","M","?","M","$","?","R","E","M","T","$","M","M","?"],"items_purchased_type":["Card","Relic","Relic","Card","Relic","Card","Card"],"build_version":"2020-12-22","purchased_purges":0,"victory":false,"max_hp_per_floor":[70,70,70,70,70,70,70,70,70,70,70,70,77,77,77,77,77,77,77,77,77,77,77,77,77,77,84,84,84,84,84],"card_choices":[{"not_picked":["Runesmith:BackupBattery","Runesmith:Superposition"],"picked":"Runesmith:EarthShield","floor":1},{"not_picked":["Runesmith:MakeshiftArmor","Runesmith:ShiftingStrike"],"picked":"Runesmith:EnergizedChisel","floor":3},{"not_picked":["Runesmith:ChaoticBlast","Runesmith:CraftIncendium"],"picked":"Runesmith:LithiumIon","floor":6},{"not_picked":["Runesmith:Firewall","Runesmith:ChaoticBlast","Runesmith:UnstableHammer"],"picked":"SKIP","floor":8},{"not_picked":["Runesmith:Reinforce","Runesmith:Retool"],"picked":"Runesmith:Refine","floor":10},{"not_picked":["Runesmith:Firestorm","Runesmith:Malloc"],"picked":"Runesmith:ChiselStab","floor":11},{"not_picked":["Runesmith:HeatExchange","Runesmith:HeatedChisel"],"picked":"Runesmith:CraftProtectio","floor":12},{"not_picked":["Runesmith:Grindstone","Runesmith:UnstableHammer"],"picked":"Runesmith:Permafrost","floor":14},{"not_picked":["Runesmith:CraftIndustria","Runesmith:LastStand"],"picked":"Runesmith:UnlimitedPower","floor":16},{"not_picked":["Runesmith:EarthShield","Runesmith:HeatedChisel+1"],"picked":"Runesmith:ChiselStab","floor":18},{"not_picked":["Runesmith:FrozenChisel+1","Runesmith:LastStand"],"picked":"Runesmith:Reinforce","floor":20},{"not_picked":["Runesmith:EarthShield","Runesmith:Repurpose"],"picked":"Runesmith:MetallurgicalResearch","floor":24},{"not_picked":["Runesmith:Malloc","Runesmith:ChargedHammer+1"],"picked":"Runesmith:CraftIndustria","floor":25},{"not_picked":["Runesmith:OneForEveryone","Runesmith:EnergizedChisel+1"],"picked":"Runesmith:RuneHurl","floor":28},{"not_picked":["Runesmith:Empowerment+1","Runesmith:Supernova","Runesmith:ChaoticBlast"],"picked":"SKIP","floor":29}],"player_experience":167568,"relics_obtained":[{"floor":6,"key":"Oddly Smooth Stone"},{"floor":8,"key":"Matryoshka"},{"floor":9,"key":"War Paint"},{"floor":11,"key":"DemoMod:Metronome"},{"floor":13,"key":"DemoMod:ChaffGrenade"},{"floor":13,"key":"DemoMod:MonsterBlood"},{"floor":22,"key":"Ancient Tea Set"},{"floor":24,"key":"TungstenRod"},{"floor":26,"key":"Runesmith:AutoHammer"}],"event_choices":[{"cards_removed":["Runesmith:Defend_RS"],"damage_healed":0,"gold_gain":0,"player_choice":"Card Removal","damage_taken":7,"max_hp_gain":0,"max_hp_loss":0,"event_name":"Golden Wing","floor":2,"gold_loss":0},{"damage_healed":0,"gold_gain":0,"player_choice":"Success","damage_taken":7,"relics_obtained":["Runesmith:Nanobots"],"max_hp_gain":0,"max_hp_loss":0,"event_name":"Scrap Ooze","floor":4,"gold_loss":0},{"damage_healed":0,"gold_gain":0,"player_choice":"Got Potions","damage_taken":0,"max_hp_gain":0,"max_hp_loss":0,"event_name":"Lab","floor":19,"gold_loss":0}],"is_beta":false,"boss_relics":[{"not_picked":["SacredBark","Ectoplasm"],"picked":"Empty Cage"}],"items_purged_floors":[],"is_endless":false,"potions_floor_spawned":[3,10,12,16,18,20,25],"killed_by":"JungleHuntersEvent","ascension_level":2}}