{"host":"lrlw254gqe5layub","time":1612939386,"event":{"mods":["AchievementEnabler","BaseMod","Colored Map","Colored Powertips","Minty Spire (QoL Compilation)","Rare Cards Sparkle","SuperFastMode"],"gold_per_floor":[117,117,117,67,83,83,118,118,118,193,204,218,64,93,93,190,190,207,207,231,246,246,261,261,261,261],"floor_reached":25,"language":"KOR","playtime":920,"items_purged":[],"score":363,"play_id":"772e256d-5b25-44d1-a639-dbba6cc25b6d","local_time":"20210210154306","is_ascension_mode":true,"campfire_choices":[{"data":"Zap","floor":6.0,"key":"SMITH"},{"data":"Redo","floor":8.0,"key":"SMITH"},{"floor":15.0,"key":"REST"},{"floor":24.0,"key":"REST"}],"circlet_count":0,"master_deck":["AscendersBane","Strike_B+1","Strike_B","Strike_B+1","Defend_B","Defend_B","Defend_B","Zap+1","Dualcast","Redo+1","Coolheaded","Compile Driver","Fusion","Redo","BootSequence","Leap","Barrage","Amplify"],"relics":["Cracked Core","NeowsBlessing","Singing Bowl","Whetstone","Tiny Chest","Orrery","Bottled Flame","Inserter","Juzu Bracelet"],"acts_visited":["Exordium","TheCity"],"potions_floor_usage":[25],"damage_taken":[{"damage":0.0,"enemies":"Cultist","floor":1.0,"turns":1.0},{"damage":0.0,"enemies":"Jaw Worm","floor":5.0,"turns":1.0},{"damage":0.0,"enemies":"Lagavulin","floor":7.0,"turns":1.0},{"damage":0.0,"enemies":"Small Slimes","floor":11.0,"turns":2.0},{"damage":9.0,"enemies":"Exordium Wildlife","floor":12.0,"turns":3.0},{"damage":21.0,"enemies":"3 Sentries","floor":14.0,"turns":10.0},{"damage":33.0,"enemies":"The Guardian","floor":16.0,"turns":12.0},{"damage":17.0,"enemies":"Chosen","floor":18.0,"turns":6.0},{"damage":7.0,"enemies":"Shell Parasite","floor":21.0,"turns":9.0},{"damage":33.0,"enemies":"Snake Plant","floor":23.0,"turns":7.0},{"damage":47,"enemies":"Slavers","floor":25,"turns":3}],"seed_played":"5814802005894014700","potions_obtained":[{"floor":5.0,"key":"EssenceOfDarkness"},{"floor":12.0,"key":"SteroidPotion"},{"floor":14.0,"key":"Fire Potion"},{"floor":16.0,"key":"ColorlessPotion"},{"floor":18.0,"key":"AttackPotion"}],"is_trial":false,"path_per_floor":["M","T","?","?","M","R","E","R","T","?","M","M","$","E","R","B",null,"M","T","T","M","M","M","R","E"],"character_chosen":"DEFECT","items_purchased":["Orrery"],"campfire_rested":2,"item_purchase_floors":[13],"current_hp_per_floor":[68,68,61,61,61,61,61,61,61,50,52,45,45,26,50,17,65,50,50,50,45,45,14,40,0,0],"gold":261,"neow_bonus":"THREE_ENEMY_KILL","is_daily":false,"chose_seed":false,"campfire_upgraded":2,"win_rate":0.0,"timestamp":1612939386,"path_taken":["M","?","?","?","M","R","E","R","T","?","?","M","?","E","R","BOSS","M","?","?","M","M","M","R","E"],"items_purchased_type":["Relic"],"build_version":"2020-12-22","purchased_purges":0,"victory":false,"max_hp_per_floor":[75,75,75,75,75,75,75,75,75,75,77,79,79,81,81,81,81,83,83,83,85,85,87,87,87,87],"card_choices":[{"not_picked":["Leap","Conserve Battery"],"picked":"Redo","floor":1.0},{"not_picked":["Conserve Battery","Blizzard"],"picked":"Coolheaded","floor":5.0},{"not_picked":["Streamline","Steam Power"],"picked":"Compile Driver","floor":7.0},{"not_picked":["Reinforced Body","Streamline","Rebound"],"picked":"Singing Bowl","floor":11.0},{"not_picked":["Skim","Aggregate","Coolheaded"],"picked":"Singing Bowl","floor":12.0},{"not_picked":["Hologram","Aggregate"],"picked":"Fusion","floor":13.0},{"not_picked":["Hologram","Fusion"],"picked":"Redo","floor":13.0},{"not_picked":["Tempest","Storm"],"picked":"BootSequence","floor":13.0},{"not_picked":["Storm","Turbo"],"picked":"Leap","floor":13.0},{"not_picked":["All For One","Consume"],"picked":"Barrage","floor":13.0},{"not_picked":["Sweeping Beam","Coolheaded","Force Field"],"picked":"Singing Bowl","floor":14.0},{"not_picked":["Hyperbeam","Multi-Cast"],"picked":"Amplify","floor":16.0},{"not_picked":["Rebound+1","Hologram","Compile Driver"],"picked":"Singing Bowl","floor":18.0},{"not_picked":["Streamline+1","Chill","Steam"],"picked":"Singing Bowl","floor":21.0},{"not_picked":["Compile Driver","Doom and Gloom","Steam"],"picked":"Singing Bowl","floor":23.0}],"player_experience":489533,"relics_obtained":[{"floor":2.0,"key":"Singing Bowl"},{"floor":7.0,"key":"Whetstone"},{"floor":9.0,"key":"Tiny Chest"},{"floor":14.0,"key":"Bottled Flame"},{"floor":20.0,"key":"Juzu Bracelet"}],"event_choices":[{"cards_removed":["Strike_B"],"damage_healed":0.0,"max_hp_gain":0.0,"max_hp_loss":0.0,"gold_gain":0.0,"event_name":"Golden Wing","player_choice":"Card Removal","floor":3.0,"gold_loss":0.0,"damage_taken":7.0},{"cards_removed":["Defend_B"],"damage_healed":0.0,"max_hp_gain":0.0,"max_hp_loss":0.0,"gold_gain":0.0,"event_name":"The Cleric","player_choice":"Card Removal","floor":4.0,"gold_loss":50.0,"damage_taken":0.0},{"damage_healed":0.0,"max_hp_gain":0.0,"max_hp_loss":0.0,"gold_gain":75.0,"event_name":"World of Goop","player_choice":"Gather Gold","floor":10.0,"gold_loss":0.0,"damage_taken":11.0}],"is_beta":false,"boss_relics":[{"not_picked":["Calling Bell","Busted Crown"],"picked":"Inserter"}],"items_purged_floors":[],"is_endless":false,"potions_floor_spawned":[5,12,14,16,18],"killed_by":"Slavers","ascension_level":11}}