{"host":"jzh6ml815zzgmtkm","time":1612986465,"event":{"mods":["BaseMod","Card Forge","Colored Map","Colored Powertips","Downfall","Friendly Minions","Minty Spire (QoL Compilation)","Relic Filter Mod","Shop Mod","Spicy Shops","StSLib","The Alterego","The Construct"],"gold_per_floor":[113,9999,8486,8499,8509,8509,8520,8520,8595,8595,8595,8595,7684,7705,7705,7836,7836,7849,7849,7863,7778,7794,7837,7837,7307,7360,7380,7424,7424,7424,6946,6946,7072,7072,7090,6672,6672,6688,6704,6744,6744,6784,6784,6809,6825,6850,6338,6353,6353,6353],"floor_reached":51,"language":"ZHS","playtime":3074,"items_purged":[],"score":1164,"play_id":"92ddec87-c9d8-459c-963f-a6b5a9760b33","local_time":"20210211034745","is_ascension_mode":false,"campfire_choices":[{"floor":6,"key":"REST"},{"floor":11,"key":"REST"},{"floor":15,"key":"REST"},{"floor":24,"key":"REST"},{"floor":29,"key":"REST"},{"floor":32,"key":"REST"},{"floor":41,"key":"REST"},{"floor":49,"key":"REST"}],"circlet_count":0,"master_deck":["Guardian:ExploitGems+1","Whirlwind+1","Inflame+1","Limit Break+1","Burst+1","Guardian:ExploitGems+1","Limit Break+1","Feed+1"],"relics":["Burning Blood","Hammer of Thor","Seething Fire","Anvil of the Gods","Frozen Egg 2","construct:FoamFinger","Frozen Eye","Nunchaku","FossilizedHelix","TheAbacus","MerchantsRug","Molten Egg 2","Golden Idol","Lizard Tail","Mummified Hand","ClockworkSouvenir","Mango","Boot","Runic Cube","TungstenRod","Bag of Preparation","Potion Belt","Membership Card","Peace Pipe","Anchor","Bottled Lightning","Happy Flower","Pen Nib","Brimstone","Ancient Tea Set","Ginger","Black Star","Red Skull","Centennial Puzzle","HandDrill","OrangePellets","Strawberry","Whetstone","Kunai","HornCleat","Bag of Marbles","Letter Opener","Oddly Smooth Stone","White Beast Statue","Self Forming Clay","Medical Kit","Vajra","Juzu Bracelet","Cauldron"],"acts_visited":["Exordium","TheCity","TheBeyond"],"potions_floor_usage":[4,4,33,33,50],"damage_taken":[{"damage":0,"enemies":"Cultist","floor":1,"turns":2},{"damage":0,"enemies":"2 Louse","floor":2,"turns":1},{"damage":0,"enemies":"Small Slimes","floor":4,"turns":2},{"damage":0,"enemies":"Looter","floor":5,"turns":2},{"damage":0,"enemies":"3 Louse","floor":7,"turns":1},{"damage":0,"enemies":"Blue Slaver","floor":14,"turns":1},{"damage":0,"enemies":"The Guardian","floor":16,"turns":1},{"damage":0,"enemies":"Shell Parasite","floor":18,"turns":1},{"damage":0,"enemies":"Spheric Guardian","floor":20,"turns":1},{"damage":0,"enemies":"Shelled Parasite and Fungi","floor":22,"turns":1},{"damage":0,"enemies":"Gremlin Leader","floor":23,"turns":1},{"damage":0,"enemies":"Snecko","floor":27,"turns":1},{"damage":0,"enemies":"Slavers","floor":28,"turns":1},{"damage":0,"enemies":"Champ","floor":33,"turns":1},{"damage":0,"enemies":"Orb Walker","floor":35,"turns":1},{"damage":0,"enemies":"3 Darklings","floor":38,"turns":1},{"damage":0,"enemies":"Jaw Worm Horde","floor":39,"turns":1},{"damage":0,"enemies":"Giant Head","floor":40,"turns":1},{"damage":0,"enemies":"Nemesis","floor":42,"turns":1},{"damage":0,"enemies":"Spire Growth","floor":44,"turns":1},{"damage":0,"enemies":"Sphere and 2 Shapes","floor":45,"turns":1},{"damage":0,"enemies":"4 Shapes","floor":46,"turns":1},{"damage":0,"enemies":"Spire Growth","floor":48,"turns":1},{"damage":0,"enemies":"Awakened One","floor":50,"turns":2}],"seed_played":"-998462636231621316","potions_obtained":[{"floor":1,"key":"GamblersBrew"},{"floor":5,"key":"LiquidBronze"},{"floor":7,"key":"champ:CounterPotion"},{"floor":18,"key":"FairyPotion"},{"floor":27,"key":"LiquidBronze"},{"floor":37,"key":"Energy Potion"},{"floor":37,"key":"bronze:BurnAndBuffPotion"},{"floor":38,"key":"Weak Potion"},{"floor":39,"key":"Swift Potion"},{"floor":47,"key":"BloodPotion"}],"is_trial":false,"path_per_floor":["M","M","$","M","M","R","M","?","T","?","R","?","$","M","R","B",null,"M","?","M","?","M","E","R","$","T","M","E","R","?","$","R","B",null,"M","$","?","M","M","E","R","E","T","M","M","M","$","M","R","B",null],"character_chosen":"IRONCLAD","items_purchased":["Frozen Egg 2","construct:FoamFinger","Frozen Eye","Nunchaku","FossilizedHelix","TheAbacus","champ:CounterPotion","Block Potion","MerchantsRug","Lizard Tail","Mummified Hand","ClockworkSouvenir","Mango","Boot","Potion Belt","War Paint","Membership Card","Peace Pipe","Happy Flower","Pen Nib","Brimstone","Ancient Tea Set","Ginger","SteroidPotion","SkillPotion","Red Skull","Centennial Puzzle","HandDrill","OrangePellets","Strawberry","Whetstone","White Beast Statue","Self Forming Clay","Medical Kit","Vajra","Juzu Bracelet","Cauldron"],"campfire_rested":8,"item_purchase_floors":[3,3,3,3,3,3,3,3,3,13,13,13,13,13,25,25,25,25,31,31,31,31,31,31,31,36,36,36,36,36,36,47,47,47,47,47,47],"current_hp_per_floor":[80,80,80,80,80,80,80,80,80,80,80,80,94,94,94,94,94,94,94,94,94,94,94,94,94,94,94,94,94,94,94,94,98,98,102,109,109,109,113,117,117,121,121,125,129,133,133,137,137,141],"gold":6353,"neow_bonus":"","is_daily":false,"chose_seed":false,"campfire_upgraded":0,"win_rate":0.0,"timestamp":1612986465,"path_taken":["M","M","$","?","M","R","M","?","T","?","R","?","$","M","R","BOSS","M","?","M","?","M","E","R","$","T","M","E","R","?","$","R","BOSS","M","$","?","M","M","E","R","E","T","M","M","M","$","M","R","BOSS"],"items_purchased_type":["Relic","Relic","Relic","Relic","Relic","Relic","Potion","Potion","Relic","Relic","Relic","Relic","Relic","Relic","Relic","Relic","Relic","Relic","Relic","Relic","Relic","Relic","Relic","Potion","Potion","Relic","Relic","Relic","Relic","Relic","Relic","Relic","Relic","Relic","Relic","Relic","Relic"],"build_version":"2020-12-13","purchased_purges":0,"victory":true,"max_hp_per_floor":[80,80,80,80,80,80,80,80,80,80,80,80,94,94,94,94,94,94,94,94,94,94,94,94,94,94,94,94,94,94,94,94,98,98,102,109,109,109,113,117,117,121,121,125,129,133,133,137,137,141],"card_choices":[{"not_picked":["Dark Embrace","Body Slam","Dropkick"],"picked":"SKIP","floor":1},{"not_picked":["Warcry","Twin Strike","Flex"],"picked":"SKIP","floor":2},{"not_picked":["True Grit","Shrug It Off","Clothesline"],"picked":"SKIP","floor":4},{"not_picked":["Disarm","Sever Soul","Burning Pact"],"picked":"SKIP","floor":5},{"not_picked":["Clothesline","Clash","True Grit"],"picked":"SKIP","floor":7},{"not_picked":["Shockwave","Reckless Charge+1","Clothesline+1"],"picked":"SKIP","floor":14},{"not_picked":["Feel No Pain+1","Uppercut+1","Headbutt+1"],"picked":"SKIP","floor":18},{"not_picked":["Uppercut+1","Clothesline+1","Flex"],"picked":"SKIP","floor":20},{"not_picked":["Rage+1","Flame Barrier+1","Perfected Strike+1"],"picked":"SKIP","floor":22},{"not_picked":["Dropkick+1","Juggernaut+1","Headbutt+1"],"picked":"SKIP","floor":23},{"not_picked":["Pummel+1","Perfected Strike+1","Flex"],"picked":"SKIP","floor":27},{"not_picked":["Thunderclap+1","Anger+1","Warcry"],"picked":"SKIP","floor":28},{"not_picked":["Rampage+1","Entrench","Flex+1"],"picked":"SKIP","floor":35},{"not_picked":["Armaments+1","Flex+1","Twin Strike+1"],"picked":"SKIP","floor":38},{"not_picked":["Bloodletting+1","Thunderclap+1","Inflame+1"],"picked":"SKIP","floor":39},{"not_picked":["Pummel+1","Flex+1","Shockwave+1"],"picked":"SKIP","floor":40},{"not_picked":["Armaments","Iron Wave+1","Entrench+1"],"picked":"SKIP","floor":42},{"not_picked":["Sever Soul+1","Metallicize+1","Rage+1"],"picked":"SKIP","floor":44},{"not_picked":["Body Slam+1","Blood for Blood+1","Seeing Red+1"],"picked":"SKIP","floor":45},{"not_picked":["Clothesline+1","Second Wind","Entrench"],"picked":"SKIP","floor":46},{"not_picked":["Warcry","Carnage+1","Clash+1"],"picked":"SKIP","floor":48}],"player_experience":7280,"relics_obtained":[{"floor":9,"key":"Molten Egg 2"},{"floor":23,"key":"Bag of Preparation"},{"floor":26,"key":"Anchor"},{"floor":28,"key":"Bottled Lightning"},{"floor":40,"key":"Kunai"},{"floor":40,"key":"HornCleat"},{"floor":42,"key":"Bag of Marbles"},{"floor":42,"key":"Letter Opener"},{"floor":43,"key":"Oddly Smooth Stone"}],"event_choices":[{"damage_healed":0,"gold_gain":0,"player_choice":"Ignored","damage_taken":0,"max_hp_gain":0,"max_hp_loss":0,"event_name":"Shining Light","floor":8,"gold_loss":0},{"damage_healed":0,"gold_gain":0,"player_choice":"Leave","damage_taken":0,"max_hp_gain":0,"max_hp_loss":0,"event_name":"The Cleric","floor":10,"gold_loss":0},{"damage_healed":0,"gold_gain":0,"player_choice":"Take Wound","damage_taken":0,"relics_obtained":["Golden Idol"],"max_hp_gain":0,"max_hp_loss":0,"event_name":"Golden Idol","floor":12,"gold_loss":0,"cards_obtained":["Injury"]},{"damage_healed":0,"gold_gain":0,"player_choice":"Obtained Relic","damage_taken":0,"relics_obtained":["TungstenRod"],"max_hp_gain":0,"max_hp_loss":0,"event_name":"Addict","floor":21,"gold_loss":85},{"damage_healed":0,"gold_gain":0,"player_choice":"Read","damage_taken":0,"max_hp_gain":0,"max_hp_loss":0,"event_name":"The Library","floor":30,"gold_loss":0,"cards_obtained":["Feed"]},{"damage_healed":0,"gold_gain":0,"player_choice":"Got Potions","damage_taken":0,"max_hp_gain":0,"max_hp_loss":0,"event_name":"Lab","floor":37,"gold_loss":0}],"is_beta":false,"boss_relics":[{"not_picked":["Astrolabe","Sozu"],"picked":"Runic Cube"},{"not_picked":["Empty Cage","SlaversCollar"],"picked":"Black Star"}],"items_purged_floors":[],"is_endless":false,"potions_floor_spawned":[1,5,7,18,23,27,38,39,40,46,48],"ascension_level":0}}