{"host":"4so6zk3ni2nu7g2c","time":1612971010,"event":{"mods":["Act Like it!","BaseMod","Gensokyo","Hallownest","Marisa£®ÏF”Í°°ƒß¿Ì…≥£©","Minty Spire (QoL Compilation)","Prisma Mod","Quick Restart","Remilia£®¿Ÿ√◊¿Ú—«£©","Replay The Spire","Shop Mod","StSLib","The Bug Knight"],"gold_per_floor":[202,0,0,17,36,261,576,576,576,576,586,157,157,183,183,288,288,307,307,114,130,142,184,184,184,184],"floor_reached":25,"language":"ZHS","playtime":1163,"items_purged":["Pain"],"score":288,"play_id":"e6e32038-3845-467d-894b-5ae7b5586eba","local_time":"20210210233010","is_ascension_mode":true,"campfire_choices":[{"data":"HollowMod:SlysStrikes","floor":15.0,"key":"SMITH"},{"data":"HollowMod:HornetsHelp","floor":24.0,"key":"SMITH"}],"circlet_count":0,"master_deck":["HollowMod:NailStrikeStart","HollowMod:NailStrikeStart","HollowMod:NailStrikeStart","HollowMod:NailStrikeStart","HollowMod:QuickDashStart","HollowMod:QuickDashStart","HollowMod:QuickDashStart","HollowMod:QuickDashStart","HollowMod:FocusHealStart","HollowMod:PogoStrike","HollowMod:SharpenedNail","HollowMod:HowlingWraiths","HollowMod:ZotesMagnificence","HollowMod:SoulSplash","HollowMod:CloakDash","HollowMod:SlysStrikes+1","HollowMod:SoulSplash+1","HollowMod:CornifersMapStart+1","HollowMod:MidwifesHunger","HollowMod:CloakDash+1","Gensokyo:RustyChest","Gensokyo:BlemishedSteel","HollowMod:HornetsHelp+1","HollowMod:SiblingsSouls+1"],"relics":["HollowMod:VesselMask","Replay:Rubber Ducky","Chemical X","Gensokyo:LunaticRedEyes","ScarletDevilRocket","ReplayTheSpireMod:Ring of Exchange","ReplayTheSpireMod:Ring of Collecting","Ring of Peace","ReplayTheSpireMod:Ninjato","Toxic Egg 2","The Courier","ReplayTheSpireMod:Lightbulb","ReplayTheSpireMod:DimensionalGlitch","HollowMod:MillibellesNoteRelic","Anchor","CeramicFish"],"acts_visited":["Gensokyo:Gensokyo","Gensokyo:Gensokyoer"],"potions_floor_usage":[],"damage_taken":[{"damage":12.0,"enemies":"Gensokyo:Python","floor":1.0,"turns":3.0},{"damage":9.0,"enemies":"Gensokyo:2_Kodama","floor":4.0,"turns":3.0},{"damage":6.0,"enemies":"Gensokyo:Gryphon","floor":5.0,"turns":3.0},{"damage":8.0,"enemies":"Gensokyo:Cirno","floor":6.0,"turns":5.0},{"damage":5.0,"enemies":"Gensokyo:Kitsune","floor":7.0,"turns":3.0},{"damage":2.0,"enemies":"Gensokyo:5_Fairies","floor":11.0,"turns":3.0},{"damage":0.0,"enemies":"Gensokyo:Aya","floor":14.0,"turns":5.0},{"damage":21.0,"enemies":"Gensokyo:Kokoro","floor":16.0,"turns":7.0},{"damage":6.0,"enemies":"Gensokyo:AngelMirror","floor":18.0,"turns":4.0},{"damage":0.0,"enemies":"Gensokyo:Chomper","floor":21.0,"turns":4.0},{"damage":23.0,"enemies":"Gensokyo:Slime_Group","floor":22.0,"turns":5.0},{"damage":20.0,"enemies":"Gensokyo:Tenshi","floor":23.0,"turns":5.0},{"damage":36,"enemies":"Gensokyo:3_Gloops","floor":25,"turns":4}],"seed_played":"1050765164502877894","potions_obtained":[{"floor":4.0,"key":"Ancient Potion"},{"floor":6.0,"key":"EssenceOfSteel"},{"floor":7.0,"key":"SpeedPotion"},{"floor":14.0,"key":"SpeedPotion"}],"is_trial":false,"path_per_floor":["M","COS","?","M","M","E","M","?","T","T","M","$","?","E","R","B",null,"M","?","COS","M","M","E","R","M"],"character_chosen":"THE_BUGKNIGHT","items_purchased":["Toxic Egg 2","HollowMod:SoulSplash+1","HollowMod:CornifersMapStart+1"],"campfire_rested":0,"item_purchase_floors":[12,12,12],"current_hp_per_floor":[69,69,69,60,64,56,51,51,51,51,55,55,40,40,40,19,75,69,74,74,74,51,31,31,0,0],"gold":184,"neow_bonus":"RANDOM_EVENT","is_daily":false,"chose_seed":false,"campfire_upgraded":2,"win_rate":0.0,"timestamp":1612971010,"path_taken":["M","COS","?","M","M","E","M","?","T","?","?","$","?","E","R","BOSS","M","?","COS","?","M","E","R","M"],"items_purchased_type":["Relic","Card","Card"],"build_version":"2020-12-22","purchased_purges":1,"victory":false,"max_hp_per_floor":[75,75,75,75,75,75,75,75,75,75,75,75,75,75,75,75,75,75,80,80,80,80,80,80,80,80],"card_choices":[{"not_picked":["HollowMod:DungDefenderAura","HollowMod:MothsMistake"],"picked":"HollowMod:SharpenedNail","floor":1.0},{"not_picked":["HollowMod:NewJinnsSoul","HollowMod:SharpenedNail"],"picked":"HollowMod:HowlingWraiths","floor":4.0},{"not_picked":["HollowMod:ChannelNail","HollowMod:MothsMistake"],"picked":"HollowMod:ZotesMagnificence","floor":5.0},{"not_picked":["HollowMod:DescendingDark","HollowMod:NewJinnsSoul"],"picked":"HollowMod:SoulSplash","floor":6.0},{"not_picked":["HollowMod:SharpenedNail","HollowMod:FastStrike"],"picked":"HollowMod:CloakDash","floor":7.0},{"not_picked":["HollowMod:SoulEater","HollowMod:HowlingWraiths"],"picked":"HollowMod:SlysStrikes","floor":11.0},{"not_picked":["HollowMod:DescendingDark","HollowMod:AbyssShriek","HollowMod:InfectedAttack"],"picked":"SKIP","floor":14.0},{"not_picked":["HollowMod:LordofShades","HollowMod:ZotesMagnificence"],"picked":"HollowMod:MidwifesHunger","floor":16.0},{"not_picked":["HollowMod:InfectedCysts","HollowMod:SharpenedNail"],"picked":"HollowMod:CloakDash+1","floor":18.0},{"not_picked":["HollowMod:NewGlowingWomb","HollowMod:SiblingsSouls+1"],"picked":"HollowMod:HornetsHelp","floor":21.0},{"not_picked":["HollowMod:WraithStrike","HollowMod:InfectedCysts","HollowMod:SoulStrike"],"picked":"SKIP","floor":22.0},{"not_picked":["HollowMod:DesolateDive","HollowMod:GoodIntentions+1"],"picked":"HollowMod:SiblingsSouls+1","floor":23.0}],"player_experience":417273,"relics_obtained":[{"floor":0.0,"key":"Replay:Rubber Ducky"},{"floor":6.0,"key":"ScarletDevilRocket"},{"floor":8.0,"key":"ReplayTheSpireMod:Ring of Exchange"},{"floor":8.0,"key":"ReplayTheSpireMod:Ring of Collecting"},{"floor":10.0,"key":"Ring of Peace"},{"floor":10.0,"key":"ReplayTheSpireMod:Ninjato"},{"floor":14.0,"key":"ReplayTheSpireMod:Lightbulb"},{"floor":23.0,"key":"CeramicFish"}],"event_choices":[],"is_beta":false,"boss_relics":[{"not_picked":["Orrery","HollowMod:VoidIdolRelic"],"picked":"ReplayTheSpireMod:DimensionalGlitch"}],"items_purged_floors":[12],"is_endless":false,"potions_floor_spawned":[4,6,7,11,14],"killed_by":"Gensokyo:3_Gloops","ascension_level":3}}