{"host":"6dypmz777xraikqf","time":1612954857,"event":{"mods":["AchievementEnabler","BaseMod","BetterRewards","Colored Map","Colored Powertips","Downfall","Highlight Path","Hubris","Infinite Spire","Minty Spire (QoL Compilation)","Replay The Spire","StSLib"],"gold_per_floor":[110,129,229,245,245,245,14,34,34,44,44,44,75,95,95,95,95],"floor_reached":16,"language":"ENG","playtime":674,"items_purged":["Strike_R"],"score":173,"play_id":"007ba3d7-c278-4a88-8207-0558d14e97bb","local_time":"20210210110057","is_ascension_mode":true,"campfire_choices":[{"data":"Power Through","floor":6,"key":"SMITH"},{"floor":11,"key":"REST"},{"floor":15,"key":"REST"}],"circlet_count":0,"master_deck":["AscendersBane","Strike_R","Strike_R","Strike_R","Strike_R","Defend_R","Defend_R","Defend_R","Defend_R","Bash+1","Power Through+1","Offering","Wild Strike","ReplayTheSpireMod:Stacked","Wild Strike"],"relics":["bronze:MakeshiftBattery","MealTicket","Replay:Accelerometer","ReplayTheSpireMod:Spearhead"],"acts_visited":["Exordium"],"potions_floor_usage":[10,16,16],"damage_taken":[{"damage":10,"enemies":"Small Slimes","floor":1,"turns":2},{"damage":0,"enemies":"Cultist","floor":2,"turns":3},{"damage":0,"enemies":"Jaw Worm","floor":4,"turns":3},{"damage":13,"enemies":"Exordium Thugs","floor":8,"turns":8},{"damage":26,"enemies":"Large Slime","floor":10,"turns":12},{"damage":26,"enemies":"Gremlin Nob","floor":13,"turns":5},{"damage":6,"enemies":"Blue Slaver","floor":14,"turns":2},{"damage":47,"enemies":"The Guardian","floor":16,"turns":13}],"seed_played":"7282813701480057225","potions_obtained":[{"floor":1,"key":"Swift Potion"},{"floor":2,"key":"Guardian:BlockOnCardUsePotion"},{"floor":13,"key":"SpeedPotion"},{"floor":14,"key":"ColorlessPotion"}],"is_trial":false,"path_per_floor":["M","M","?","M","?","R","$","M","T","M","R","$","E","M","R","B"],"character_chosen":"IRONCLAD","items_purchased":["MealTicket"],"campfire_rested":2,"item_purchase_floors":[7],"current_hp_per_floor":[58,58,58,58,58,58,58,45,45,19,41,56,30,24,46,0,0],"gold":95,"neow_bonus":"BOSS_RELIC","is_daily":false,"chose_seed":false,"campfire_upgraded":1,"win_rate":0.0,"timestamp":1612954857,"path_taken":["M","M","?","?","?","R","$","M","T","M","R","?","E","M","R","BOSS"],"items_purchased_type":["Relic"],"build_version":"2020-12-22","purchased_purges":1,"victory":false,"max_hp_per_floor":[75,75,75,75,75,75,75,75,75,75,75,75,75,75,75,75,75],"card_choices":[{"not_picked":["Anger","Pummel"],"picked":"Power Through","floor":1},{"not_picked":["hubris:ReadiedAction","Thunderclap","Pommel Strike"],"picked":"SKIP","floor":2},{"not_picked":["Warcry","Clash","Armaments"],"picked":"SKIP","floor":4},{"not_picked":["Headbutt","ReplayTheSpireMod:LeadingStrike"],"picked":"Offering","floor":8},{"not_picked":["Havoc","Sentinel"],"picked":"Wild Strike","floor":10},{"not_picked":["Abandon","Clash"],"picked":"ReplayTheSpireMod:Stacked","floor":13},{"not_picked":["Heavy Blade","Rage"],"picked":"Wild Strike","floor":14}],"player_experience":210906,"relics_obtained":[{"floor":9,"key":"Replay:Accelerometer"},{"floor":13,"key":"ReplayTheSpireMod:Spearhead"}],"event_choices":[{"damage_healed":0,"gold_gain":100,"player_choice":"Gold","damage_taken":0,"max_hp_gain":0,"max_hp_loss":0,"event_name":"Wheel of Change","floor":3,"gold_loss":0},{"damage_healed":0,"gold_gain":0,"player_choice":"Upgraded","damage_taken":0,"max_hp_gain":0,"max_hp_loss":0,"event_name":"Upgrade Shrine","floor":5,"gold_loss":0,"cards_upgraded":["Bash"]}],"is_beta":false,"boss_relics":[],"items_purged_floors":[7],"is_endless":false,"potions_floor_spawned":[1,2,13,14],"killed_by":"The Guardian","ascension_level":14}}