{"host":"vyjryxuuuxkt43k4","time":1612917636,"event":{"mods":["AchievementEnabler","BaseMod","Colored Map","DeckTracker","Keyboard Shortcuts","Minty Spire (QoL Compilation)","Permanent Neow","Quick Restart","StSLib","SuperFastMode","everything is the same but u backflip on backflip"],"gold_per_floor":[114,114,114,114,27,54,54,87,112,23,34,51,126,126,126,126,126],"floor_reached":16,"language":"KOR","playtime":318,"items_purged":["Strike_R"],"score":312,"play_id":"608386a0-32da-4007-a069-9335ec3b71c7","local_time":"20210210094036","is_ascension_mode":true,"campfire_choices":[{"data":"Whirlwind","floor":7.0,"key":"SMITH"},{"data":"Bash","floor":15.0,"key":"SMITH"}],"circlet_count":0,"master_deck":["AscendersBane","Strike_R","Strike_R","Strike_R","Defend_R","Defend_R","Defend_R","Defend_R","Bash+1","Power Through","Dark Embrace","Whirlwind+1","Infernal Blade","Bloodletting","Shrug It Off"],"relics":["Burning Blood","NeowsBlessing","Smiling Mask","Incense Burner","FossilizedHelix","Strawberry","Golden Idol"],"acts_visited":["Exordium"],"potions_floor_usage":[16],"damage_taken":[{"damage":0.0,"enemies":"Cultist","floor":1.0,"turns":1.0},{"damage":0.0,"enemies":"Gremlin Nob","floor":6.0,"turns":1.0},{"damage":0.0,"enemies":"3 Sentries","floor":8.0,"turns":1.0},{"damage":0.0,"enemies":"Small Slimes","floor":11.0,"turns":1.0},{"damage":0.0,"enemies":"2 Louse","floor":12.0,"turns":2.0},{"damage":52,"enemies":"Hexaghost","floor":16,"turns":11}],"seed_played":"6842332287469082224","potions_obtained":[{"floor":12.0,"key":"HeartOfIron"}],"is_trial":false,"path_per_floor":["M","?","?","?","$","E","R","E","T","$","M","M","?","?","R","B"],"character_chosen":"IRONCLAD","items_purchased":["Dark Embrace","Bloodletting"],"campfire_rested":0,"item_purchase_floors":[5,10],"current_hp_per_floor":[74,67,56,61,61,67,67,73,80,80,86,87,76,46,46,0,0],"gold":126,"neow_bonus":"THREE_ENEMY_KILL","is_daily":false,"chose_seed":false,"campfire_upgraded":2,"win_rate":0.0,"timestamp":1612917636,"path_taken":["M","?","?","?","?","E","R","E","T","$","?","M","?","?","R","BOSS"],"items_purchased_type":["Card","Card"],"build_version":"2020-12-22","purchased_purges":1,"victory":false,"max_hp_per_floor":[75,75,75,80,80,80,80,80,87,87,87,87,87,87,87,87,87],"card_choices":[{"not_picked":["Flex","Entrench"],"picked":"Power Through","floor":1.0},{"not_picked":["Dual Wield","Thunderclap"],"picked":"Whirlwind","floor":6.0},{"not_picked":["Flex","Perfected Strike"],"picked":"Infernal Blade","floor":8.0},{"not_picked":["Intimidate","Flex"],"picked":"Shrug It Off","floor":11.0},{"not_picked":["Searing Blow","Sword Boomerang","Heavy Blade"],"picked":"SKIP","floor":12.0}],"player_experience":881959,"relics_obtained":[{"floor":6.0,"key":"Incense Burner"},{"floor":8.0,"key":"FossilizedHelix"},{"floor":9.0,"key":"Strawberry"}],"event_choices":[{"cards_removed":["Strike_R"],"damage_healed":0.0,"max_hp_gain":0.0,"max_hp_loss":0.0,"gold_gain":0.0,"event_name":"Golden Wing","player_choice":"Card Removal","floor":2.0,"gold_loss":0.0,"damage_taken":7.0},{"damage_healed":0.0,"max_hp_gain":0.0,"max_hp_loss":0.0,"gold_gain":0.0,"event_name":"Scrap Ooze","player_choice":"Success","floor":3.0,"gold_loss":0.0,"damage_taken":11.0,"relics_obtained":["Smiling Mask"]},{"damage_healed":0.0,"max_hp_gain":5.0,"max_hp_loss":0.0,"gold_gain":0.0,"event_name":"Big Fish","player_choice":"Donut","floor":4.0,"gold_loss":0.0,"damage_taken":0.0},{"damage_healed":0.0,"max_hp_gain":0.0,"max_hp_loss":0.0,"gold_gain":75.0,"event_name":"World of Goop","player_choice":"Gather Gold","floor":13.0,"gold_loss":0.0,"damage_taken":11.0},{"damage_healed":0.0,"max_hp_gain":0.0,"max_hp_loss":0.0,"gold_gain":0.0,"event_name":"Golden Idol","player_choice":"Take Damage","floor":14.0,"gold_loss":0.0,"damage_taken":30.0,"relics_obtained":["Golden Idol"]}],"is_beta":false,"boss_relics":[],"items_purged_floors":[5],"is_endless":false,"potions_floor_spawned":[12],"killed_by":"Hexaghost","ascension_level":20}}