{"host":"6xgs11its20tv54m","time":1612977114,"event":{"mods":["AchievementEnabler","BaseMod","Better Third Choice","BetterRewards","DeckTracker","Minty Spire (QoL Compilation)","Quick Restart","Relic Stats","Robot Space Explorer","StSLib","everything is the same but u backflip on backflip","slay the spire mod where everything is the same but ironclad has a cowboy hat"],"gold_per_floor":[110,110,40,121,101,101,134,149,195,270,288,303,303,323,323,323,323],"floor_reached":16,"language":"ENG","playtime":568,"items_purged":[],"score":125,"play_id":"fd287eb1-643d-43a1-ab8c-41ed13388939","local_time":"20210210181154","is_ascension_mode":false,"campfire_choices":[{"data":"Mind Blast","floor":6,"key":"SMITH"},{"data":"RobotSpaceExplorer:Exploration","floor":13,"key":"SMITH"},{"data":"RobotSpaceExplorer:PlasmaMissile","floor":15,"key":"SMITH"}],"circlet_count":0,"master_deck":["RobotSpaceExplorer:Strike","RobotSpaceExplorer:Strike","RobotSpaceExplorer:Strike","RobotSpaceExplorer:Strike","RobotSpaceExplorer:Defend","RobotSpaceExplorer:Defend","RobotSpaceExplorer:Defend","RobotSpaceExplorer:Defend","RobotSpaceExplorer:Scan","RobotSpaceExplorer:MiniLasers","RobotSpaceExplorer:IronShell","Mind Blast+1","RobotSpaceExplorer:PlasmaMissile+1","RobotSpaceExplorer:GlueSpray","RobotSpaceExplorer:MiniDrones","RobotSpaceExplorer:JunkDive","RobotSpaceExplorer:StunGrenade"],"relics":["RobotSpaceExplorer:RoboCore","NeowsBlessing","HornCleat","Regal Pillow","Bag of Preparation","Sundial"],"acts_visited":["Exordium"],"potions_floor_usage":[12,14,16,16],"damage_taken":[{"damage":0,"enemies":"Jaw Worm","floor":1,"turns":1},{"damage":0,"enemies":"Lagavulin","floor":7,"turns":1},{"damage":0,"enemies":"Cultist","floor":8,"turns":1},{"damage":0,"enemies":"Small Slimes","floor":11,"turns":5},{"damage":0,"enemies":"2 Fungi Beasts","floor":12,"turns":4},{"damage":1,"enemies":"3 Louse","floor":14,"turns":6},{"damage":68,"enemies":"Slime Boss","floor":16,"turns":12}],"seed_played":"-6719025957213628110","potions_obtained":[{"floor":1,"key":"RobotSpaceExplorer:LiquidFusion"},{"floor":5,"key":"Swift Potion"},{"floor":8,"key":"RobotSpaceExplorer:PlasmaFlask"},{"floor":14,"key":"Weak Potion"}],"is_trial":false,"path_per_floor":["M","?","$","T","?","R","E","M","T","?","M","M","R","M","R","B"],"character_chosen":"RobotSpaceExplorer","items_purchased":["RobotSpaceExplorer:PlasmaMissile"],"campfire_rested":0,"item_purchase_floors":[3],"current_hp_per_floor":[75,75,75,75,75,75,75,75,75,64,64,64,64,63,63,0,0],"gold":323,"neow_bonus":"THREE_ENEMY_KILL","is_daily":false,"chose_seed":false,"campfire_upgraded":3,"win_rate":0.0,"timestamp":1612977114,"path_taken":["M","?","?","?","?","R","E","?","T","?","M","M","R","M","R","BOSS"],"items_purchased_type":["Card"],"build_version":"2020-12-22","purchased_purges":0,"victory":false,"max_hp_per_floor":[75,75,75,75,75,75,75,75,75,75,75,75,75,75,75,75,75],"relic_stats":{"Regal Pillow":0,"counters":[7,30],"Sundial":[2],"Bag of Preparation":[8],"obtain_stats":[{"Regal Pillow":7,"HornCleat":4,"NeowsBlessing":0,"Sundial":14,"RobotSpaceExplorer:RoboCore":0,"Bag of Preparation":9},{"Regal Pillow":2,"HornCleat":1,"NeowsBlessing":0,"Sundial":6,"RobotSpaceExplorer:RoboCore":0,"Bag of Preparation":3},{"Regal Pillow":2,"HornCleat":1,"NeowsBlessing":0,"Sundial":18,"RobotSpaceExplorer:RoboCore":0,"Bag of Preparation":3}]},"card_choices":[{"not_picked":["RobotSpaceExplorer:DoubleFind","RobotSpaceExplorer:PowerCollector"],"picked":"RobotSpaceExplorer:IronShell","floor":1},{"not_picked":["RobotSpaceExplorer:Counterblock","RobotSpaceExplorer:BlastShield"],"picked":"RobotSpaceExplorer:Exploration","floor":7},{"not_picked":["RobotSpaceExplorer:SwiftStep","RobotSpaceExplorer:ScrapMissile"],"picked":"RobotSpaceExplorer:GlueSpray","floor":8},{"not_picked":["RobotSpaceExplorer:DoubleBlock","RobotSpaceExplorer:Counterblock"],"picked":"RobotSpaceExplorer:MiniDrones","floor":11},{"not_picked":["RobotSpaceExplorer:ShockKick","RobotSpaceExplorer:Probe"],"picked":"RobotSpaceExplorer:JunkDive","floor":12},{"not_picked":["RobotSpaceExplorer:Ammunition","RobotSpaceExplorer:MetalStrike"],"picked":"RobotSpaceExplorer:StunGrenade","floor":14}],"player_experience":438049,"relics_obtained":[{"floor":4,"key":"HornCleat"},{"floor":7,"key":"Regal Pillow"},{"floor":9,"key":"Bag of Preparation"},{"floor":14,"key":"Sundial"}],"event_choices":[{"damage_healed":0,"gold_gain":0,"player_choice":"1 cards matched","damage_taken":0,"max_hp_gain":0,"max_hp_loss":0,"event_name":"Match and Keep!","floor":2,"gold_loss":0,"cards_obtained":["Mind Blast"]},{"damage_healed":0,"gold_gain":0,"player_choice":"Bought 1 Potion","damage_taken":0,"max_hp_gain":0,"max_hp_loss":0,"event_name":"The Woman in Blue","floor":5,"gold_loss":0},{"damage_healed":0,"gold_gain":75,"player_choice":"Gold","damage_taken":11,"max_hp_gain":1,"max_hp_loss":0,"event_name":"betterThird:BetterGoop","floor":10,"gold_loss":0}],"is_beta":false,"boss_relics":[],"items_purged_floors":[],"is_endless":false,"potions_floor_spawned":[1,8,11,14],"killed_by":"Slime Boss","ascension_level":0}}