{"host":"Cenci","time":1612941712,"event":{"mods":["BaseMod","Downfall","Highlight Path","Minty Spire (QoL Compilation)","StSLib","The Cursed"],"gold_per_floor":[199,209,225,244,13,42,42,60,60,85,85,99,99,110,126,126,126,126],"floor_reached":16,"language":"ENG","playtime":706,"items_purged":[],"score":137,"play_id":"57088436-fc53-432b-a3f5-7f057cefe248","local_time":"20210210082152","is_ascension_mode":true,"campfire_choices":[{"floor":1.0,"key":"RECALL"},{"data":"Slimebound:Split","floor":9.0,"key":"SMITH"},{"data":"Slimebound:SelfFormingGoo","floor":11.0,"key":"SMITH"},{"floor":13.0,"key":"REST"}],"circlet_count":0,"master_deck":["Slimebound:Strike_Slimebound","Slimebound:Strike_Slimebound","Slimebound:Strike_Slimebound","Slimebound:Tackle","Slimebound:Defend_Slimebound","Slimebound:Defend_Slimebound","Slimebound:Defend_Slimebound","Slimebound:Defend_Slimebound","Slimebound:Split+1","Slimebound:CorrosiveSpit","Slimebound:ComboTackle","Slimebound:RallyTheTroops","Slimebound:Prepare","Slimebound:DuplicatedForm","Slimebound:HungryTackle","Slimebound:PressTheAttack","Slimebound:ForwardTackle","Slimebound:SelfFormingGoo+1","Slimebound:ProtectTheBoss","Slimebound:Equalize"],"relics":["Slimebound:AbsorbEndCombat","Bottled Lightning","Smiling Mask"],"acts_visited":["Exordium"],"potions_floor_usage":[],"damage_taken":[{"damage":4.0,"enemies":"2 Louse","floor":2.0,"turns":3.0},{"damage":7.0,"enemies":"Small Slimes","floor":3.0,"turns":3.0},{"damage":4.0,"enemies":"Jaw Worm","floor":4.0,"turns":3.0},{"damage":6.0,"enemies":"downfall:FleeingMerchant","floor":5.0,"turns":4.0},{"damage":41.0,"enemies":"3 Sentries","floor":6.0,"turns":6.0},{"damage":0.0,"enemies":"Large Slime","floor":8.0,"turns":5.0},{"damage":25.0,"enemies":"Lagavulin","floor":10.0,"turns":6.0},{"damage":11.0,"enemies":"3 Louse","floor":12.0,"turns":3.0},{"damage":11.0,"enemies":"Blue Slaver","floor":14.0,"turns":3.0},{"damage":28.0,"enemies":"Exordium Thugs","floor":15.0,"turns":5.0},{"damage":0,"enemies":"IC_STATUS_ARCHETYPE","floor":16,"turns":1}],"seed_played":"2380845373594005315","potions_obtained":[{"floor":4.0,"key":"Strength Potion"},{"floor":10.0,"key":"Slimebound:ThreeZeroPotion"},{"floor":12.0,"key":"Strength Potion"},{"floor":15.0,"key":"AttackPotion"}],"is_trial":false,"path_per_floor":["R","M","M","M","$","E","T","M","R","E","R","M","R","M","M","B"],"character_chosen":"SLIMEBOUND","items_purchased":["Slimebound:DuplicatedForm","Slimebound:HungryTackle"],"campfire_rested":1,"item_purchase_floors":[5,5],"current_hp_per_floor":[65,61,58,60,62,36,36,44,44,27,27,18,37,30,2,2,2,2],"gold":126,"neow_bonus":"HUNDRED_GOLD","is_daily":false,"chose_seed":false,"campfire_upgraded":2,"win_rate":0.0,"timestamp":1612941712,"path_taken":["R","M","M","M","$","E","T","M","R","E","R","M","R","M","M","BOSS"],"items_purchased_type":["Card","Card"],"build_version":"2020-11-17","purchased_purges":0,"victory":false,"max_hp_per_floor":[65,65,65,65,65,65,65,65,65,65,65,65,65,65,65,65,65,65],"card_choices":[{"not_picked":["Slimebound:ItLooksTasty","Slimebound:SplitLeeching"],"picked":"Slimebound:ComboTackle","floor":2.0},{"not_picked":["Slimebound:SamplingLick","Slimebound:FormOfPuddle"],"picked":"Slimebound:RallyTheTroops","floor":3.0},{"not_picked":["Slimebound:FinishingTackle","Slimebound:HauntingLick","Slimebound:BestDefense"],"picked":"SKIP","floor":4.0},{"not_picked":["Slimebound:ViciousTackle","Slimebound:SplitLeeching"],"picked":"Slimebound:Prepare","floor":5.0},{"not_picked":["Slimebound:SpikyOuterGoop","Slimebound:FinishingTackle"],"picked":"Slimebound:PressTheAttack","floor":6.0},{"not_picked":["Slimebound:GoopTackle","Slimebound:SamplingLick"],"picked":"Slimebound:ForwardTackle","floor":8.0},{"not_picked":["Slimebound:ItLooksTasty","Slimebound:LeechingTouch"],"picked":"Slimebound:SelfFormingGoo","floor":10.0},{"not_picked":["Slimebound:HungryTackle","Slimebound:FinishingTackle","Slimebound:PressTheAttack"],"picked":"SKIP","floor":12.0},{"not_picked":["Slimebound:SlimeSpikes","Slimebound:Recollect"],"picked":"Slimebound:ProtectTheBoss","floor":14.0},{"not_picked":["Slimebound:Prepare","Slimebound:SlimeSpikes"],"picked":"Slimebound:Equalize","floor":15.0}],"player_experience":304122,"relics_obtained":[{"floor":6.0,"key":"Bottled Lightning"},{"floor":10.0,"key":"Smiling Mask"}],"event_choices":[],"is_beta":true,"boss_relics":[],"items_purged_floors":[],"is_endless":false,"potions_floor_spawned":[4,10,12,15],"killed_by":"IC_STATUS_ARCHETYPE","ascension_level":4}}