{"host":"9l1knhxfturzliqa","time":1612944434,"event":{"mods":["AchievementEnabler","BaseMod","Colored Map","Colored Powertips","DeckTracker","Highlight Path","Keyboard Shortcuts","Minty Spire (QoL Compilation)","Random Character Button"],"gold_per_floor":[35,35,70,112,112,112,162,172,196,213,231,262,107,117,117,219,219,238,253,253,266,266,266,295,295,318,318,334,363,363,380,380,380,380],"floor_reached":33,"language":"KOR","playtime":1386,"items_purged":[],"score":567,"play_id":"c65267b1-31aa-4ff1-9cd8-4214d8b631a1","local_time":"20210210170714","is_ascension_mode":true,"campfire_choices":[{"data":"Eruption","floor":6.0,"key":"SMITH"},{"data":"Adaptation","floor":15.0,"key":"SMITH"},{"data":"Crescendo","floor":23.0,"key":"SMITH"},{"floor":25.0,"key":"REST"},{"data":"TalkToTheHand","floor":27.0,"key":"SMITH"},{"data":"1","floor":30.0,"key":"LIFT"},{"floor":32.0,"key":"REST"}],"circlet_count":0,"master_deck":["AscendersBane","Strike_P","Strike_P","Strike_P","Defend_P","Defend_P","Defend_P","Eruption+1","Vigilance","Wish","CrushJoints+1","EmptyFist+1","Adaptation+1","Halt","FearNoEvil","TalkToTheHand+1","Crescendo+1","CurseOfTheBell"],"relics":["PureWater","Whetstone","Oddly Smooth Stone","Orichalcum","Orrery","Calling Bell","Nunchaku","Darkstone Periapt","Girya","Pear","Potion Belt","Ancient Tea Set","CaptainsWheel"],"acts_visited":["Exordium","TheCity"],"potions_floor_usage":[33],"damage_taken":[{"damage":0.0,"enemies":"Small Slimes","floor":1.0,"turns":3.0},{"damage":6.0,"enemies":"Cultist","floor":3.0,"turns":6.0},{"damage":3.0,"enemies":"Jaw Worm","floor":4.0,"turns":6.0},{"damage":12.0,"enemies":"Lagavulin","floor":7.0,"turns":5.0},{"damage":0.0,"enemies":"2 Fungi Beasts","floor":8.0,"turns":4.0},{"damage":0.0,"enemies":"Looter","floor":10.0,"turns":1.0},{"damage":0.0,"enemies":"Blue Slaver","floor":11.0,"turns":2.0},{"damage":0.0,"enemies":"Gremlin Nob","floor":12.0,"turns":2.0},{"damage":0.0,"enemies":"2 Fungi Beasts","floor":14.0,"turns":3.0},{"damage":8.0,"enemies":"The Guardian","floor":16.0,"turns":9.0},{"damage":2.0,"enemies":"Chosen","floor":18.0,"turns":3.0},{"damage":2.0,"enemies":"3 Byrds","floor":19.0,"turns":4.0},{"damage":28.0,"enemies":"Shelled Parasite and Fungi","floor":21.0,"turns":7.0},{"damage":18.0,"enemies":"Gremlin Leader","floor":24.0,"turns":5.0},{"damage":12.0,"enemies":"Sentry and Sphere","floor":28.0,"turns":5.0},{"damage":6.0,"enemies":"Book of Stabbing","floor":29.0,"turns":3.0},{"damage":12.0,"enemies":"Snake Plant","floor":31.0,"turns":4.0},{"damage":45,"enemies":"Automaton","floor":33,"turns":6}],"seed_played":"4778264715335525209","potions_obtained":[{"floor":1.0,"key":"SneckoOil"},{"floor":3.0,"key":"SteroidPotion"},{"floor":8.0,"key":"BlessingOfTheForge"},{"floor":10.0,"key":"Fire Potion"},{"floor":12.0,"key":"AttackPotion"},{"floor":18.0,"key":"Explosive Potion"},{"floor":28.0,"key":"PowerPotion"},{"floor":31.0,"key":"PowerPotion"}],"is_trial":false,"path_per_floor":["M","?","M","M","?","R","E","M","T","M","M","E","$","M","R","B",null,"M","M","T","M","?","R","E","R","T","R","M","E","R","M","R","B"],"character_chosen":"WATCHER","items_purchased":["Orrery"],"campfire_rested":2,"item_purchase_floors":[13],"current_hp_per_floor":[61,54,48,45,45,45,33,33,33,33,33,33,33,33,33,25,57,55,53,63,35,35,35,17,40,40,40,28,22,22,10,33,0,0],"gold":380,"neow_bonus":"THREE_RARE_CARDS","is_daily":false,"chose_seed":false,"campfire_upgraded":4,"win_rate":0.0,"timestamp":1612944434,"path_taken":["M","?","M","M","?","R","E","M","T","M","M","E","$","M","R","BOSS","M","M","?","M","?","R","E","R","T","R","M","E","R","M","R","BOSS"],"items_purchased_type":["Relic"],"build_version":"2020-12-22","purchased_purges":0,"victory":false,"max_hp_per_floor":[68,68,68,68,68,68,68,68,68,68,68,68,68,68,68,68,68,68,68,78,78,78,78,78,78,78,78,78,78,78,78,78,78,78],"card_choices":[{"not_picked":["Devotion","DeusExMachina"],"picked":"Wish","floor":0.0},{"not_picked":["BattleHymn","Halt"],"picked":"CrushJoints","floor":1.0},{"not_picked":["LikeWater","CutThroughFate","Protect"],"picked":"SKIP","floor":3.0},{"not_picked":["Fasting2","DeceiveReality"],"picked":"EmptyFist","floor":4.0},{"not_picked":["CutThroughFate","CrushJoints","JustLucky"],"picked":"SKIP","floor":7.0},{"not_picked":["SashWhip","CutThroughFate"],"picked":"Adaptation","floor":8.0},{"not_picked":["Protect","Judgement"],"picked":"Halt","floor":10.0},{"not_picked":["Collect","EmptyBody","Study"],"picked":"SKIP","floor":11.0},{"not_picked":["FlurryOfBlows","Study","WindmillStrike"],"picked":"SKIP","floor":12.0},{"not_picked":["Worship","WindmillStrike"],"picked":"FearNoEvil","floor":13.0},{"not_picked":["Evaluate","ClearTheMind"],"picked":"TalkToTheHand","floor":13.0},{"not_picked":["Indignation","Worship"],"picked":"Crescendo","floor":13.0},{"not_picked":["LikeWater","Prostrate","ThirdEye"],"picked":"SKIP","floor":14.0},{"not_picked":["Prostrate","FollowUp+1","Collect"],"picked":"SKIP","floor":18.0},{"not_picked":["FollowUp","Crescendo","FlyingSleeves"],"picked":"SKIP","floor":19.0},{"not_picked":["EmptyFist","Fasting2","Halt"],"picked":"SKIP","floor":21.0},{"not_picked":["Halt","Fasting2","BowlingBash"],"picked":"SKIP","floor":24.0},{"not_picked":["DeceiveReality","Pray","CarveReality"],"picked":"SKIP","floor":28.0},{"not_picked":["Meditate","Indignation","WaveOfTheHand"],"picked":"SKIP","floor":29.0},{"not_picked":["ThirdEye","BowlingBash","Wireheading"],"picked":"SKIP","floor":31.0}],"player_experience":659944,"relics_obtained":[{"floor":7.0,"key":"Whetstone"},{"floor":9.0,"key":"Oddly Smooth Stone"},{"floor":12.0,"key":"Orichalcum"},{"floor":17.0,"key":"Nunchaku"},{"floor":17.0,"key":"Darkstone Periapt"},{"floor":17.0,"key":"Girya"},{"floor":20.0,"key":"Pear"},{"floor":24.0,"key":"Potion Belt"},{"floor":26.0,"key":"Ancient Tea Set"},{"floor":29.0,"key":"CaptainsWheel"}],"event_choices":[{"cards_removed":["Strike_P"],"damage_healed":0.0,"max_hp_gain":0.0,"max_hp_loss":0.0,"gold_gain":0.0,"event_name":"Golden Wing","player_choice":"Card Removal","floor":2.0,"gold_loss":0.0,"damage_taken":7.0},{"cards_removed":["Defend_P"],"damage_healed":0.0,"max_hp_gain":0.0,"max_hp_loss":0.0,"gold_gain":0.0,"event_name":"Purifier","player_choice":"Purged","floor":5.0,"gold_loss":0.0,"damage_taken":0.0},{"damage_healed":0.0,"max_hp_gain":0.0,"max_hp_loss":0.0,"gold_gain":0.0,"event_name":"Vampires","player_choice":"Ignored","floor":22.0,"gold_loss":0.0,"damage_taken":0.0}],"is_beta":false,"boss_relics":[{"not_picked":["Sozu","Runic Pyramid"],"picked":"Calling Bell"}],"items_purged_floors":[],"is_endless":false,"potions_floor_spawned":[1,3,8,10,12,18,28,31],"killed_by":"Automaton","ascension_level":15}}