{"host":"yfdtuf6ojcxn06xg","time":1612939214,"event":{"mods":["2.2 Compatiblity","AchievementEnabler","BaseMod","Colored Map","Colored Powertips","Curses Come First","Hermit","JesterMod","Jorbs\u0027s Wanderer Trilogy","Minty Spire (QoL Compilation)","Quick Restart","Rare Cards Sparkle","Relic Stats","Replay The Spire","StSLib","The Cursed","The Disciple","The Hierophant","The Jungle","The Marked","The Necromancer","The Servant 0.9.4"],"gold_per_floor":[113,133,233,249,261,261,291,291,291,301,121,26,26,46,46,149,149,160,259,259,259,3,3,35,35,85,117,133,41,53,2,2,101,101,118,134,134,153,166,166,166],"floor_reached":40,"language":"ENG","playtime":1846,"items_purged":["Strike_B","Defend_B"],"score":659,"play_id":"57ff62a2-55d0-4c83-8beb-9a8f4bac7e00","local_time":"20210210014014","is_ascension_mode":true,"campfire_choices":[{"data":"Zap","floor":6,"key":"SMITH"},{"data":"Redo","floor":8,"key":"SMITH"},{"floor":13,"key":"REST"},{"data":"Barrage","floor":15,"key":"SMITH"},{"data":"FTL","floor":23,"key":"SMITH"},{"floor":32,"key":"REST"}],"circlet_count":0,"master_deck":["Defend_B","Defend_B","Defend_B","Zap+1","Dualcast","Ball Lightning","Beam Cell","Beam Cell","ReplayGash","Seek","Redo+1","Cold Snap","Gash","Scrape+1","Replay:Bootleg Shield Generator","Barrage+1","All For One","FTL+1","Bite","Bite","Bite","Bite","Bite","Defragment","Conserve Battery","Gash","Forethought","Go for the Eyes","Steam","Echo Form","Gash+1","Leap+1","Parasite"],"relics":["Cracked Core","Happy Flower","Geode","Black Star","Orichalcum","Pear","Dream Catcher","Anchor","Mummified Hand","Durian","Pet Ghost","SacredBark"],"acts_visited":["Exordium","TheCity","TheBeyond"],"potions_floor_usage":[18,24,27,33,38,39,39],"damage_taken":[{"damage":0,"enemies":"Small Slimes","floor":1,"turns":2},{"damage":1,"enemies":"Cultist","floor":2,"turns":3},{"damage":2,"enemies":"Jaw Worm","floor":4,"turns":3},{"damage":5,"enemies":"2 Fungi Beasts","floor":5,"turns":3},{"damage":21,"enemies":"Lagavulin","floor":7,"turns":5},{"damage":0,"enemies":"Blue Slaver","floor":10,"turns":2},{"damage":2,"enemies":"Gremlin Gang","floor":14,"turns":3},{"damage":4,"enemies":"Fading Forest","floor":16,"turns":11},{"damage":0,"enemies":"Chosen","floor":18,"turns":2},{"damage":13,"enemies":"Replay:Snechameleon","floor":24,"turns":4},{"damage":16,"enemies":"Book of Stabbing","floor":27,"turns":4},{"damage":7,"enemies":"2 Thieves","floor":28,"turns":2},{"damage":7,"enemies":"Snecko","floor":30,"turns":3},{"damage":9,"enemies":"Pondfish","floor":33,"turns":12},{"damage":18,"enemies":"3 Darklings","floor":35,"turns":6},{"damage":0,"enemies":"Orb Walker","floor":36,"turns":2},{"damage":36,"enemies":"Jaw Worm Horde","floor":38,"turns":5},{"damage":35,"enemies":"Writhing Mass","floor":39,"turns":8},{"damage":66,"enemies":"Reptomancer","floor":40,"turns":4}],"seed_played":"-8873913241005499993","potions_obtained":[{"floor":7,"key":"Strength Potion"},{"floor":10,"key":"SpeedPotion"},{"floor":14,"key":"Flashbang"},{"floor":16,"key":"GamblersBrew"},{"floor":18,"key":"Flashbang"},{"floor":28,"key":"Dexterity Potion"},{"floor":30,"key":"Weak Potion"},{"floor":35,"key":"Regen Potion"},{"floor":36,"key":"FearPotion"}],"is_trial":false,"path_per_floor":["M","M","?","M","M","R","E","R","T","M","$","$","R","M","R","B",null,"M","?","?","?","$","R","E","?","T","E","M","$","M","?","R","B",null,"M","M","?","M","M","E"],"character_chosen":"DEFECT","items_purchased":["Gash","Scrape+1","Replay:Bootleg Shield Generator","Orichalcum","Forethought"],"campfire_rested":2,"item_purchase_floors":[11,11,12,22,29],"current_hp_per_floor":[75,74,74,72,67,67,46,46,46,46,46,46,68,66,66,62,75,75,75,52,52,52,52,51,51,51,46,43,43,42,42,62,59,67,53,55,55,29,47,0,0],"gold":166,"neow_bonus":"THREE_CARDS","is_daily":false,"chose_seed":false,"campfire_upgraded":4,"win_rate":0.0,"timestamp":1612939214,"path_taken":["M","M","?","M","?","R","E","R","T","M","?","$","R","M","R","BOSS","M","?","?","?","$","R","E","?","T","E","M","$","M","?","R","BOSS","M","?","?","M","M","E"],"items_purchased_type":["Card","Card","Card","Relic","Card"],"build_version":"2020-12-22","purchased_purges":2,"victory":false,"max_hp_per_floor":[75,75,75,75,75,75,75,75,75,75,75,75,75,75,75,75,75,75,75,52,52,52,52,62,62,62,67,67,67,67,67,67,67,67,67,67,67,67,67,67,67],"relic_stats":{"Dream Catcher":1,"Happy Flower":[22],"counters":[19,84],"Mummified Hand":[9],"Black Star":2,"Orichalcum":[48],"obtain_stats":[{"Dream Catcher":24,"Anchor":26,"Pear":24,"Happy Flower":7,"Mummified Hand":27,"SacredBark":34,"Geode":9,"Black Star":17,"Durian":27,"Orichalcum":22,"Cracked Core":0,"Pet Ghost":31},{"Dream Catcher":10,"Anchor":10,"Pear":10,"Happy Flower":5,"Mummified Hand":11,"SacredBark":14,"Geode":5,"Black Star":8,"Durian":11,"Orichalcum":9,"Cracked Core":0,"Pet Ghost":13},{"Dream Catcher":38,"Anchor":38,"Pear":38,"Happy Flower":16,"Mummified Hand":42,"SacredBark":59,"Geode":16,"Black Star":32,"Durian":42,"Orichalcum":34,"Cracked Core":0,"Pet Ghost":47}]},"card_choices":[{"not_picked":["Conserve Battery","Barrage"],"picked":"Ball Lightning","floor":0},{"not_picked":["Rebound","Stack"],"picked":"Beam Cell","floor":1},{"not_picked":["Ball Lightning","Coolheaded"],"picked":"Beam Cell","floor":2},{"not_picked":["Redo","Rebound"],"picked":"ReplayGash","floor":4},{"not_picked":["Ball Lightning","Rip and Tear"],"picked":"Seek","floor":5},{"not_picked":["Turbo","Reinforced Body"],"picked":"Redo","floor":7},{"not_picked":["Storm","White Noise"],"picked":"Cold Snap","floor":10},{"not_picked":["Self Repair","Cold Snap"],"picked":"Barrage","floor":14},{"not_picked":["Meteor Strike","Machine Learning"],"picked":"All For One","floor":16},{"not_picked":["Beam Cell+1","Loop+1"],"picked":"FTL","floor":18},{"not_picked":["Heatsinks","Panic Button"],"picked":"Defragment","floor":24},{"not_picked":["Sunder","Turbo"],"picked":"Conserve Battery","floor":27},{"not_picked":["Ball Lightning","Barrage+1"],"picked":"Gash","floor":28},{"not_picked":["ReplayTheSpireMod:Repulse+1","Hello World"],"picked":"Go for the Eyes","floor":30},{"not_picked":["BasicCrystalCard","Reboot"],"picked":"Steam","floor":32},{"not_picked":["Amplify","Thunder Strike"],"picked":"Echo Form","floor":33},{"not_picked":["Steam","Defragment"],"picked":"Gash+1","floor":35},{"not_picked":["Streamline+1","Stack+1"],"picked":"Leap+1","floor":36},{"not_picked":["Hologram+1","ReplaySort+1","Turbo"],"picked":"SKIP","floor":38},{"not_picked":["Blizzard+1","BasicCrystalCard+1","Doom and Gloom"],"picked":"SKIP","floor":39}],"player_experience":255249,"relics_obtained":[{"floor":7,"key":"Happy Flower"},{"floor":9,"key":"Geode"},{"floor":24,"key":"Pear"},{"floor":24,"key":"Dream Catcher"},{"floor":26,"key":"Anchor"},{"floor":27,"key":"Mummified Hand"},{"floor":27,"key":"Durian"}],"event_choices":[{"damage_healed":0,"gold_gain":100,"player_choice":"Pray","damage_taken":0,"max_hp_gain":0,"max_hp_loss":0,"event_name":"Golden Shrine","floor":3,"gold_loss":0},{"damage_healed":0,"gold_gain":99,"player_choice":"Stole From Cult","damage_taken":0,"max_hp_gain":0,"max_hp_loss":0,"event_name":"Nest","floor":19,"gold_loss":0},{"damage_healed":0,"gold_gain":0,"player_choice":"Became a vampire","damage_taken":0,"max_hp_gain":0,"max_hp_loss":23,"event_name":"Vampires","floor":20,"gold_loss":0,"cards_obtained":["Bite","Bite","Bite","Bite","Bite"]},{"damage_healed":0,"gold_gain":0,"player_choice":"Ignored","damage_taken":0,"max_hp_gain":0,"max_hp_loss":0,"event_name":"Cursed Tome","floor":21,"gold_loss":0},{"damage_healed":0,"gold_gain":0,"player_choice":"Paid Gold","damage_taken":0,"relics_obtained":["Pet Ghost"],"max_hp_gain":0,"max_hp_loss":0,"event_name":"WeMeetAgain","floor":31,"gold_loss":51},{"damage_healed":0,"gold_gain":0,"player_choice":"0 cards matched","damage_taken":0,"max_hp_gain":0,"max_hp_loss":0,"event_name":"Match and Keep!","floor":37,"gold_loss":0,"cards_obtained":[]}],"is_beta":false,"boss_relics":[{"not_picked":["Replay:Ancient Bell","Fusion Hammer"],"picked":"Black Star"},{"not_picked":["Replay:Drink Me","Replay:Fungal Core"],"picked":"SacredBark"}],"items_purged_floors":[11,22],"is_endless":false,"potions_floor_spawned":[7,10,14,16,18,28,30,35,36],"killed_by":"Reptomancer","ascension_level":2}}