{"host":"vu2gjyr86ub8nk5d","time":1612916863,"event":{"mods":["AchievementEnabler","BaseMod","BetterRewards","Colored Map","Downfall","Ironclad Rager","Minty Spire (QoL Compilation)","Replay The Spire","StSLib"],"gold_per_floor":[99,118,130,191,204,104,104,104,4,23,42,34,34,58,83,191,191,191,217,57,57,57,57,57,79,105,105,2,2,35,35,53,53,53,53],"floor_reached":33,"language":"ENG","playtime":3205,"items_purged":[],"score":357,"play_id":"c246a634-168c-4ee7-97c4-3c53e01c100c","local_time":"20210209182743","is_ascension_mode":false,"campfire_choices":[{"floor":1.0,"key":"RECALL"},{"data":"hexamod:SpectersWail","floor":6.0,"key":"SMITH"},{"floor":9.0,"key":"REST"},{"data":"hexamod:ParanormalForm","floor":18.0,"key":"SMITH"},{"data":"J.A.X.","floor":23.0,"key":"SMITH"}],"circlet_count":0,"master_deck":["hexamod:Strike","hexamod:Strike","hexamod:Strike","hexamod:Strike","hexamod:Defend","hexamod:Defend","hexamod:Defend","hexamod:Defend","hexamod:Sear","hexamod:Float","hexamod:ThirdSeal","hexamod:FirstSeal","hexamod:GhostLash","hexamod:SpectersWail","hexamod:SpectersWail+1","hexamod:NightmareGuise","hexamod:ThermalTransfer","hexamod:ThirdSeal","hexamod:HeatMetal","hexamod:PhantomFireball","hexamod:VolcanoVisage","hexamod:HauntingEcho","hexamod:FourthSeal","hexamod:FirstSeal","hexamod:SecondSeal","hexamod:SwordOfDarkness","hexamod:WildfireWeapon","hexamod:FlamesFromBeyond","hexamod:FirstSeal","hexamod:GhostLash","hexamod:Hexaguard","hexamod:SearingWound","hexamod:VolcanoVisage","hexamod:ParanormalForm+1","hexamod:PowerFromBeyond","hexamod:FastForward+1","hexamod:Firestarter","hexamod:DynamicBlow","Hallucinations","J.A.X.+1","hexamod:GhostOfSpirePast+1","hexamod:SpectersWail","hexamod:SpectersWail","hexamod:TimeWarp","hexamod:InspiringFlames","hexamod:InspiringFlames+1","Replay:SS_forest_2","hexamod:InspiringFlames+1","hexamod:PhantomFireball+1"],"relics":["hexamod:SpiritBrand","Juzu Bracelet","downfall:HeartBlessingRed","downfall:HeartBlessingBlue","Replay:Bronze Core","ReplayTheSpireMod:CursedCoin","Durian","Girya","downfall:RedIOU","Oddly Smooth Stone"],"acts_visited":["Exordium","TheCity"],"potions_floor_usage":[33,33],"damage_taken":[{"damage":0.0,"enemies":"Cultist","floor":2.0,"turns":3.0},{"damage":0.0,"enemies":"2 Louse","floor":3.0,"turns":3.0},{"damage":41.0,"enemies":"3 Sentries","floor":4.0,"turns":12.0},{"damage":3.0,"enemies":"Small Slimes","floor":5.0,"turns":3.0},{"damage":0.0,"enemies":"2 Fungi Beasts","floor":10.0,"turns":2.0},{"damage":9.0,"enemies":"Exordium Wildlife","floor":11.0,"turns":3.0},{"damage":20.0,"enemies":"Exordium Thugs","floor":14.0,"turns":3.0},{"damage":2.0,"enemies":"2 Fungi Beasts","floor":15.0,"turns":4.0},{"damage":31.0,"enemies":"DF_ARCHETYPE_STREAMLINE","floor":16.0,"turns":7.0},{"damage":5.0,"enemies":"Chosen","floor":19.0,"turns":3.0},{"damage":10.0,"enemies":"downfall:FleeingMerchant","floor":20.0,"turns":5.0},{"damage":14.0,"enemies":"3 Byrds","floor":25.0,"turns":4.0},{"damage":35.0,"enemies":"Cultist and Chosen","floor":26.0,"turns":7.0},{"damage":3.0,"enemies":"downfall:FleeingMerchant","floor":28.0,"turns":5.0},{"damage":40.0,"enemies":"Book of Stabbing","floor":30.0,"turns":5.0},{"damage":15,"enemies":"Centurion and Healer","floor":32,"turns":7},{"damage":44,"enemies":"IC_MUSHROOM_ARCHETYPE","floor":33,"turns":4}],"seed_played":"-2743896315466268509","potions_obtained":[{"floor":2.0,"key":"EssenceOfSteel"},{"floor":3.0,"key":"Elixir"},{"floor":4.0,"key":"PowerPotion"},{"floor":11.0,"key":"SkillPotion"},{"floor":15.0,"key":"Regen Potion"},{"floor":15.0,"key":"Energy Potion"},{"floor":16.0,"key":"SpeedPotion"},{"floor":16.0,"key":"Dexterity Potion"},{"floor":20.0,"key":"hexamod:EctoCoolerPotion"},{"floor":25.0,"key":"EssenceOfSteel"},{"floor":26.0,"key":"GamblersBrew"},{"floor":30.0,"key":"Cursed Concoction"},{"floor":30.0,"key":"SpeedPotion"},{"floor":32,"key":"PowerPotion"}],"is_trial":false,"path_per_floor":["R_BF","M","M","?","M","R","T","?","R","M","M","?","?","M","M","B",null,"R","M","$","?","?","R","T","M","M","?","$","?","E","?","M","B"],"character_chosen":"THE_SPIRIT","items_purchased":["ReplayTheSpireMod:CursedCoin","Durian","Replay:SS_forest_2"],"campfire_rested":1,"item_purchase_floors":[20,20,28],"current_hp_per_floor":[77,77,77,43,47,47,47,22,58,65,63,56,56,50,62,67,87,87,82,91,91,91,91,91,91,70,70,74,56,23,23,29,0,0,0],"gold":53,"neow_bonus":"TEN_PERCENT_HP_BONUS","is_daily":false,"chose_seed":false,"campfire_upgraded":3,"win_rate":0.0,"timestamp":1612916863,"path_taken":["R_BF","M","M","?","M","R","T","?","R","M","M","?","?","M","M","BOSS","R","M","$","?","?","R","T","M","M","?","$","?","E","?","M","BOSS"],"items_purchased_type":["Relic","Relic","Card"],"build_version":"2020-12-22","purchased_purges":0,"victory":false,"max_hp_per_floor":[77,77,77,77,77,77,77,77,87,87,87,87,87,87,87,87,87,87,87,92,92,92,92,92,92,92,92,92,97,97,97,97,97,97,97],"card_choices":[{"not_picked":["hexamod:InspiringFlames","hexamod:HeatMetal"],"picked":"hexamod:ThirdSeal","floor":2.0},{"not_picked":["hexamod:FlamesFromBeyond","hexamod:SwordOfDarkness"],"picked":"hexamod:FirstSeal","floor":3.0},{"not_picked":["hexamod:RainOfEmbers","hexamod:PhantomCloak"],"picked":"hexamod:GhostLash","floor":3.0},{"not_picked":["hexamod:CatchUp","hexamod:EtherealExpedition"],"picked":"hexamod:SpectersWail","floor":4.0},{"not_picked":["hexamod:GhostLash","hexamod:SuperheatedStrike"],"picked":"hexamod:SpectersWail","floor":4.0},{"not_picked":["hexamod:HauntingEcho","hexamod:RetreatToShadows"],"picked":"hexamod:NightmareGuise","floor":5.0},{"not_picked":["hexamod:ChargedBarrage","hexamod:SuperheatedStrike"],"picked":"hexamod:ThermalTransfer","floor":5.0},{"not_picked":["hexamod:SpectersWail","hexamod:SkipABeat"],"picked":"hexamod:ThirdSeal","floor":10.0},{"not_picked":["hexamod:CatchUp","hexamod:RainOfEmbers"],"picked":"hexamod:HeatMetal","floor":10.0},{"not_picked":["hexamod:HeatShield","hexamod:NecessarySacrifice"],"picked":"hexamod:PhantomFireball","floor":11.0},{"not_picked":["hexamod:SpectersWail","hexamod:HeatShield"],"picked":"hexamod:VolcanoVisage","floor":11.0},{"not_picked":["hexamod:DynamicBlow","hexamod:ShieldOfDarkness"],"picked":"hexamod:HauntingEcho","floor":11.0},{"not_picked":["hexamod:DynamicBlow","hexamod:Hexaguard"],"picked":"hexamod:FlamesFromBeyond","floor":14.0},{"not_picked":["hexamod:BacktrackSmack","hexamod:RainOfEmbers"],"picked":"hexamod:FirstSeal","floor":14.0},{"not_picked":["hexamod:ShieldOfDarkness","hexamod:HauntingEcho"],"picked":"hexamod:GhostLash","floor":15.0},{"not_picked":["hexamod:AdvancingGuard","hexamod:SwordOfDarkness"],"picked":"hexamod:Hexaguard","floor":15.0},{"not_picked":["hexamod:Toasty","hexamod:FifthSeal"],"picked":"hexamod:SearingWound","floor":16.0},{"not_picked":["hexamod:SearingWound","hexamod:GhostOfSpirePresent"],"picked":"hexamod:VolcanoVisage","floor":16.0},{"not_picked":["hexamod:TimeWarp","hexamod:SixthSeal"],"picked":"hexamod:ParanormalForm","floor":16.0},{"not_picked":["hexamod:SuperheatedStrike","hexamod:EmpoweredFlame"],"picked":"hexamod:PowerFromBeyond","floor":19.0},{"not_picked":["hexamod:HauntingEcho","hexamod:Incineration+1"],"picked":"hexamod:FastForward+1","floor":19.0},{"not_picked":["hexamod:SecondSeal","hexamod:NightmareGuise"],"picked":"hexamod:Firestarter","floor":20.0},{"not_picked":["hexamod:GhostLash","hexamod:Incineration"],"picked":"hexamod:DynamicBlow","floor":20.0},{"not_picked":["hexamod:SpectralAdrenaline","hexamod:Haunt"],"picked":"hexamod:GhostOfSpirePast+1","floor":25.0},{"not_picked":["hexamod:ChargedBarrage","hexamod:SpectralAdrenaline"],"picked":"hexamod:SpectersWail","floor":26.0},{"not_picked":["hexamod:DynamicBlow","hexamod:SwordOfDarkness"],"picked":"hexamod:SpectersWail","floor":26.0},{"not_picked":["hexamod:Firestarter","hexamod:SuperheatedStrike"],"picked":"hexamod:TimeWarp","floor":28.0},{"not_picked":["hexamod:NightmareGuise+1","hexamod:RadiantFlame"],"picked":"hexamod:InspiringFlames","floor":28.0},{"not_picked":["hexamod:BurningTouch","hexamod:VolcanoVisage"],"picked":"hexamod:InspiringFlames+1","floor":28.0},{"not_picked":["hexamod:GhostShield","hexamod:Haunt+1"],"picked":"hexamod:InspiringFlames+1","floor":30.0},{"not_picked":["hexamod:GhostOfSpireFuture","hexamod:FastForward"],"picked":"hexamod:PhantomFireball+1","floor":32}],"player_experience":142169,"relics_obtained":[{"floor":24.0,"key":"Girya"},{"floor":30.0,"key":"Oddly Smooth Stone"}],"event_choices":[{"damage_healed":0.0,"max_hp_gain":0.0,"max_hp_loss":0.0,"gold_gain":0.0,"event_name":"Scrap Ooze","player_choice":"Success","floor":8.0,"gold_loss":0.0,"damage_taken":25.0,"relics_obtained":["Pet Ghost"]},{"damage_healed":0.0,"max_hp_gain":0.0,"max_hp_loss":0.0,"gold_gain":0.0,"event_name":"Drug Dealer","player_choice":"Obtain J.A.X.","floor":21.0,"gold_loss":0.0,"damage_taken":0.0,"cards_obtained":["J.A.X."]},{"damage_healed":0.0,"max_hp_gain":0.0,"max_hp_loss":0.0,"gold_gain":0.0,"event_name":"NoteForYourself","player_choice":"Ignored","floor":31.0,"gold_loss":0.0,"damage_taken":0.0}],"is_beta":false,"boss_relics":[{"not_picked":["Runic Dome","Replay:Drink Me"],"picked":"Replay:Bronze Core"}],"items_purged_floors":[],"is_endless":false,"potions_floor_spawned":[2,3,4,11,15,16,26,30,32],"killed_by":"IC_MUSHROOM_ARCHETYPE","ascension_level":0}}