{"host":"xwgrz7y3g1a3iikb","time":1612994429,"event":{"mods":["BaseMod","Bestiary","Minty Spire (QoL Compilation)","Permanent Neow","Quick Restart","Relic Stats","StSLib","ojb\u0027s Info Mod"],"gold_per_floor":[113,113,131,131,155,186,186,222,222,222,253,268,268,268],"floor_reached":13,"language":"ENG","playtime":424,"items_purged":[],"score":206,"play_id":"eb7a9b47-79a4-495b-98ac-db1cccd135c4","local_time":"20210210140029","is_ascension_mode":true,"campfire_choices":[{"data":"CutThroughFate","floor":7,"key":"SMITH"},{"data":"CutThroughFate","floor":10,"key":"SMITH"}],"circlet_count":0,"master_deck":["AscendersBane","Strike_P","Strike_P","Defend_P","Defend_P","Defend_P","Eruption","Vigilance","SpiritShield+1","ReachHeaven+1","Adaptation+1","BowlingBash+1","CutThroughFate+1","CutThroughFate","CutThroughFate+1","DevaForm","Ragnarok","MentalFortress"],"relics":["Astrolabe","Golden Idol","Bottled Flame","Calipers","StoneCalendar","Bottled Tornado"],"acts_visited":["Exordium"],"potions_floor_usage":[8,13],"damage_taken":[{"damage":0,"enemies":"2 Louse","floor":1,"turns":4},{"damage":7,"enemies":"Jaw Worm","floor":3,"turns":2},{"damage":0,"enemies":"Cultist","floor":5,"turns":3},{"damage":16,"enemies":"Gremlin Nob","floor":6,"turns":3},{"damage":16,"enemies":"3 Sentries","floor":8,"turns":4},{"damage":7,"enemies":"Lagavulin","floor":11,"turns":7},{"damage":9,"enemies":"Gremlin Gang","floor":12,"turns":6},{"damage":16,"enemies":"Gremlin Nob","floor":13,"turns":2}],"seed_played":"7695516363635181018","potions_obtained":[{"floor":1,"key":"Swift Potion"},{"floor":11,"key":"GamblersBrew"}],"is_trial":false,"path_per_floor":["M","?","M","?","M","E","R","E","T","R","E","M","E"],"character_chosen":"WATCHER","items_purchased":[],"campfire_rested":0,"item_purchase_floors":[],"current_hp_per_floor":[61,61,54,54,54,38,38,22,22,22,15,6,0,0],"gold":268,"neow_bonus":"BOSS_RELIC","is_daily":false,"chose_seed":false,"campfire_upgraded":2,"win_rate":0.0,"timestamp":1612994429,"path_taken":["M","?","M","?","M","E","R","E","T","R","E","?","E"],"items_purchased_type":[],"build_version":"2020-12-22","purchased_purges":0,"victory":false,"max_hp_per_floor":[68,62,62,62,62,62,62,62,62,62,62,62,62,62],"relic_stats":{"counters":[8,31],"Golden Idol":31,"Astrolabe":["SpiritShield","ReachHeaven","Adaptation"],"StoneCalendar":[34],"obtain_stats":[{"Bottled Flame":6,"Calipers":8,"Golden Idol":2,"Astrolabe":0,"StoneCalendar":9,"PureWater":0,"Bottled Tornado":11},{"Bottled Flame":4,"Calipers":5,"Golden Idol":1,"Astrolabe":0,"StoneCalendar":5,"PureWater":0,"Bottled Tornado":6},{"Bottled Flame":12,"Calipers":16,"Golden Idol":4,"Astrolabe":0,"StoneCalendar":16,"PureWater":0,"Bottled Tornado":23}]},"card_choices":[{"not_picked":["CarveReality","WindmillStrike"],"picked":"BowlingBash","floor":1},{"not_picked":["ThirdEye","Prostrate"],"picked":"CutThroughFate","floor":3},{"not_picked":["JustLucky","Protect"],"picked":"CutThroughFate","floor":5},{"not_picked":["FlyingSleeves","SignatureMove"],"picked":"CutThroughFate","floor":6},{"not_picked":["CutThroughFate","WreathOfFlame"],"picked":"DevaForm","floor":8},{"not_picked":["ClearTheMind","WheelKick"],"picked":"Ragnarok","floor":11},{"not_picked":["EmptyBody","Consecrate"],"picked":"MentalFortress","floor":12}],"player_experience":329491,"relics_obtained":[{"floor":6,"key":"Bottled Flame"},{"floor":8,"key":"Calipers"},{"floor":9,"key":"StoneCalendar"},{"floor":11,"key":"Bottled Tornado"}],"event_choices":[{"damage_healed":0,"gold_gain":0,"player_choice":"Lose Max HP","damage_taken":0,"relics_obtained":["Golden Idol"],"max_hp_gain":0,"max_hp_loss":6,"event_name":"Golden Idol","floor":2,"gold_loss":0},{"damage_healed":0,"gold_gain":0,"player_choice":"Upgraded","damage_taken":0,"max_hp_gain":0,"max_hp_loss":0,"event_name":"Upgrade Shrine","floor":4,"gold_loss":0,"cards_upgraded":["BowlingBash"]}],"is_beta":false,"boss_relics":[],"items_purged_floors":[],"is_endless":false,"potions_floor_spawned":[1,11],"killed_by":"Gremlin Nob","ascension_level":20}}