{"host":"yqw1zpryoutrnocq","time":1612974423,"event":{"mods":["2.2 Compatiblity","AchievementEnabler","BaseMod","Colored Map","Custom Start","DeckTracker","Minty Spire (QoL Compilation)","StSLib","SuperFastMode"],"gold_per_floor":[116,116,41,6,27,67,67,88,113,184,66,82,102,102,102,230,230,244,69,92,112,112,112,112,112],"floor_reached":24,"language":"KOR","playtime":649,"items_purged":["Strike_R"],"score":248,"play_id":"322b1e9a-0cde-424a-9feb-296ea23ab99f","local_time":"20210210102703","is_ascension_mode":true,"campfire_choices":[{"data":"Bash","floor":7.0,"key":"SMITH"},{"data":"Body Slam","floor":15.0,"key":"SMITH"}],"circlet_count":0,"master_deck":["Strike_R","Strike_R","Strike_R+1","Strike_R","Defend_R","Defend_R","Defend_R","Defend_R","Bash+1","Carnage","Body Slam+1","Dropkick","Body Slam","Sever Soul","True Grit+1","Shrug It Off","Feed","Shrug It Off","Havoc"],"relics":["Burning Blood","NeowsBlessing","Golden Idol","Omamori","Tiny Chest","Potion Belt","Calling Bell","Strawberry","Frozen Egg 2","Calipers","Vajra","NeowsBlessing"],"acts_visited":["Exordium","TheCity","Exordium","TheEnding"],"potions_floor_usage":[],"damage_taken":[{"damage":0.0,"enemies":"Small Slimes","floor":1.0,"turns":1.0},{"damage":0.0,"enemies":"2 Louse","floor":5.0,"turns":1.0},{"damage":0.0,"enemies":"Gremlin Nob","floor":6.0,"turns":1.0},{"damage":2.0,"enemies":"Jaw Worm","floor":8.0,"turns":3.0},{"damage":40.0,"enemies":"Lagavulin Event","floor":10.0,"turns":5.0},{"damage":14.0,"enemies":"Large Slime","floor":12.0,"turns":3.0},{"damage":6.0,"enemies":"Looter","floor":13.0,"turns":3.0},{"damage":20.0,"enemies":"The Guardian","floor":16.0,"turns":9.0},{"damage":40.0,"enemies":"Spheric Guardian","floor":18.0,"turns":6.0},{"damage":33.0,"enemies":"Shell Parasite","floor":20.0,"turns":12.0},{"damage":56.0,"enemies":"Chosen and Byrds","floor":21.0,"turns":8.0}],"seed_played":"-3788325423697186715","potions_obtained":[{"floor":1.0,"key":"Fire Potion"},{"floor":6.0,"key":"SteroidPotion"},{"floor":12.0,"key":"SneckoOil"},{"floor":13.0,"key":"Energy Potion"},{"floor":16.0,"key":"GamblersBrew"},{"floor":21.0,"key":"Dexterity Potion"}],"is_trial":false,"path_per_floor":["M","?","$","?","M","E","R","M","T","?","$","M","M","?","R","B",null,"M","$","M","M","M","M","R"],"character_chosen":"IRONCLAD","items_purchased":["Sever Soul","True Grit","Vajra","Shrug It Off"],"campfire_rested":0,"item_purchase_floors":[11,11,19,19],"current_hp_per_floor":[78,58,58,78,80,80,80,80,80,46,46,38,38,22,22,8,69,38,38,14,14,11,88,88,88],"gold":112,"neow_bonus":"THREE_ENEMY_KILL","is_daily":false,"chose_seed":false,"campfire_upgraded":2,"win_rate":0.0,"timestamp":1612974423,"path_taken":["M","?","$","?","M","E","R","M","T","?","?","M","M","?","R","BOSS","M","$","M","M","M","R"],"items_purchased_type":["Card","Card","Relic","Card"],"build_version":"2020-12-22","purchased_purges":1,"victory":false,"max_hp_per_floor":[80,80,80,80,80,80,80,80,80,80,80,80,80,80,80,80,87,90,90,93,93,93,93,93,93],"card_choices":[{"not_picked":["Seeing Red","Thunderclap"],"picked":"Carnage","floor":1.0},{"not_picked":["Infernal Blade","Inflame"],"picked":"Body Slam","floor":5.0},{"not_picked":["Shrug It Off","Flex"],"picked":"Dropkick","floor":6.0},{"not_picked":["Rupture","Iron Wave","Armaments"],"picked":"SKIP","floor":8.0},{"not_picked":["Whirlwind","Armaments"],"picked":"Body Slam","floor":10.0},{"not_picked":["Perfected Strike","Intimidate","Rampage"],"picked":"SKIP","floor":12.0},{"not_picked":["Searing Blow","Spot Weakness"],"picked":"Shrug It Off","floor":13.0},{"not_picked":["Bludgeon","Berserk"],"picked":"Feed","floor":16.0},{"not_picked":["Rampage","Twin Strike","Infernal Blade"],"picked":"SKIP","floor":18.0},{"not_picked":["Body Slam","Reckless Charge+1","Clash"],"picked":"SKIP","floor":20.0},{"not_picked":["Heavy Blade","Perfected Strike"],"picked":"Havoc","floor":21.0}],"player_experience":324986,"relics_obtained":[{"floor":6.0,"key":"Omamori"},{"floor":9.0,"key":"Tiny Chest"},{"floor":10.0,"key":"Potion Belt"},{"floor":17.0,"key":"Strawberry"},{"floor":17.0,"key":"Frozen Egg 2"},{"floor":17.0,"key":"Calipers"}],"event_choices":[{"damage_healed":0.0,"max_hp_gain":0.0,"max_hp_loss":0.0,"gold_gain":0.0,"event_name":"Golden Idol","player_choice":"Take Damage","floor":2.0,"gold_loss":0.0,"damage_taken":20.0,"relics_obtained":["Golden Idol"]},{"damage_healed":20.0,"max_hp_gain":0.0,"max_hp_loss":0.0,"gold_gain":0.0,"event_name":"The Cleric","player_choice":"Healed","floor":4.0,"gold_loss":35.0,"damage_taken":0.0},{"damage_healed":0.0,"max_hp_gain":0.0,"max_hp_loss":0.0,"gold_gain":30.0,"event_name":"Dead Adventurer","player_choice":"Searched \u00273\u0027 times","floor":10.0,"gold_loss":0.0,"damage_taken":0.0},{"damage_healed":0.0,"max_hp_gain":0.0,"max_hp_loss":0.0,"gold_gain":0.0,"event_name":"Shining Light","player_choice":"Entered Light","floor":14.0,"gold_loss":0.0,"damage_taken":16.0,"cards_upgraded":["True Grit","Strike_R"]}],"is_beta":false,"boss_relics":[{"not_picked":["Philosopher\u0027s Stone","Pandora\u0027s Box"],"picked":"Calling Bell"}],"items_purged_floors":[3],"is_endless":false,"potions_floor_spawned":[1,6,12,13,16,21],"ascension_level":9}}