{"host":"oigynbtg272c19pw","time":1612973879,"event":{"mods":["BaseMod","Colored Map","Minty Spire (QoL Compilation)","Relic Stats","Slay the Relics Exporter","StSLib"],"gold_per_floor":[110,110,131,15,15,15,15],"floor_reached":6,"playtime":160,"items_purged":["Strike_P"],"score":68,"play_id":"f3d1cf95-fb0c-4985-975e-c6354d3c7a94","local_time":"20210210171759","is_ascension_mode":true,"campfire_choices":[],"circlet_count":0,"master_deck":["AscendersBane","Strike_P","Strike_P","Strike_P","Defend_P","Defend_P","Defend_P","Defend_P","Eruption","Vigilance","DeceiveReality","SandsOfTime"],"relics":["PureWater","Omamori","Golden Idol","Juzu Bracelet"],"acts_visited":["Exordium"],"potions_floor_usage":[],"damage_taken":[{"damage":2,"enemies":"Jaw Worm","floor":1,"turns":6},{"damage":11,"enemies":"2 Louse","floor":3,"turns":2},{"damage":0,"enemies":"Lagavulin","floor":6,"turns":7}],"seed_played":"-7840767579601467357","potions_obtained":[],"is_trial":false,"path_per_floor":["M","?","M","$","?","E"],"character_chosen":"WATCHER","items_purchased":["SandsOfTime"],"campfire_rested":0,"item_purchase_floors":[4],"current_hp_per_floor":[59,36,25,25,14,14,14],"gold":15,"neow_bonus":"RANDOM_COMMON_RELIC","is_daily":false,"chose_seed":false,"campfire_upgraded":0,"win_rate":0.0,"timestamp":1612973879,"path_taken":["M","?","M","$","?","E"],"items_purchased_type":["Card"],"build_version":"2020-12-13","purchased_purges":1,"victory":false,"max_hp_per_floor":[68,68,68,68,68,68,68],"relic_stats":{"counters":[3,15],"Golden Idol":4,"Juzu Bracelet":0,"obtain_stats":[{"Golden Idol":2,"Omamori":0,"Juzu Bracelet":5,"PureWater":0},{"Golden Idol":1,"Omamori":0,"Juzu Bracelet":2,"PureWater":0},{"Golden Idol":6,"Omamori":0,"Juzu Bracelet":8,"PureWater":0}]},"card_choices":[{"not_picked":["Protect","Crescendo","Evaluate"],"picked":"SKIP","floor":1},{"not_picked":["CrushJoints","EmptyBody"],"picked":"DeceiveReality","floor":3}],"player_experience":1579933,"relics_obtained":[],"event_choices":[{"damage_healed":0,"gold_gain":0,"player_choice":"Take Damage","damage_taken":23,"relics_obtained":["Golden Idol"],"max_hp_gain":0,"max_hp_loss":0,"event_name":"Golden Idol","floor":2,"gold_loss":0},{"damage_healed":0,"gold_gain":0,"player_choice":"Success","damage_taken":11,"relics_obtained":["Juzu Bracelet"],"max_hp_gain":0,"max_hp_loss":0,"event_name":"Scrap Ooze","floor":5,"gold_loss":0}],"is_beta":false,"boss_relics":[],"items_purged_floors":[4],"is_endless":false,"potions_floor_spawned":[],"killed_by":"Lagavulin","ascension_level":20}}