{"host":"vit9b6u76k1y61sh","time":1612941033,"event":{"mods":["BaseMod","Block Reminder","Colored Powertips","Highlight Path","Minty Spire (QoL Compilation)","Quick Restart","Rare Cards Sparkle","Relic Sorter","Relic Stats","StSLib"],"gold_per_floor":[137,137,202,221,221,272,447,447,447,447,498,498,542,603,603,727,727,697,347,272,272,295,295,295],"floor_reached":23,"language":"ENG","playtime":976,"items_purged":["Regret"],"score":207,"play_id":"e25f39b0-468e-4ed8-9bd5-87259a956a08","local_time":"20210210021033","is_ascension_mode":true,"campfire_choices":[{"data":"HandOfGreed","floor":8.0,"key":"SMITH"},{"data":"Loop","floor":10.0,"key":"SMITH"},{"floor":12.0,"key":"REST"},{"floor":15.0,"key":"REST"}],"circlet_count":0,"master_deck":["Strike_B","Strike_B","Strike_B","Strike_B","Defend_B","Defend_B","Defend_B","Defend_B","Zap","Dualcast","HandOfGreed+1","Streamline","Defragment","Conserve Battery","Loop+1","Reinforced Body","Rebound","White Noise","Creative AI","Skim+1","Static Discharge","Heatsinks"],"relics":["FrozenCore","Golden Idol","Pear","Nunchaku","Gremlin Horn","Odd Mushroom","Question Card","Kunai","Enchiridion"],"acts_visited":["Exordium","TheCity"],"potions_floor_usage":[23],"damage_taken":[{"damage":0.0,"enemies":"Small Slimes","floor":1.0,"turns":2.0},{"damage":0.0,"enemies":"2 Louse","floor":3.0,"turns":1.0},{"damage":1.0,"enemies":"Jaw Worm","floor":4.0,"turns":3.0},{"damage":30.0,"enemies":"Lagavulin","floor":6.0,"turns":7.0},{"damage":22.0,"enemies":"The Mushroom Lair","floor":11.0,"turns":3.0},{"damage":5.0,"enemies":"2 Fungi Beasts","floor":13.0,"turns":3.0},{"damage":18.0,"enemies":"3 Sentries","floor":14.0,"turns":6.0},{"damage":8.0,"enemies":"Hexaghost","floor":16.0,"turns":9.0},{"damage":20.0,"enemies":"2 Thieves","floor":18.0,"turns":5.0},{"damage":15.0,"enemies":"Chosen","floor":22.0,"turns":8.0},{"damage":7,"enemies":"Gremlin Leader","floor":23,"turns":10}],"seed_played":"-323035012746312013","potions_obtained":[{"floor":1.0,"key":"LiquidMemories"},{"floor":6.0,"key":"LiquidBronze"},{"floor":13.0,"key":"SpeedPotion"},{"floor":22.0,"key":"EssenceOfSteel"}],"is_trial":false,"path_per_floor":["M","?","M","M","?","E","?","R","T","R","?","R","M","E","R","B",null,"M","$","?","?","M","E"],"character_chosen":"DEFECT","items_purchased":["Static Discharge","Kunai"],"campfire_rested":2,"item_purchase_floors":[19,19],"current_hp_per_floor":[68,51,51,50,60,30,30,30,30,30,8,31,26,8,31,23,78,58,58,58,42,27,20,20],"gold":295,"neow_bonus":"RANDOM_COLORLESS_2","is_daily":false,"chose_seed":false,"campfire_upgraded":2,"win_rate":0.0,"timestamp":1612941033,"path_taken":["M","?","M","M","?","E","?","R","T","R","?","R","?","E","R","BOSS","M","$","?","?","M","E"],"items_purchased_type":["Card","Relic"],"build_version":"2020-12-22","purchased_purges":1,"victory":false,"max_hp_per_floor":[68,68,68,68,78,78,78,78,78,78,78,78,78,78,78,78,78,78,78,78,78,78,78,78],"relic_stats":{"Nunchaku":[4],"Gremlin Horn":[8,8],"counters":[11,57],"Golden Idol":64,"Kunai":[2],"Question Card":3,"obtain_stats":[{"Nunchaku":6,"Pear":5,"Gremlin Horn":9,"Golden Idol":2,"Enchiridion":21,"Kunai":19,"Odd Mushroom":11,"Cracked Core":0,"Question Card":14,"FrozenCore":17},{"Nunchaku":4,"Pear":3,"Gremlin Horn":4,"Golden Idol":1,"Enchiridion":9,"Kunai":9,"Odd Mushroom":5,"Cracked Core":0,"Question Card":7,"FrozenCore":8},{"Nunchaku":13,"Pear":6,"Gremlin Horn":13,"Golden Idol":2,"Enchiridion":39,"Kunai":39,"Odd Mushroom":16,"Cracked Core":0,"Question Card":25,"FrozenCore":34}],"FrozenCore":[12]},"card_choices":[{"not_picked":["Chrysalis","Secret Technique"],"picked":"HandOfGreed","floor":0.0},{"not_picked":["Rip and Tear","Stack"],"picked":"Streamline","floor":1.0},{"not_picked":["Stack","FTL"],"picked":"Defragment","floor":3.0},{"not_picked":["Redo","Go for the Eyes"],"picked":"Conserve Battery","floor":4.0},{"not_picked":["Scrape","Force Field"],"picked":"Loop","floor":6.0},{"not_picked":["Scrape","Go for the Eyes"],"picked":"Reinforced Body","floor":11.0},{"not_picked":["Ball Lightning","Turbo"],"picked":"Rebound","floor":13.0},{"not_picked":["Heatsinks","Hello World"],"picked":"White Noise","floor":14.0},{"not_picked":["Electrodynamics","Amplify","All For One"],"picked":"Creative AI","floor":16.0},{"not_picked":["Rip and Tear","Cold Snap","Barrage"],"picked":"Skim+1","floor":18.0},{"not_picked":["Stack","Sweeping Beam","Self Repair"],"picked":"Heatsinks","floor":22.0}],"player_experience":173485,"relics_obtained":[{"floor":6.0,"key":"Nunchaku"},{"floor":9.0,"key":"Gremlin Horn"},{"floor":11.0,"key":"Odd Mushroom"},{"floor":14.0,"key":"Question Card"},{"floor":21.0,"key":"Enchiridion"}],"event_choices":[{"damage_healed":0.0,"max_hp_gain":0.0,"max_hp_loss":0.0,"gold_gain":0.0,"event_name":"Golden Idol","player_choice":"Take Damage","floor":2.0,"gold_loss":0.0,"damage_taken":17.0,"relics_obtained":["Golden Idol"]},{"damage_healed":0.0,"max_hp_gain":0.0,"max_hp_loss":0.0,"gold_gain":0.0,"event_name":"Big Fish","player_choice":"Box","floor":5.0,"gold_loss":0.0,"damage_taken":0.0,"relics_obtained":["Pear"],"cards_obtained":["Regret"]},{"damage_healed":0.0,"max_hp_gain":0.0,"max_hp_loss":0.0,"gold_gain":175.0,"event_name":"Liars Game","player_choice":"AGREE","floor":7.0,"gold_loss":0.0,"damage_taken":0.0,"cards_obtained":["Doubt"]},{"damage_healed":0.0,"max_hp_gain":0.0,"max_hp_loss":0.0,"gold_gain":0.0,"event_name":"Mushrooms","player_choice":"Fought Mushrooms","floor":11.0,"gold_loss":0.0,"damage_taken":0.0},{"cards_removed":["Doubt"],"damage_healed":0.0,"max_hp_gain":0.0,"max_hp_loss":0.0,"gold_gain":0.0,"event_name":"Beggar","player_choice":"Gave Gold","floor":20.0,"gold_loss":75.0,"damage_taken":0.0},{"damage_healed":0.0,"max_hp_gain":0.0,"max_hp_loss":0.0,"gold_gain":0.0,"event_name":"Cursed Tome","player_choice":"Obtained Book","floor":21.0,"gold_loss":0.0,"damage_taken":16.0}],"is_beta":false,"boss_relics":[{"not_picked":["Velvet Choker","Calling Bell"],"picked":"FrozenCore"}],"items_purged_floors":[19],"is_endless":false,"potions_floor_spawned":[1,6,13,22],"killed_by":"Gremlin Leader","ascension_level":1}}