{"host":"03szyvia947otbw5","time":1612974133,"event":{"mods":["Act Like it!","BaseMod","Better Note","Dota2Spire","Hallownest","Marisa£®ÏF”Í°°ƒß¿Ì…≥£©","Minty Spire (QoL Compilation)","Replay The Spire","Ryuuou¡˙Õı","Shop Mod","StSLib","The Blue Laboratory","The Bug Knight","The Runesmith","Thieving Mod","°æ“≈ŒÔø®≈∆°øREMEMod"],"gold_per_floor":[114,125,125,125,125,125,125,125,152,152,152,170,170,170,170,273,273,273,273],"floor_reached":18,"language":"ZHS","playtime":956,"items_purged":[],"score":146,"play_id":"53b7a9d7-75aa-4538-8947-8aacd5257bc2","local_time":"20210211002213","daily_mods":["SealedDeck","Vintage","Colorless Cards","Heirloom","Time Dilation","Flight"],"is_ascension_mode":false,"campfire_choices":[{"data":"DevaForm","floor":6,"key":"SMITH"},{"data":"Wraith Form v2","floor":7,"key":"SMITH"},{"data":"Demon Form","floor":10,"key":"SMITH"},{"data":"Heavy Blade","floor":11,"key":"SMITH"},{"floor":13,"key":"REST"},{"floor":15,"key":"DIG"}],"circlet_count":0,"master_deck":["Demon Form+1","Wraith Form v2+1","Echo Form","DevaForm+1","Runesmith:CreatorForm+1","ReachHeaven","Perfected Strike","Perfected Strike","Shrug It Off+1","Cleave","Heavy Blade+1","Body Slam","Shrug It Off+1","Shrug It Off","Heavy Blade","Flex","Hemogenesis"],"relics":["Burning Blood","REME_ComplimentaryCards","Bird Faced Urn","Nunchaku","Centennial Puzzle","PreservedInsect","Gremlin Food","Potion Belt","Honey Jar"],"acts_visited":["Exordium","TheCity"],"potions_floor_usage":[16],"damage_taken":[{"damage":15,"enemies":"Cultist","floor":1,"turns":5},{"damage":3,"enemies":"Small Slimes","floor":2,"turns":4},{"damage":7,"enemies":"Jaw Worm","floor":12,"turns":5},{"damage":10,"enemies":"Hexaghost","floor":16,"turns":7},{"damage":98,"enemies":"Shell Parasite","floor":18,"turns":8}],"seed_played":"-7086567868786634213","potions_obtained":[{"floor":2,"key":"BloodPotion"},{"floor":12,"key":"blueLaboratory:LouseDecoction"}],"is_trial":true,"path_per_floor":["M","M","?","?","?","R","R","$","T","R","R","M","R","?","R","B",null,"M"],"character_chosen":"IRONCLAD","items_purchased":[],"campfire_rested":1,"item_purchase_floors":[],"current_hp_per_floor":[75,80,80,80,80,80,80,60,60,60,60,63,80,64,64,74,80,0,0],"gold":273,"neow_bonus":"","is_daily":false,"chose_seed":false,"campfire_upgraded":4,"win_rate":0.0,"timestamp":1612974133,"path_taken":["M","?","?","?","?","R","R","$","T","R","R","M","R","?","R","BOSS","M"],"items_purchased_type":[],"build_version":"2020-12-22","purchased_purges":0,"victory":false,"max_hp_per_floor":[80,80,80,80,80,80,80,80,80,80,80,80,80,80,80,80,80,80,80],"card_choices":[{"not_picked":["Sadistic Nature","Replay:Many Hands"],"picked":"Hemogenesis","floor":16}],"player_experience":225986,"relics_obtained":[{"floor":1,"key":"Nunchaku"},{"floor":2,"key":"Centennial Puzzle"},{"floor":9,"key":"PreservedInsect"},{"floor":12,"key":"Gremlin Food"},{"floor":15,"key":"Potion Belt"}],"event_choices":[{"damage_healed":0,"gold_gain":0,"player_choice":"Ignored","damage_taken":0,"max_hp_gain":0,"max_hp_loss":0,"event_name":"Liars Game","floor":4,"gold_loss":0},{"damage_healed":0,"gold_gain":0,"player_choice":"Entered Light","damage_taken":16,"max_hp_gain":0,"max_hp_loss":0,"event_name":"Shining Light","floor":14,"gold_loss":0,"cards_upgraded":["Runesmith:CreatorForm","Shrug It Off"]}],"is_beta":false,"boss_relics":[{"not_picked":["Runesmith:UraniumAnvil","Tiny House"],"picked":"Honey Jar"}],"items_purged_floors":[],"is_endless":true,"potions_floor_spawned":[2,12],"killed_by":"Shell Parasite","ascension_level":0}}