{"host":"6p0attdrtjqaih7v","time":1612976468,"event":{"mods":["2.2 Compatiblity","AchievementEnabler","Bard","BaseMod","Better Skull","Better Third Choice","Colored Powertips","Hermit","Highlight Path","Key Reminder","Minty Spire (QoL Compilation)","Permanent Neow","Quick Restart","Random Character Button","Relic Stats","Reliquary","Replay The Spire","Robot Space Explorer","StSLib","The Hayseed","The Witch"],"gold_per_floor":[116,132,143,68,68,101,21,40,40,69,69,103,103,103,103,177,177,194,244,261,261,44,78,78,109,109,121,171,171,105,137,137,216,216,236,108,108,108,126,126,143,143,195,41,41,70,70,87,87,87,87],"floor_reached":52,"language":"ENG","playtime":4537,"items_purged":["Pain"],"score":2054,"play_id":"50c64ded-669a-403a-9d28-a06fa2c56b37","local_time":"20210210120108","is_ascension_mode":true,"campfire_choices":[{"data":"bard:Balestra","floor":11.0,"key":"SMITH"},{"data":"bard:Doot","floor":13.0,"key":"SMITH"},{"data":"bard:Inspire","floor":15.0,"key":"SMITH"},{"floor":24,"key":"REST"},{"data":"bard:Blink","floor":29,"key":"SMITH"},{"data":"bard:SixFourTime","floor":32,"key":"SMITH"},{"data":"bard:SongBolt","floor":40,"key":"SMITH"},{"data":"bard:GreaterMagicWeapon","floor":42,"key":"SMITH"},{"data":"bard:Riposte","floor":45,"key":"SMITH"},{"data":"bard:Shout","floor":47,"key":"SMITH"},{"floor":49,"key":"REST"}],"circlet_count":0,"master_deck":["AscendersBane","bard:Strike","bard:Strike","bard:Strike","bard:Defend","bard:Defend","bard:Defend","bard:Riposte+1","bard:Inspire+1","Finesse+1","bard:LingeringEcho","bard:Shout+1","bard:Balestra+1","bard:GreaterMagicWeapon+1","bard:Thunderwave+1","bard:SixFourTime+1","bard:Doot+1","bard:Encore+1","bard:TinyHut","bard:Invisibility","bard:Blink+1","bard:GuardPoint","bard:TinyHut","bard:SplendidForm+1","bard:SongBolt+1","bard:Silence+1","bard:Parry+1","bard:Sonata","bard:SixFourTime"],"relics":["bard:PitchPipe","bard:BagPipes","TheSimpletonMod:WoodChipper","reliquary:BallBearing","Pocketwatch","Ancient Tea Set","Honey Jar","Guide Book","Akabeko","Bronze Scales","Garlic","bard:MagicTuningFork","reliquary:PrincelyHelmet","SlaversCollar","Dream Catcher","ReplayFunnel"],"acts_visited":["TheCity","TheBeyond"],"potions_floor_usage":[50,51],"damage_taken":[{"damage":0.0,"enemies":"2 Louse","floor":1.0,"turns":3.0},{"damage":0.0,"enemies":"Jaw Worm","floor":2.0,"turns":4.0},{"damage":0.0,"enemies":"Cultist","floor":3.0,"turns":3.0},{"damage":8.0,"enemies":"3 Sentries","floor":6.0,"turns":8.0},{"damage":9.0,"enemies":"Looter","floor":8.0,"turns":3.0},{"damage":13.0,"enemies":"Replay:BlueRogue","floor":10.0,"turns":6.0},{"damage":11.0,"enemies":"Lagavulin","floor":12.0,"turns":5.0},{"damage":1.0,"enemies":"Hexaghost","floor":16.0,"turns":7.0},{"damage":3.0,"enemies":"3 Byrds","floor":18.0,"turns":4.0},{"damage":0.0,"enemies":"Spheric Guardian","floor":20.0,"turns":5.0},{"damage":14,"enemies":"Replay:Snechameleon","floor":23,"turns":7},{"damage":2,"enemies":"Gremlin Leader","floor":25,"turns":5},{"damage":0,"enemies":"Snake Plant","floor":27,"turns":3},{"damage":6,"enemies":"Slavers","floor":31,"turns":3},{"damage":0,"enemies":"Champ","floor":33,"turns":10},{"damage":15,"enemies":"3 Shapes","floor":35,"turns":9},{"damage":0,"enemies":"Orb Walker","floor":39,"turns":4},{"damage":6,"enemies":"Transient","floor":41,"turns":6},{"damage":1,"enemies":"Giant Head","floor":46,"turns":6},{"damage":0,"enemies":"Maw","floor":48,"turns":8},{"damage":10,"enemies":"Awakened One","floor":50,"turns":14},{"damage":0,"enemies":"Time Eater","floor":51,"turns":11}],"seed_played":"2754919564229606114","potions_obtained":[{"floor":1.0,"key":"Reflective Coating"},{"floor":3.0,"key":"EssenceOfSteel"},{"floor":8.0,"key":"DuplicationPotion"},{"floor":23,"key":"AttackPotion"},{"floor":33,"key":"ColorlessPotion"},{"floor":46,"key":"Strength Potion"}],"is_trial":false,"path_per_floor":["M","M","M","?","?","E","$","M","T","E","R","E","R","?","R","B",null,"M","?","M","?","$","E","R","E","T","M","?","R","?","E","R","B",null,"M","$","?","?","M","R","M","R","T","$","R","E","R","M","R","B","B",null],"character_chosen":"BARD","items_purchased":["Ancient Potion","Guide Book","AttackPotion","bard:SongBolt","bard:Sonata"],"campfire_rested":2,"item_purchase_floors":[7,22,22,36,44],"current_hp_per_floor":[59,59,59,59,59,51,51,42,42,29,29,18,18,18,18,17,54,51,45,45,45,45,31,50,48,48,48,48,48,66,60,60,60,65,50,50,50,50,50,50,44,44,44,44,44,43,43,43,61,51,51],"gold":87,"neow_bonus":"RANDOM_COLORLESS","is_daily":false,"chose_seed":false,"campfire_upgraded":9,"win_rate":0.0,"timestamp":1612976468,"path_taken":["M","M","M","?","?","E","$","?","T","E","R","E","R","?","R","BOSS","M","?","?","?","$","E","R","E","T","M","?","R","?","E","R","BOSS","M","$","?","?","M","R","?","R","T","$","R","E","R","?","R","BOSS","BOSS"],"items_purchased_type":["Potion","Relic","Potion","Card","Card"],"build_version":"2020-12-22","purchased_purges":1,"victory":true,"max_hp_per_floor":[66,66,66,66,66,66,66,66,66,66,66,66,66,66,66,66,66,66,66,66,66,66,66,66,66,66,66,66,66,66,66,66,66,66,66,66,63,63,63,63,63,63,63,63,63,63,63,63,63,63,63],"relic_stats":{"Dream Catcher":1,"counters":[22,134],"Bronze Scales":[246],"obtain_stats":[{"ReplayFunnel":46,"bard:BagPipes":0,"bard:PitchPipe":0,"reliquary:PrincelyHelmet":31,"Guide Book":22,"TheSimpletonMod:WoodChipper":6,"Ancient Tea Set":12,"Akabeko":23,"SlaversCollar":34,"Dream Catcher":43,"Bronze Scales":25,"Honey Jar":17,"reliquary:BallBearing":9,"Garlic":26,"bard:MagicTuningFork":30,"Pocketwatch":10},{"ReplayFunnel":19,"bard:BagPipes":0,"bard:PitchPipe":0,"reliquary:PrincelyHelmet":14,"Guide Book":10,"TheSimpletonMod:WoodChipper":4,"Ancient Tea Set":7,"Akabeko":11,"SlaversCollar":15,"Dream Catcher":18,"Bronze Scales":12,"Honey Jar":8,"reliquary:BallBearing":5,"Garlic":12,"bard:MagicTuningFork":13,"Pocketwatch":6},{"ReplayFunnel":101,"bard:BagPipes":0,"bard:PitchPipe":0,"reliquary:PrincelyHelmet":66,"Guide Book":48,"TheSimpletonMod:WoodChipper":18,"Ancient Tea Set":32,"Akabeko":55,"SlaversCollar":76,"Dream Catcher":95,"Bronze Scales":60,"Honey Jar":39,"reliquary:BallBearing":21,"Garlic":60,"bard:MagicTuningFork":63,"Pocketwatch":27}],"Pocketwatch":[87]},"card_choices":[{"not_picked":["Enlightenment","Blind"],"picked":"Finesse","floor":0.0},{"not_picked":["bard:EchoEcho","bard:TinyHut"],"picked":"bard:LingeringEcho","floor":1.0},{"not_picked":["bard:EchoEcho","bard:FeastOnFear"],"picked":"bard:Shout","floor":2.0},{"not_picked":["bard:Shout","bard:HideousLaughter"],"picked":"bard:Balestra","floor":3.0},{"not_picked":["bard:TinyHut","bard:StudiedStrike"],"picked":"bard:GreaterMagicWeapon","floor":6.0},{"not_picked":["bard:LifeDrain","bard:InspiringSong"],"picked":"bard:Thunderwave","floor":8.0},{"not_picked":["bard:FalseLife","bard:Rest"],"picked":"bard:SixFourTime","floor":10.0},{"not_picked":["bard:DervishDance","bard:PhantasmalForce"],"picked":"bard:Doot","floor":12.0},{"not_picked":["bard:PowerWordStun","bard:Shifting"],"picked":"bard:Encore","floor":16.0},{"not_picked":["bard:Aphasia","bard:PhantasmalForce"],"picked":"bard:TinyHut","floor":18.0},{"not_picked":["bard:HideousLaughter+1","bard:FalseLife"],"picked":"bard:Invisibility","floor":23},{"not_picked":["bard:ViciousMockery","bard:Aphasia"],"picked":"bard:Blink","floor":25},{"not_picked":["bard:Sift","bard:Fermata"],"picked":"bard:GuardPoint","floor":27},{"not_picked":["bard:MantleOfInspiration","bard:BucklerBash"],"picked":"bard:TinyHut","floor":31},{"not_picked":["bard:PowerWordStun","bard:FingerOfDeath"],"picked":"bard:SplendidForm","floor":33},{"not_picked":["bard:EchoEcho","bard:FaerieFire"],"picked":"bard:Silence+1","floor":39},{"not_picked":["bard:Sift","bard:Greatness"],"picked":"bard:Parry+1","floor":41},{"not_picked":["bard:QuickSong","bard:BucklerBash","bard:SongBolt+1"],"picked":"SKIP","floor":48},{"not_picked":["bard:Demoralize","bard:FeastOnFear"],"picked":"bard:SixFourTime","floor":49}],"player_experience":1097140,"relics_obtained":[{"floor":6.0,"key":"TheSimpletonMod:WoodChipper"},{"floor":9.0,"key":"reliquary:BallBearing"},{"floor":10.0,"key":"Pocketwatch"},{"floor":12.0,"key":"Ancient Tea Set"},{"floor":23,"key":"Akabeko"},{"floor":25,"key":"Bronze Scales"},{"floor":26,"key":"Garlic"},{"floor":31,"key":"reliquary:PrincelyHelmet"},{"floor":43,"key":"Dream Catcher"},{"floor":46,"key":"ReplayFunnel"}],"event_choices":[{"cards_removed":["bard:Strike"],"damage_healed":0.0,"max_hp_gain":0.0,"max_hp_loss":0.0,"gold_gain":0.0,"event_name":"The Cleric","player_choice":"Card Removal","floor":4.0,"gold_loss":75.0,"damage_taken":0.0},{"cards_removed":["bard:Defend"],"damage_healed":0.0,"max_hp_gain":0.0,"max_hp_loss":0.0,"gold_gain":0.0,"event_name":"Bonfire Elementals","player_choice":"Offered Basic","floor":5.0,"gold_loss":0.0,"damage_taken":0.0},{"damage_healed":0.0,"max_hp_gain":0.0,"max_hp_loss":0.0,"gold_gain":50.0,"event_name":"FaceTrader","player_choice":"Touch","floor":19.0,"gold_loss":0.0,"damage_taken":6.0},{"damage_healed":0,"gold_gain":50,"player_choice":"Stole From Cult","damage_taken":0,"max_hp_gain":0,"max_hp_loss":0,"event_name":"Nest","floor":28,"gold_loss":0},{"damage_healed":0,"gold_gain":0,"player_choice":"Max HP","damage_taken":0,"max_hp_gain":0,"max_hp_loss":3,"event_name":"Winding Halls","floor":37,"gold_loss":0},{"damage_healed":0,"gold_gain":0,"player_choice":"Upgraded","damage_taken":0,"max_hp_gain":0,"max_hp_loss":0,"event_name":"Upgrade Shrine","floor":38,"gold_loss":0,"cards_upgraded":["bard:SplendidForm"]}],"is_beta":false,"boss_relics":[{"not_picked":["Kintsugi","Empty Cage"],"picked":"Honey Jar"},{"not_picked":["ReplayTheSpireMod:DimensionalGlitch","Pandora\u0027s Box"],"picked":"SlaversCollar"}],"items_purged_floors":[36],"is_endless":false,"potions_floor_spawned":[1,3,8,10,23,33,39,46],"ascension_level":20}}