{"host":"oigynbtg272c19pw","time":1612954107,"event":{"mods":["BaseMod","Colored Map","Minty Spire (QoL Compilation)","Relic Stats","Slay the Relics Exporter","StSLib"],"gold_per_floor":[15,27,27,40,50,81,81,81,81,116,129,129,147,158,158,235,235,250,68,112,159,159,159,188,200,212,224,262,274,274],"floor_reached":29,"playtime":1379,"items_purged":["Strike_P"],"score":700,"play_id":"15c22f15-9fc0-47e0-aba8-9f558387999f","local_time":"20210210114827","is_ascension_mode":true,"campfire_choices":[{"data":"Judgement","floor":8.0,"key":"SMITH"},{"data":"MentalFortress","floor":12.0,"key":"SMITH"},{"data":"MentalFortress","floor":15.0,"key":"SMITH"},{"data":"MentalFortress","floor":23.0,"key":"SMITH"},{"data":"EmptyFist","floor":25.0,"key":"SMITH"}],"circlet_count":0,"master_deck":["AscendersBane","Strike_P+1","Defend_P","Defend_P","Defend_P","Defend_P","Eruption+1","Vigilance","Judgement+1","WaveOfTheHand","InnerPeace","Tantrum","EmptyFist+1","DeceiveReality","MentalFortress+1","MentalFortress+1","Meditate+1","Indignation+1","Wish+1","Vengeance+1","Dark Shackles+1","Consecrate","MentalFortress+1","DevaForm","BowlingBash+1","Halt+1"],"relics":["PureWater","Nunchaku","Eternal Feather","Toxic Egg 2","Runic Dome","MawBank","Singing Bowl","Enchiridion","Centennial Puzzle"],"acts_visited":["Exordium","TheCity"],"potions_floor_usage":[],"damage_taken":[{"damage":0.0,"enemies":"Cultist","floor":1.0,"turns":4.0},{"damage":8.0,"enemies":"Small Slimes","floor":2.0,"turns":4.0},{"damage":0.0,"enemies":"Jaw Worm","floor":4.0,"turns":1.0},{"damage":6.0,"enemies":"Looter","floor":5.0,"turns":2.0},{"damage":0.0,"enemies":"Gremlin Nob","floor":6.0,"turns":3.0},{"damage":7.0,"enemies":"3 Sentries","floor":10.0,"turns":6.0},{"damage":0.0,"enemies":"2 Fungi Beasts","floor":11.0,"turns":3.0},{"damage":10.0,"enemies":"3 Louse","floor":13.0,"turns":3.0},{"damage":1.0,"enemies":"Blue Slaver","floor":14.0,"turns":4.0},{"damage":0.0,"enemies":"The Guardian","floor":16.0,"turns":10.0},{"damage":0.0,"enemies":"Shell Parasite","floor":18.0,"turns":1.0},{"damage":0.0,"enemies":"Chosen","floor":20.0,"turns":4.0},{"damage":5.0,"enemies":"Snecko","floor":21.0,"turns":5.0},{"damage":26.0,"enemies":"Slavers","floor":24.0,"turns":5.0},{"damage":31,"enemies":"Book of Stabbing","floor":28,"turns":6},{"damage":21,"enemies":"Cultist and Chosen","floor":29,"turns":5}],"seed_played":"5623986888184096340","potions_obtained":[{"floor":1.0,"key":"PowerPotion"},{"floor":5.0,"key":"EssenceOfSteel"},{"floor":6.0,"key":"StancePotion"},{"floor":14.0,"key":"Swift Potion"},{"floor":21.0,"key":"SteroidPotion"},{"floor":28,"key":"Dexterity Potion"}],"is_trial":false,"path_per_floor":["M","M","?","M","M","E","?","R","T","E","M","R","M","M","R","B",null,"M","$","M","M","?","R","E","R","T","?","E","M"],"character_chosen":"WATCHER","items_purchased":["Dark Shackles+1"],"campfire_rested":0,"item_purchase_floors":[19],"current_hp_per_floor":[61,53,33,33,27,27,27,36,36,29,29,38,28,27,39,39,61,61,61,61,56,56,68,42,57,57,36,5,0,0],"gold":274,"neow_bonus":"THREE_RARE_CARDS","is_daily":false,"chose_seed":false,"campfire_upgraded":5,"win_rate":0.0,"timestamp":1612954107,"path_taken":["M","?","?","M","M","E","?","R","T","E","M","R","M","M","R","BOSS","M","$","M","M","?","R","E","R","T","?","E","M"],"items_purchased_type":["Card"],"build_version":"2020-12-13","purchased_purges":1,"victory":false,"max_hp_per_floor":[68,68,68,68,68,68,68,68,68,68,68,68,68,68,68,68,68,68,68,68,68,68,68,68,68,68,68,68,68,68],"relic_stats":{"Nunchaku":[7],"Centennial Puzzle":[0],"Singing Bowl":0,"counters":[16,66],"Eternal Feather":57,"MawBank":60,"obtain_stats":[{"Runic Dome":17,"Nunchaku":6,"Centennial Puzzle":28,"Singing Bowl":26,"Enchiridion":27,"Eternal Feather":7,"PureWater":0,"Toxic Egg 2":10,"MawBank":24},{"Runic Dome":10,"Nunchaku":5,"Centennial Puzzle":15,"Singing Bowl":14,"Enchiridion":14,"Eternal Feather":5,"PureWater":0,"Toxic Egg 2":6,"MawBank":14},{"Runic Dome":40,"Nunchaku":14,"Centennial Puzzle":61,"Singing Bowl":55,"Enchiridion":55,"Eternal Feather":14,"PureWater":0,"Toxic Egg 2":20,"MawBank":55}]},"card_choices":[{"not_picked":["Alpha","Vault"],"picked":"Judgement","floor":0.0},{"not_picked":["Collect","ThirdEye"],"picked":"WaveOfTheHand","floor":1.0},{"not_picked":["WreathOfFlame","Halt"],"picked":"InnerPeace","floor":2.0},{"not_picked":["Prostrate","Indignation"],"picked":"Tantrum","floor":4.0},{"not_picked":["Prostrate","Collect"],"picked":"EmptyFist","floor":5.0},{"not_picked":["Crescendo","Evaluate"],"picked":"DeceiveReality","floor":6.0},{"not_picked":["Consecrate","BattleHymn"],"picked":"MentalFortress","floor":10.0},{"not_picked":["Protect+1","ThirdEye+1"],"picked":"MentalFortress","floor":11.0},{"not_picked":["ForeignInfluence+1","Nirvana"],"picked":"Meditate+1","floor":13.0},{"not_picked":["Evaluate+1","Pray+1"],"picked":"Indignation+1","floor":14.0},{"not_picked":["Omniscience+1","SpiritShield+1"],"picked":"Wish+1","floor":16.0},{"not_picked":["FollowUp+1","FlyingSleeves"],"picked":"Vengeance+1","floor":18.0},{"not_picked":["Fasting2","FlyingSleeves","CutThroughFate"],"picked":"SKIP","floor":20.0},{"not_picked":["Protect+1","CutThroughFate"],"picked":"Consecrate","floor":21.0},{"not_picked":["Consecrate+1","PathToVictory+1"],"picked":"BowlingBash+1","floor":24.0},{"not_picked":["FollowUp","Evaluate+1"],"picked":"Halt+1","floor":28}],"player_experience":1574375,"relics_obtained":[{"floor":6.0,"key":"Nunchaku"},{"floor":10.0,"key":"Toxic Egg 2"},{"floor":24.0,"key":"MawBank"},{"floor":26.0,"key":"Singing Bowl"},{"floor":27.0,"key":"Enchiridion"},{"floor":28,"key":"Centennial Puzzle"}],"event_choices":[{"damage_healed":0.0,"max_hp_gain":0.0,"max_hp_loss":0.0,"gold_gain":0.0,"event_name":"Shining Light","player_choice":"Entered Light","floor":3.0,"gold_loss":0.0,"damage_taken":20.0,"cards_upgraded":["Strike_P","Eruption"]},{"damage_healed":0.0,"max_hp_gain":0.0,"max_hp_loss":0.0,"gold_gain":0.0,"event_name":"Dead Adventurer","player_choice":"Searched \u00271\u0027 times","floor":7.0,"gold_loss":0.0,"damage_taken":0.0,"relics_obtained":["Eternal Feather"]},{"damage_healed":0.0,"max_hp_gain":0.0,"max_hp_loss":0.0,"gold_gain":0.0,"cards_transformed":["Strike_P","Strike_P"],"event_name":"Drug Dealer","player_choice":"Became Test Subject","floor":22.0,"gold_loss":0.0,"damage_taken":0.0,"cards_obtained":["MentalFortress","DevaForm"]},{"damage_healed":0.0,"max_hp_gain":0.0,"max_hp_loss":0.0,"gold_gain":0.0,"event_name":"Cursed Tome","player_choice":"Obtained Book","floor":27.0,"gold_loss":0.0,"damage_taken":21.0}],"is_beta":false,"boss_relics":[{"not_picked":["Runic Pyramid","Snecko Eye"],"picked":"Runic Dome"}],"items_purged_floors":[19],"is_endless":false,"potions_floor_spawned":[1,5,6,14,21,28],"killed_by":"Cultist and Chosen","ascension_level":20}}