{"host":"bz6w3lfmpwgz81o3","time":1612922383,"event":{"mods":["BaseMod","Downfall","Hermit","Minty Spire (QoL Compilation)","StSLib"],"gold_per_floor":[99,115,134,134,284,315,361,377,47,47,47,67,67,102,122,122,122],"floor_reached":16,"language":"ENG","playtime":645,"items_purged":[],"score":110,"play_id":"43463ec0-f8f2-4d5b-b14c-92499f7fb861","local_time":"20210210025943","is_ascension_mode":false,"campfire_choices":[{"data":"hermit:Snapshot","floor":1,"key":"SMITH"},{"data":"hermit:Misfire","floor":11,"key":"SMITH"},{"data":"hermit:HoleUp","floor":13,"key":"SMITH"}],"circlet_count":0,"master_deck":["hermit:Strike_Hermit","hermit:Strike_Hermit","hermit:Strike_Hermit","hermit:Strike_Hermit","hermit:Defend_Hermit","hermit:Defend_Hermit","hermit:Defend_Hermit","hermit:Defend_Hermit","hermit:Snapshot+1","hermit:Covet+1","hermit:Misfire+1","downfall:Icky","hermit:Deadeye","hermit:HoleUp+1","Shame","hermit:HoleUp+1","hermit:EyeOfTheStorm","hermit:Dive"],"relics":["hermit:Momento","FossilizedHelix","Bronze Scales","Ginger","Nunchaku","Frozen Egg 2","hermit:RyeStalk"],"acts_visited":["Exordium"],"potions_floor_usage":[15,16,16],"damage_taken":[{"damage":0,"enemies":"Jaw Worm","floor":2,"turns":3},{"damage":0,"enemies":"Small Slimes","floor":3,"turns":3},{"damage":19,"enemies":"Lagavulin","floor":6,"turns":6},{"damage":0,"enemies":"Cultist","floor":8,"turns":3},{"damage":4,"enemies":"downfall:FleeingMerchant","floor":9,"turns":4},{"damage":5,"enemies":"Lots of Slimes","floor":12,"turns":3},{"damage":4,"enemies":"3 Sentries","floor":14,"turns":6},{"damage":0,"enemies":"2 Fungi Beasts","floor":15,"turns":3},{"damage":30,"enemies":"WA_ARCHETYPE_RETAIN","floor":16,"turns":7}],"seed_played":"4683485242720280648","potions_obtained":[{"floor":12,"key":"hermit:Eclipse"},{"floor":14,"key":"SkillPotion"},{"floor":15,"key":"Explosive Potion"}],"is_trial":false,"path_per_floor":["R","M","M","?","?","E","T","M","$","?","R","M","R","E","M","B"],"character_chosen":"HERMIT","items_purchased":["hermit:HoleUp","Frozen Egg 2"],"campfire_rested":0,"item_purchase_floors":[9,9],"current_hp_per_floor":[68,68,68,56,56,37,37,37,33,33,33,28,28,24,24,0,0],"gold":122,"neow_bonus":"ONE_RARE_RELIC","is_daily":false,"chose_seed":false,"campfire_upgraded":3,"win_rate":0.0,"timestamp":1612922383,"path_taken":["R","M","M","?","?","E","T","M","$","?","R","M","R","E","M","BOSS"],"items_purchased_type":["Card","Relic"],"build_version":"2020-12-22","purchased_purges":0,"victory":false,"max_hp_per_floor":[68,68,68,68,68,68,68,68,68,68,68,68,68,68,68,68,68],"card_choices":[{"not_picked":["hermit:Snipe","hermit:LuckOfTheDraw"],"picked":"hermit:Misfire","floor":2},{"not_picked":["hermit:Malice","hermit:Coalescence","hermit:Snipe"],"picked":"SKIP","floor":3},{"not_picked":["hermit:Malice","hermit:Coalescence","hermit:Snipe"],"picked":"SKIP","floor":3},{"not_picked":["hermit:Manifest","hermit:Scavenge"],"picked":"hermit:Deadeye","floor":6},{"not_picked":["hermit:Coalescence","hermit:SprayPray","hermit:BodyArmor"],"picked":"SKIP","floor":8},{"not_picked":["hermit:Coalescence","hermit:Desperado","hermit:Scavenge"],"picked":"SKIP","floor":9},{"not_picked":["hermit:Manifest","hermit:HighCaliber"],"picked":"hermit:HoleUp","floor":12},{"not_picked":["hermit:Showdown","hermit:Purgatory"],"picked":"hermit:EyeOfTheStorm","floor":14},{"not_picked":["hermit:Feint","hermit:Quickdraw"],"picked":"hermit:Dive","floor":15}],"player_experience":32456,"relics_obtained":[{"floor":6,"key":"Ginger"},{"floor":7,"key":"Nunchaku"},{"floor":14,"key":"hermit:RyeStalk"}],"event_choices":[{"damage_healed":0,"gold_gain":0,"player_choice":"Success","damage_taken":12,"relics_obtained":["Bronze Scales"],"max_hp_gain":0,"max_hp_loss":0,"event_name":"Scrap Ooze","floor":4,"gold_loss":0}],"is_beta":false,"boss_relics":[],"items_purged_floors":[],"is_endless":false,"potions_floor_spawned":[12,14,15],"killed_by":"WA_ARCHETYPE_RETAIN","ascension_level":0}}