{"host":"3y2rtlgteqp2nuo3","time":1612961804,"event":{"mods":["2.2 Compatiblity","AchievementEnabler","BaseMod","Colored Map","DeckTracker","Highlight Path","Keyboard Shortcuts","Minty Spire (QoL Compilation)","Permanent Neow","Quick Restart","StSLib","SuperFastMode","everything is the same but u backflip on backflip"],"gold_per_floor":[118,118,135,135,155,188,188,188,188,34,34,64,64,81,81,153,153,167,30,30,30,36,36,36,36],"floor_reached":24,"language":"KOR","playtime":520,"items_purged":["Strike_G","Strike_G"],"score":374,"play_id":"60ac3a02-6185-48e8-9190-0f4b9e0ed589","local_time":"20210210215644","is_ascension_mode":true,"campfire_choices":[{"data":"Deadly Poison","floor":7.0,"key":"SMITH"},{"data":"Catalyst","floor":11.0,"key":"SMITH"},{"data":"Bane","floor":13.0,"key":"SMITH"},{"data":"Neutralize","floor":15.0,"key":"SMITH"},{"floor":23,"key":"REST"}],"circlet_count":0,"master_deck":["AscendersBane","Strike_G","Defend_G","Defend_G","Defend_G","Defend_G","Defend_G","Survivor","Neutralize+1","Escape Plan","Deadly Poison+1","Well Laid Plans","Footwork","Bane+1","Catalyst+1","Wraith Form v2","Noxious Fumes","Decay","Outmaneuver"],"relics":["Ring of the Snake","StrikeDummy","Blood Vial","Pantograph","Singing Bowl","Fusion Hammer"],"acts_visited":["Exordium","TheCity"],"potions_floor_usage":[22,23,24],"damage_taken":[{"damage":2.0,"enemies":"Jaw Worm","floor":1.0,"turns":6.0},{"damage":0.0,"enemies":"2 Louse","floor":3.0,"turns":3.0},{"damage":9.0,"enemies":"Small Slimes","floor":5.0,"turns":4.0},{"damage":12.0,"enemies":"Gremlin Nob","floor":6.0,"turns":5.0},{"damage":6.0,"enemies":"3 Sentries","floor":12.0,"turns":10.0},{"damage":0.0,"enemies":"Blue Slaver","floor":14.0,"turns":3.0},{"damage":13.0,"enemies":"The Guardian","floor":16.0,"turns":8.0},{"damage":20.0,"enemies":"Spheric Guardian","floor":18.0,"turns":7.0},{"damage":7,"enemies":"2 Thieves","floor":22,"turns":5},{"damage":31,"enemies":"Gremlin Leader","floor":24,"turns":5}],"seed_played":"664328184534322542","potions_obtained":[{"floor":3.0,"key":"Block Potion"},{"floor":6.0,"key":"LiquidMemories"},{"floor":12.0,"key":"Regen Potion"},{"floor":22,"key":"EntropicBrew"}],"is_trial":false,"path_per_floor":["M","?","M","?","M","E","R","?","T","$","R","E","R","M","R","B",null,"M","$","?","?","M","R","E"],"character_chosen":"THE_SILENT","items_purchased":["Catalyst","Noxious Fumes"],"campfire_rested":1,"item_purchase_floors":[10,19],"current_hp_per_floor":[57,50,50,45,36,24,24,46,46,46,46,44,44,48,48,57,67,51,51,51,51,60,72,41,41],"gold":36,"neow_bonus":"TRANSFORM_CARD","is_daily":false,"chose_seed":false,"campfire_upgraded":4,"win_rate":0.0,"timestamp":1612961804,"path_taken":["M","?","M","?","M","E","R","?","T","$","R","E","R","M","R","BOSS","M","$","?","?","M","R","E"],"items_purchased_type":["Card","Card"],"build_version":"2020-12-22","purchased_purges":2,"victory":false,"max_hp_per_floor":[66,66,66,66,66,66,66,66,66,66,66,68,68,70,70,70,70,72,72,72,72,72,72,72,72],"card_choices":[{"not_picked":["Prepared","Distraction"],"picked":"Deadly Poison","floor":1.0},{"not_picked":["Escape Plan","Predator"],"picked":"Well Laid Plans","floor":3.0},{"not_picked":["Masterful Stab","Backflip"],"picked":"Footwork","floor":5.0},{"not_picked":["Finisher","Prepared"],"picked":"Bane","floor":6.0},{"not_picked":["Quick Slash","Eviscerate","Prepared"],"picked":"Singing Bowl","floor":12.0},{"not_picked":["Flechettes","Quick Slash","Tactician"],"picked":"Singing Bowl","floor":14.0},{"not_picked":["Unload","Bullet Time"],"picked":"Wraith Form v2","floor":16.0},{"not_picked":["Underhanded Strike","Flying Knee+1","Footwork"],"picked":"Singing Bowl","floor":18.0},{"not_picked":["Calculated Gamble","Slice"],"picked":"Outmaneuver","floor":22}],"player_experience":781354,"relics_obtained":[{"floor":6.0,"key":"Blood Vial"},{"floor":9.0,"key":"Pantograph"},{"floor":12.0,"key":"Singing Bowl"}],"event_choices":[{"cards_removed":["Strike_G"],"damage_healed":0.0,"max_hp_gain":0.0,"max_hp_loss":0.0,"gold_gain":0.0,"event_name":"Golden Wing","player_choice":"Card Removal","floor":2.0,"gold_loss":0.0,"damage_taken":7.0},{"damage_healed":0.0,"max_hp_gain":0.0,"max_hp_loss":0.0,"gold_gain":0.0,"event_name":"Scrap Ooze","player_choice":"Success","floor":4.0,"gold_loss":0.0,"damage_taken":5.0,"relics_obtained":["StrikeDummy"]},{"damage_healed":22.0,"max_hp_gain":0.0,"max_hp_loss":0.0,"gold_gain":0.0,"event_name":"Big Fish","player_choice":"Banana","floor":8.0,"gold_loss":0.0,"damage_taken":0.0},{"damage_healed":0.0,"max_hp_gain":0.0,"max_hp_loss":0.0,"gold_gain":0.0,"event_name":"Vampires","player_choice":"Ignored","floor":20.0,"gold_loss":0.0,"damage_taken":0.0},{"damage_healed":0.0,"max_hp_gain":0.0,"max_hp_loss":0.0,"gold_gain":0.0,"event_name":"Forgotten Altar","player_choice":"Smashed Altar","floor":21.0,"gold_loss":0.0,"damage_taken":0.0,"cards_obtained":["Decay"]}],"is_beta":false,"boss_relics":[{"not_picked":["WristBlade","Runic Dome"],"picked":"Fusion Hammer"}],"items_purged_floors":[10,19],"is_endless":false,"potions_floor_spawned":[3,6,12,22],"killed_by":"Gremlin Leader","ascension_level":17}}