{"host":"u6f15rvcj4nca0wu","time":1612980031,"event":{"mods":["BaseMod","Bestiary","Colored Map","Highlight Path","Minty Spire (Améliorations d\u0027érgonomie)","Relic Stats"],"gold_per_floor":[117,134,145,165,165,197,197,197,197,197,222,234,234,5,5,105,105,125,125,139,150,150,150,183,183,208,218,228,243,19,19,19,119,119,137,37,50,50,62,62,82,82,82,93,103,138,138,155,155,155],"floor_reached":51,"language":"FRA","playtime":14369,"items_purged":["Defend_P","Strike_P"],"score":686,"play_id":"0ac370af-63a9-4b2a-a0fd-624c927ac6ce","local_time":"20210210190031","is_ascension_mode":false,"campfire_choices":[{"data":"BattleHymn","floor":7.0,"key":"SMITH"},{"data":"Eruption","floor":10.0,"key":"SMITH"},{"data":"BattleHymn","floor":13.0,"key":"SMITH"},{"floor":15.0,"key":"REST"},{"floor":23.0,"key":"REST"},{"floor":25.0,"key":"REST"},{"data":"Crescendo","floor":32.0,"key":"SMITH"},{"data":"Alpha","floor":40.0,"key":"SMITH"},{"data":"ClearTheMind","floor":42.0,"key":"SMITH"},{"data":"Evaluate","floor":47.0,"key":"SMITH"},{"floor":49,"key":"REST"}],"circlet_count":0,"master_deck":["Strike_P","Strike_P","Defend_P","Defend_P","Defend_P","Eruption+1","Vigilance","EmptyBody+1","BattleHymn+1","CutThroughFate","BowlingBash","Consecrate","BattleHymn+1","Weave","Prostrate","DeusExMachina+1","Crescendo+1","Weave+1","ThirdEye","BowlingBash+1","Evaluate+1","ClearTheMind+1","Protect+1","EmptyFist","Alpha+1","CurseOfTheBell","FollowUp","Evaluate+1","Prostrate+1","ForeignInfluence+1","Prostrate+1","Prostrate+1","JustLucky+1","WheelKick+1"],"relics":["PureWater","Nunchaku","White Beast Statue","Meat on the Bone","CaptainsWheel","Potion Belt","SlaversCollar","Enchiridion","Centennial Puzzle","War Paint","Calling Bell","Regal Pillow","Mummified Hand","Incense Burner","Kunai","InkBottle","Gambling Chip"],"acts_visited":["Exordium","TheCity","TheBeyond"],"potions_floor_usage":[50,50,50,50],"damage_taken":[{"damage":0.0,"enemies":"2 Louse","floor":1.0,"turns":4.0},{"damage":0.0,"enemies":"Small Slimes","floor":2.0,"turns":3.0},{"damage":0.0,"enemies":"Cultist","floor":3.0,"turns":2.0},{"damage":2.0,"enemies":"Exordium Thugs","floor":4.0,"turns":4.0},{"damage":8.0,"enemies":"Lagavulin","floor":6.0,"turns":5.0},{"damage":16.0,"enemies":"Gremlin Nob","floor":11.0,"turns":4.0},{"damage":2.0,"enemies":"Looter","floor":12.0,"turns":3.0},{"damage":51.0,"enemies":"The Guardian","floor":16.0,"turns":9.0},{"damage":7.0,"enemies":"Shell Parasite","floor":18.0,"turns":4.0},{"damage":10.0,"enemies":"Chosen","floor":20.0,"turns":3.0},{"damage":19.0,"enemies":"Centurion and Healer","floor":21.0,"turns":3.0},{"damage":27.0,"enemies":"Slavers","floor":24.0,"turns":4.0},{"damage":0.0,"enemies":"Cultist and Chosen","floor":27.0,"turns":4.0},{"damage":0.0,"enemies":"Sentry and Sphere","floor":28.0,"turns":3.0},{"damage":10.0,"enemies":"Centurion and Healer","floor":29.0,"turns":3.0},{"damage":10.0,"enemies":"Automaton","floor":33.0,"turns":5.0},{"damage":14.0,"enemies":"3 Darklings","floor":35.0,"turns":4.0},{"damage":1.0,"enemies":"Orb Walker","floor":37.0,"turns":3.0},{"damage":12.0,"enemies":"Sphere and 2 Shapes","floor":39.0,"turns":7.0},{"damage":9.0,"enemies":"Transient","floor":41.0,"turns":5.0},{"damage":21.0,"enemies":"Jaw Worm Horde","floor":44.0,"turns":4.0},{"damage":3.0,"enemies":"3 Darklings","floor":45.0,"turns":3.0},{"damage":1.0,"enemies":"Giant Head","floor":46.0,"turns":5.0},{"damage":15,"enemies":"Maw","floor":48,"turns":6},{"damage":40,"enemies":"Awakened One","floor":50,"turns":10}],"seed_played":"8782092772706859781","potions_obtained":[{"floor":1.0,"key":"BlessingOfTheForge"},{"floor":4.0,"key":"LiquidBronze"},{"floor":11.0,"key":"Energy Potion"},{"floor":12.0,"key":"Dexterity Potion"},{"floor":16.0,"key":"Fire Potion"},{"floor":18.0,"key":"SneckoOil"},{"floor":20.0,"key":"LiquidBronze"},{"floor":21.0,"key":"EssenceOfSteel"},{"floor":24.0,"key":"Regen Potion"},{"floor":27.0,"key":"Explosive Potion"},{"floor":28.0,"key":"EssenceOfSteel"},{"floor":29.0,"key":"Ancient Potion"},{"floor":33.0,"key":"Dexterity Potion"},{"floor":35.0,"key":"GamblersBrew"},{"floor":37.0,"key":"Weak Potion"},{"floor":39.0,"key":"Ambrosia"},{"floor":41.0,"key":"Fire Potion"},{"floor":44.0,"key":"Swift Potion"},{"floor":45.0,"key":"Weak Potion"},{"floor":48,"key":"Dexterity Potion"}],"is_trial":false,"path_per_floor":["M","M","M","M","?","E","R","?","T","R","E","M","R","$","R","B",null,"M","?","M","M","?","R","E","R","T","M","M","M","$","?","R","B",null,"M","$","M","T","M","R","M","R","T","M","M","E","R","M","R","B",null],"character_chosen":"WATCHER","items_purchased":["Potion Belt","Prostrate","Strength Potion","StancePotion","Strength Potion","EmptyFist"],"campfire_rested":4,"item_purchase_floors":[14,14,14,30,30,30],"current_hp_per_floor":[72,72,72,70,70,62,62,62,62,62,46,44,44,44,65,26,72,65,49,39,32,32,53,38,59,59,59,64,54,54,72,72,62,72,58,58,57,57,45,45,48,48,48,39,48,47,47,44,72,44],"gold":155,"neow_bonus":"RANDOM_COMMON_RELIC","is_daily":false,"chose_seed":false,"campfire_upgraded":7,"win_rate":0.0,"timestamp":1612980031,"path_taken":["M","M","M","M","?","E","R","?","T","R","E","?","R","$","R","BOSS","M","?","M","M","?","R","E","R","T","M","M","?","$","?","R","BOSS","M","$","M","?","M","R","?","R","T","?","M","E","R","M","R","BOSS"],"items_purchased_type":["Relic","Card","Potion","Potion","Potion","Card"],"build_version":"2020-12-13","purchased_purges":2,"victory":true,"max_hp_per_floor":[72,72,72,72,72,72,72,72,72,72,72,72,72,72,72,72,72,72,72,72,72,72,72,72,72,72,72,72,72,72,72,72,72,72,72,72,72,72,72,72,72,72,72,72,72,72,72,72,72,72],"relic_stats":{"Nunchaku":[33],"Centennial Puzzle":[33],"Regal Pillow":7,"counters":[25,110],"Mummified Hand":[24],"Gambling Chip":[0],"Kunai":[37],"War Paint":["DeusExMachina","EmptyBody"],"obtain_stats":[{"Potion Belt":14,"Regal Pillow":34,"Enchiridion":19,"Incense Burner":34,"War Paint":26,"White Beast Statue":6,"Calling Bell":34,"SlaversCollar":17,"Nunchaku":0,"CaptainsWheel":11,"Centennial Puzzle":24,"Mummified Hand":34,"Gambling Chip":46,"Kunai":38,"PureWater":0,"InkBottle":43,"Meat on the Bone":9},{"Potion Belt":7,"Regal Pillow":16,"Enchiridion":9,"Incense Burner":16,"War Paint":12,"White Beast Statue":5,"Calling Bell":16,"SlaversCollar":8,"Nunchaku":0,"CaptainsWheel":6,"Centennial Puzzle":12,"Mummified Hand":16,"Gambling Chip":23,"Kunai":18,"PureWater":0,"InkBottle":20,"Meat on the Bone":5},{"Potion Belt":25,"Regal Pillow":63,"Enchiridion":38,"Incense Burner":63,"War Paint":48,"White Beast Statue":18,"Calling Bell":63,"SlaversCollar":34,"Nunchaku":0,"CaptainsWheel":22,"Centennial Puzzle":48,"Mummified Hand":63,"Gambling Chip":94,"Kunai":70,"PureWater":0,"InkBottle":82,"Meat on the Bone":18}],"InkBottle":[19],"Meat on the Bone":96},"card_choices":[{"not_picked":["Vengeance","CrushJoints"],"picked":"EmptyBody","floor":1.0},{"not_picked":["FlurryOfBlows","EmptyBody"],"picked":"BattleHymn","floor":2.0},{"not_picked":["Perseverance","FlurryOfBlows"],"picked":"CutThroughFate","floor":3.0},{"not_picked":["Crescendo","PathToVictory"],"picked":"BowlingBash","floor":4.0},{"not_picked":["Swivel","Vengeance"],"picked":"Consecrate","floor":6.0},{"not_picked":["Fasting2","Conclude"],"picked":"BattleHymn","floor":11.0},{"not_picked":["WreathOfFlame","BowlingBash"],"picked":"Weave","floor":12.0},{"not_picked":["SpiritShield","Vault"],"picked":"DeusExMachina","floor":16.0},{"not_picked":["Nirvana","Prostrate"],"picked":"Crescendo","floor":18.0},{"not_picked":["EmptyFist","CutThroughFate"],"picked":"Weave+1","floor":20.0},{"not_picked":["Consecrate","Halt"],"picked":"ThirdEye","floor":21.0},{"not_picked":["EmptyFist","Weave"],"picked":"BowlingBash+1","floor":24.0},{"not_picked":["Study","LikeWater"],"picked":"Evaluate","floor":27.0},{"not_picked":["JustLucky","WreathOfFlame+1"],"picked":"ClearTheMind","floor":28.0},{"not_picked":["FlyingSleeves+1","Consecrate"],"picked":"Protect+1","floor":29.0},{"not_picked":["DeusExMachina","DevaForm"],"picked":"Alpha","floor":33.0},{"not_picked":["MentalFortress","LikeWater"],"picked":"FollowUp","floor":35.0},{"not_picked":["Crescendo","SandsOfTime+1"],"picked":"Evaluate+1","floor":37.0},{"not_picked":["MentalFortress","Sanctity+1"],"picked":"Prostrate+1","floor":39.0},{"not_picked":["ConjureBlade","PathToVictory"],"picked":"ForeignInfluence+1","floor":41.0},{"not_picked":["BowlingBash+1","ForeignInfluence"],"picked":"Prostrate+1","floor":44.0},{"not_picked":["CutThroughFate","Evaluate"],"picked":"Prostrate+1","floor":45.0},{"not_picked":["Indignation","EmptyBody+1"],"picked":"JustLucky+1","floor":46.0},{"not_picked":["CarveReality+1","Evaluate"],"picked":"WheelKick+1","floor":48}],"player_experience":221306,"relics_obtained":[{"floor":6.0,"key":"White Beast Statue"},{"floor":9.0,"key":"Meat on the Bone"},{"floor":11.0,"key":"CaptainsWheel"},{"floor":19.0,"key":"Enchiridion"},{"floor":24.0,"key":"Centennial Puzzle"},{"floor":26.0,"key":"War Paint"},{"floor":34.0,"key":"Regal Pillow"},{"floor":34.0,"key":"Mummified Hand"},{"floor":34.0,"key":"Incense Burner"},{"floor":38.0,"key":"Kunai"},{"floor":43.0,"key":"InkBottle"},{"floor":46.0,"key":"Gambling Chip"}],"event_choices":[{"damage_healed":0.0,"max_hp_gain":0.0,"max_hp_loss":0.0,"gold_gain":0.0,"event_name":"Shining Light","player_choice":"Ignored","floor":5.0,"gold_loss":0.0,"damage_taken":0.0},{"cards_removed":["Strike_P"],"damage_healed":0.0,"max_hp_gain":0.0,"max_hp_loss":0.0,"gold_gain":0.0,"event_name":"Purifier","player_choice":"Purged","floor":8.0,"gold_loss":0.0,"damage_taken":0.0},{"damage_healed":0.0,"max_hp_gain":0.0,"max_hp_loss":0.0,"gold_gain":0.0,"event_name":"Cursed Tome","player_choice":"Obtained Book","floor":19.0,"gold_loss":0.0,"damage_taken":16.0},{"damage_healed":0.0,"max_hp_gain":0.0,"max_hp_loss":0.0,"gold_gain":0.0,"event_name":"Match and Keep!","player_choice":"0 cards matched","floor":22.0,"gold_loss":0.0,"damage_taken":0.0,"cards_obtained":[]},{"damage_healed":18.0,"max_hp_gain":0.0,"max_hp_loss":0.0,"gold_gain":0.0,"event_name":"Wheel of Change","player_choice":"Full Heal","floor":31.0,"gold_loss":0.0,"damage_taken":0.0}],"is_beta":false,"boss_relics":[{"not_picked":["Fusion Hammer","Cursed Key"],"picked":"SlaversCollar"},{"not_picked":["Tiny House","Sozu"],"picked":"Calling Bell"}],"items_purged_floors":[30,36],"is_endless":false,"potions_floor_spawned":[1,4,11,12,16,18,20,21,24,27,28,29,33,35,37,39,41,44,45,46,48],"ascension_level":0}}