{"host":"sian7qp8a9pc9xwd","time":1612919374,"event":{"mods":["BaseMod","Minty Spire (QoL Compilation)","StSLib","SuperFastMode"],"gold_per_floor":[158,215,215,250,293,293,293,357,380,380,380,18,18,62,62,191,191,291,216,216,265,303,364,364,8,8,42,42,42,58,108,108,256,256,305,9,9,47,63,63,99,189,489,489,129,129,163,226,226,226],"floor_reached":51,"language":"ENG","playtime":11560,"items_purged":["Defend_P","Defend_P","Ragnarok","BowlingBash+1"],"score":979,"play_id":"ce065b10-64b2-4640-b79d-e8a525d9ef68","local_time":"20210209200934","is_ascension_mode":true,"campfire_choices":[{"data":"Vault","floor":6.0,"key":"SMITH"},{"data":"Eruption","floor":10.0,"key":"SMITH"},{"data":"Prostrate","floor":15.0,"key":"SMITH"},{"data":"Scrawl","floor":24,"key":"SMITH"},{"floor":29,"key":"REST"},{"data":"Scrawl","floor":32,"key":"SMITH"},{"data":"Trip","floor":40,"key":"SMITH"},{"floor":49,"key":"DIG"}],"circlet_count":0,"master_deck":["Eruption+1","Vigilance+1","HandOfGreed+1","Prostrate+1","Vault+1","FollowUp+1","Prostrate+1","Scrawl+1","FlurryOfBlows+1","Evaluate+1","TalkToTheHand+1","LessonLearned+1","Prostrate+1","Scrawl+1","EmptyFist+1","Ragnarok+1","CutThroughFate+1","Trip+1","FlurryOfBlows+1","TalkToTheHand+1"],"relics":["PureWater","Smiling Mask","Golden Idol","Matryoshka","VioletLotus","Art of War","Centennial Puzzle","War Paint","Anchor","Bottled Lightning","Kunai","Enchiridion","Pandora\u0027s Box","TeardropLocket","Du-Vu Doll","Shovel","Strawberry","Old Coin","Singing Bowl","CloakClasp","Akabeko","Torii","Oddly Smooth Stone"],"acts_visited":["Exordium","TheCity","TheBeyond"],"potions_floor_usage":[16,16,27,33],"damage_taken":[{"damage":2.0,"enemies":"Small Slimes","floor":1.0,"turns":4.0},{"damage":0.0,"enemies":"2 Louse","floor":2.0,"turns":4.0},{"damage":2.0,"enemies":"Jaw Worm","floor":4.0,"turns":4.0},{"damage":0.0,"enemies":"Large Slime","floor":5.0,"turns":3.0},{"damage":6.0,"enemies":"2 Fungi Beasts","floor":8.0,"turns":4.0},{"damage":0.0,"enemies":"Blue Slaver","floor":14.0,"turns":4.0},{"damage":4,"enemies":"The Guardian","floor":16,"turns":8},{"damage":0,"enemies":"3 Byrds","floor":18,"turns":8},{"damage":17,"enemies":"2 Thieves","floor":21,"turns":2},{"damage":7,"enemies":"Snake Plant","floor":22,"turns":3},{"damage":0,"enemies":"Book of Stabbing","floor":23,"turns":3},{"damage":10,"enemies":"Gremlin Leader","floor":27,"turns":3},{"damage":0,"enemies":"Snecko","floor":30,"turns":3},{"damage":0,"enemies":"3 Cultists","floor":31,"turns":3},{"damage":17,"enemies":"Collector","floor":33,"turns":4},{"damage":0,"enemies":"3 Shapes","floor":35,"turns":3},{"damage":0,"enemies":"Orb Walker","floor":38,"turns":1},{"damage":6,"enemies":"Transient","floor":39,"turns":6},{"damage":0,"enemies":"Nemesis","floor":41,"turns":2},{"damage":0,"enemies":"2 Orb Walkers","floor":42,"turns":1},{"damage":0,"enemies":"Giant Head","floor":47,"turns":3},{"damage":0,"enemies":"Mind Bloom Boss Battle","floor":48,"turns":1},{"damage":1,"enemies":"Time Eater","floor":50,"turns":5}],"seed_played":"-7064639148253428826","potions_obtained":[{"floor":1.0,"key":"LiquidBronze"},{"floor":4.0,"key":"FearPotion"},{"floor":8.0,"key":"LiquidBronze"},{"floor":21,"key":"Fire Potion"},{"floor":23,"key":"Regen Potion"},{"floor":30,"key":"EssenceOfSteel"},{"floor":31,"key":"DuplicationPotion"},{"floor":38,"key":"Ambrosia"},{"floor":42,"key":"DuplicationPotion"},{"floor":48,"key":"FearPotion"}],"is_trial":false,"path_per_floor":["M","M","?","M","M","R","?","M","T","R","?","$","?","M","R","B",null,"M","?","?","M","M","E","R","$","T","E","?","R","M","M","R","B",null,"M","$","?","M","M","R","E","?","T","T","$","?","E","?","R","B",null],"character_chosen":"WATCHER","items_purchased":["Matryoshka","FollowUp","LessonLearned","War Paint","TeardropLocket","CloakClasp"],"campfire_rested":1,"item_purchase_floors":[12,12,25,25,36,45],"current_hp_per_floor":[49,49,49,47,47,47,33,27,27,27,27,27,20,20,20,16,67,67,67,67,50,43,43,43,43,43,33,17,37,37,37,37,20,67,67,67,67,67,61,61,61,61,68,68,68,68,70,72,72,71],"gold":226,"neow_bonus":"RANDOM_COLORLESS_2","is_daily":false,"chose_seed":false,"campfire_upgraded":6,"win_rate":0.0,"timestamp":1612919374,"path_taken":["M","M","?","M","M","R","?","M","T","R","?","?","?","M","R","BOSS","M","?","?","?","M","E","R","$","T","E","?","R","M","M","R","BOSS","M","$","?","M","?","R","E","?","T","?","$","?","E","?","R","BOSS"],"items_purchased_type":["Relic","Card","Card","Relic","Relic","Relic"],"build_version":"2020-12-22","purchased_purges":4,"victory":true,"max_hp_per_floor":[72,72,72,72,72,72,72,72,72,72,67,67,67,67,67,67,67,67,67,67,67,67,67,67,67,67,67,67,67,67,67,67,67,67,67,67,67,67,67,67,67,67,74,74,74,70,72,74,74,74],"card_choices":[{"not_picked":["Sadistic Nature","Thinking Ahead"],"picked":"HandOfGreed","floor":0.0},{"not_picked":["PathToVictory","Consecrate"],"picked":"Prostrate","floor":1.0},{"not_picked":["ClearTheMind","EmptyMind","ForeignInfluence"],"picked":"SKIP","floor":2.0},{"not_picked":["Evaluate","LikeWater"],"picked":"Vault","floor":4.0},{"not_picked":["FlyingSleeves","WheelKick","EmptyBody"],"picked":"SKIP","floor":5.0},{"not_picked":["EmptyFist","SashWhip","Nirvana"],"picked":"SKIP","floor":8.0},{"not_picked":["EmptyMind","Halt"],"picked":"Prostrate","floor":14.0},{"not_picked":["MasterReality","Judgement"],"picked":"Scrawl","floor":16},{"not_picked":["JustLucky","FlyingSleeves"],"picked":"FlurryOfBlows","floor":18},{"not_picked":["SashWhip","WreathOfFlame"],"picked":"Evaluate","floor":21},{"not_picked":["FlyingSleeves+1","PathToVictory"],"picked":"TalkToTheHand+1","floor":22},{"not_picked":["PathToVictory","ThirdEye","Meditate"],"picked":"SKIP","floor":23},{"not_picked":["PathToVictory","ThirdEye","Meditate"],"picked":"SKIP","floor":23},{"not_picked":["ReachHeaven+1","Consecrate"],"picked":"Prostrate","floor":27},{"not_picked":["Conclude","CrushJoints"],"picked":"Scrawl","floor":30},{"not_picked":["Nirvana","CarveReality","SashWhip"],"picked":"SKIP","floor":31},{"not_picked":["WreathOfFlame","FollowUp"],"picked":"CutThroughFate","floor":35},{"not_picked":["BowlingBash","ForeignInfluence+1","JustLucky"],"picked":"SKIP","floor":38},{"not_picked":["BowlingBash","PathToVictory+1"],"picked":"FlurryOfBlows+1","floor":39},{"not_picked":["Conclude","Establishment"],"picked":"TalkToTheHand+1","floor":41},{"not_picked":["CrushJoints","ReachHeaven","Sanctity+1"],"picked":"Singing Bowl","floor":47},{"not_picked":["Perseverance","FollowUp","PathToVictory"],"picked":"Singing Bowl","floor":48}],"player_experience":940196,"relics_obtained":[{"floor":9.0,"key":"Smiling Mask"},{"floor":23,"key":"Centennial Puzzle"},{"floor":26,"key":"Anchor"},{"floor":26,"key":"Bottled Lightning"},{"floor":27,"key":"Kunai"},{"floor":28,"key":"Enchiridion"},{"floor":41,"key":"Du-Vu Doll"},{"floor":42,"key":"Shovel"},{"floor":43,"key":"Strawberry"},{"floor":43,"key":"Old Coin"},{"floor":44,"key":"Singing Bowl"},{"floor":47,"key":"Akabeko"},{"floor":48,"key":"Torii"},{"floor":49,"key":"Oddly Smooth Stone"}],"event_choices":[{"damage_healed":0.0,"max_hp_gain":0.0,"max_hp_loss":0.0,"gold_gain":0.0,"event_name":"Living Wall","player_choice":"Grow","floor":3.0,"gold_loss":0.0,"damage_taken":0.0,"cards_upgraded":["HandOfGreed"]},{"damage_healed":0.0,"max_hp_gain":0.0,"max_hp_loss":0.0,"gold_gain":0.0,"event_name":"Shining Light","player_choice":"Entered Light","floor":7.0,"gold_loss":0.0,"damage_taken":14.0,"cards_upgraded":["Prostrate","Strike_P"]},{"damage_healed":0.0,"max_hp_gain":0.0,"max_hp_loss":5.0,"gold_gain":0.0,"event_name":"Golden Idol","player_choice":"Lose Max HP","floor":11.0,"gold_loss":0.0,"damage_taken":0.0,"relics_obtained":["Golden Idol"]},{"cards_removed":["Strike_P"],"damage_healed":0.0,"max_hp_gain":0.0,"max_hp_loss":0.0,"gold_gain":0.0,"event_name":"Golden Wing","player_choice":"Card Removal","floor":13.0,"gold_loss":0.0,"damage_taken":7.0},{"cards_removed":["Defend_P"],"damage_healed":0,"gold_gain":0,"player_choice":"Gave Gold","damage_taken":0,"max_hp_gain":0,"max_hp_loss":0,"event_name":"Beggar","floor":19,"gold_loss":75},{"damage_healed":0,"gold_gain":0,"player_choice":"Gave Potion","damage_taken":0,"relics_obtained":["Art of War"],"max_hp_gain":0,"max_hp_loss":0,"event_name":"WeMeetAgain","floor":20,"gold_loss":0},{"damage_healed":0,"gold_gain":0,"player_choice":"Obtained Book","damage_taken":16,"max_hp_gain":0,"max_hp_loss":0,"event_name":"Cursed Tome","floor":28,"gold_loss":0},{"damage_healed":0,"gold_gain":0,"player_choice":"1 cards matched","damage_taken":0,"max_hp_gain":0,"max_hp_loss":0,"event_name":"Match and Keep!","floor":37,"gold_loss":0,"cards_obtained":["Trip"]},{"damage_healed":0,"gold_gain":0,"player_choice":"Fight","damage_taken":0,"max_hp_gain":0,"max_hp_loss":0,"event_name":"Mysterious Sphere","floor":42,"gold_loss":0},{"damage_healed":0,"gold_gain":0,"player_choice":"Max HP","damage_taken":0,"max_hp_gain":0,"max_hp_loss":4,"event_name":"Winding Halls","floor":46,"gold_loss":0},{"damage_healed":0,"gold_gain":0,"player_choice":"Fight","damage_taken":0,"max_hp_gain":0,"max_hp_loss":0,"event_name":"MindBloom","floor":48,"gold_loss":0}],"is_beta":false,"boss_relics":[{"not_picked":["Tiny House","HolyWater"],"picked":"VioletLotus"},{"not_picked":["Philosopher\u0027s Stone","Runic Dome"],"picked":"Pandora\u0027s Box"}],"items_purged_floors":[12,25,36,45],"is_endless":false,"potions_floor_spawned":[1,4,8,21,23,30,31,38,41,42,48],"ascension_level":3}}