{"host":"cqp8djd9d6qkqkjg","time":1612959443,"event":{"mods":["Act Like it!","BaseMod","Downfall","Hermit","Marisa£®ÏF”Í°°ƒß¿Ì…≥£©","Minty Spire (QoL Compilation)","READ ME - Guardian Mod","Reimu£®≤©¿ˆ¡È√Œ£©","Reliquary","Replay The Spire","StSLib","Yakumo Yukari mod"],"gold_per_floor":[132,132,97,110,124,124,143,143,143,154,154,167,167,19,19,115,115,131,131,147,147,147,147,172,184,184,184,203,203,223,253,253,356,356,370,165,231,231,246,246,277,277,303,315,332,332,365,380,380,380],"floor_reached":51,"language":"ZHS","playtime":3275,"items_purged":[],"score":712,"play_id":"62588c60-194c-4452-b9bc-06bd2e98af42","local_time":"20210210201723","is_ascension_mode":false,"campfire_choices":[{"data":"Nest_LightFlightworm_purple","floor":6.0,"key":"SMITH"},{"data":"Shallow_ocean_purpleEX","floor":8.0,"key":"SMITH"},{"data":"AdvanceAttack_purple","floor":11.0,"key":"SMITH"},{"data":"StateErode_purple","floor":13.0,"key":"SMITH"},{"data":"Boundary_LifeAndDeath_purple","floor":15.0,"key":"SMITH"},{"data":"ContainerChange_purple","floor":23,"key":"SMITH"},{"data":"Observe_purple_2","floor":27,"key":"SMITH"},{"data":"Boundary_DynamicStaticEquilibrium_purple","floor":32,"key":"SMITH"},{"data":"WasteWire_Metro_purple","floor":40,"key":"SMITH"},{"floor":42,"key":"REST"},{"floor":46,"key":"REST"},{"floor":49,"key":"REST"}],"circlet_count":0,"master_deck":["Observe_purple_1+1","Observe_purple_2+1","WatchEChange_purple+1","Nest_LightFlightworm_purple+1","StateErode_purple+1","Shallow_ocean_purpleEX+1","AdvanceAttack_purple+1","Boundary_LifeAndDeath_purple+1","ContainerChange_purple+1","SfantasyHide_purple+1","WasteWire_Metro_purple+1","Boundary_DynamicStaticEquilibrium_purple+1","Human_Monster_Realm_purple+1","CommonSense_AntiCommonSense_purple+1","Boundary_DreamRealityDamnation_purple"],"relics":["Boundary_crack","Memoryfragments_purpleEX","NeowsBlessing","reliquary:RoseTintedGlasses","Pandora\u0027s Box","MutagenicStrength","Bottled Lightning","Gremlin Horn","Unceasing Top","Calling Bell","Gremlin Food","The Courier","Torii","Vajra","Iron Hammer","Bag of Marbles","CeramicFish","Replay:Wax Seal"],"acts_visited":["Exordium","TheCity","TheBeyond"],"potions_floor_usage":[28,30,31,31,31,33,33,41,50],"damage_taken":[{"damage":0.0,"enemies":"Cultist","floor":1.0,"turns":1.0},{"damage":0.0,"enemies":"2 Louse","floor":4.0,"turns":1.0},{"damage":0.0,"enemies":"Jaw Worm","floor":5.0,"turns":1.0},{"damage":0.0,"enemies":"Blue Slaver","floor":7.0,"turns":3.0},{"damage":0.0,"enemies":"Looter","floor":10.0,"turns":2.0},{"damage":5.0,"enemies":"Gremlin Gang","floor":12.0,"turns":3.0},{"damage":25.0,"enemies":"The Guardian","floor":16.0,"turns":9.0},{"damage":3.0,"enemies":"Chosen","floor":18.0,"turns":2.0},{"damage":7,"enemies":"2 Thieves","floor":20,"turns":3},{"damage":30,"enemies":"Replay:Snechameleon","floor":24,"turns":4},{"damage":7,"enemies":"Centurion and Healer","floor":25,"turns":3},{"damage":0,"enemies":"Snake Plant","floor":28,"turns":1},{"damage":0,"enemies":"Snecko","floor":30,"turns":2},{"damage":16,"enemies":"Book of Stabbing","floor":31,"turns":3},{"damage":17,"enemies":"Champ","floor":33,"turns":3},{"damage":0,"enemies":"3 Darklings","floor":35,"turns":2},{"damage":7,"enemies":"3 Shapes","floor":39,"turns":3},{"damage":27,"enemies":"R_Hoarder","floor":41,"turns":5},{"damage":24,"enemies":"Writhing Mass","floor":44,"turns":3},{"damage":5,"enemies":"4 Shapes","floor":45,"turns":2},{"damage":11,"enemies":"Giant Head","floor":47,"turns":4},{"damage":27,"enemies":"Jaw Worm Horde","floor":48,"turns":2},{"damage":37,"enemies":"Replay:Hell Engine","floor":50,"turns":5}],"seed_played":"-3645623176553419061","potions_obtained":[{"floor":4.0,"key":"DistilledChaos"},{"floor":7.0,"key":"Fire Potion"},{"floor":16.0,"key":"Weak Potion"},{"floor":24,"key":"Ancient Potion"},{"floor":28,"key":"EntropicBrew"},{"floor":35,"key":"AttackPotion"},{"floor":45,"key":"champ:CounterPotion"}],"is_trial":false,"path_per_floor":["M","?","$","M","M","R","M","R","T","M","R","M","R","$","R","B",null,"M","?","M","?","?","R","E","M","T","R","M","?","M","E","R","B",null,"M","$","?","?","M","R","E","R","T","M","M","R","E","M","R","B",null],"character_chosen":"Youkari","items_purchased":["Nest_LightFlightworm_purple","Boundary_LifeAndDeath_purple","CommonSense_AntiCommonSense_purple","Boundary_DreamRealityDamnation_purple","Vajra"],"campfire_rested":3,"item_purchase_floors":[3,14,36,36,36],"current_hp_per_floor":[70,70,70,70,70,70,70,70,70,70,70,66,66,66,66,44,70,70,70,66,66,66,66,40,35,35,35,38,38,38,25,25,9,70,70,70,42,42,40,40,17,38,38,19,15,36,30,4,25,17],"gold":380,"neow_bonus":"THREE_ENEMY_KILL","is_daily":false,"chose_seed":false,"campfire_upgraded":9,"win_rate":0.0,"timestamp":1612959443,"path_taken":["M","?","$","?","M","R","M","R","T","M","R","M","R","?","R","BOSS","M","?","M","?","?","R","E","?","T","R","M","?","M","E","R","BOSS","M","$","?","?","M","R","E","R","T","M","M","R","E","M","R","BOSS"],"items_purchased_type":["Card","Card","Card","Card","Relic"],"build_version":"2020-12-22","purchased_purges":0,"victory":true,"max_hp_per_floor":[70,70,70,70,70,70,70,70,70,70,70,70,70,70,70,70,70,70,70,70,70,70,70,70,70,70,70,70,70,70,70,70,70,70,70,70,70,70,70,70,70,70,70,70,70,70,70,70,70,70],"card_choices":[{"not_picked":["Shallow_ocean_purpleEX","Mirror_FormAndEmptin_purple"],"picked":"WatchEChange_purple","floor":1.0},{"not_picked":["Boundary_ObjectiveBoundary_purple","EighthInstrument_OneDividesIntoTwo_purple"],"picked":"StateErode_purple","floor":4.0},{"not_picked":["StateErode_purple","StateDuplicate_purple"],"picked":"Shallow_ocean_purpleEX","floor":5.0},{"not_picked":["SfantasyHide_purple","OmniscientAndOmnipotent_Monster_purple","ExistenceContinue_purple"],"picked":"SKIP","floor":7.0},{"not_picked":["OmniscientAndOmnipotent_Monster_purple","Bait_Toxicbait_purple"],"picked":"AdvanceAttack_purple","floor":10.0},{"not_picked":["AdvanceAttack_purple","Bait_Toxicbait_purple","MeetDecomposer_purple"],"picked":"SKIP","floor":12.0},{"not_picked":["WasteWire_Metro_purple","MagicEyes_LaplaceDemon_purple"],"picked":"ContainerChange_purple","floor":16.0},{"not_picked":["MetroBOOM_purple","StateErode_purple+1"],"picked":"SfantasyHide_purple+1","floor":18.0},{"not_picked":["StateErode_purple","ExistenceContinue_purple","Line_surface_state_purple"],"picked":"SKIP","floor":20},{"not_picked":["RealityDreamConfluencek_purple","Bait_HighSpeedFlying_purple+1"],"picked":"WasteWire_Metro_purple","floor":24},{"not_picked":["Shallow_ocean_purpleEX","StateErode_purple","SharpContractionReality_purple"],"picked":"SKIP","floor":25},{"not_picked":["MeetDecomposer_purple","Extrememeaning_purpleEX","StateErode_purple"],"picked":"SKIP","floor":28},{"not_picked":["RuleDissolution_purple","DimensionStaggered_purple"],"picked":"Boundary_DynamicStaticEquilibrium_purple","floor":30},{"not_picked":["Umbrella_purple","RuleDissolution_purple","Boundary_LightAndDark_purple"],"picked":"SKIP","floor":31},{"not_picked":["WasteWire_Metro_purple","UniverseChoice_purple"],"picked":"Human_Monster_Realm_purple","floor":33},{"not_picked":["Worldmountain_purple+1","DimensionStaggered_purple+1","Umbrella_purple"],"picked":"SKIP","floor":35},{"not_picked":["Boundary_DynamicStaticEquilibrium_purple","Line_surface_state_purple","Mirror_Drifter_purple"],"picked":"SKIP","floor":39},{"not_picked":["Charmbait_purple","D_absorption_purple","AdvanceAttack_purple+1"],"picked":"SKIP","floor":41},{"not_picked":["WingOfChimera_purple","MetroBOOM_purple+1","ButterflyHabitatTemple_purple+1"],"picked":"SKIP","floor":44},{"not_picked":["MonsterNeedle_purple+1","Boundary_ObjectiveBoundary_purple","SfantasyHide_purple"],"picked":"SKIP","floor":45},{"not_picked":["Umbrella_purple+1","AdvanceAttack_purple+1","RuleDissolution_purple+1"],"picked":"SKIP","floor":47},{"not_picked":["StateDuplicate_purple","AdvanceAttack_purple","Computing_the_future_purpleEX"],"picked":"SKIP","floor":48}],"player_experience":286425,"relics_obtained":[{"floor":9.0,"key":"reliquary:RoseTintedGlasses"},{"floor":24,"key":"Bottled Lightning"},{"floor":26,"key":"Gremlin Horn"},{"floor":31,"key":"Unceasing Top"},{"floor":34,"key":"Gremlin Food"},{"floor":34,"key":"The Courier"},{"floor":34,"key":"Torii"},{"floor":37,"key":"Iron Hammer"},{"floor":41,"key":"Bag of Marbles"},{"floor":43,"key":"CeramicFish"},{"floor":47,"key":"Replay:Wax Seal"}],"event_choices":[{"damage_healed":0.0,"max_hp_gain":0.0,"max_hp_loss":0.0,"gold_gain":0.0,"event_name":"Accursed Blacksmith","player_choice":"Forge","floor":2.0,"gold_loss":0.0,"damage_taken":0.0,"cards_upgraded":["WatchEChange_purple"]},{"damage_healed":0,"gold_gain":0,"player_choice":"Ignored","damage_taken":0,"max_hp_gain":0,"max_hp_loss":0,"event_name":"The Mausoleum","floor":19,"gold_loss":0},{"damage_healed":0,"gold_gain":0,"player_choice":"Inject Mutagens","damage_taken":0,"relics_obtained":["MutagenicStrength"],"max_hp_gain":0,"max_hp_loss":0,"event_name":"Drug Dealer","floor":21,"gold_loss":0},{"damage_healed":0,"gold_gain":0,"player_choice":"Ignored","damage_taken":0,"max_hp_gain":0,"max_hp_loss":0,"event_name":"NoteForYourself","floor":22,"gold_loss":0},{"damage_healed":0,"gold_gain":0,"player_choice":"Got Potions","damage_taken":0,"max_hp_gain":0,"max_hp_loss":0,"event_name":"Lab","floor":29,"gold_loss":0},{"damage_healed":0,"gold_gain":0,"player_choice":"Ignored","damage_taken":0,"max_hp_gain":0,"max_hp_loss":0,"event_name":"Tomb of Lord Red Mask","floor":38,"gold_loss":0}],"is_beta":false,"boss_relics":[{"not_picked":["SacredBark","Replay:Drink Me"],"picked":"Pandora\u0027s Box"},{"not_picked":["reliquary:RedCape","Runic Dome"],"picked":"Calling Bell"}],"items_purged_floors":[],"is_endless":false,"potions_floor_spawned":[4,7,16,24,25,28,35,45,48],"ascension_level":0}}