{"host":"6ppucmbu28e4pclv","time":1612937765,"event":{"mods":["BaseMod","Colored Map","DeckTracker","Minty Spire (QoL Compilation)","StSLib"],"gold_per_floor":[110,123,133,148,41,41,69,87,113,113,113,113,140,159,159,232,232,200,219,73,91,104,104,104,104],"floor_reached":24,"language":"ENG","playtime":1538,"items_purged":[],"score":388,"play_id":"477bd49c-b5f6-49b5-8472-1751053ed8ac","local_time":"20210209221605","is_ascension_mode":true,"campfire_choices":[{"data":"ForeignInfluence","floor":6.0,"key":"SMITH"},{"data":"Study","floor":10.0,"key":"SMITH"},{"data":"Eruption","floor":12.0,"key":"SMITH"},{"data":"SpiritShield","floor":15.0,"key":"SMITH"},{"data":"ForeignInfluence","floor":23.0,"key":"SMITH"}],"circlet_count":0,"master_deck":["AscendersBane","Strike_P","Strike_P","Strike_P","Strike_P","Defend_P","Defend_P","Defend_P","Defend_P","Eruption+1","Vigilance","SpiritShield+1","Study+1","TalkToTheHand","ForeignInfluence+1","Crescendo","SignatureMove","Collect","SandsOfTime","Prostrate","Prostrate","CutThroughFate","ConjureBlade","BowlingBash","ForeignInfluence+1","WaveOfTheHand","Evaluate"],"relics":["PureWater","Smiling Mask","Juzu Bracelet","Akabeko","SacredBark","Strawberry"],"acts_visited":["Exordium","TheCity"],"potions_floor_usage":[],"damage_taken":[{"damage":8.0,"enemies":"Small Slimes","floor":1.0,"turns":6.0},{"damage":5.0,"enemies":"Cultist","floor":2.0,"turns":4.0},{"damage":7.0,"enemies":"2 Louse","floor":3.0,"turns":4.0},{"damage":4.0,"enemies":"Exordium Wildlife","floor":4.0,"turns":3.0},{"damage":0.0,"enemies":"3 Sentries","floor":7.0,"turns":5.0},{"damage":34.0,"enemies":"Gremlin Gang","floor":8.0,"turns":5.0},{"damage":18.0,"enemies":"Gremlin Nob","floor":13.0,"turns":4.0},{"damage":0.0,"enemies":"Large Slime","floor":14.0,"turns":5.0},{"damage":1.0,"enemies":"Hexaghost","floor":16.0,"turns":7.0},{"damage":29.0,"enemies":"2 Thieves","floor":18.0,"turns":5.0},{"damage":0.0,"enemies":"Spheric Guardian","floor":19.0,"turns":1.0},{"damage":40.0,"enemies":"Snake Plant","floor":21.0,"turns":3.0},{"damage":20.0,"enemies":"Snecko","floor":22.0,"turns":5.0},{"damage":0,"enemies":"Gremlin Leader","floor":24,"turns":1}],"seed_played":"1702254041564330492","potions_obtained":[{"floor":1.0,"key":"FairyPotion"},{"floor":2.0,"key":"Block Potion"},{"floor":8.0,"key":"SmokeBomb"},{"floor":13.0,"key":"BlessingOfTheForge"},{"floor":18.0,"key":"Fire Potion"},{"floor":22.0,"key":"StancePotion"}],"is_trial":false,"path_per_floor":["M","M","M","M","$","R","E","M","T","R","?","R","E","M","R","B",null,"M","M","$","M","M","R","E"],"character_chosen":"WATCHER","items_purchased":["SignatureMove","Collect","Strawberry"],"campfire_rested":0,"item_purchase_floors":[5,5,20],"current_hp_per_floor":[57,52,45,41,41,41,41,7,7,7,31,31,13,13,13,12,57,28,28,35,47,27,27,27,27],"gold":104,"neow_bonus":"ONE_RANDOM_RARE_CARD","is_daily":false,"chose_seed":false,"campfire_upgraded":5,"win_rate":0.0,"timestamp":1612937765,"path_taken":["M","M","M","M","$","R","E","M","T","R","?","R","E","M","R","BOSS","M","M","$","M","M","R","E"],"items_purchased_type":["Card","Card","Relic"],"build_version":"2020-12-22","purchased_purges":0,"victory":false,"max_hp_per_floor":[72,72,72,72,72,72,72,72,72,72,72,72,72,72,72,72,72,72,72,79,79,79,79,79,79],"card_choices":[{"not_picked":["EmptyBody","FlyingSleeves"],"picked":"Study","floor":1.0},{"not_picked":["Crescendo","FollowUp"],"picked":"TalkToTheHand","floor":2.0},{"not_picked":["Meditate","Devotion"],"picked":"ForeignInfluence","floor":3.0},{"not_picked":["WreathOfFlame","Collect"],"picked":"Crescendo","floor":4.0},{"not_picked":["WreathOfFlame","Study"],"picked":"SandsOfTime","floor":7.0},{"not_picked":["Wireheading","EmptyFist"],"picked":"Prostrate","floor":8.0},{"not_picked":["FlyingSleeves","JustLucky"],"picked":"Prostrate","floor":13.0},{"not_picked":["SashWhip","Wireheading"],"picked":"CutThroughFate","floor":14.0},{"not_picked":["Vault","Ragnarok"],"picked":"ConjureBlade","floor":16.0},{"not_picked":["Evaluate","Fasting2"],"picked":"BowlingBash","floor":18.0},{"not_picked":["MentalFortress","Tantrum"],"picked":"ForeignInfluence","floor":19.0},{"not_picked":["CutThroughFate","PathToVictory"],"picked":"WaveOfTheHand","floor":21.0},{"not_picked":["ForeignInfluence","Adaptation"],"picked":"Evaluate","floor":22.0}],"player_experience":873537,"relics_obtained":[{"floor":7.0,"key":"Smiling Mask"},{"floor":9.0,"key":"Juzu Bracelet"},{"floor":13.0,"key":"Akabeko"}],"event_choices":[{"damage_healed":24.0,"max_hp_gain":0.0,"max_hp_loss":0.0,"gold_gain":0.0,"event_name":"Big Fish","player_choice":"Banana","floor":11.0,"gold_loss":0.0,"damage_taken":0.0}],"is_beta":false,"boss_relics":[{"not_picked":["Astrolabe","Runic Dome"],"picked":"SacredBark"}],"items_purged_floors":[],"is_endless":false,"potions_floor_spawned":[1,2,8,13,14,18,22],"killed_by":"Gremlin Leader","ascension_level":13}}