{"host":"epc8efk9vrywpcsw","time":1612980555,"event":{"mods":["BaseMod","Minty Spire (QoL Compilation)","Relic Stats","StSLib"],"gold_per_floor":[117,117,130,55,55,88,88,88,88,88,107,127,127,42,42,42,42],"floor_reached":16,"language":"ENG","playtime":379,"items_purged":["Defend_B"],"score":181,"play_id":"c65ff833-455f-4365-923f-f9a4aa0856de","local_time":"20210210190915","is_ascension_mode":true,"campfire_choices":[{"floor":7,"key":"REST"},{"floor":15,"key":"REST"}],"circlet_count":0,"master_deck":["AscendersBane","Strike_B","Strike_B","Defend_B","Defend_B","Zap","Dualcast","Melter","Coolheaded","Beam Cell+1","Core Surge+1"],"relics":["Cracked Core","Blood Vial","Art of War","Molten Egg 2","Blue Candle"],"acts_visited":["Exordium"],"potions_floor_usage":[16],"damage_taken":[{"damage":7,"enemies":"Jaw Worm","floor":1,"turns":3},{"damage":1,"enemies":"Cultist","floor":3,"turns":3},{"damage":32,"enemies":"Lagavulin","floor":6,"turns":7},{"damage":0,"enemies":"2 Louse","floor":11,"turns":1},{"damage":17,"enemies":"Gremlin Gang","floor":12,"turns":5},{"damage":29,"enemies":"The Guardian","floor":16,"turns":8}],"seed_played":"2544987811296563671","potions_obtained":[{"floor":3,"key":"Energy Potion"},{"floor":6,"key":"ColorlessPotion"}],"is_trial":false,"path_per_floor":["M","?","M","$","?","E","R","$","T","$","M","M","T","$","R","B"],"character_chosen":"DEFECT","items_purchased":["Core Surge+1"],"campfire_rested":2,"item_purchase_floors":[14],"current_hp_per_floor":[39,39,38,38,33,3,24,24,24,24,26,11,11,11,32,5,5],"gold":42,"neow_bonus":"REMOVE_TWO","is_daily":false,"chose_seed":false,"campfire_upgraded":0,"win_rate":0.0,"timestamp":1612980555,"path_taken":["M","?","?","?","?","E","R","?","T","$","M","M","?","$","R","BOSS"],"items_purchased_type":["Card"],"build_version":"2020-12-22","purchased_purges":1,"victory":false,"max_hp_per_floor":[71,71,71,71,71,71,71,71,71,71,71,71,71,71,71,71,71],"relic_stats":{"Blood Vial":8,"counters":[6,27],"Blue Candle":[0],"Art of War":[4],"obtain_stats":[{"Blood Vial":5,"Blue Candle":13,"Molten Egg 2":9,"Art of War":6,"Cracked Core":0},{"Blood Vial":2,"Blue Candle":5,"Molten Egg 2":3,"Art of War":3,"Cracked Core":0},{"Blood Vial":6,"Blue Candle":19,"Molten Egg 2":13,"Art of War":13,"Cracked Core":0}]},"card_choices":[{"not_picked":["Steam","Rebound"],"picked":"Melter","floor":1},{"not_picked":["Auto Shields","Beam Cell"],"picked":"Coolheaded","floor":3},{"not_picked":["Heatsinks","Redo","Go for the Eyes"],"picked":"SKIP","floor":6},{"not_picked":["Conserve Battery","Go for the Eyes+1","Double Energy"],"picked":"SKIP","floor":11},{"not_picked":["Steam Power","Turbo"],"picked":"Beam Cell+1","floor":12}],"player_experience":518140,"relics_obtained":[{"floor":6,"key":"Art of War"},{"floor":9,"key":"Molten Egg 2"},{"floor":13,"key":"Blue Candle"}],"event_choices":[{"cards_removed":["Strike_B"],"damage_healed":0,"gold_gain":0,"player_choice":"Offered Basic","damage_taken":0,"max_hp_gain":0,"max_hp_loss":0,"event_name":"Bonfire Elementals","floor":2,"gold_loss":0},{"damage_healed":0,"gold_gain":0,"player_choice":"Success","damage_taken":5,"relics_obtained":["Blood Vial"],"max_hp_gain":0,"max_hp_loss":0,"event_name":"Scrap Ooze","floor":5,"gold_loss":0}],"is_beta":false,"boss_relics":[],"items_purged_floors":[4],"is_endless":false,"potions_floor_spawned":[3,6,12],"killed_by":"The Guardian","ascension_level":17}}