{"host":"xp27heuvanyklt0b","time":1612974913,"event":{"mods":["100% Spire Juice","BaseMod","Lobotomy","Minty Spire (QoL Compilation)","StSLib"],"gold_per_floor":[112,112,7,19,37,37,117,117,117,29,29,39,53,63,63,162,42,62,62,76,76,102,128,142,142,142,22,32,57,57,67,67,171,51,64,81,81,96,96,96,106,106,106,106,0,13,13,13,13,13],"floor_reached":51,"language":"KOR","playtime":2361,"items_purged":[],"score":739,"play_id":"7155e086-09fa-4b32-8b32-023692dc7115","local_time":"20210211013513","is_ascension_mode":false,"campfire_choices":[{"data":"Moonworks:CastOff","floor":6,"key":"SMITH"},{"data":"Moonworks:IntelligenceOfficer","floor":8,"key":"SMITH"},{"data":"Moonworks:IndiscriminateFireSupport","floor":15,"key":"SMITH"},{"data":"Moonworks:ReflectiveShell","floor":25,"key":"SMITH"},{"data":"Moonworks:CrystalBarrier","floor":30,"key":"SMITH"},{"data":"Moonworks:NicePresent","floor":32,"key":"SMITH"},{"data":"Moonworks:Encore","floor":40,"key":"SMITH"},{"floor":42,"key":"RECALL"},{"data":"Moonworks:LulusLuckyEgg","floor":44,"key":"SMITH"},{"floor":47,"key":"REST"},{"data":"Moonworks:StarBlastingFuse","floor":49,"key":"SMITH"}],"circlet_count":0,"master_deck":["Moonworks:Strike+1","Moonworks:Strike+1","Moonworks:Strike+1","Moonworks:Strike+1","Moonworks:Defend+1","Moonworks:Defend+1","Moonworks:Defend+1","Moonworks:Defend+1","Moonworks:LongDistanceShot+1","Moonworks:IntelligenceOfficer+1","Moonworks:DeployBits","Moonworks:CastOff+1","Moonworks:NicePresent+1","Moonworks:EvilSpyWorkPreparation","Moonworks:CrystalBarrier+1","Moonworks:IndiscriminateFireSupport+1","Moonworks:DeployBits+1","Moonworks:ReflectiveShell+1","Moonworks:DevilHand","Moonworks:SakisCookie","Moonworks:StarBlastingFuse+1","Moonworks:ForcedRevival+1","Moonworks:SweetBattle+1","Moonworks:LulusLuckyEgg+1","Moonworks:BeyondHell","Moonworks:Encore+1","CurseOfTheBell","Moonworks:LuckyCharm+1","Moonworks:UnpaidWork+1","Madness","Madness","Moonworks:TacticalRetreat+1","Moonworks:ScrambledEve+1"],"relics":["Moonworks:BrokenBomb","Moonworks:Homemark","StrikeDummy","Vajra","Orichalcum","SacredBark","Happy Flower","PreservedInsect","War Paint","Calling Bell","Bronze Scales","Ornamental Fan","Mango","Anchor","Art of War","Red Mask"],"acts_visited":["Exordium","TheCity","TheBeyond"],"potions_floor_usage":[16,29,41,41,50,50],"damage_taken":[{"damage":3,"enemies":"2 Louse","floor":1,"turns":4},{"damage":0,"enemies":"Cultist","floor":3,"turns":4},{"damage":0,"enemies":"Small Slimes","floor":4,"turns":2},{"damage":0,"enemies":"2 Fungi Beasts","floor":5,"turns":4},{"damage":9,"enemies":"3 Sentries","floor":10,"turns":7},{"damage":0,"enemies":"Gremlin Gang","floor":12,"turns":2},{"damage":0,"enemies":"3 Louse","floor":13,"turns":3},{"damage":1,"enemies":"Exordium Wildlife","floor":14,"turns":3},{"damage":0,"enemies":"Hexaghost","floor":16,"turns":11},{"damage":0,"enemies":"Chosen","floor":18,"turns":4},{"damage":3,"enemies":"Shell Parasite","floor":20,"turns":5},{"damage":17,"enemies":"Gremlin Leader","floor":23,"turns":6},{"damage":10,"enemies":"Snake Plant","floor":24,"turns":6},{"damage":0,"enemies":"Centurion and Healer","floor":28,"turns":5},{"damage":5,"enemies":"Book of Stabbing","floor":29,"turns":6},{"damage":6,"enemies":"Shelled Parasite and Fungi","floor":31,"turns":5},{"damage":64,"enemies":"Collector","floor":33,"turns":11},{"damage":5,"enemies":"3 Darklings","floor":35,"turns":4},{"damage":0,"enemies":"3 Shapes","floor":36,"turns":4},{"damage":12,"enemies":"Writhing Mass","floor":38,"turns":6},{"damage":8,"enemies":"Maw","floor":41,"turns":9},{"damage":17,"enemies":"3 Darklings","floor":46,"turns":3},{"damage":59,"enemies":"Donu and Deca","floor":50,"turns":10}],"seed_played":"5727394064979288123","potions_obtained":[{"floor":4,"key":"FairyPotion"},{"floor":10,"key":"SkillPotion"},{"floor":13,"key":"ColorlessPotion"},{"floor":14,"key":"BlessingOfTheForge"},{"floor":23,"key":"Weak Potion"},{"floor":33,"key":"Swift Potion"},{"floor":38,"key":"Block Potion"},{"floor":46,"key":"SpeedPotion"}],"is_trial":false,"path_per_floor":["M","?","M","M","M","R","T","R","T","E","?","M","M","M","R","B",null,"M","?","M","?","T","E","M","R","T","?","M","E","R","M","R","B",null,"M","M","?","M","T","R","M","R","T","R","?","M","R","$","R","B",null],"character_chosen":"THE_STARBREAKER","items_purchased":[],"campfire_rested":1,"item_purchase_floors":[],"current_hp_per_floor":[57,57,57,57,57,57,57,57,57,48,48,48,48,47,47,47,60,60,60,57,57,57,40,30,30,30,30,35,38,38,42,42,42,74,74,74,65,57,57,57,49,49,49,49,49,32,54,54,54,7],"gold":13,"neow_bonus":"UPGRADE_CARD","is_daily":false,"chose_seed":false,"campfire_upgraded":9,"win_rate":0.0,"timestamp":1612974913,"path_taken":["M","?","M","?","M","R","?","R","T","E","?","M","M","M","R","BOSS","M","?","?","?","?","E","M","R","T","?","M","E","R","M","R","BOSS","M","M","?","M","?","R","M","R","T","R","?","M","R","?","R","BOSS"],"items_purchased_type":[],"build_version":"2020-12-22","purchased_purges":0,"victory":true,"max_hp_per_floor":[60,60,60,60,60,60,60,60,60,60,60,60,60,60,60,60,60,60,60,60,60,60,60,60,60,60,60,60,60,60,60,60,60,74,74,74,74,74,74,74,74,74,74,74,74,74,74,74,74,74],"card_choices":[{"not_picked":["Moonworks:BigMagnum","Moonworks:ImOnFire"],"picked":"Moonworks:IntelligenceOfficer","floor":1},{"not_picked":["Moonworks:CloudOfSeagulls","Moonworks:FinalSurgery"],"picked":"Moonworks:DeployBits","floor":3},{"not_picked":["Moonworks:DeployBits","Moonworks:x16BigRocket"],"picked":"Moonworks:CastOff","floor":4},{"not_picked":["Moonworks:Heat300Percent","Moonworks:Assault"],"picked":"Moonworks:NicePresent","floor":5},{"not_picked":["Moonworks:LulusLuckyEgg","Moonworks:Heat300Percent"],"picked":"Moonworks:EvilSpyWorkPreparation","floor":10},{"not_picked":["Moonworks:NicePresent","Moonworks:DevilHand"],"picked":"Moonworks:CrystalBarrier","floor":12},{"not_picked":["Moonworks:JonathanRush","Moonworks:BigMagnum"],"picked":"Moonworks:IndiscriminateFireSupport","floor":13},{"not_picked":["Moonworks:SakisCookie","Moonworks:RagingMadness"],"picked":"Moonworks:DeployBits","floor":14},{"not_picked":["Moonworks:EvilMastermind","Moonworks:PlushieMaster"],"picked":"Moonworks:ReflectiveShell","floor":16},{"not_picked":["Moonworks:LulusLuckyEgg","Moonworks:CloudOfSeagulls"],"picked":"Moonworks:DevilHand","floor":18},{"not_picked":["Moonworks:CloudOfSeagulls+1","Moonworks:DeployBits"],"picked":"Moonworks:SakisCookie","floor":20},{"not_picked":["Moonworks:NicePresent","Moonworks:DeployBits"],"picked":"Moonworks:StarBlastingFuse","floor":23},{"not_picked":["Moonworks:AngelHand","Moonworks:ImmovableObject"],"picked":"Moonworks:ForcedRevival","floor":24},{"not_picked":["Moonworks:MiracleRedBeanIceCream+1","Moonworks:NicePresent+1"],"picked":"Moonworks:SweetBattle+1","floor":28},{"not_picked":["Moonworks:AngelHand","Moonworks:SelfDestruct"],"picked":"Moonworks:LulusLuckyEgg","floor":29},{"not_picked":["Moonworks:Assault+1","Moonworks:BigMagnum"],"picked":"Moonworks:BeyondHell","floor":31},{"not_picked":["Moonworks:Blazing","Moonworks:MetallicMonocoque"],"picked":"Moonworks:Encore","floor":33},{"not_picked":["Moonworks:FullSpeedAlicianrone","Moonworks:Assault+1"],"picked":"Moonworks:LuckyCharm+1","floor":35},{"not_picked":["Moonworks:Assault","Moonworks:ReproductionOfRecords+1"],"picked":"Moonworks:UnpaidWork+1","floor":36},{"not_picked":["Moonworks:SakisCookie","Moonworks:IndiscriminateFireSupport"],"picked":"Moonworks:TacticalRetreat+1","floor":38},{"not_picked":["Moonworks:JonathanRush","Moonworks:UnpaidWork"],"picked":"Moonworks:ScrambledEve+1","floor":41},{"not_picked":["Moonworks:Assault+1","Moonworks:SakisCookie+1","Moonworks:MixPhenomenon"],"picked":"SKIP","floor":46}],"player_experience":209405,"relics_obtained":[{"floor":7,"key":"StrikeDummy"},{"floor":9,"key":"Vajra"},{"floor":10,"key":"Orichalcum"},{"floor":22,"key":"Happy Flower"},{"floor":23,"key":"PreservedInsect"},{"floor":29,"key":"War Paint"},{"floor":34,"key":"Bronze Scales"},{"floor":34,"key":"Ornamental Fan"},{"floor":34,"key":"Mango"},{"floor":39,"key":"Anchor"},{"floor":43,"key":"Art of War"}],"event_choices":[{"damage_healed":0,"gold_gain":0,"player_choice":"Ignored","damage_taken":0,"max_hp_gain":0,"max_hp_loss":0,"event_name":"Transmorgrifier","floor":2,"gold_loss":0},{"damage_healed":0,"gold_gain":0,"player_choice":"Ignored","damage_taken":0,"max_hp_gain":0,"max_hp_loss":0,"event_name":"Shining Light","floor":11,"gold_loss":0},{"cards_removed":["Moonworks:Ambush"],"damage_healed":0,"gold_gain":0,"player_choice":"Offered Basic","damage_taken":0,"max_hp_gain":0,"max_hp_loss":0,"event_name":"Bonfire Elementals","floor":19,"gold_loss":0},{"damage_healed":0,"gold_gain":0,"player_choice":"Simplicity","damage_taken":0,"max_hp_gain":0,"max_hp_loss":0,"event_name":"Back to Basics","floor":21,"gold_loss":0,"cards_upgraded":["Moonworks:Strike","Moonworks:Strike","Moonworks:Strike","Moonworks:Strike","Moonworks:Defend","Moonworks:Defend","Moonworks:Defend","Moonworks:Defend"]},{"damage_healed":0,"gold_gain":0,"player_choice":"Ignored","damage_taken":0,"max_hp_gain":0,"max_hp_loss":0,"event_name":"The Mausoleum","floor":27,"gold_loss":0},{"damage_healed":0,"gold_gain":0,"player_choice":"Embrace Madness","damage_taken":9,"max_hp_gain":0,"max_hp_loss":0,"event_name":"Winding Halls","floor":37,"gold_loss":0,"cards_obtained":["Madness","Madness"]},{"damage_healed":0,"gold_gain":0,"player_choice":"Paid","damage_taken":0,"relics_obtained":["Red Mask"],"max_hp_gain":0,"max_hp_loss":0,"event_name":"Tomb of Lord Red Mask","floor":45,"gold_loss":106}],"is_beta":false,"boss_relics":[{"not_picked":["Astrolabe","Pandora\u0027s Box"],"picked":"SacredBark"},{"not_picked":["Moonworks:SBBomb","Fusion Hammer"],"picked":"Calling Bell"}],"items_purged_floors":[],"is_endless":false,"potions_floor_spawned":[4,10,13,14,23,24,33,38,46],"ascension_level":0}}