{"host":"0jugj35n0ams2iav","time":1612967905,"event":{"mods":["BaseMod","Hubris","Minty Spire (QoL Compilation)","Replay The Spire","StSLib","The Cursed","The Marked"],"gold_per_floor":[112,2,2,2,177,187,219,219,244,272,272,282,282,100,100,195,245,263,87,87,87,87,116,116,146,224,252,252,270,286,286,286,389,389,404,404,254,254,254,388,404,404,476,476,476,187,187,207,207,207],"floor_reached":51,"language":"ENG","playtime":6940,"items_purged":["Strike_R","Doubt","Strike_R","Defend_R+1","Strike_R+1"],"score":960,"play_id":"e495026a-e422-44f8-9f1d-bc8dfc44de0b","local_time":"20210210153825","is_ascension_mode":true,"campfire_choices":[{"data":"Inflame","floor":8.0,"key":"SMITH"},{"data":"Heavy Blade","floor":11.0,"key":"SMITH"},{"data":"Inflame","floor":15.0,"key":"SMITH"},{"data":"Seeing Red","floor":24.0,"key":"SMITH"},{"floor":28.0,"key":"REST"},{"data":"Leap","floor":32.0,"key":"SMITH"},{"data":"Double Tap","floor":42,"key":"SMITH"},{"data":"Impervious","floor":44,"key":"SMITH"},{"data":"Entrench","floor":47,"key":"SMITH"},{"data":"Battle Trance","floor":49,"key":"SMITH"}],"circlet_count":0,"master_deck":["Strike_R+1","Defend_R+1","Defend_R+1","Defend_R+1","Bash+1","Heavy Blade+1","Inflame+1","Inflame+1","Sword Boomerang+1","hubris:ReadiedAction+1","Inflame+1","Seeing Red+1","Impervious+1","Leap+1","Double Tap+1","Pummel+1","ReplayTheSpireMod:Limb From Limb+1","Entrench+1","Flex+1","Battle Trance+1"],"relics":["Burning Blood","NeowsBlessing","Chameleon Ring","Juzu Bracelet","Replay:Towering Pillar of Hats","Blue Candle","Tiny House","hubris:Icosahedron","Lantern","hubris:DisguiseKit","Replay:Bottled Eggs","Shuriken","hubris:RunicObelisk","Whetstone","ReplayTheSpireMod:Shallot"],"acts_visited":["Exordium","TheCity","TheBeyond"],"potions_floor_usage":[40,40],"damage_taken":[{"damage":0.0,"enemies":"Small Slimes","floor":1.0,"turns":1.0},{"damage":0.0,"enemies":"2 Louse","floor":6.0,"turns":2.0},{"damage":0.0,"enemies":"Replay:BlueRogue","floor":7.0,"turns":1.0},{"damage":15.0,"enemies":"Lagavulin","floor":10.0,"turns":5.0},{"damage":2.0,"enemies":"Jaw Worm","floor":12.0,"turns":7.0},{"damage":58.0,"enemies":"Hexaghost","floor":16.0,"turns":9.0},{"damage":14.0,"enemies":"3 Byrds","floor":18.0,"turns":5.0},{"damage":10.0,"enemies":"Replay:Snechameleon","floor":23.0,"turns":4.0},{"damage":39.0,"enemies":"Gremlin Leader","floor":25.0,"turns":5.0},{"damage":27.0,"enemies":"Book of Stabbing","floor":27.0,"turns":4.0},{"damage":0.0,"enemies":"Chosen","floor":29.0,"turns":3.0},{"damage":0.0,"enemies":"Snake Plant","floor":30.0,"turns":3.0},{"damage":31.0,"enemies":"hubris:MusketHawk","floor":33.0,"turns":8.0},{"damage":17,"enemies":"3 Darklings","floor":35,"turns":5},{"damage":23,"enemies":"Nemesis","floor":40,"turns":7},{"damage":0,"enemies":"Orb Walker","floor":41,"turns":3},{"damage":1,"enemies":"Jaw Worm Horde","floor":48,"turns":4},{"damage":38,"enemies":"Donu and Deca","floor":50,"turns":8}],"seed_played":"4501163760420846878","potions_obtained":[{"floor":7.0,"key":"SteroidPotion"},{"floor":10.0,"key":"Adrenaline Potion"},{"floor":12.0,"key":"ColorlessPotion"},{"floor":17.0,"key":"Toxic Potion"},{"floor":23.0,"key":"Elixir"},{"floor":29.0,"key":"SteroidPotion"},{"floor":35,"key":"AttackPotion"},{"floor":41,"key":"BlessingOfTheForge"},{"floor":48,"key":"Elixir"}],"is_trial":false,"path_per_floor":["M","$","?","?","?","M","E","R","T","E","R","M","?","$","R","B",null,"M","$","?","?","?","E","R","E","T","E","R","M","M","?","R","B",null,"M","?","$","?","?","E","M","R","T","R","?","$","R","M","R","B",null],"character_chosen":"IRONCLAD","items_purchased":["Inflame","Inflame","hubris:ReadiedAction","Entrench","Flex+1"],"campfire_rested":1,"item_purchase_floors":[2,14,19,46,46],"current_hp_per_floor":[80,80,85,78,78,84,85,85,85,76,76,80,73,73,73,21,90,82,82,82,82,82,78,78,45,45,24,51,57,63,45,45,20,95,95,95,95,95,95,78,84,84,84,84,84,84,84,89,89,57],"gold":207,"neow_bonus":"THREE_ENEMY_KILL","is_daily":false,"chose_seed":false,"campfire_upgraded":9,"win_rate":0.0,"timestamp":1612967905,"path_taken":["M","$","?","?","?","M","E","R","T","E","R","M","?","$","R","BOSS","M","$","?","?","?","E","R","E","T","E","R","M","M","?","R","BOSS","M","?","$","?","?","E","M","R","T","R","?","$","R","M","R","BOSS"],"items_purchased_type":["Card","Card","Card","Card","Card"],"build_version":"2020-12-22","purchased_purges":5,"victory":true,"max_hp_per_floor":[80,80,85,85,85,85,85,85,85,85,85,85,85,85,85,85,90,90,90,90,90,90,90,90,90,90,90,90,90,90,95,95,95,95,95,95,95,95,95,95,95,95,95,95,95,95,95,95,95,95],"card_choices":[{"not_picked":["Replay:Undeath\u0027s Touch","Havoc"],"picked":"Heavy Blade","floor":1.0},{"not_picked":["hubris:CleavingFinish","True Grit","Sentinel"],"picked":"SKIP","floor":6.0},{"not_picked":["Flex","Pommel Strike","Rupture"],"picked":"SKIP","floor":7.0},{"not_picked":["Uppercut","Thunderclap","Offering"],"picked":"SKIP","floor":10.0},{"not_picked":["Heavy Blade","Pommel Strike","Body Slam"],"picked":"SKIP","floor":12.0},{"not_picked":["Uppercut","Perfected Strike+1"],"picked":"Sword Boomerang","floor":18.0},{"not_picked":["ReplayTheSpireMod:Strike From Hell","Wild Strike"],"picked":"Seeing Red","floor":23.0},{"not_picked":["ReplayTheSpireMod:Muscle Training+1","Iron Wave","Wild Strike"],"picked":"SKIP","floor":25.0},{"not_picked":["ReplayTheSpireMod:Stacked","True Grit","Lockon"],"picked":"Impervious","floor":27.0},{"not_picked":["Defy Death","Thunderclap","Shrug It Off","Beam Cell"],"picked":"SKIP","floor":29.0},{"not_picked":["True Grit+1","Pommel Strike","Replay:Undeath\u0027s Touch"],"picked":"Leap","floor":30.0},{"not_picked":["Immolate","Fiend Fire","Seek"],"picked":"Double Tap","floor":33.0},{"not_picked":["Anger","Whirlwind","Clash+1","Steam Power"],"picked":"SKIP","floor":35},{"not_picked":["Seeing Red","Perfected Strike+1","Conserve Battery"],"picked":"Pummel+1","floor":40},{"not_picked":["Blood for Blood","Cleave+1","Loop"],"picked":"ReplayTheSpireMod:Limb From Limb+1","floor":41},{"not_picked":["Havoc","Pommel Strike","Redo"],"picked":"Battle Trance","floor":48}],"player_experience":232083,"relics_obtained":[{"floor":7.0,"key":"Chameleon Ring"},{"floor":9.0,"key":"Juzu Bracelet"},{"floor":10.0,"key":"Replay:Towering Pillar of Hats"},{"floor":23.0,"key":"Lantern"},{"floor":25.0,"key":"hubris:DisguiseKit"},{"floor":26.0,"key":"Replay:Bottled Eggs"},{"floor":27.0,"key":"Shuriken"},{"floor":40,"key":"Whetstone"},{"floor":43,"key":"ReplayTheSpireMod:Shallot"}],"event_choices":[{"damage_healed":0.0,"max_hp_gain":5.0,"max_hp_loss":0.0,"gold_gain":0.0,"event_name":"Big Fish","player_choice":"Donut","floor":3.0,"gold_loss":0.0,"damage_taken":0.0},{"cards_removed":["Strike_R"],"damage_healed":0.0,"max_hp_gain":0.0,"max_hp_loss":0.0,"gold_gain":0.0,"event_name":"Golden Wing","player_choice":"Card Removal","floor":4.0,"gold_loss":0.0,"damage_taken":7.0},{"damage_healed":0.0,"max_hp_gain":0.0,"max_hp_loss":0.0,"gold_gain":175.0,"event_name":"Liars Game","player_choice":"AGREE","floor":5.0,"gold_loss":0.0,"damage_taken":0.0,"cards_obtained":["Doubt"]},{"damage_healed":0.0,"max_hp_gain":0.0,"max_hp_loss":0.0,"gold_gain":0.0,"event_name":"Scrap Ooze","player_choice":"Success","floor":13.0,"gold_loss":0.0,"damage_taken":7.0,"relics_obtained":["Blue Candle"]},{"damage_healed":0.0,"max_hp_gain":0.0,"max_hp_loss":0.0,"gold_gain":0.0,"event_name":"Back to Basics","player_choice":"Simplicity","floor":20.0,"gold_loss":0.0,"damage_taken":0.0,"cards_upgraded":["Strike_R","Strike_R","Defend_R","Defend_R","Defend_R"]},{"damage_healed":0.0,"max_hp_gain":0.0,"max_hp_loss":0.0,"gold_gain":0.0,"event_name":"Duplicator","player_choice":"Copied","floor":22.0,"gold_loss":0.0,"damage_taken":0.0,"cards_obtained":["Inflame"]},{"damage_healed":0.0,"max_hp_gain":5.0,"max_hp_loss":0.0,"gold_gain":0.0,"event_name":"Forgotten Altar","player_choice":"Shed Blood","floor":31.0,"gold_loss":0.0,"damage_taken":23.0},{"damage_healed":0,"gold_gain":0,"player_choice":"Memory 1","damage_taken":0,"max_hp_gain":0,"max_hp_loss":0,"event_name":"SensoryStone","floor":39,"gold_loss":0},{"damage_healed":0,"gold_gain":0,"player_choice":"Ignored","damage_taken":0,"max_hp_gain":0,"max_hp_loss":0,"event_name":"Tomb of Lord Red Mask","floor":45,"gold_loss":0}],"is_beta":false,"boss_relics":[{"not_picked":["Replay:Bronze Core","Mark of Pain"],"picked":"Tiny House"},{"not_picked":["ReplayTheSpireMod:DimensionalGlitch","Velvet Choker"],"picked":"hubris:RunicObelisk"}],"items_purged_floors":[2,14,19,37,46],"is_endless":false,"potions_floor_spawned":[7,10,12,23,29,35,41,48],"ascension_level":4}}