{"host":"qljq6nt1bltq73k9","time":1612957543,"event":{"mods":["BaseMod","Colored Map","Colored Powertips","Downfall","Minty Spire (QoL Compilation)","Quick Restart","Replay The Spire","StSLib","[IsaacMod]ÒÔÈö¼âËþ"],"gold_per_floor":[99999,98685,98699,98650,98650,98684,98703,98703,98772,98789,98799,98816,98833,98860,98860,98860,98860],"floor_reached":16,"language":"ZHS","playtime":427,"items_purged":["Defend_G","Strike_G"],"score":114,"play_id":"19d3daea-130a-44af-b810-42334996d0bd","local_time":"20210210194543","is_ascension_mode":false,"campfire_choices":[{"floor":8.0,"key":"RECALL"},{"data":"Envenom","floor":15.0,"key":"SMITH"}],"circlet_count":0,"master_deck":["Strike_G","Strike_G","Strike_G","Strike_G+1","Defend_G","Defend_G","Defend_G","Survivor","Neutralize+1","Blade Dance","Caltrops","Dagger Spray","Footwork","Footwork","Dagger Spray","Magnetism","Jack Of All Trades","Panacea","Poisoned Stab","Cloak And Dagger","Envenom+1","Quick Slash","Terror","Hidden Blade","A Thousand Cuts"],"relics":["Ring of the Snake","HushsDoor","D6","Replay:Mystery Machine","Cauldron","Bronze Scales","Replay:Bottled Flurry","ReplayTheSpireMod:ShopPack","Whetstone","ReplayTheSpireMod:Shallot","Replay:Wax Seal"],"acts_visited":["Exordium"],"potions_floor_usage":[],"damage_taken":[{"damage":5.0,"enemies":"Jaw Worm","floor":1.0,"turns":4.0},{"damage":0.0,"enemies":"2 Louse","floor":3.0,"turns":2.0},{"damage":14.0,"enemies":"Lagavulin","floor":6.0,"turns":4.0},{"damage":6.0,"enemies":"Cultist","floor":7.0,"turns":3.0},{"damage":0.0,"enemies":"Red Slaver","floor":10.0,"turns":3.0},{"damage":0.0,"enemies":"Lots of Slimes","floor":11.0,"turns":2.0},{"damage":0.0,"enemies":"2 Fungi Beasts","floor":12.0,"turns":1.0},{"damage":5.0,"enemies":"Exordium Thugs","floor":13.0,"turns":3.0},{"damage":14.0,"enemies":"Gremlin Nob","floor":14.0,"turns":3.0},{"damage":34,"enemies":"Slime Boss","floor":16,"turns":3}],"seed_played":"4679923185831649815","potions_obtained":[{"floor":1.0,"key":"AttackPotion"},{"floor":2.0,"key":"Weak Potion"},{"floor":2.0,"key":"Ancient Potion"},{"floor":2.0,"key":"LiquidMemories"},{"floor":2.0,"key":"Block Potion"},{"floor":2.0,"key":"bronze:BurnAndBuffPotion"},{"floor":6.0,"key":"SpeedPotion"}],"is_trial":false,"path_per_floor":["M","$","M","?","?","E","M","R","T","M","M","M","M","E","R","B"],"character_chosen":"THE_SILENT","items_purchased":["Replay:Mystery Machine","Caltrops","Dagger Spray","Cauldron","Footwork","Bomb","Dagger Spray","Bronze Scales","Replay:Bottled Flurry","ReplayTheSpireMod:ShopPack"],"campfire_rested":0,"item_purchase_floors":[2,2,2,2,2,2,2,2,2,2],"current_hp_per_floor":[72,72,72,72,65,51,45,45,45,45,45,45,40,26,26,0,0],"gold":98860,"neow_bonus":"TEN_PERCENT_HP_BONUS","is_daily":false,"chose_seed":false,"campfire_upgraded":1,"win_rate":0.0,"timestamp":1612957543,"path_taken":["M","$","M","?","?","E","M","R","T","M","M","?","M","E","R","BOSS"],"items_purchased_type":["Relic","Card","Card","Relic","Card","Card","Card","Relic","Relic","Relic"],"build_version":"2020-12-22","purchased_purges":2,"victory":false,"max_hp_per_floor":[77,77,77,77,77,77,77,77,77,77,77,77,77,77,77,77,77],"card_choices":[{"not_picked":["Slice","Outmaneuver"],"picked":"Blade Dance","floor":1.0},{"not_picked":["ReplayUltimateDefense","Metamorphosis"],"picked":"Magnetism","floor":2.0},{"not_picked":["Dark Shackles","Trip"],"picked":"Jack Of All Trades","floor":2.0},{"not_picked":["Bandage Up","Replay:Bootleg Shield Generator"],"picked":"Panacea","floor":2.0},{"not_picked":["Acrobatics","Sucker Punch","Skewer"],"picked":"SKIP","floor":3.0},{"not_picked":["Riddle With Holes","Fluid Movement"],"picked":"Poisoned Stab","floor":6.0},{"not_picked":["ReplayTheSpireMod:Exploit Weakness","Slice"],"picked":"Cloak And Dagger","floor":7.0},{"not_picked":["Bane","Prepared"],"picked":"Envenom","floor":10.0},{"not_picked":["Distraction","Deadly Poison"],"picked":"Quick Slash","floor":11.0},{"not_picked":["Draining Mist","Quick Slash"],"picked":"Terror","floor":12.0},{"not_picked":["Underhanded Strike","Deflect"],"picked":"Hidden Blade","floor":13.0},{"not_picked":["Replay:Poison Smokescreen","Prepared"],"picked":"A Thousand Cuts","floor":14.0}],"player_experience":461001,"relics_obtained":[{"floor":6.0,"key":"Whetstone"},{"floor":9.0,"key":"ReplayTheSpireMod:Shallot"},{"floor":14.0,"key":"Replay:Wax Seal"}],"event_choices":[{"damage_healed":0.0,"max_hp_gain":0.0,"max_hp_loss":0.0,"gold_gain":0.0,"event_name":"World of Goop","player_choice":"Left Gold","floor":4.0,"gold_loss":49.0,"damage_taken":0.0},{"cards_removed":["Defend_G"],"damage_healed":0.0,"max_hp_gain":0.0,"max_hp_loss":0.0,"gold_gain":0.0,"event_name":"Golden Wing","player_choice":"Card Removal","floor":5.0,"gold_loss":0.0,"damage_taken":7.0}],"is_beta":false,"boss_relics":[],"items_purged_floors":[2,2],"is_endless":false,"potions_floor_spawned":[1,3,6,13],"killed_by":"Slime Boss","ascension_level":0}}