{"host":"e5ydbbdshmac12xb","time":1612936533,"event":{"mods":["2.2 Compatiblity","Aspiration","BaseMod","Beaked The Cultist","Better Altar","BetterRewards","Clockwork Mod","Colored Map","Conspire","Downfall","Hermit","Highlight Path","Hubris","Infinite Spire","Jedi Mod","Jorbs\u0027s Wanderer Trilogy","Mad Scientist","Minty Spire (QoL Compilation)","READ ME - Guardian Mod","Reliquary","Replay The Spire","Shop Mod","Spikes Relics","StSLib","The Bladedancer","The Construct","The Cursed","The Disciple","The Druid","The Jungle","The Mystic","The Necromancer","The Runesmith","The Senshi","The Servant 0.9.4","Trackpad"],"gold_per_floor":[99,118,118,138,149,49,49,102,164,64,164,164,164,182,193,298,298,298,310,17,37,48,48,102,102,102,302,333,349,363,395,412,513,513,413,427,453,473,473,490,490,507,539,539,539,539],"floor_reached":44,"language":"ENG","playtime":4637,"items_purged":["bronze:Strike"],"score":595,"play_id":"6df51775-2c35-4e6d-85b7-b6f1eb043605","local_time":"20210210055533","is_ascension_mode":false,"campfire_choices":[{"floor":1,"key":"RECALL"},{"floor":6,"key":"REST"},{"floor":10,"key":"REST"},{"data":"bronze:SpaghettiCode","floor":13,"key":"SMITH"},{"floor":18,"key":"REST"},{"floor":26,"key":"REST"},{"floor":35,"key":"REST"}],"circlet_count":0,"master_deck":["bronze:Strike","bronze:Strike","bronze:Strike+1","bronze:Defend+1","bronze:Defend","bronze:Defend","bronze:Defend","bronze:Replicate+1","bronze:Goto","bronze:ForLoop","bronze:Return","bronze:Optimize","bronze:Overheat","bronze:SpaghettiCode+1","bronze:Turbo","bronze:GetLatest","bronze:SpaghettiCode+1","bronze:CutThrough+1","bronze:FineTuning","bronze:Verify","bronze:Verify","expansioncontent:QuickStudy","bronze:Boost+1","bronze:ItsAFeature","infinitespire:TheBestDefense+1","bronze:BurnOut","bronze:Flail","bronze:FineTuning+1","bronze:Frontload","bronze:Boost+1","bronze:CleanCode","bronze:BuggyMess+1","bronze:Repair+1","bronze:ChosenStrike","bronze:Iterate+1","bronze:Branch+1","bronze:FindAndReplace"],"relics":["bronze:PlatinumCore","Gremlin Food","downfall:HeartBlessingRed","Blood Vial","downfall:HeartBlessingBlue","Fusion Hammer","Regal Pillow","aspiration:SeaSaltIceCream","hubris:CrystalStatue","hubris:DeckOfHolding","downfall:HeartBlessingGreen","Replay:Towering Pillar of Hats","Replay:Bottled Eggs","infinitespire:Satchel"],"acts_visited":["Exordium","TheCity","TheBeyond"],"potions_floor_usage":[33,44,44],"damage_taken":[{"damage":1,"enemies":"2 Louse","floor":2,"turns":2},{"damage":20,"enemies":"Jaw Worm","floor":4,"turns":4},{"damage":2,"enemies":"Small Slimes","floor":5,"turns":3},{"damage":38,"enemies":"Gremlin Nob","floor":9,"turns":5},{"damage":11,"enemies":"3 Louse","floor":14,"turns":4},{"damage":0,"enemies":"2 Fungi Beasts","floor":15,"turns":1},{"damage":14,"enemies":"DF_ARCHETYPE_STREAMLINE","floor":16,"turns":8},{"damage":0,"enemies":"Chosen","floor":19,"turns":1},{"damage":2,"enemies":"downfall:FleeingMerchant","floor":20,"turns":4},{"damage":22,"enemies":"3 Byrds","floor":21,"turns":4},{"damage":25,"enemies":"Snake Plant","floor":22,"turns":4},{"damage":3,"enemies":"Replay:Snechameleon","floor":28,"turns":6},{"damage":0,"enemies":"Snecko","floor":29,"turns":2},{"damage":14,"enemies":"Centurion and Healer","floor":30,"turns":5},{"damage":0,"enemies":"Gremlin Leader","floor":31,"turns":5},{"damage":16,"enemies":"Snake Plant","floor":32,"turns":4},{"damage":40,"enemies":"SI_MIRROR_ARCHETYPE","floor":33,"turns":10},{"damage":6,"enemies":"Orb Walker","floor":36,"turns":4},{"damage":0,"enemies":"3 Darklings","floor":38,"turns":2},{"damage":0,"enemies":"4 Shapes","floor":40,"turns":1},{"damage":30,"enemies":"Sphere and 2 Shapes","floor":42,"turns":6},{"damage":0,"enemies":"Giant Head","floor":43,"turns":7},{"damage":78,"enemies":"Writhing Mass","floor":44,"turns":4}],"seed_played":"6626127098823710804","potions_obtained":[{"floor":2,"key":"Death Potion"},{"floor":5,"key":"bronze:BurnAndBuffPotion"},{"floor":14,"key":"GamblersBrew"},{"floor":32,"key":"LifebloodPotion"},{"floor":33,"key":"Swift Potion"},{"floor":38,"key":"SkillPotion"}],"is_trial":false,"path_per_floor":["R_BF","M","?","M","M","R","T","T","?","R","?","?","R","M","M","B",null,"R","M","$","M","M","?","T","?","R","?","E","M","M","E","M","B",null,"R","M","?","M","AVR","M","T","M","E","M"],"character_chosen":"THE_AUTOMATON","items_purchased":["bronze:Verify","expansioncontent:QuickStudy"],"campfire_rested":5,"item_purchase_floors":[20,20],"current_hp_per_floor":[77,76,76,56,54,77,77,77,39,75,75,75,75,66,68,56,87,87,87,85,65,42,22,22,22,63,63,62,64,52,54,40,2,87,87,81,60,62,62,64,64,46,58,0,0,0],"gold":539,"neow_bonus":"TEN_PERCENT_HP_BONUS","is_daily":false,"chose_seed":false,"campfire_upgraded":1,"win_rate":0.0,"timestamp":1612936533,"path_taken":["R_BF","M","?","M","M","R","T","?","?","R","?","?","R","M","M","BOSS","R","M","$","?","M","?","T","?","R","?","E","M","?","E","M","BOSS","R","M","?","M","AVR","?","T","M","E","M"],"items_purchased_type":["Card","Card"],"build_version":"2020-12-22","purchased_purges":1,"victory":false,"max_hp_per_floor":[77,77,77,77,77,77,77,77,77,87,87,87,87,87,87,87,87,87,87,87,87,87,87,87,87,87,87,87,87,87,87,87,87,87,87,87,87,87,87,87,87,87,87,87,87,87],"card_choices":[{"not_picked":["bronze:Fortify","bronze:Overheat"],"picked":"bronze:ForLoop","floor":2},{"not_picked":["bronze:Deprecate","bronze:WildBeam"],"picked":"bronze:Return","floor":4},{"not_picked":["bronze:OilSpill","bronze:BitShift"],"picked":"bronze:Optimize","floor":5},{"not_picked":["bronze:ForLoop","bronze:ShipIt"],"picked":"bronze:Overheat","floor":9},{"not_picked":["bronze:Shield","bronze:BronzeArmor"],"picked":"bronze:Turbo","floor":14},{"not_picked":["bronze:DelayedSlice","bronze:Optimize"],"picked":"bronze:GetLatest","floor":15},{"not_picked":["bronze:Break","bronze:BurnOut"],"picked":"bronze:SpaghettiCode","floor":16},{"not_picked":["bronze:Repair","bronze:Turbo"],"picked":"bronze:CutThrough+1","floor":19},{"not_picked":["bronze:Turbo","bronze:Iterate"],"picked":"bronze:FineTuning","floor":20},{"not_picked":["bronze:BronzeArmor","bronze:BitShift+1"],"picked":"bronze:Boost","floor":21},{"not_picked":["bronze:Boost","bronze:DelayedSlice+1"],"picked":"bronze:ItsAFeature","floor":22},{"not_picked":["infinitespire:SealOfDarkness+","infinitespire:FutureSight"],"picked":"infinitespire:TheBestDefense","floor":23},{"not_picked":["bronze:OilSpill","bronze:Philosophize+1"],"picked":"bronze:BurnOut","floor":28},{"not_picked":["bronze:CutThrough","bronze:Overheat"],"picked":"bronze:Flail","floor":29},{"not_picked":["bronze:BuggyMess+1","bronze:Turbo"],"picked":"bronze:FineTuning+1","floor":30},{"not_picked":["bronze:BronzeOrb","bronze:GetLatest"],"picked":"bronze:Frontload","floor":31},{"not_picked":["bronze:NullPointer","bronze:CloningBeam"],"picked":"bronze:Boost","floor":32},{"not_picked":["bronze:Break","bronze:HyperBeam"],"picked":"bronze:CleanCode","floor":33},{"not_picked":["bronze:WhirlingStrike","bronze:DelayedSlice+1"],"picked":"bronze:BuggyMess+1","floor":36},{"not_picked":["bronze:DelayedSlice","bronze:BronzeArmor+1"],"picked":"bronze:Repair+1","floor":37},{"not_picked":["bronze:CutThrough","bronze:OilSpill"],"picked":"bronze:ChosenStrike","floor":38},{"not_picked":["bronze:DigitalCarnage+1","bronze:Shield+1"],"picked":"bronze:Iterate+1","floor":40},{"not_picked":["bronze:DarkDash","bronze:Turbo"],"picked":"bronze:Branch+1","floor":42},{"not_picked":["bronze:Overheat+1","bronze:Invalidate+1"],"picked":"bronze:FindAndReplace","floor":43}],"player_experience":517556,"relics_obtained":[{"floor":3,"key":"Gremlin Food"},{"floor":8,"key":"ReplayTheSpireMod:TigerMarble"},{"floor":9,"key":"Blood Vial"},{"floor":24,"key":"Regal Pillow"},{"floor":28,"key":"aspiration:SeaSaltIceCream"},{"floor":31,"key":"hubris:DeckOfHolding"},{"floor":37,"key":"Replay:Towering Pillar of Hats"},{"floor":41,"key":"Replay:Bottled Eggs"},{"floor":43,"key":"infinitespire:Satchel"}],"event_choices":[],"is_beta":false,"boss_relics":[{"not_picked":["Snecko Eye","hubris:ScarierMask"],"picked":"Fusion Hammer"},{"not_picked":["Busted Crown","hubris:BlackHole"],"picked":"bronze:PlatinumCore"}],"items_purged_floors":[39],"is_endless":false,"potions_floor_spawned":[2,5,14,21,29,30,32,33,36,38,42],"killed_by":"Writhing Mass","ascension_level":0}}