{"host":"p7cjtxxrilhp4dw7","time":1612922364,"event":{"mods":["BaseMod","Block Reminder","Colored Map","Curses Come First","Highlight Path","Minty Spire (QoL Compilation)","Replay The Spire","StSLib"],"gold_per_floor":[116,116,41,59,59,86,86,86,86,86,103,123,152,122,122,122,122],"floor_reached":16,"language":"ENG","playtime":2480,"items_purged":["Strike_G"],"score":184,"play_id":"0b40c232-41e8-4cbd-86c5-e688a921bd70","local_time":"20210209185924","is_ascension_mode":true,"campfire_choices":[{"floor":8,"key":"REST"},{"floor":15,"key":"REST"}],"circlet_count":0,"master_deck":["AscendersBane","Strike_G","Strike_G","Strike_G","Strike_G","Defend_G","Defend_G","Defend_G","Defend_G+1","Defend_G","Survivor+1","Neutralize+1","Dagger Spray","Deflect+1","Escape Plan+1","Footwork"],"relics":["Ring of the Snake","War Paint","Replay:Bottled Snecko","Toxic Egg 2","Mummified Hand"],"acts_visited":["Exordium"],"potions_floor_usage":[6,13,13],"damage_taken":[{"damage":1,"enemies":"Jaw Worm","floor":1,"turns":6},{"damage":2,"enemies":"2 Louse","floor":4,"turns":4},{"damage":32,"enemies":"Gremlin Nob","floor":6,"turns":5},{"damage":0,"enemies":"Cultist","floor":11,"turns":5},{"damage":3,"enemies":"Lots of Slimes","floor":12,"turns":4},{"damage":1,"enemies":"3 Sentries","floor":13,"turns":12},{"damage":1,"enemies":"Looter","floor":14,"turns":4},{"damage":68,"enemies":"Hexaghost","floor":16,"turns":16}],"seed_played":"5743208030157950047","potions_obtained":[{"floor":1,"key":"BlessingOfTheForge"},{"floor":11,"key":"Swift Potion"},{"floor":12,"key":"EssenceOfSteel"}],"is_trial":false,"path_per_floor":["M","?","$","M","?","E","$","R","T","?","M","M","E","M","R","B"],"character_chosen":"THE_SILENT","items_purchased":[],"campfire_rested":2,"item_purchase_floors":[],"current_hp_per_floor":[58,58,58,56,56,24,24,43,43,48,48,45,44,43,64,0,0],"gold":122,"neow_bonus":"RANDOM_COMMON_RELIC","is_daily":false,"chose_seed":false,"campfire_upgraded":0,"win_rate":0.0,"timestamp":1612922364,"path_taken":["M","?","$","M","?","E","?","R","T","?","?","?","E","M","R","BOSS"],"items_purchased_type":[],"build_version":"2020-12-22","purchased_purges":1,"victory":false,"max_hp_per_floor":[66,66,66,66,66,66,66,66,66,71,71,71,71,71,71,71,71],"card_choices":[{"not_picked":["Flechettes","Acrobatics","Prepared"],"picked":"SKIP","floor":1},{"not_picked":["Sucker Punch","Quick Slash"],"picked":"Dagger Spray","floor":4},{"not_picked":["ReplayTheSpireMod:Exploit Weakness","Choke","Quick Slash"],"picked":"SKIP","floor":6},{"not_picked":["Slice","Sucker Punch"],"picked":"Deflect+1","floor":11},{"not_picked":["Blade Dance+1","Concentrate+1","Deflect+1"],"picked":"SKIP","floor":12},{"not_picked":["Well Laid Plans","Backflip+1"],"picked":"Escape Plan+1","floor":13},{"not_picked":["Backflip+1","Dagger Throw"],"picked":"Footwork","floor":14}],"player_experience":600424,"relics_obtained":[{"floor":6,"key":"Replay:Bottled Snecko"},{"floor":9,"key":"Toxic Egg 2"},{"floor":13,"key":"Mummified Hand"}],"event_choices":[{"damage_healed":0,"gold_gain":0,"player_choice":"Grow","damage_taken":0,"max_hp_gain":0,"max_hp_loss":0,"event_name":"Living Wall","floor":2,"gold_loss":0,"cards_upgraded":["Neutralize"]},{"damage_healed":0,"gold_gain":0,"player_choice":"Ignored","damage_taken":0,"max_hp_gain":0,"max_hp_loss":0,"event_name":"Golden Wing","floor":5,"gold_loss":0},{"damage_healed":0,"gold_gain":0,"player_choice":"Donut","damage_taken":0,"max_hp_gain":5,"max_hp_loss":0,"event_name":"Big Fish","floor":10,"gold_loss":0}],"is_beta":false,"boss_relics":[],"items_purged_floors":[3],"is_endless":false,"potions_floor_spawned":[1,11,12],"killed_by":"Hexaghost","ascension_level":14}}