{"host":"kw4o7b3ro2ktmmbe","time":1612957147,"event":{"mods":["BaseMod","Bossed Relics","Evolution","Minty Spire (QoL Compilation)","Robot Space Explorer","StSLib"],"gold_per_floor":[112,126,126,126,137,137,152,175,175,195,195,212,227,254,254,351,351,363,288,288,288,142,172,189,189,189,224,241,258,268,294,294,389,389,399,399,411,422,422,447,463,488,488,488,507,507,282,313,313,313],"floor_reached":51,"language":"ENG","playtime":5473,"items_purged":[],"score":1381,"play_id":"7edbdc80-ed49-4526-9aea-093b7bb85ded","local_time":"20210211003907","is_ascension_mode":true,"campfire_choices":[{"data":"RobotSpaceExplorer:Autoloader","floor":6.0,"key":"SMITH"},{"data":"RobotSpaceExplorer:Pulsar","floor":11.0,"key":"SMITH"},{"floor":15.0,"key":"REST"},{"data":"RobotSpaceExplorer:Pulsar","floor":25.0,"key":"SMITH"},{"data":"RobotSpaceExplorer:MiniLasers","floor":32.0,"key":"SMITH"},{"data":"RobotSpaceExplorer:Blaster","floor":46,"key":"SMITH"},{"floor":49,"key":"REST"}],"circlet_count":0,"master_deck":["RobotSpaceExplorer:MetalStrike","RobotSpaceExplorer:MetalStrike","RobotSpaceExplorer:Strike","RobotSpaceExplorer:Scan","RobotSpaceExplorer:MiniLasers+1","RobotSpaceExplorer:Autoloader+1","RobotSpaceExplorer:Pulsar+1","RobotSpaceExplorer:Pulsar+1","RobotSpaceExplorer:MiniBoosters+1","RobotSpaceExplorer:ScrapMissile","RobotSpaceExplorer:Accelerator+1","RobotSpaceExplorer:DroneSwarm+1","RobotSpaceExplorer:Pulsar","Necronomicurse","RobotSpaceExplorer:SelfCleaning+1","RobotSpaceExplorer:FreezeRay+1","RobotSpaceExplorer:Smokescreen+1","RobotSpaceExplorer:MiniDrones+1","RobotSpaceExplorer:FreezeRay+1","RobotSpaceExplorer:MiniDrones+1","RobotSpaceExplorer:Blaster+1","RobotSpaceExplorer:FreezeRay+1","RobotSpaceExplorer:ExhaustFan+1","RobotSpaceExplorer:FreezeRay+1"],"relics":["RobotSpaceExplorer:RoboCore","EVO:Axolotl","White Beast Statue","Odd Mushroom","Frozen Egg 2","Thread and Needle","Black Star","Toxic Egg 2","Necronomicon","Lee\u0027s Waffle","Blood Vial","Du-Vu Doll","Art of War","Anchor","Bottled Flame","Singing Bowl","Letter Opener","Gremlin Horn","Empty Cage","MealTicket","Bag of Preparation","RobotSpaceExplorer:BottledGravity","StrikeDummy","Ancient Tea Set","Ornamental Fan","Pear","RobotSpaceExplorer:RingOfTheNewt","Dead Branch","ClockworkSouvenir","InkBottle","RobotSpaceExplorer:FoglandsKnife"],"acts_visited":["Exordium","TheCity","TheBeyond"],"potions_floor_usage":[45,48,50,50],"damage_taken":[{"damage":2.0,"enemies":"Cultist","floor":1.0,"turns":4.0},{"damage":0.0,"enemies":"Jaw Worm","floor":2.0,"turns":5.0},{"damage":0.0,"enemies":"Small Slimes","floor":5.0,"turns":4.0},{"damage":12.0,"enemies":"3 Louse","floor":7.0,"turns":6.0},{"damage":11.0,"enemies":"The Mushroom Lair","floor":8.0,"turns":7.0},{"damage":0.0,"enemies":"Exordium Wildlife","floor":10.0,"turns":4.0},{"damage":5.0,"enemies":"Large Slime","floor":12.0,"turns":7.0},{"damage":11.0,"enemies":"Exordium Thugs","floor":13.0,"turns":6.0},{"damage":21.0,"enemies":"Gremlin Nob","floor":14.0,"turns":5.0},{"damage":6.0,"enemies":"The Guardian","floor":16.0,"turns":6.0},{"damage":0.0,"enemies":"Chosen","floor":18.0,"turns":4.0},{"damage":14.0,"enemies":"Gremlin Leader","floor":23.0,"turns":6.0},{"damage":15.0,"enemies":"Spheric Guardian","floor":24.0,"turns":6.0},{"damage":4.0,"enemies":"Slavers","floor":27.0,"turns":4.0},{"damage":2.0,"enemies":"Cultist and Chosen","floor":28.0,"turns":5.0},{"damage":3.0,"enemies":"Centurion and Healer","floor":29.0,"turns":6.0},{"damage":0.0,"enemies":"Chosen and Byrds","floor":30.0,"turns":8.0},{"damage":10.0,"enemies":"Book of Stabbing","floor":31.0,"turns":7.0},{"damage":0.0,"enemies":"Champ","floor":33.0,"turns":11.0},{"damage":18.0,"enemies":"3 Darklings","floor":35.0,"turns":5.0},{"damage":0.0,"enemies":"3 Shapes","floor":37.0,"turns":4.0},{"damage":0.0,"enemies":"Jaw Worm Horde","floor":38.0,"turns":3.0},{"damage":17.0,"enemies":"Nemesis","floor":40.0,"turns":8.0},{"damage":2.0,"enemies":"Spire Growth","floor":41.0,"turns":5.0},{"damage":10.0,"enemies":"Giant Head","floor":42.0,"turns":7.0},{"damage":0,"enemies":"Maw","floor":45,"turns":6},{"damage":20,"enemies":"Reptomancer","floor":48,"turns":4},{"damage":0,"enemies":"Donu and Deca","floor":50,"turns":6}],"seed_played":"2595807280203239858","potions_obtained":[{"floor":2.0,"key":"SpeedPotion"},{"floor":5.0,"key":"EntropicBrew"},{"floor":7.0,"key":"FearPotion"},{"floor":8.0,"key":"BlessingOfTheForge"},{"floor":10.0,"key":"Weak Potion"},{"floor":12.0,"key":"PowerPotion"},{"floor":13.0,"key":"Energy Potion"},{"floor":14.0,"key":"PowerPotion"},{"floor":16.0,"key":"RobotSpaceExplorer:LiquidFusion"},{"floor":18.0,"key":"Swift Potion"},{"floor":23.0,"key":"DistilledChaos"},{"floor":24.0,"key":"Energy Potion"},{"floor":27.0,"key":"Dexterity Potion"},{"floor":28.0,"key":"Weak Potion"},{"floor":29.0,"key":"Dexterity Potion"},{"floor":30.0,"key":"Energy Potion"},{"floor":31.0,"key":"LiquidBronze"},{"floor":33.0,"key":"DuplicationPotion"},{"floor":35.0,"key":"EssenceOfSteel"},{"floor":37.0,"key":"DuplicationPotion"},{"floor":38.0,"key":"Energy Potion"},{"floor":40.0,"key":"Fruit Juice"},{"floor":41.0,"key":"Strength Potion"},{"floor":42.0,"key":"Strength Potion"},{"floor":45,"key":"GamblersBrew"},{"floor":48,"key":"Block Potion"}],"is_trial":false,"path_per_floor":["M","M","?","?","M","R","M","?","T","M","R","M","M","E","R","B",null,"M","?","T","?","$","E","M","R","T","E","M","M","M","E","R","B",null,"M","?","M","M","T","E","M","E","T","?","M","R","$","E","R","B",null],"character_chosen":"RobotSpaceExplorer","items_purchased":["Lee\u0027s Waffle","ClockworkSouvenir","RobotSpaceExplorer:FreezeRay+1"],"campfire_rested":2,"item_purchase_floors":[22,47,47],"current_hp_per_floor":[73,73,73,61,61,61,49,38,38,38,38,33,22,1,25,19,66,66,66,66,50,89,75,62,62,62,60,60,59,63,55,55,57,83,67,67,71,73,73,63,63,67,67,67,69,69,84,68,101,103],"gold":313,"neow_bonus":"TEN_PERCENT_HP_BONUS","is_daily":false,"chose_seed":false,"campfire_upgraded":5,"win_rate":0.0,"timestamp":1612957147,"path_taken":["M","?","?","?","M","R","M","?","T","M","R","?","M","E","R","BOSS","M","?","?","?","?","E","M","R","T","E","M","M","?","E","R","BOSS","M","?","?","M","?","E","M","E","T","?","?","R","$","E","R","BOSS"],"items_purchased_type":["Relic","Relic","Card"],"build_version":"2020-12-22","purchased_purges":0,"victory":true,"max_hp_per_floor":[82,82,82,82,82,82,82,82,82,82,82,82,82,82,82,82,82,82,82,82,82,89,89,89,89,89,89,89,89,91,91,91,91,91,91,91,93,93,93,98,98,110,110,110,110,110,110,112,112,112],"card_choices":[{"not_picked":["RobotSpaceExplorer:Reload","RobotSpaceExplorer:BigMissile","RobotSpaceExplorer:Ammunition"],"picked":"SKIP","floor":1.0},{"not_picked":["RobotSpaceExplorer:Probe","RobotSpaceExplorer:Pulsar"],"picked":"RobotSpaceExplorer:Autoloader","floor":2.0},{"not_picked":["RobotSpaceExplorer:ShovelStrike","RobotSpaceExplorer:StunGrenade"],"picked":"RobotSpaceExplorer:Pulsar","floor":5.0},{"not_picked":["RobotSpaceExplorer:SurgingShield","RobotSpaceExplorer:FrostMissile","RobotSpaceExplorer:Reload"],"picked":"SKIP","floor":7.0},{"not_picked":["RobotSpaceExplorer:SlimeMissile","RobotSpaceExplorer:ShockKick"],"picked":"RobotSpaceExplorer:Pulsar","floor":8.0},{"not_picked":["RobotSpaceExplorer:MetalStrike","RobotSpaceExplorer:Smokescreen"],"picked":"RobotSpaceExplorer:MiniBoosters+1","floor":10.0},{"not_picked":["RobotSpaceExplorer:Counterblock","RobotSpaceExplorer:SlimeMissile"],"picked":"RobotSpaceExplorer:Wormhole","floor":12.0},{"not_picked":["RobotSpaceExplorer:FrostMissile","RobotSpaceExplorer:JunkDive"],"picked":"RobotSpaceExplorer:ScrapMissile","floor":13.0},{"not_picked":["RobotSpaceExplorer:DoubleBlock","RobotSpaceExplorer:Ammunition"],"picked":"RobotSpaceExplorer:Accelerator+1","floor":14.0},{"not_picked":["RobotSpaceExplorer:ChargingLaser","RobotSpaceExplorer:Multitool+1"],"picked":"RobotSpaceExplorer:DroneSwarm+1","floor":16.0},{"not_picked":["RobotSpaceExplorer:Counterblock","RobotSpaceExplorer:ScrapMissile"],"picked":"RobotSpaceExplorer:Pulsar","floor":18.0},{"not_picked":["RobotSpaceExplorer:FrostMissile","RobotSpaceExplorer:Reload+1"],"picked":"RobotSpaceExplorer:SelfCleaning+1","floor":23.0},{"not_picked":["RobotSpaceExplorer:Jetpack+1","RobotSpaceExplorer:Ammunition+1"],"picked":"RobotSpaceExplorer:FreezeRay+1","floor":24.0},{"not_picked":["RobotSpaceExplorer:ShovelStrike","RobotSpaceExplorer:SlimeMissile"],"picked":"RobotSpaceExplorer:Smokescreen+1","floor":27.0},{"not_picked":["RobotSpaceExplorer:MiniDrones","RobotSpaceExplorer:Counterblock+1","RobotSpaceExplorer:Probe"],"picked":"SKIP","floor":28.0},{"not_picked":["RobotSpaceExplorer:Probe","RobotSpaceExplorer:ScrapMissile"],"picked":"RobotSpaceExplorer:Exploration+1","floor":29.0},{"not_picked":["RobotSpaceExplorer:SlimeMissile","RobotSpaceExplorer:MetalStrike","RobotSpaceExplorer:StunGrenade"],"picked":"Singing Bowl","floor":30.0},{"not_picked":["RobotSpaceExplorer:MetalStrike","RobotSpaceExplorer:FrostMissile+1"],"picked":"RobotSpaceExplorer:MiniDrones+1","floor":31.0},{"not_picked":["RobotSpaceExplorer:Scanner+1","RobotSpaceExplorer:Comet+1"],"picked":"RobotSpaceExplorer:Exploration+1","floor":33.0},{"not_picked":["RobotSpaceExplorer:GlueShot+1","RobotSpaceExplorer:SurgingStrike+1"],"picked":"RobotSpaceExplorer:FreezeRay+1","floor":35.0},{"not_picked":["RobotSpaceExplorer:Ammunition+1","RobotSpaceExplorer:Counterblock+1","RobotSpaceExplorer:DoubleBlock+1"],"picked":"Singing Bowl","floor":37.0},{"not_picked":["RobotSpaceExplorer:Probe","RobotSpaceExplorer:ShockKick"],"picked":"RobotSpaceExplorer:MiniDrones+1","floor":38.0},{"not_picked":["RobotSpaceExplorer:Ammunition+1","RobotSpaceExplorer:SurgingShield+1"],"picked":"RobotSpaceExplorer:Blaster","floor":40.0},{"not_picked":["RobotSpaceExplorer:Counterblock+1","RobotSpaceExplorer:Smokescreen+1"],"picked":"RobotSpaceExplorer:FreezeRay+1","floor":41.0},{"not_picked":["RobotSpaceExplorer:SurgingStrike+1","RobotSpaceExplorer:ShovelStrike","RobotSpaceExplorer:DoubleFind+1"],"picked":"Singing Bowl","floor":42.0},{"not_picked":["RobotSpaceExplorer:Jetpack+1","RobotSpaceExplorer:Counterblock+1"],"picked":"RobotSpaceExplorer:ExhaustFan+1","floor":45},{"not_picked":["RobotSpaceExplorer:ShovelStrike","RobotSpaceExplorer:ImprovisedAttack+1","RobotSpaceExplorer:TurboDodge+1"],"picked":"Singing Bowl","floor":48}],"player_experience":1921215,"relics_obtained":[{"floor":8.0,"key":"Odd Mushroom"},{"floor":9.0,"key":"Frozen Egg 2"},{"floor":14.0,"key":"Thread and Needle"},{"floor":20.0,"key":"Toxic Egg 2"},{"floor":21.0,"key":"Necronomicon"},{"floor":23.0,"key":"Blood Vial"},{"floor":23.0,"key":"Du-Vu Doll"},{"floor":26.0,"key":"Art of War"},{"floor":27.0,"key":"Anchor"},{"floor":27.0,"key":"Bottled Flame"},{"floor":30.0,"key":"Singing Bowl"},{"floor":31.0,"key":"Letter Opener"},{"floor":31.0,"key":"Gremlin Horn"},{"floor":35.0,"key":"MealTicket"},{"floor":39.0,"key":"RobotSpaceExplorer:BottledGravity"},{"floor":40.0,"key":"StrikeDummy"},{"floor":40.0,"key":"Ancient Tea Set"},{"floor":42.0,"key":"Ornamental Fan"},{"floor":42.0,"key":"Pear"},{"floor":43.0,"key":"RobotSpaceExplorer:RingOfTheNewt"},{"floor":44.0,"key":"Dead Branch"},{"floor":48,"key":"InkBottle"},{"floor":48,"key":"RobotSpaceExplorer:FoglandsKnife"}],"event_choices":[{"cards_removed":["RobotSpaceExplorer:Defend"],"damage_healed":0.0,"max_hp_gain":0.0,"max_hp_loss":0.0,"gold_gain":0.0,"event_name":"Living Wall","player_choice":"Forget","floor":3.0,"gold_loss":0.0,"damage_taken":0.0},{"damage_healed":0.0,"max_hp_gain":0.0,"max_hp_loss":0.0,"gold_gain":0.0,"event_name":"Scrap Ooze","player_choice":"Success","floor":4.0,"gold_loss":0.0,"damage_taken":12.0,"relics_obtained":["White Beast Statue"]},{"damage_healed":0.0,"max_hp_gain":0.0,"max_hp_loss":0.0,"gold_gain":0.0,"event_name":"Mushrooms","player_choice":"Fought Mushrooms","floor":8.0,"gold_loss":0.0,"damage_taken":0.0},{"cards_removed":["RobotSpaceExplorer:Defend"],"damage_healed":0.0,"max_hp_gain":0.0,"max_hp_loss":0.0,"gold_gain":0.0,"event_name":"Beggar","player_choice":"Gave Gold","floor":19.0,"gold_loss":75.0,"damage_taken":0.0},{"damage_healed":0.0,"max_hp_gain":0.0,"max_hp_loss":0.0,"gold_gain":0.0,"event_name":"Cursed Tome","player_choice":"Obtained Book","floor":21.0,"gold_loss":0.0,"damage_taken":16.0},{"damage_healed":0.0,"max_hp_gain":0.0,"max_hp_loss":0.0,"gold_gain":0.0,"event_name":"WeMeetAgain","player_choice":"Gave Potion","floor":36.0,"gold_loss":0.0,"damage_taken":0.0,"relics_obtained":["Bag of Preparation"]},{"damage_healed":0.0,"max_hp_gain":0.0,"max_hp_loss":0.0,"gold_gain":0.0,"event_name":"Wheel of Change","player_choice":"Relic","floor":44.0,"gold_loss":0.0,"damage_taken":0.0}],"is_beta":false,"boss_relics":[{"not_picked":["SlaversCollar","Fusion Hammer"],"picked":"Black Star"},{"not_picked":["RobotSpaceExplorer:Reprocessor","SacredBark"],"picked":"Empty Cage"}],"items_purged_floors":[],"is_endless":false,"potions_floor_spawned":[2,5,7,8,10,12,13,14,16,18,23,24,27,28,29,30,31,33,35,37,38,40,41,42,45,48],"ascension_level":9}}