{"host":"ox77rn1xcurm2t5a","time":1612994976,"event":{"mods":["2.2 Compatiblity","AchievementEnabler","Act Like it!","Aspiration","BaseMod","Best Route Mod","Better Match","Better Note","Better Sensory Stone","Block Reminder","Colored Map","Colored Powertips","Conjunction","Conspire","Custom Start","Energized Spire","GifTheSpireLib","Gold Saver","Gremlin Skip","Halation","Highlight Path","Hubris","Infinite Spire","Minty Spire (QoL Compilation)","Pale of the Ancients","Quick Restart","Replay The Spire","Reworked Bosses","ShortenTheSpire","Spire Exporter","StSLib","Stuff the Spire","Wandering Minibosses"],"gold_per_floor":[262,274,294,30,18,18,18,18],"floor_reached":7,"language":"ENG","playtime":884,"items_purged":[],"score":86,"play_id":"689fb309-df68-4c57-92c9-81129e29e392","local_time":"20210211000936","is_ascension_mode":true,"campfire_choices":[{"floor":6,"key":"RECALL"}],"circlet_count":0,"master_deck":["AscendersBane","Strike_B","Strike_B","Strike_B","Strike_B","Defend_B","Defend_B","Defend_B","Defend_B","Zap","Dualcast","BootSequence"],"relics":["Cracked Core","Garlic"],"acts_visited":["Exordium"],"potions_floor_usage":[],"damage_taken":[{"damage":0,"enemies":"Cultist","floor":1,"turns":1},{"damage":0,"enemies":"2 Louse","floor":2,"turns":1},{"damage":0,"enemies":"Small Slimes","floor":3,"turns":1},{"damage":4,"enemies":"Red Slaver","floor":5,"turns":7},{"damage":76,"enemies":"Lagavulin","floor":7,"turns":8}],"seed_played":"-490312578653748539","potions_obtained":[{"floor":3,"key":"Elixir"}],"is_trial":false,"path_per_floor":["M","M","M","$","M","R","E"],"character_chosen":"DEFECT","items_purchased":["Garlic"],"campfire_rested":0,"item_purchase_floors":[4],"current_hp_per_floor":[64,64,64,64,60,60,0,0],"gold":18,"neow_bonus":"THREE_ENEMY_KILL","is_daily":false,"chose_seed":false,"campfire_upgraded":0,"win_rate":0.0,"timestamp":1612994976,"path_taken":["M","M","M","$","M","R","E"],"items_purchased_type":["Relic"],"build_version":"2020-12-22","purchased_purges":0,"victory":false,"max_hp_per_floor":[71,71,71,71,71,71,71,71],"card_choices":[{"not_picked":["Turbo","White Noise"],"picked":"BootSequence","floor":1},{"not_picked":["Steam","Rip and Tear","Panic Button"],"picked":"SKIP","floor":2},{"not_picked":["StuffTheSpire:ShieldGenerator","Beam Cell","Leap"],"picked":"SKIP","floor":3},{"not_picked":["StuffTheSpire:Plugnplay","Scrape","Amplify"],"picked":"SKIP","floor":5}],"player_experience":3076371,"relics_obtained":[],"event_choices":[],"is_beta":false,"boss_relics":[],"items_purged_floors":[],"is_endless":false,"potions_floor_spawned":[3],"killed_by":"Lagavulin","ascension_level":20}}