{"host":"15dd7v8o90xso62x","time":1612939086,"event":{"mods":["BaseMod","Minty Spire (QoL Compilation)","Quick Restart","StSLib","SuperFastMode"],"gold_per_floor":[112,112,187,187,201,229,229,229,229,263,263,25,45,76,76,147,147,160,180,80,100,100,100,126,137,206,306,18,68,3,16,16,93,93,106,106,106,126,3,32,32,32,106,106,117,150,163,175,175,175,175],"floor_reached":52,"language":"KOR","playtime":2523,"items_purged":["Strike_B","Strike_B","Strike_B"],"score":2342,"play_id":"3d42329d-5861-4a06-a506-806dcafdc1f5","local_time":"20210210153806","is_ascension_mode":true,"campfire_choices":[{"data":"Zap","floor":8.0,"key":"SMITH"},{"data":"Consume","floor":11.0,"key":"SMITH"},{"data":"Dualcast","floor":15.0,"key":"SMITH"},{"data":"Capacitor","floor":23.0,"key":"SMITH"},{"floor":32.0,"key":"REST"},{"data":"Recycle","floor":42,"key":"SMITH"},{"data":"Defend_B","floor":44,"key":"PURGE"},{"data":"Defend_B","floor":49,"key":"PURGE"}],"circlet_count":0,"master_deck":["AscendersBane","Defend_B","Defend_B","Zap+1","Dualcast+1","Undo","Consume+1","Compile Driver","BootSequence","Capacitor+1","Ball Lightning","Electrodynamics+1","Coolheaded+1","Hologram+1","Recycle+1","Chill+1","Defragment+1","Glacier+1","Core Surge","Skim+1","Defragment+1","Echo Form+1","Coolheaded+1","Chill+1","Heatsinks+1"],"relics":["Cracked Core","NeowsBlessing","Thread and Needle","Sundial","Pantograph","Shuriken","Frozen Egg 2","SacredBark","The Courier","Toxic Egg 2","Shovel","HornCleat","Inserter","Peace Pipe","Mummified Hand","Incense Burner"],"acts_visited":["Exordium","TheCity","TheBeyond"],"potions_floor_usage":[40,40,46,46],"damage_taken":[{"damage":0.0,"enemies":"Jaw Worm","floor":1.0,"turns":1.0},{"damage":0.0,"enemies":"2 Louse","floor":5.0,"turns":1.0},{"damage":0.0,"enemies":"Lagavulin","floor":6.0,"turns":1.0},{"damage":27.0,"enemies":"Gremlin Nob","floor":10.0,"turns":4.0},{"damage":0.0,"enemies":"Cultist","floor":13.0,"turns":4.0},{"damage":11.0,"enemies":"3 Sentries","floor":14.0,"turns":8.0},{"damage":2.0,"enemies":"Hexaghost","floor":16.0,"turns":9.0},{"damage":0.0,"enemies":"Spheric Guardian","floor":18.0,"turns":4.0},{"damage":0.0,"enemies":"2 Thieves","floor":19.0,"turns":2.0},{"damage":0.0,"enemies":"Snecko","floor":21.0,"turns":6.0},{"damage":9.0,"enemies":"Slavers","floor":24.0,"turns":6.0},{"damage":4.0,"enemies":"3 Cultists","floor":25.0,"turns":4.0},{"damage":1.0,"enemies":"Colosseum Slavers","floor":27.0,"turns":6.0},{"damage":49.0,"enemies":"Colosseum Nobs","floor":27.0,"turns":4.0},{"damage":0.0,"enemies":"Centurion and Healer","floor":31.0,"turns":6.0},{"damage":0.0,"enemies":"Champ","floor":33.0,"turns":14.0},{"damage":0.0,"enemies":"3 Shapes","floor":35.0,"turns":7.0},{"damage":7.0,"enemies":"3 Darklings","floor":38.0,"turns":4.0},{"damage":63,"enemies":"Reptomancer","floor":40,"turns":7},{"damage":2,"enemies":"Sphere and 2 Shapes","floor":45,"turns":4},{"damage":0,"enemies":"Nemesis","floor":46,"turns":7},{"damage":1,"enemies":"Transient","floor":47,"turns":6},{"damage":2,"enemies":"Maw","floor":48,"turns":6},{"damage":0,"enemies":"Time Eater","floor":50,"turns":12},{"damage":0,"enemies":"Donu and Deca","floor":51,"turns":9}],"seed_played":"-8348556717952226120","potions_obtained":[{"floor":1.0,"key":"Block Potion"},{"floor":14.0,"key":"DistilledChaos"},{"floor":16.0,"key":"Block Potion"},{"floor":18.0,"key":"EntropicBrew"},{"floor":19.0,"key":"Fruit Juice"},{"floor":31.0,"key":"Ancient Potion"},{"floor":45,"key":"DistilledChaos"},{"floor":46,"key":"Fruit Juice"}],"is_trial":false,"path_per_floor":["M","?","?","?","M","E","T","R","T","E","R","$","M","E","R","B",null,"M","M","$","M","?","R","E","M","T","?","$","?","$","M","R","B",null,"M","?","?","M","$","E","?","R","T","R","M","E","M","M","R","B","B",null],"character_chosen":"DEFECT","items_purchased":["BootSequence","Capacitor","Defragment+1","Glacier+1","Core Surge","Skim+1","Defragment+1","Coolheaded+1"],"campfire_rested":1,"item_purchase_floors":[12,12,28,28,28,28,30,39],"current_hp_per_floor":[64,64,53,58,58,58,58,58,58,31,31,31,31,20,20,43,68,68,78,78,78,78,78,69,65,65,15,15,7,7,7,32,57,79,79,79,79,72,72,9,71,71,71,71,69,79,78,76,76,81,81],"gold":175,"neow_bonus":"THREE_ENEMY_KILL","is_daily":false,"chose_seed":false,"campfire_upgraded":5,"win_rate":0.0,"timestamp":1612939086,"path_taken":["M","?","?","?","M","E","?","R","T","E","R","?","M","E","R","BOSS","M","M","$","M","?","R","E","?","T","?","$","?","$","?","R","BOSS","M","?","?","M","$","E","?","R","T","R","M","E","M","?","R","BOSS","BOSS"],"items_purchased_type":["Card","Card","Card","Card","Card","Card","Card","Card"],"build_version":"2020-12-22","purchased_purges":3,"victory":true,"max_hp_per_floor":[71,71,71,76,76,76,76,76,76,76,76,76,76,76,76,76,76,76,86,86,86,86,86,86,86,86,86,86,86,86,86,86,86,86,86,86,86,86,86,86,71,71,71,71,71,81,81,81,81,81,81],"card_choices":[{"not_picked":["Turbo","Beam Cell"],"picked":"Undo","floor":1.0},{"not_picked":["Leap","Compile Driver"],"picked":"Consume","floor":5.0},{"not_picked":["Steam","FTL"],"picked":"Compile Driver","floor":6.0},{"not_picked":["Redo","Turbo"],"picked":"Cold Snap","floor":10.0},{"not_picked":["Conserve Battery","FTL"],"picked":"Ball Lightning","floor":13.0},{"not_picked":["Redo","Aggregate","Sweeping Beam"],"picked":"SKIP","floor":14.0},{"not_picked":["Seek","All For One"],"picked":"Electrodynamics+1","floor":16.0},{"not_picked":["Rebound","Compile Driver"],"picked":"Coolheaded","floor":18.0},{"not_picked":["Streamline","Steam"],"picked":"Hologram+1","floor":19.0},{"not_picked":["Conserve Battery","Static Discharge+1","Hello World+1"],"picked":"SKIP","floor":21.0},{"not_picked":["Rebound","Doom and Gloom","Conserve Battery"],"picked":"SKIP","floor":24.0},{"not_picked":["Reprogram","Redo+1"],"picked":"Recycle","floor":25.0},{"not_picked":["Reprogram+1","White Noise+1"],"picked":"Chill+1","floor":27.0},{"not_picked":["Sweeping Beam","Leap+1","Glacier+1"],"picked":"SKIP","floor":31.0},{"not_picked":["Amplify+1","Machine Learning+1"],"picked":"Echo Form+1","floor":33.0},{"not_picked":["Streamline","Rip and Tear","White Noise+1"],"picked":"SKIP","floor":35.0},{"not_picked":["Recycle+1","Turbo+1","White Noise+1"],"picked":"SKIP","floor":38.0},{"not_picked":["Streamline","Core Surge"],"picked":"Chill+1","floor":40},{"not_picked":["Beam Cell","Cold Snap","Stack+1"],"picked":"SKIP","floor":45},{"not_picked":["Sweeping Beam+1","Double Energy+1"],"picked":"Heatsinks+1","floor":46},{"not_picked":["Scrape+1","Auto Shields+1","Chill+1"],"picked":"SKIP","floor":47},{"not_picked":["Coolheaded+1","Self Repair+1","Cold Snap"],"picked":"SKIP","floor":48}],"player_experience":947369,"relics_obtained":[{"floor":6.0,"key":"Thread and Needle"},{"floor":7.0,"key":"Sundial"},{"floor":9.0,"key":"Pantograph"},{"floor":10.0,"key":"Shuriken"},{"floor":14.0,"key":"Frozen Egg 2"},{"floor":24.0,"key":"The Courier"},{"floor":26.0,"key":"Toxic Egg 2"},{"floor":27.0,"key":"Shovel"},{"floor":27.0,"key":"HornCleat"},{"floor":40,"key":"Peace Pipe"},{"floor":43,"key":"Mummified Hand"},{"floor":46,"key":"Incense Burner"}],"event_choices":[{"cards_removed":["Strike_B"],"damage_healed":0.0,"max_hp_gain":0.0,"max_hp_loss":0.0,"gold_gain":0.0,"event_name":"Living Wall","player_choice":"Forget","floor":2.0,"gold_loss":0.0,"damage_taken":0.0},{"damage_healed":0.0,"max_hp_gain":0.0,"max_hp_loss":0.0,"gold_gain":75.0,"event_name":"World of Goop","player_choice":"Gather Gold","floor":3.0,"gold_loss":0.0,"damage_taken":11.0},{"damage_healed":0.0,"max_hp_gain":5.0,"max_hp_loss":0.0,"gold_gain":0.0,"event_name":"Big Fish","player_choice":"Donut","floor":4.0,"gold_loss":0.0,"damage_taken":0.0},{"damage_healed":0.0,"max_hp_gain":0.0,"max_hp_loss":0.0,"gold_gain":0.0,"event_name":"Upgrade Shrine","player_choice":"Upgraded","floor":22.0,"gold_loss":0.0,"damage_taken":0.0,"cards_upgraded":["Coolheaded"]},{"damage_healed":0.0,"max_hp_gain":0.0,"max_hp_loss":0.0,"gold_gain":0.0,"event_name":"Colosseum","player_choice":"Fight","floor":27.0,"gold_loss":0.0,"damage_taken":0.0},{"damage_healed":0.0,"max_hp_gain":0.0,"max_hp_loss":0.0,"gold_gain":0.0,"event_name":"Colosseum","player_choice":"Fought Nobs","floor":27.0,"gold_loss":0.0,"damage_taken":0.0},{"damage_healed":0.0,"max_hp_gain":0.0,"max_hp_loss":0.0,"gold_gain":50.0,"event_name":"FaceTrader","player_choice":"Touch","floor":29.0,"gold_loss":0.0,"damage_taken":8.0},{"cards_removed":["Cold Snap"],"damage_healed":0.0,"max_hp_gain":0.0,"max_hp_loss":0.0,"gold_gain":0.0,"event_name":"Falling","player_choice":"Removed Attack","floor":36.0,"gold_loss":0.0,"damage_taken":0.0},{"damage_healed":0.0,"max_hp_gain":0.0,"max_hp_loss":0.0,"gold_gain":0.0,"event_name":"Tomb of Lord Red Mask","player_choice":"Ignored","floor":37.0,"gold_loss":0.0,"damage_taken":0.0},{"damage_healed":71,"gold_gain":0,"player_choice":"Heal","damage_taken":0,"max_hp_gain":0,"max_hp_loss":15,"event_name":"The Moai Head","floor":41,"gold_loss":0}],"is_beta":false,"boss_relics":[{"not_picked":["FrozenCore","Astrolabe"],"picked":"SacredBark"},{"not_picked":["Sozu","Empty Cage"],"picked":"Inserter"}],"items_purged_floors":[12,20,39],"is_endless":false,"potions_floor_spawned":[1,14,16,18,19,31,45,46],"ascension_level":20}}