{"host":"Hutts","time":1612930202,"event":{"mods":["BaseMod","Downfall","Googly Eyes","Minty Spire (QoL Compilation)","StSLib","The Cursed","The IronCluck"],"gold_per_floor":[99,110,110,110,48,76,150,163,163,174,274,274,274,285,301,405,405,405,421,421,435,22,38,91,27,127,142,142,104,104,121,138,239,239,239,254,11,26,26,26,73,83,115,130,155,175,190,65,76,76],"floor_reached":51,"language":"ENG","playtime":7129,"items_purged":["Guardian:Defend_Guardian","Shame","downfall:Malfunctioning"],"score":928,"play_id":"ee8e1d95-8bc5-40bd-a478-f5f6b4504128","local_time":"20210209221002","is_ascension_mode":true,"campfire_choices":[{"data":"Guardian:TwinSlam","floor":1,"key":"SMITH"},{"floor":13,"key":"REST"},{"data":"Guardian:FierceBash","floor":18,"key":"SMITH"},{"data":"expansioncontent:DashGenerateEvil","floor":28,"key":"SMITH"},{"data":"Guardian:ConstructionForm","floor":30,"key":"SMITH"},{"data":"Guardian:ConstructionForm","floor":35,"key":"SMITH"},{"data":"Guardian:Preprogram","floor":40,"key":"SMITH"}],"circlet_count":0,"master_deck":["Guardian:Defend_Guardian","Guardian:Defend_Guardian","Guardian:Defend_Guardian","Guardian:CurlUp","Guardian:TwinSlam+1","Guardian:Recover+1","Guardian:TemporalStrike","Guardian:Planning","Guardian:Incinerate","Guardian:TimeSifter","Guardian:TemporalStrike","Guardian:TimeCapacitor","Guardian:FierceBash+1","Guardian:Clone+1","Slimebound:Tackle+1","Slimebound:Tackle+1","Slimebound:Tackle+1","Guardian:Emergency+1","Guardian:FierceBash+1","expansioncontent:DashGenerateEvil+1","TheCursedMod:Dregs","Guardian:ConstructionForm+1","Guardian:Planning","Guardian:TemporalStrike","Guardian:Planning+1","Guardian:Preprogram+1","Guardian:Recover+1","Guardian:ConstructionForm+1","Panache","Guardian:Clone","Guardian:Clone+1","Doubt","Guardian:Preprogram","Guardian:Suspension+1"],"relics":["Guardian:ModeShifterPlus","downfall:ExtraCursedKey","downfall:ShatteredFragment","Anchor","Gremlin Horn","DollysMirror","Centennial Puzzle","Regal Pillow","Ice Cream","Bottled Tornado","expansioncontent:StudyCardRelic","Bag of Preparation","Oddly Smooth Stone","Mummified Hand"],"acts_visited":["Exordium","TheCity","TheBeyond"],"potions_floor_usage":[10,11,11,22,31,33,33,42,50],"damage_taken":[{"damage":1,"enemies":"Cultist","floor":2,"turns":4},{"damage":5,"enemies":"downfall:FleeingMerchant","floor":5,"turns":4},{"damage":5,"enemies":"Gremlin Nob","floor":6,"turns":4},{"damage":2,"enemies":"Small Slimes","floor":8,"turns":3},{"damage":0,"enemies":"2 Louse","floor":10,"turns":2},{"damage":9,"enemies":"downfall:Heads","floor":11,"turns":5},{"damage":0,"enemies":"Lots of Slimes","floor":14,"turns":3},{"damage":2,"enemies":"Blue Slaver","floor":15,"turns":3},{"damage":2,"enemies":"SI_SHIV_ARCHETYPE","floor":16,"turns":9},{"damage":0,"enemies":"Shell Parasite","floor":19,"turns":3},{"damage":0,"enemies":"Spheric Guardian","floor":21,"turns":3},{"damage":0,"enemies":"downfall:FleeingMerchant","floor":22,"turns":4},{"damage":0,"enemies":"Snake Plant","floor":23,"turns":2},{"damage":0,"enemies":"downfall:FleeingMerchant","floor":25,"turns":4},{"damage":0,"enemies":"Colosseum Nobs","floor":26,"turns":4},{"damage":0,"enemies":"Snecko","floor":27,"turns":4},{"damage":0,"enemies":"Chosen and Byrds","floor":31,"turns":3},{"damage":0,"enemies":"Cultist and Chosen","floor":32,"turns":4},{"damage":0,"enemies":"IC_MUSHROOM_ARCHETYPE","floor":33,"turns":4},{"damage":0,"enemies":"3 Darklings","floor":36,"turns":3},{"damage":0,"enemies":"Orb Walker","floor":38,"turns":3},{"damage":0,"enemies":"Writhing Mass","floor":42,"turns":5},{"damage":0,"enemies":"Nemesis","floor":43,"turns":5},{"damage":0,"enemies":"3 Darklings","floor":44,"turns":4},{"damage":0,"enemies":"Giant Head","floor":45,"turns":5},{"damage":0,"enemies":"4 Shapes","floor":46,"turns":2},{"damage":0,"enemies":"Maw","floor":47,"turns":6},{"damage":0,"enemies":"Spire Growth","floor":49,"turns":4},{"damage":0,"enemies":"WA_ARCHETYPE_DIVINITY","floor":50,"turns":10}],"seed_played":"1685713375840820414","potions_obtained":[{"floor":6,"key":"Slimebound:ThreeZeroPotion"},{"floor":9,"key":"PowerPotion"},{"floor":9,"key":"Regen Potion"},{"floor":14,"key":"Guardian:BlockOnCardUsePotion"},{"floor":19,"key":"champ:CounterPotion"},{"floor":26,"key":"SkillPotion"},{"floor":27,"key":"Explosive Potion"},{"floor":31,"key":"Weak Potion"},{"floor":38,"key":"SkillPotion"},{"floor":45,"key":"Block Potion"},{"floor":46,"key":"LiquidMemories"}],"is_trial":false,"path_per_floor":["R","M","?","?","$","E","T","M","?","M","?","?","R","M","M","B",null,"R","M","?","M","$","M","T","$","?","M","R","$","R","M","M","B",null,"R","M","$","M","?","R","T","M","E","M","E","M","M","$","M","B",null],"character_chosen":"GUARDIAN","items_purchased":["Guardian:TemporalStrike","DollysMirror","expansioncontent:DashGenerateEvil","Guardian:Gem_Yellow","Guardian:Planning","Guardian:TemporalStrike","Regal Pillow","Guardian:Preprogram","Panache","Guardian:Clone"],"campfire_rested":1,"item_purchase_floors":[5,22,22,25,25,25,25,29,37,37],"current_hp_per_floor":[72,71,71,47,42,37,37,35,35,40,31,31,59,59,57,55,96,96,96,96,96,96,96,96,96,96,96,96,96,96,96,96,96,96,96,96,96,96,96,96,96,96,96,96,96,96,96,96,96,96],"gold":76,"neow_bonus":"TWENTY_PERCENT_HP_BONUS","is_daily":false,"chose_seed":false,"campfire_upgraded":6,"win_rate":0.0,"timestamp":1612930202,"path_taken":["R","M","?","?","$","E","T","M","?","?","?","?","R","M","M","BOSS","R","M","?","M","$","M","T","?","?","M","R","?","R","?","M","BOSS","R","M","$","M","?","R","T","M","E","M","E","?","M","$","M","BOSS"],"items_purchased_type":["Card","Relic","Card","Card","Card","Card","Relic","Card","Card","Card"],"build_version":"2020-12-18","purchased_purges":3,"victory":true,"max_hp_per_floor":[96,96,96,96,96,96,96,96,96,96,96,96,96,96,96,96,96,96,96,96,96,96,96,96,96,96,96,96,96,96,96,96,96,96,96,96,96,96,96,96,96,96,96,96,96,96,96,96,96,96],"card_choices":[{"not_picked":["Guardian:CrystalBeam","Guardian:Gem_Cyan"],"picked":"Guardian:Recover","floor":2},{"not_picked":["Guardian:HyperBeam_Guardian","Guardian:Suspension"],"picked":"Guardian:Gem_Yellow","floor":5},{"not_picked":["Guardian:SentryBeam","Guardian:Gem_Red"],"picked":"Guardian:Planning","floor":6},{"not_picked":["Guardian:PrimingBeam","Guardian:Recover"],"picked":"Guardian:Gem_Yellow","floor":8},{"not_picked":["Guardian:EvasiveProtocol","Guardian:ShieldCharger"],"picked":"Guardian:Incinerate","floor":10},{"not_picked":["Guardian:Planning","Guardian:Reroute"],"picked":"Guardian:TemporalStrike","floor":11},{"not_picked":["Guardian:RevengeProtocol","Guardian:TemporalShield"],"picked":"Guardian:TimeCapacitor","floor":14},{"not_picked":["Guardian:PrimingBeam","Guardian:Gem_Lightblue"],"picked":"Guardian:Gem_Fragmented","floor":15},{"not_picked":["Guardian:AncientConstruct","Guardian:ExploitGems"],"picked":"Guardian:FierceBash","floor":16},{"not_picked":["Guardian:PiercingHide","Guardian:Gem_Crimson"],"picked":"Guardian:Clone+1","floor":19},{"not_picked":["Guardian:ArmoredProtocol","Guardian:CrystalBeam"],"picked":"Guardian:Emergency+1","floor":21},{"not_picked":["Guardian:Gem_Green","Guardian:Recover"],"picked":"Guardian:Gem_Cyan","floor":22},{"not_picked":["Guardian:TemporalStrike","Guardian:Gem_Green"],"picked":"Guardian:Gem_Yellow","floor":23},{"not_picked":["Guardian:SentryBeam+1","Guardian:BronzeArmor"],"picked":"Guardian:ConstructionForm","floor":25},{"not_picked":["Guardian:Harden","Guardian:PrimingBeam"],"picked":"Guardian:Planning+1","floor":27},{"not_picked":["Guardian:Orbwalk","Guardian:Recover+1","Guardian:ChargeCore"],"picked":"SKIP","floor":31},{"not_picked":["Guardian:Reroute","Guardian:Harden"],"picked":"Guardian:Recover+1","floor":32},{"not_picked":["Guardian:StasisField","Guardian:GatlingBeam"],"picked":"Guardian:ConstructionForm","floor":33},{"not_picked":["Guardian:Gem_Red","Guardian:Gem_Fragmented","Guardian:WalkerClaw+1"],"picked":"SKIP","floor":36},{"not_picked":["Guardian:FloatingOrbs","Guardian:ChargeCore+1","Guardian:Gem_Red"],"picked":"SKIP","floor":38},{"not_picked":["Guardian:Gem_Red","Guardian:VentSteam+1","Guardian:Gem_Cyan"],"picked":"SKIP","floor":42},{"not_picked":["Guardian:PolyBeam","Guardian:DecasProtection+1"],"picked":"Guardian:Preprogram","floor":43},{"not_picked":["Guardian:FloatingOrbs","Guardian:Gem_Red","Guardian:Incinerate"],"picked":"SKIP","floor":44},{"not_picked":["Guardian:StasisField","Guardian:TemporalStrike+1","Guardian:ChargeCore"],"picked":"SKIP","floor":45},{"not_picked":["Guardian:TemporalStrike+1","Guardian:VentSteam"],"picked":"Guardian:Suspension+1","floor":46},{"not_picked":["Guardian:Reroute","Guardian:PrismaticBeam","Guardian:Planning"],"picked":"SKIP","floor":47},{"not_picked":["Guardian:Planning+1","Guardian:EvasiveProtocol+1","Guardian:Suspension"],"picked":"SKIP","floor":49}],"player_experience":1035332,"relics_obtained":[{"floor":6,"key":"Anchor"},{"floor":7,"key":"Gremlin Horn"},{"floor":24,"key":"Centennial Puzzle"},{"floor":26,"key":"Ice Cream"},{"floor":26,"key":"Bottled Tornado"},{"floor":41,"key":"Bag of Preparation"},{"floor":43,"key":"Oddly Smooth Stone"},{"floor":45,"key":"Mummified Hand"}],"event_choices":[{"damage_healed":0,"gold_gain":0,"player_choice":"Got Potions","damage_taken":0,"max_hp_gain":0,"max_hp_loss":0,"event_name":"Lab","floor":9,"gold_loss":0},{"cards_removed":["Clumsy"],"damage_healed":0,"gold_gain":0,"player_choice":"Card Removal","damage_taken":0,"max_hp_gain":0,"max_hp_loss":0,"event_name":"The Cleric","floor":12,"gold_loss":0}],"is_beta":true,"boss_relics":[{"not_picked":["bronze:MakeshiftBattery","Coffee Dripper"],"picked":"Guardian:ModeShifterPlus"},{"not_picked":["Fusion Hammer","SacredBark"],"picked":"expansioncontent:StudyCardRelic"}],"items_purged_floors":[22,25,48],"is_endless":false,"potions_floor_spawned":[6,14,19,26,27,31,32,38,45,46],"ascension_level":1}}