{"host":"j4tm1fhkymdbe3p9","time":1612933637,"event":{"mods":["A Magickal Journey","BaseMod","Better Third Choice","BetterRewards","Chen","Downfall","Hermit","Hubris","Infinite Spire","Koishi","Luminous","Marisa????????","Mimic Mod","Minty Spire (QoL Compilation)","Reimu??????","Remilia??????","Replay The Spire","Shade Mod","Shop Mod","StSLib","The Administrix","The Animator","The Blackbeard","The Bladedancer","The Construct","The Cursed","The Disciple","The Druid","The Exalted","The Gatherer","The Hierophant","The Mystic","The Necromancer","The Runesmith","The Servant 0.9.4","The Spell Scribe","TheSwordswoman","??????REMEMod"],"gold_per_floor":[109,119,136,136,136,136,161,161,161,161,174,201,129,140,140,244,244,256,256,256,256,276,304,316,316,339,339,353,63,82,115,115,217,217,234,247,267,281,296,321,321,321,321,321,336,354,373,191,191,191],"floor_reached":51,"language":"ENG","playtime":2569,"items_purged":["Voices","theDruid:Strike_O"],"score":611,"play_id":"074e90c4-b65e-4eb3-bc5d-4744dd21dffd","local_time":"20210210000717","is_ascension_mode":false,"campfire_choices":[{"data":"theDruid:SurvivalCache","floor":6,"key":"SMITH"},{"floor":8,"key":"REST"},{"floor":15,"key":"REST"},{"floor":25,"key":"REST"},{"floor":27,"key":"REST"},{"floor":32,"key":"DIG"},{"data":"theDruid:Defend_O","floor":41,"key":"PURGE"},{"data":"theDruid:Strike_O","floor":44,"key":"PURGE"},{"data":"theDruid:Strike_O","floor":49,"key":"PURGE"}],"circlet_count":0,"master_deck":["theDruid:Strike_O","theDruid:Defend_O","theDruid:Defend_O","theDruid:Defend_O","theDruid:BriarArmor","theDruid:WildSlash","Phantasmal Killer","theDruid:ThornStrike","theDruid:Slingshot","theDruid:SurvivalCache+1","theDruid:Slingshot","theDruid:TwilightsCall","Blade Dance","Escape Plan+1","theScribe:ScrollOfShadows","theDruid:Slingshot","theDruid:TearOpen+1","Conserve Battery","Guardian:Planning","Slimebound:SamplingLick+1","Shade:PotionOfRestlessness+1","sneckomod:SoulDraw+1","sneckomod:UnendingSupply+1","Magicka:ExoticBladeCard","theDruid:Restoration"],"relics":["theDruid:CrownOfTheWilds","REME_ComplimentaryCards","Boot","PrismaticShard","ReplayTheSpireMod:Ninjato","infinitespire:CheckeredPen","Ancient Tea Set","Runesmith:UraniumAnvil","m_SpellCore","Peace Pipe","Blood Vial","ReplayTheSpireMod:CursedCoin","Strawberry","Red Mask","ReplayTheSpireMod:Lightbulb","Replay:Grab Bag","hubris:VirtuousBlindfold","Fusion Hammer","hubris:Backtick","Shuriken","infinitespire:Satchel","Runesmith:AutoHammer"],"acts_visited":["Exordium","TheCity","TheBeyond"],"potions_floor_usage":[16,16,22,22,22,45,47,50],"damage_taken":[{"damage":2,"enemies":"Small Slimes","floor":1,"turns":4},{"damage":6,"enemies":"Jaw Worm","floor":2,"turns":2},{"damage":0,"enemies":"2 Louse","floor":3,"turns":2},{"damage":28,"enemies":"Gremlin Nob","floor":7,"turns":4},{"damage":0,"enemies":"2 Fungi Beasts","floor":11,"turns":2},{"damage":19,"enemies":"Replay:BlueRogue","floor":12,"turns":3},{"damage":2,"enemies":"Blue Slaver","floor":14,"turns":3},{"damage":0,"enemies":"Slime Boss","floor":16,"turns":4},{"damage":5,"enemies":"Shell Parasite","floor":18,"turns":4},{"damage":0,"enemies":"3 Byrds","floor":22,"turns":3},{"damage":33,"enemies":"Slavers","floor":23,"turns":4},{"damage":16,"enemies":"Shelled Parasite and Fungi","floor":24,"turns":3},{"damage":0,"enemies":"Centurion and Healer","floor":28,"turns":2},{"damage":9,"enemies":"Snake Plant","floor":30,"turns":3},{"damage":1,"enemies":"Masked Bandits","floor":31,"turns":2},{"damage":39,"enemies":"Champ","floor":33,"turns":7},{"damage":0,"enemies":"Orb Walker","floor":35,"turns":2},{"damage":0,"enemies":"3 Shapes","floor":36,"turns":3},{"damage":7,"enemies":"Sphere and 2 Shapes","floor":37,"turns":3},{"damage":0,"enemies":"Spire Growth","floor":38,"turns":2},{"damage":0,"enemies":"Transient","floor":39,"turns":5},{"damage":1,"enemies":"R_Hoarder","floor":40,"turns":4},{"damage":1,"enemies":"Maw","floor":45,"turns":4},{"damage":11,"enemies":"3 Darklings","floor":46,"turns":3},{"damage":0,"enemies":"Transient","floor":47,"turns":5},{"damage":45,"enemies":"Replay:Hell Engine","floor":50,"turns":4}],"seed_played":"1970330518391688554","potions_obtained":[{"floor":2,"key":"SkillPotion"},{"floor":12,"key":"PowerPotion"},{"floor":14,"key":"BlessingOfTheForge"},{"floor":16,"key":"BlessingOfTheForge"},{"floor":18,"key":"Languid Potion"},{"floor":33,"key":"sneckomod:MuddlingPotion"},{"floor":35,"key":"ZuzhouPotion:ReiMu"},{"floor":37,"key":"Block Potion"},{"floor":46,"key":"ColorlessPotion"}],"is_trial":false,"path_per_floor":["M","M","M","?","?","R","E","R","T","?","M","E","$","M","R","B",null,"M","?","?","?","M","E","M","R","T","R","M","$","M","?","R","B",null,"M","M","M","M","M","E","R","?","T","R","M","M","M","$","R","B",null],"character_chosen":"DRUID","items_purchased":["theDruid:Slingshot","theDruid:TwilightsCall","ReplayTheSpireMod:CursedCoin","theDruid:Slingshot","theDruid:TearOpen+1","Strawberry","Conserve Battery","theDruid:Restoration"],"campfire_rested":4,"item_purchase_floors":[13,13,29,29,29,29,29,48],"current_hp_per_floor":[73,67,67,72,72,72,44,68,68,68,68,49,49,47,71,71,80,75,75,75,75,75,42,26,50,50,74,76,83,76,77,77,40,87,87,87,80,82,84,85,85,85,85,85,86,76,78,78,78,35],"gold":191,"neow_bonus":"RANDOM_COMMON_RELIC","is_daily":false,"chose_seed":false,"campfire_upgraded":1,"win_rate":0.0,"timestamp":1612933637,"path_taken":["M","M","M","?","?","R","E","R","T","?","M","E","$","M","R","BOSS","M","?","?","?","M","E","M","R","T","R","?","$","M","?","R","BOSS","M","M","M","M","M","E","R","?","T","R","M","M","?","$","R","BOSS"],"items_purchased_type":["Card","Card","Relic","Card","Card","Relic","Card","Card"],"build_version":"2020-12-22","purchased_purges":2,"victory":true,"max_hp_per_floor":[75,75,75,80,80,80,80,80,80,80,80,80,80,80,80,80,80,80,80,80,80,80,80,80,80,80,80,80,87,87,87,87,87,87,87,87,87,87,87,87,87,87,87,87,87,87,87,87,87,87],"card_choices":[{"not_picked":["theDruid:BlessedStrike","theDruid:Guidance"],"picked":"theDruid:ThornStrike","floor":1},{"not_picked":["theDruid:Recoil","theDruid:Entangle"],"picked":"theDruid:Slingshot","floor":2},{"not_picked":["theDruid:Gore","theDruid:FelineGrace"],"picked":"theDruid:SurvivalCache","floor":3},{"not_picked":["construct:HeavyBolt","expansioncontent:Chronoboost","Negative_Energy_Shield"],"picked":"SKIP","floor":7},{"not_picked":["hexamod:NightmareGuise","blademaster:SlyStabs","Magicka:SnowballCard"],"picked":"SKIP","floor":11},{"not_picked":["blazmod:Trasient","Slimebound:Schlurp","hierophant:Mercenaries"],"picked":"SKIP","floor":12},{"not_picked":["theScribe:MagicMissiles","TheCursedMod:CursedAmulet","blademaster:ColdBlood"],"picked":"SKIP","floor":14},{"not_picked":["Collapse","Life Link","animator:Ciel"],"picked":"SKIP","floor":18},{"not_picked":["Koishi:FreudianInstinct","animator:ElricEdward"],"picked":"Blade Dance","floor":22},{"not_picked":["blademaster:Breeze","Replay:AtTheReady"],"picked":"Escape Plan+1","floor":23},{"not_picked":["Ricochet","hexamod:StepThrough"],"picked":"theScribe:ScrollOfShadows","floor":24},{"not_picked":["theScribe:RecklessResponse","animator:Alexander","Luminous:Dark_Morning_Star"],"picked":"SKIP","floor":28},{"not_picked":["Slimebound:RollThrough","Protect"],"picked":"Guardian:Planning","floor":30},{"not_picked":["Koishi:UnseenTerror","AdministrixMod:XianArts+1"],"picked":"Slimebound:SamplingLick+1","floor":35},{"not_picked":["UnstableMagic+1","Magicka:SlipperyLightningCard+1","mysticmod:DiviningBlow+1"],"picked":"SKIP","floor":36},{"not_picked":["TheCursedMod:PrepareRite","animator:DwarfShaman+1","Blood_Whip+1"],"picked":"SKIP","floor":37},{"not_picked":["blazmod:BlindingFlash","hexamod:EmpoweredFlame+1"],"picked":"Shade:PotionOfRestlessness+1","floor":38},{"not_picked":["Koishi:PhilosophyOfTheDespised","Magicka:SlipperyDeathCard+1","animator:Priestess"],"picked":"SKIP","floor":39},{"not_picked":["animator:Urushihara","Magicka:SausageFingersCard+1"],"picked":"sneckomod:SoulDraw+1","floor":40},{"not_picked":["BloodAndWine","AdministrixMod:TouchOfCinnabar+1"],"picked":"sneckomod:UnendingSupply+1","floor":45},{"not_picked":["Slimebound:ItLooksTasty+1","Cloudkill"],"picked":"Magicka:ExoticBladeCard","floor":46},{"not_picked":["bronze:WildBeam+1","Bromod:DriftingContact","Slimebound:Prepare+1"],"picked":"SKIP","floor":47}],"player_experience":618589,"relics_obtained":[{"floor":7,"key":"ReplayTheSpireMod:Ninjato"},{"floor":9,"key":"infinitespire:CheckeredPen"},{"floor":12,"key":"Ancient Tea Set"},{"floor":23,"key":"Peace Pipe"},{"floor":26,"key":"Blood Vial"},{"floor":31,"key":"Red Mask"},{"floor":32,"key":"ReplayTheSpireMod:Lightbulb"},{"floor":40,"key":"infinitespire:Satchel"},{"floor":43,"key":"Runesmith:AutoHammer"}],"event_choices":[{"damage_healed":0,"gold_gain":0,"player_choice":"Donut","damage_taken":0,"max_hp_gain":5,"max_hp_loss":0,"event_name":"Big Fish","floor":4,"gold_loss":0},{"damage_healed":0,"gold_gain":0,"player_choice":"Ignored","damage_taken":0,"max_hp_gain":0,"max_hp_loss":0,"event_name":"Vampires","floor":19,"gold_loss":0},{"damage_healed":0,"gold_gain":0,"player_choice":"Fought Bandits","damage_taken":0,"max_hp_gain":0,"max_hp_loss":0,"event_name":"Masked Bandits","floor":31,"gold_loss":0},{"damage_healed":0,"gold_gain":0,"player_choice":"Bought 0 Potions","damage_taken":0,"max_hp_gain":0,"max_hp_loss":0,"event_name":"The Woman in Blue","floor":42,"gold_loss":0}],"is_beta":false,"boss_relics":[{"not_picked":["hubris:BlackHole","hubris:RunicObelisk"],"picked":"Runesmith:UraniumAnvil"},{"not_picked":["REME_LowDesire","ChewingGum"],"picked":"Replay:Grab Bag"},{"not_picked":["infinitespire:Cupcake","bronze:MakeshiftBattery"],"picked":"hubris:VirtuousBlindfold"},{"not_picked":["Coffee Dripper","Philosopher\u0027s Stone"],"picked":"Fusion Hammer"},{"not_picked":["REME_DuelDisc","Ring of Chaos"],"picked":"hubris:Backtick"}],"items_purged_floors":[29,48],"is_endless":false,"potions_floor_spawned":[2,12,14,16,18,23,24,33,35,37,46],"ascension_level":0}}