{"host":"5raohst9sk3kvp5v","time":1612933251,"event":{"mods":["BaseMod","Colored Powertips","Highlight Path","Minty Spire (QoL Compilation)","Quick Restart","Relic Stats","StSLib"],"gold_per_floor":[18,35,10,25,37,37,63,126,126,157,157,173,173,173,173,247,247,265,265,216,232,245,245,245,245],"floor_reached":24,"language":"ENG","playtime":1465,"items_purged":[],"score":503,"play_id":"26704b55-670c-4a9b-bb05-ee2d2e84ae63","local_time":"20210209230051","is_ascension_mode":true,"campfire_choices":[{"data":"Barricade","floor":6.0,"key":"SMITH"},{"floor":11.0,"key":"REST"},{"data":"Body Slam","floor":13.0,"key":"SMITH"},{"data":"Metallicize","floor":15.0,"key":"SMITH"},{"floor":23.0,"key":"REST"}],"circlet_count":0,"master_deck":["AscendersBane","Strike_R","Strike_R","Strike_R","Strike_R","Defend_R","Defend_R","Defend_R","Defend_R","Bash","Barricade+1","Hemokinesis","Body Slam+1","Pommel Strike","Feel No Pain","Carnage","Shrug It Off","Metallicize+1","Corruption","Dual Wield+1","Impervious","Ghostly Armor","Offering","Headbutt"],"relics":["Burning Blood","Blue Candle","Du-Vu Doll","Ginger","Incense Burner","Sozu"],"acts_visited":["Exordium","TheCity"],"potions_floor_usage":[],"damage_taken":[{"damage":12.0,"enemies":"Cultist","floor":1.0,"turns":4.0},{"damage":4.0,"enemies":"2 Louse","floor":2.0,"turns":2.0},{"damage":2.0,"enemies":"Small Slimes","floor":4.0,"turns":2.0},{"damage":13.0,"enemies":"Looter","floor":5.0,"turns":2.0},{"damage":10.0,"enemies":"Gremlin Nob","floor":7.0,"turns":3.0},{"damage":39.0,"enemies":"Lagavulin Event","floor":8.0,"turns":6.0},{"damage":15.0,"enemies":"Lagavulin","floor":10.0,"turns":8.0},{"damage":9.0,"enemies":"Gremlin Gang","floor":12.0,"turns":4.0},{"damage":0.0,"enemies":"The Guardian","floor":16.0,"turns":8.0},{"damage":11.0,"enemies":"Shell Parasite","floor":18.0,"turns":6.0},{"damage":31.0,"enemies":"2 Thieves","floor":20.0,"turns":5.0},{"damage":1.0,"enemies":"Centurion and Healer","floor":21.0,"turns":8.0},{"damage":18.0,"enemies":"Snecko","floor":22.0,"turns":6.0},{"damage":0,"enemies":"Slavers","floor":24,"turns":1}],"seed_played":"-4804266712954242447","potions_obtained":[{"floor":1.0,"key":"Energy Potion"},{"floor":5.0,"key":"BlessingOfTheForge"},{"floor":7.0,"key":"Block Potion"},{"floor":10.0,"key":"DuplicationPotion"}],"is_trial":false,"path_per_floor":["M","M","$","M","M","R","E","?","T","E","R","M","R","?","R","B",null,"M","?","M","M","M","R","E"],"character_chosen":"IRONCLAD","items_purchased":["Pommel Strike"],"campfire_rested":2,"item_purchase_floors":[3],"current_hp_per_floor":[62,64,64,68,61,61,57,24,24,15,37,34,34,34,34,40,66,61,61,36,41,29,51,51,51],"gold":245,"neow_bonus":"THREE_RARE_CARDS","is_daily":false,"chose_seed":false,"campfire_upgraded":3,"win_rate":0.0,"timestamp":1612933251,"path_taken":["M","M","?","M","M","R","E","?","T","E","R","M","R","?","R","BOSS","M","?","M","M","M","R","E"],"items_purchased_type":["Card"],"build_version":"2020-12-22","purchased_purges":0,"victory":false,"max_hp_per_floor":[75,75,75,75,75,75,75,75,75,75,75,75,75,75,75,75,75,75,75,75,75,75,75,75,75],"relic_stats":{"Sozu":2,"counters":[14,64],"Blue Candle":[0],"Ginger":[5],"obtain_stats":[{"Du-Vu Doll":8,"Sozu":17,"Blue Candle":7,"Incense Burner":10,"Ginger":9,"Burning Blood":0},{"Du-Vu Doll":6,"Sozu":9,"Blue Candle":5,"Incense Burner":7,"Ginger":6,"Burning Blood":0},{"Du-Vu Doll":19,"Sozu":39,"Blue Candle":13,"Incense Burner":27,"Ginger":19,"Burning Blood":0}],"Burning Blood":78},"card_choices":[{"not_picked":["Double Tap","Offering"],"picked":"Barricade","floor":0.0},{"not_picked":["Twin Strike","Perfected Strike"],"picked":"Hemokinesis","floor":1.0},{"not_picked":["Thunderclap","Iron Wave"],"picked":"Body Slam","floor":2.0},{"not_picked":["Pummel","Flex"],"picked":"Feel No Pain","floor":4.0},{"not_picked":["Hemokinesis","Perfected Strike"],"picked":"Carnage","floor":5.0},{"not_picked":["Warcry","Blood for Blood"],"picked":"Shrug It Off","floor":7.0},{"not_picked":["Armaments","True Grit"],"picked":"Metallicize","floor":8.0},{"not_picked":["Wild Strike","Burning Pact"],"picked":"Corruption","floor":10.0},{"not_picked":["Armaments","Heavy Blade","Headbutt"],"picked":"SKIP","floor":12.0},{"not_picked":["Demon Form","Corruption"],"picked":"Impervious","floor":16.0},{"not_picked":["Sword Boomerang","Headbutt"],"picked":"Ghostly Armor","floor":18.0},{"not_picked":["Dropkick","Bloodletting","Heavy Blade"],"picked":"SKIP","floor":20.0},{"not_picked":["Warcry","Clothesline"],"picked":"Offering","floor":21.0},{"not_picked":["Flex","Headbutt","Searing Blow"],"picked":"SKIP","floor":22.0},{"not_picked":["Flex","Searing Blow"],"picked":"Headbutt","floor":22.0}],"player_experience":1727518,"relics_obtained":[{"floor":7.0,"key":"Blue Candle"},{"floor":8.0,"key":"Du-Vu Doll"},{"floor":9.0,"key":"Ginger"},{"floor":10.0,"key":"Incense Burner"}],"event_choices":[{"damage_healed":0.0,"max_hp_gain":0.0,"max_hp_loss":0.0,"gold_gain":0.0,"event_name":"Dead Adventurer","player_choice":"Searched \u00271\u0027 times","floor":8.0,"gold_loss":0.0,"damage_taken":0.0},{"damage_healed":0.0,"max_hp_gain":0.0,"max_hp_loss":0.0,"gold_gain":0.0,"cards_transformed":["Strike_R"],"event_name":"Living Wall","player_choice":"Change","floor":14.0,"gold_loss":0.0,"damage_taken":0.0,"cards_obtained":["Dual Wield"]},{"damage_healed":0.0,"max_hp_gain":0.0,"max_hp_loss":0.0,"gold_gain":0.0,"event_name":"Upgrade Shrine","player_choice":"Upgraded","floor":19.0,"gold_loss":0.0,"damage_taken":0.0,"cards_upgraded":["Dual Wield"]}],"is_beta":false,"boss_relics":[{"not_picked":["Fusion Hammer","Philosopher\u0027s Stone"],"picked":"Sozu"}],"items_purged_floors":[],"is_endless":false,"potions_floor_spawned":[1,5,7,10,20,22],"killed_by":"Slavers","ascension_level":19}}