{"host":"fb3cqlxw9llnrhqy","time":1612931869,"event":{"mods":["BaseMod","Downfall","Minty Spire (QoL Compilation)","Quick Restart","StSLib"],"gold_per_floor":[111,61,79,104,114,114,114,114,114],"floor_reached":7,"language":"ZHS","playtime":223,"items_purged":[],"score":41,"play_id":"e74f3a28-43cf-4414-aa29-873364142904","local_time":"20210210123749","daily_mods":["Heirloom","DeadlyEvents","Elite Swarm"],"is_ascension_mode":false,"campfire_choices":[{"data":"bronze:Flail","floor":6,"key":"SMITH"}],"circlet_count":0,"master_deck":["bronze:Strike","bronze:Strike","bronze:Strike","bronze:Defend","bronze:Defend","bronze:Defend","bronze:Defend","bronze:Replicate","bronze:Goto","bronze:Flail+1"],"relics":["bronze:BronzeCore","bronze:AnalyticalCore","Guardian:GemstoneGun","Bag of Marbles"],"acts_visited":["Exordium"],"potions_floor_usage":[],"damage_taken":[{"damage":0,"enemies":"2 Louse","floor":1,"turns":1},{"damage":0,"enemies":"Jaw Worm","floor":3,"turns":1},{"damage":0,"enemies":"Cultist","floor":5,"turns":2},{"damage":0,"enemies":"Lagavulin","floor":7,"turns":2}],"seed_played":"-2052461825849796298","potions_obtained":[{"floor":3,"key":"Swift Potion"},{"floor":5,"key":"bronze:BuildAFunctionPotion"}],"is_trial":true,"path_per_floor":["M","?","M","T","M","R","E"],"character_chosen":"THE_AUTOMATON","items_purchased":[],"campfire_rested":0,"item_purchase_floors":[],"current_hp_per_floor":[70,70,70,70,70,70,70,70,70],"gold":114,"neow_bonus":"","is_daily":false,"chose_seed":false,"campfire_upgraded":1,"win_rate":0.0,"timestamp":1612931869,"path_taken":["M","?","M","?","M","R","?"],"items_purchased_type":[],"build_version":"2020-12-22","purchased_purges":0,"victory":false,"max_hp_per_floor":[70,70,70,70,70,70,70,70,70],"card_choices":[{"not_picked":["bronze:BronzeArmor","bronze:Invalidate","bronze:DelayedGuard"],"picked":"SKIP","floor":1},{"not_picked":["bronze:Branch","bronze:ChildClass"],"picked":"bronze:Flail","floor":3},{"not_picked":["bronze:FineTuning","bronze:Invalidate","bronze:CloningBeam"],"picked":"SKIP","floor":5}],"player_experience":137919,"relics_obtained":[{"floor":4,"key":"Bag of Marbles"}],"event_choices":[{"cards_removed":["bronze:Strike"],"damage_healed":0,"gold_gain":0,"player_choice":"Card Removal","damage_taken":0,"max_hp_gain":0,"max_hp_loss":0,"event_name":"The Cleric","floor":2,"gold_loss":50}],"is_beta":false,"boss_relics":[],"items_purged_floors":[],"is_endless":false,"potions_floor_spawned":[3,5],"killed_by":"Lagavulin","ascension_level":0}}