{"host":"6rg8kqrcyg7lkx0e","time":1612967167,"event":{"mods":["BaseMod","Downfall","Minty Spire (QoL Compilation)","StSLib"],"gold_per_floor":[99,109,127,142,67,101,101,126,126,160,68,85,35,69,81,158,158,108,124,399,433,452,480,504,404,354,387,337,51,79,108,125,204,204,154,169,69,94,94,44,98,126,76,106,138,167,17,47,58,58],"floor_reached":51,"language":"ZHS","playtime":5785,"items_purged":["downfall:Malfunctioning","Regret"],"score":2255,"play_id":"4617a46b-ff44-4201-ae02-99223957f36c","local_time":"20210210222607","daily_mods":["SealedDeck","Heirloom","Flight","DeadlyEvents","Elite Swarm"],"is_ascension_mode":true,"campfire_choices":[{"data":"Slimebound:SlimeBrawl","floor":1.0,"key":"SMITH"},{"data":"Slimebound:Recycling","floor":13.0,"key":"SMITH"},{"data":"Slimebound:OneTwoCombo","floor":18.0,"key":"SMITH"},{"data":"Slimebound:OneTwoCombo","floor":26.0,"key":"SMITH"},{"data":"Slimebound:OneTwoCombo","floor":28.0,"key":"SMITH"},{"data":"Slimebound:MassRepurpose","floor":35.0,"key":"SMITH"},{"floor":40.0,"key":"RECALL"},{"data":"Slimebound:LeadByExample","floor":43.0,"key":"SMITH"},{"data":"Slimebound:SlimeBarrage","floor":47.0,"key":"SMITH"}],"circlet_count":0,"master_deck":["AscendersBane","Slimebound:SlimeSpikes+1","Slimebound:SplitLeeching","Slimebound:LeadByExample+1","Slimebound:SlimeBrawl+1","Slimebound:SplitBruiser+1","Slimebound:SplitAcid","Slimebound:SplitLeeching","Slimebound:GrowthPunch+1","Slimebound:SplitBruiser","Slimebound:SplitAcid","Slimebound:SplitLeeching","Slimebound:SamplingLick","Slimebound:FirmFortitude","Slimebound:OneTwoCombo+1","Slimebound:MinionMaster","Slimebound:Recycling+1","Slimebound:SplitSpecialist","Slimebound:Prepare","Slimebound:OneTwoCombo+1","Slimebound:SlimeBarrage+1","Slimebound:OozeBath","Slimebound:GoopSpray","Slimebound:FirmFortitude","Slimebound:Darklings","Slimebound:OneTwoCombo+1","Slimebound:FirmFortitude","Slimebound:MassRepurpose+1","Slimebound:SplitAcid+1","Slimebound:SplitSpecialist","Slimebound:Darklings","Slimebound:SlimeBrawl"],"relics":["Slimebound:AbsorbEndCombat","Incense Burner","Slimebound:GreedOozeRelic","Du-Vu Doll","bronze:DecasWashers","Calipers","Kunai","champ:DeflectingBracers","expansioncontent:StudyCardRelic","Ancient Tea Set","InkBottle","Anchor","champ:DuelingGlove","Meat on the Bone","Centennial Puzzle","bronze:BronzeIdol","Sozu","FossilizedHelix","Regal Pillow","PreservedInsect","Omamori","Strawberry","Dream Catcher","downfall:HeartBlessingGreen","Singing Bowl"],"acts_visited":["Exordium","TheCity","TheBeyond"],"potions_floor_usage":[],"damage_taken":[{"damage":0.0,"enemies":"Small Slimes","floor":2.0,"turns":2.0},{"damage":1.0,"enemies":"2 Louse","floor":3.0,"turns":2.0},{"damage":0.0,"enemies":"Jaw Worm","floor":4.0,"turns":3.0},{"damage":24.0,"enemies":"3 Sentries","floor":6.0,"turns":8.0},{"damage":1.0,"enemies":"Lagavulin","floor":8.0,"turns":4.0},{"damage":1.0,"enemies":"Gremlin Nob","floor":10.0,"turns":3.0},{"damage":0.0,"enemies":"downfall:FleeingMerchant","floor":11.0,"turns":4.0},{"damage":17.0,"enemies":"Exordium Thugs","floor":12.0,"turns":3.0},{"damage":0.0,"enemies":"Lagavulin","floor":14.0,"turns":4.0},{"damage":1.0,"enemies":"Gremlin Gang","floor":15.0,"turns":2.0},{"damage":9.0,"enemies":"WA_ARCHETYPE_RETAIN","floor":16.0,"turns":4.0},{"damage":0.0,"enemies":"Spheric Guardian","floor":19.0,"turns":2.0},{"damage":16.0,"enemies":"Book of Stabbing","floor":21.0,"turns":3.0},{"damage":0.0,"enemies":"3 Cultists","floor":22.0,"turns":2.0},{"damage":16.0,"enemies":"Slavers","floor":23.0,"turns":3.0},{"damage":8.0,"enemies":"downfall:FleeingMerchant","floor":25.0,"turns":4.0},{"damage":1.0,"enemies":"Book of Stabbing","floor":27.0,"turns":2.0},{"damage":0.0,"enemies":"Gremlin Leader","floor":30.0,"turns":2.0},{"damage":7.0,"enemies":"Book of Stabbing","floor":31.0,"turns":3.0},{"damage":2.0,"enemies":"Centurion and Healer","floor":32.0,"turns":2.0},{"damage":10.0,"enemies":"SI_MIRROR_ARCHETYPE","floor":33.0,"turns":5.0},{"damage":0.0,"enemies":"3 Shapes","floor":36.0,"turns":2.0},{"damage":0.0,"enemies":"3 Shapes","floor":38.0,"turns":2.0},{"damage":0.0,"enemies":"Reptomancer","floor":42.0,"turns":2.0},{"damage":0.0,"enemies":"Giant Head","floor":44.0,"turns":3.0},{"damage":0.0,"enemies":"Reptomancer","floor":45.0,"turns":2.0},{"damage":0.0,"enemies":"Nemesis","floor":46.0,"turns":3.0},{"damage":0.0,"enemies":"Reptomancer","floor":48.0,"turns":2.0},{"damage":0.0,"enemies":"3 Darklings","floor":49.0,"turns":2.0},{"damage":71,"enemies":"DF_ARCHETYPE_ORBS","floor":50,"turns":6}],"seed_played":"-5244378811286106794","potions_obtained":[{"floor":6.0,"key":"DistilledChaos"},{"floor":10.0,"key":"Guardian:BlockOnCardUsePotion"},{"floor":15.0,"key":"EssenceOfSteel"},{"floor":27.0,"key":"Weak Potion"}],"is_trial":true,"path_per_floor":["R","M","M","M","?","E","T","E","?","E","$","M","R","E","M","B",null,"R","M","?","E","M","E","T","$","R","E","R","$","E","E","M","B",null,"R","M","$","?","?","R","T","E","R","E","E","E","R","E","M","B",null],"character_chosen":"SLIMEBOUND","items_purchased":["Slimebound:SplitSpecialist","Slimebound:OneTwoCombo","Anchor","Meat on the Bone"],"campfire_rested":0,"item_purchase_floors":[11,25,25,29],"current_hp_per_floor":[53,53,52,52,52,28,28,29,29,30,32,15,15,19,18,13,48,48,48,48,36,38,24,24,18,18,19,19,19,37,34,32,38,54,54,56,56,58,58,58,58,59,59,59,66,66,66,68,68,17],"gold":58,"neow_bonus":"","is_daily":false,"chose_seed":false,"campfire_upgraded":8,"win_rate":0.0,"timestamp":1612967167,"path_taken":["R","M","M","M","?","E","T","E","?","E","$","?","R","?","M","BOSS","R","M","?","?","?","E","T","$","R","E","R","$","E","E","M","BOSS","R","M","$","?","?","R","T","E","R","E","E","E","R","?","M","BOSS"],"items_purchased_type":["Card","Card","Relic","Relic"],"build_version":"2020-12-22","purchased_purges":2,"victory":true,"max_hp_per_floor":[59,59,59,59,59,59,59,59,59,59,59,59,59,59,59,59,59,59,59,59,59,59,59,59,59,59,59,59,59,59,59,59,59,59,59,59,59,59,59,59,59,59,59,59,66,66,66,68,68,68],"card_choices":[{"not_picked":["Slimebound:BestDefense","Slimebound:LevelUp"],"picked":"Slimebound:SplitAcid","floor":2.0},{"not_picked":["Slimebound:ItLooksTasty","Slimebound:ProtectTheBoss"],"picked":"Slimebound:SplitLeeching","floor":3.0},{"not_picked":["Slimebound:HauntingLick","Slimebound:TongueLash"],"picked":"Slimebound:SamplingLick","floor":4.0},{"not_picked":["Slimebound:Darklings","Slimebound:Overexert"],"picked":"Slimebound:FirmFortitude","floor":6.0},{"not_picked":["Slimebound:SlimeSlap","Slimebound:PrepareCrush"],"picked":"Slimebound:OneTwoCombo","floor":8.0},{"not_picked":["Slimebound:DouseInSlime","Slimebound:SlimeSlap"],"picked":"Slimebound:MinionMaster","floor":10.0},{"not_picked":["Slimebound:SplitAcid","Slimebound:HungryTackle"],"picked":"Slimebound:Recycling","floor":11.0},{"not_picked":["Slimebound:HungryTackle","Slimebound:LivingWall"],"picked":"Slimebound:Prepare","floor":12.0},{"not_picked":["Slimebound:Teamwork","Slimebound:Overexert"],"picked":"Slimebound:OneTwoCombo","floor":14.0},{"not_picked":["Slimebound:ComboTackle","Slimebound:ItLooksTasty"],"picked":"Slimebound:SlimeBarrage","floor":15.0},{"not_picked":["Slimebound:Recycling","Slimebound:MassFeed"],"picked":"Slimebound:OozeBath","floor":16.0},{"not_picked":["Slimebound:HauntingLick","Slimebound:SamplingLick+1"],"picked":"Slimebound:GoopSpray","floor":19.0},{"not_picked":["Slimebound:MassRepurpose","Slimebound:TagTeam"],"picked":"Slimebound:FirmFortitude","floor":21.0},{"not_picked":["Slimebound:Recollect","Slimebound:HauntingLick","Slimebound:GoopTackle"],"picked":"SKIP","floor":22.0},{"not_picked":["Slimebound:RallyTheTroops","Slimebound:DouseInSlime"],"picked":"Slimebound:Darklings","floor":23.0},{"not_picked":["Slimebound:Prepare","Slimebound:PressTheAttack","Slimebound:Recycling"],"picked":"SKIP","floor":25.0},{"not_picked":["Slimebound:Recycling","Slimebound:SlimeSlap"],"picked":"Slimebound:FirmFortitude","floor":27.0},{"not_picked":["Slimebound:MassFeed","Slimebound:LeechLife","Slimebound:RallyTheTroops"],"picked":"SKIP","floor":30.0},{"not_picked":["Slimebound:Recycling","Slimebound:FirmFortitude","Slimebound:MinionMaster"],"picked":"SKIP","floor":31.0},{"not_picked":["Slimebound:SplitLeeching","Slimebound:SplitAcid","Slimebound:SamplingLick"],"picked":"SKIP","floor":32.0},{"not_picked":["Slimebound:PrepareCrush","Slimebound:TagTeam"],"picked":"Slimebound:MassRepurpose","floor":33.0},{"not_picked":["Slimebound:GoopTackle","Slimebound:HungryTackle+1"],"picked":"Slimebound:SplitAcid+1","floor":36.0},{"not_picked":["Slimebound:LivingWall","Slimebound:ItLooksTasty"],"picked":"Slimebound:SplitSpecialist","floor":38.0},{"not_picked":["Slimebound:WasteNot","Slimebound:DuplicatedForm"],"picked":"Slimebound:Darklings","floor":42.0},{"not_picked":["Slimebound:Darklings","Slimebound:WasteNot","Slimebound:RallyTheTroops"],"picked":"SKIP","floor":44.0},{"not_picked":["Slimebound:MassFeed","Slimebound:Darklings","Slimebound:PrepareCrush"],"picked":"SKIP","floor":45.0},{"not_picked":["Slimebound:LeechLife","Slimebound:DouseInSlime","Slimebound:MassFeed"],"picked":"SKIP","floor":46.0},{"not_picked":["Slimebound:OneTwoCombo","Slimebound:MinionMaster","Slimebound:OozeBath"],"picked":"Singing Bowl","floor":48.0},{"not_picked":["Slimebound:Chomp+1","Slimebound:LeechingTouch"],"picked":"Slimebound:SlimeBrawl","floor":49.0}],"player_experience":759087,"relics_obtained":[{"floor":6.0,"key":"Du-Vu Doll"},{"floor":7.0,"key":"bronze:DecasWashers"},{"floor":8.0,"key":"Calipers"},{"floor":10.0,"key":"Kunai"},{"floor":14.0,"key":"champ:DeflectingBracers"},{"floor":21.0,"key":"Ancient Tea Set"},{"floor":23.0,"key":"InkBottle"},{"floor":27.0,"key":"champ:DuelingGlove"},{"floor":30.0,"key":"Centennial Puzzle"},{"floor":31.0,"key":"bronze:BronzeIdol"},{"floor":38.0,"key":"FossilizedHelix"},{"floor":41.0,"key":"Regal Pillow"},{"floor":42.0,"key":"PreservedInsect"},{"floor":44.0,"key":"Omamori"},{"floor":45.0,"key":"Strawberry"},{"floor":46.0,"key":"Dream Catcher"},{"floor":48.0,"key":"Singing Bowl"}],"event_choices":[{"cards_removed":["Slimebound:LevelUp"],"damage_healed":0.0,"max_hp_gain":0.0,"max_hp_loss":0.0,"gold_gain":0.0,"event_name":"Falling","player_choice":"Removed Power","floor":39.0,"gold_loss":0.0,"damage_taken":0.0}],"is_beta":false,"boss_relics":[{"not_picked":["Empty Cage","Tiny House"],"picked":"expansioncontent:StudyCardRelic"},{"not_picked":["SlaversCollar","Busted Crown"],"picked":"Sozu"}],"items_purged_floors":[25,37],"is_endless":false,"potions_floor_spawned":[6,10,14,15,16,21,27,30,45,46,48],"ascension_level":20}}