{"host":"zsnmfqgcm92hlreo","time":1612922193,"event":{"mods":["AchievementEnabler","BaseMod","Bestiary","Block Reminder","Colored Map","Colored Powertips","Minty Spire (QoL Compilation)","Permanent Neow","Quick Restart","Relic Stats","StSLib","Weighted Paths"],"gold_per_floor":[109,119,136,149,164,190,201,201,201,215,215,247,247,274,274,352,352,366,366,386,24,41,41,54,89,114,132,132,152,152,165,165,244,244,260,276,296,296,307,335,335,366,366,366,366,378,187,201,201,201,201,201,201,32,32,32],"floor_reached":55,"language":"ENG","playtime":2105,"items_purged":["Strike_R","Strike_R"],"score":1950,"play_id":"66c643b2-6830-4b60-9180-e7e17f4f9513","local_time":"20210209195633","is_ascension_mode":true,"campfire_choices":[{"floor":8.0,"key":"REST"},{"floor":11.0,"key":"REST"},{"floor":15.0,"key":"REST"},{"floor":23.0,"key":"REST"},{"data":"Limit Break","floor":30.0,"key":"SMITH"},{"floor":32.0,"key":"REST"},{"data":"Heavy Blade","floor":41.0,"key":"SMITH"},{"floor":44.0,"key":"REST"},{"floor":49.0,"key":"RECALL"},{"data":"Offering","floor":53,"key":"SMITH"}],"circlet_count":0,"master_deck":["AscendersBane","Strike_R","Strike_R","Strike_R","Defend_R","Defend_R","Defend_R","Defend_R","Bash","Sever Soul","Heavy Blade","Spot Weakness","Clothesline","Demon Form+1","Heavy Blade+1","Juggernaut","Reaper","Offering+1","Dark Embrace","Immolate","Shockwave+1","Limit Break+1","Reaper","Disarm+1","Heavy Blade","Armaments+1","Limit Break+1"],"relics":["Snecko Eye","Omamori","Shuriken","Pear","Kunai","Philosopher\u0027s Stone","Membership Card","Pen Nib","Vajra","Art of War","Sozu","Bronze Scales","Blood Vial","Bottled Lightning","Red Skull","Centennial Puzzle"],"acts_visited":["Exordium","TheCity","TheBeyond","TheEnding"],"potions_floor_usage":[],"damage_taken":[{"damage":2.0,"enemies":"Jaw Worm","floor":1.0,"turns":2.0},{"damage":6.0,"enemies":"2 Louse","floor":2.0,"turns":3.0},{"damage":1.0,"enemies":"Cultist","floor":3.0,"turns":3.0},{"damage":11.0,"enemies":"Blue Slaver","floor":4.0,"turns":3.0},{"damage":5.0,"enemies":"Gremlin Gang","floor":5.0,"turns":4.0},{"damage":6.0,"enemies":"Gremlin Nob","floor":6.0,"turns":3.0},{"damage":18.0,"enemies":"Lots of Slimes","floor":7.0,"turns":3.0},{"damage":8.0,"enemies":"Blue Slaver","floor":10.0,"turns":2.0},{"damage":25.0,"enemies":"Lagavulin","floor":12.0,"turns":6.0},{"damage":0.0,"enemies":"Gremlin Nob","floor":14.0,"turns":2.0},{"damage":26.0,"enemies":"The Guardian","floor":16.0,"turns":5.0},{"damage":22.0,"enemies":"Chosen","floor":18.0,"turns":5.0},{"damage":15.0,"enemies":"2 Thieves","floor":20.0,"turns":3.0},{"damage":18.0,"enemies":"Sentry and Sphere","floor":22.0,"turns":3.0},{"damage":25.0,"enemies":"Snake Plant","floor":24.0,"turns":3.0},{"damage":41.0,"enemies":"Book of Stabbing","floor":25.0,"turns":3.0},{"damage":22.0,"enemies":"Snecko","floor":27.0,"turns":4.0},{"damage":8.0,"enemies":"Chosen and Byrds","floor":29.0,"turns":5.0},{"damage":34.0,"enemies":"Shelled Parasite and Fungi","floor":31.0,"turns":3.0},{"damage":46.0,"enemies":"Champ","floor":33.0,"turns":4.0},{"damage":28.0,"enemies":"3 Darklings","floor":35.0,"turns":3.0},{"damage":2.0,"enemies":"Orb Walker","floor":36.0,"turns":2.0},{"damage":58.0,"enemies":"Jaw Worm Horde","floor":37.0,"turns":6.0},{"damage":20.0,"enemies":"4 Shapes","floor":39.0,"turns":3.0},{"damage":13.0,"enemies":"Nemesis","floor":40.0,"turns":3.0},{"damage":86.0,"enemies":"Reptomancer","floor":42.0,"turns":5.0},{"damage":18.0,"enemies":"Spire Growth","floor":46.0,"turns":3.0},{"damage":38.0,"enemies":"3 Darklings","floor":48.0,"turns":3.0},{"damage":59.0,"enemies":"Awakened One","floor":50.0,"turns":6.0},{"damage":63,"enemies":"Time Eater","floor":51,"turns":5},{"damage":103,"enemies":"Shield and Spear","floor":55,"turns":3}],"seed_played":"9093624669684413685","potions_obtained":[{"floor":4.0,"key":"AttackPotion"},{"floor":7.0,"key":"BlessingOfTheForge"},{"floor":10.0,"key":"GamblersBrew"},{"floor":12.0,"key":"LiquidBronze"},{"floor":16.0,"key":"PowerPotion"},{"floor":22.0,"key":"BloodPotion"},{"floor":24.0,"key":"SkillPotion"},{"floor":25.0,"key":"SteroidPotion"}],"is_trial":false,"path_per_floor":["M","M","M","M","M","E","M","R","T","M","R","E","?","E","R","B",null,"M","?","M","$","M","R","M","E","T","M","?","M","R","M","R","B",null,"M","M","M","?","M","E","R","E","T","R","?","M","$","M","R","B","B",null,"R","$","E"],"character_chosen":"IRONCLAD","items_purchased":["Membership Card","Immolate","Pen Nib","Bottled Lightning","Red Skull","Centennial Puzzle"],"campfire_rested":6,"item_purchase_floors":[21,21,21,47,54,54],"current_hp_per_floor":[66,60,59,48,43,37,19,41,41,33,55,40,40,40,65,39,74,63,63,53,53,52,77,59,39,39,57,57,59,59,43,68,22,69,63,61,36,31,59,71,71,39,39,64,64,52,52,79,79,85,85,85,85,85,0,0],"gold":32,"neow_bonus":"BOSS_RELIC","is_daily":false,"chose_seed":false,"campfire_upgraded":3,"win_rate":0.0,"timestamp":1612922193,"path_taken":["M","M","M","M","M","E","M","R","T","M","R","E","?","E","R","BOSS","M","?","?","$","M","R","M","E","T","M","?","?","R","M","R","BOSS","M","M","?","?","?","E","R","E","T","R","?","M","$","M","R","BOSS","BOSS","R","$","E"],"items_purchased_type":["Relic","Card","Relic","Relic","Relic","Relic"],"build_version":"2020-12-22","purchased_purges":2,"victory":false,"max_hp_per_floor":[75,75,75,75,75,75,75,75,75,75,75,85,85,85,85,85,85,85,85,85,85,85,85,85,85,85,85,85,85,85,85,85,85,85,85,85,85,85,85,85,85,85,85,85,85,85,85,85,85,85,85,85,85,85,85,85],"relic_stats":{"Sozu":5,"Blood Vial":6,"Centennial Puzzle":[3],"counters":[31,111],"Shuriken":[24],"Bronze Scales":[97],"Snecko Eye":[201,186,198,187],"Pen Nib":[12],"Art of War":[4],"Kunai":[21],"obtain_stats":[{"Pear":12,"Vajra":25,"Pen Nib":21,"Omamori":6,"Burning Blood":0,"Sozu":34,"Blood Vial":42,"Centennial Puzzle":54,"Shuriken":9,"Bronze Scales":40,"Snecko Eye":0,"Philosopher\u0027s Stone":17,"Art of War":26,"Kunai":14,"Membership Card":21,"Bottled Lightning":47,"Red Skull":54},{"Pear":9,"Vajra":16,"Pen Nib":13,"Omamori":6,"Burning Blood":0,"Sozu":20,"Blood Vial":26,"Centennial Puzzle":30,"Shuriken":7,"Bronze Scales":25,"Snecko Eye":0,"Philosopher\u0027s Stone":11,"Art of War":16,"Kunai":10,"Membership Card":13,"Bottled Lightning":27,"Red Skull":30},{"Pear":29,"Vajra":53,"Pen Nib":44,"Omamori":18,"Burning Blood":0,"Sozu":69,"Blood Vial":91,"Centennial Puzzle":108,"Shuriken":21,"Bronze Scales":86,"Snecko Eye":0,"Philosopher\u0027s Stone":36,"Art of War":53,"Kunai":31,"Membership Card":44,"Bottled Lightning":94,"Red Skull":108}]},"card_choices":[{"not_picked":["Havoc","Cleave"],"picked":"Sever Soul","floor":1.0},{"not_picked":["Flame Barrier","Havoc"],"picked":"Heavy Blade","floor":2.0},{"not_picked":["Fire Breathing","Infernal Blade"],"picked":"Spot Weakness","floor":3.0},{"not_picked":["Pommel Strike","Perfected Strike"],"picked":"Clothesline","floor":4.0},{"not_picked":["Flex","Uppercut"],"picked":"Demon Form","floor":5.0},{"not_picked":["Intimidate","Clash","Anger"],"picked":"SKIP","floor":6.0},{"not_picked":["Pommel Strike","Wild Strike","Cleave"],"picked":"SKIP","floor":7.0},{"not_picked":["Whirlwind","Metallicize"],"picked":"Heavy Blade","floor":10.0},{"not_picked":["Havoc","Anger","Armaments"],"picked":"SKIP","floor":12.0},{"not_picked":["Shrug It Off","Anger"],"picked":"Juggernaut","floor":14.0},{"not_picked":["Barricade","Fiend Fire"],"picked":"Reaper","floor":16.0},{"not_picked":["Anger","Wild Strike","Havoc"],"picked":"SKIP","floor":18.0},{"not_picked":["Burning Pact","Sword Boomerang"],"picked":"Dark Embrace","floor":20.0},{"not_picked":["Burning Pact","Berserk"],"picked":"Shockwave+1","floor":22.0},{"not_picked":["Twin Strike+1","Cleave","True Grit"],"picked":"SKIP","floor":24.0},{"not_picked":["Body Slam","Pummel","Searing Blow"],"picked":"SKIP","floor":25.0},{"not_picked":["Sword Boomerang","Entrench"],"picked":"Limit Break","floor":27.0},{"not_picked":["Cleave","Sword Boomerang","Burning Pact"],"picked":"SKIP","floor":29.0},{"not_picked":["Hemokinesis","Iron Wave","Dark Embrace"],"picked":"SKIP","floor":31.0},{"not_picked":["Corruption","Feed"],"picked":"Reaper","floor":33.0},{"not_picked":["Rampage+1","Intimidate"],"picked":"Disarm+1","floor":35.0},{"not_picked":["Battle Trance","Clash","Sever Soul"],"picked":"SKIP","floor":36.0},{"not_picked":["Armaments+1","Seeing Red+1"],"picked":"Heavy Blade","floor":37.0},{"not_picked":["Clash","Ghostly Armor+1","Pommel Strike"],"picked":"SKIP","floor":39.0},{"not_picked":["Feel No Pain","Wild Strike","Iron Wave"],"picked":"SKIP","floor":40.0},{"not_picked":["Ghostly Armor","Body Slam+1"],"picked":"Armaments+1","floor":42.0},{"not_picked":["Rupture","Twin Strike+1","Shrug It Off"],"picked":"SKIP","floor":46.0},{"not_picked":["Pommel Strike","Carnage+1","Headbutt"],"picked":"SKIP","floor":48.0}],"player_experience":1066757,"relics_obtained":[{"floor":6.0,"key":"Omamori"},{"floor":9.0,"key":"Shuriken"},{"floor":12.0,"key":"Pear"},{"floor":14.0,"key":"Kunai"},{"floor":25.0,"key":"Vajra"},{"floor":26.0,"key":"Art of War"},{"floor":40.0,"key":"Bronze Scales"},{"floor":42.0,"key":"Blood Vial"}],"event_choices":[{"damage_healed":0.0,"max_hp_gain":0.0,"max_hp_loss":0.0,"gold_gain":0.0,"event_name":"Living Wall","player_choice":"Grow","floor":13.0,"gold_loss":0.0,"damage_taken":0.0,"cards_upgraded":["Demon Form"]},{"damage_healed":0.0,"max_hp_gain":0.0,"max_hp_loss":0.0,"gold_gain":0.0,"event_name":"Match and Keep!","player_choice":"1 cards matched","floor":19.0,"gold_loss":0.0,"damage_taken":0.0,"cards_obtained":["Offering"]},{"damage_healed":0.0,"max_hp_gain":0.0,"max_hp_loss":0.0,"gold_gain":0.0,"event_name":"Lab","player_choice":"Got Potions","floor":28.0,"gold_loss":0.0,"damage_taken":0.0},{"damage_healed":0.0,"max_hp_gain":0.0,"max_hp_loss":0.0,"gold_gain":0.0,"event_name":"The Woman in Blue","player_choice":"Bought 0 Potions","floor":38.0,"gold_loss":0.0,"damage_taken":0.0},{"damage_healed":0.0,"max_hp_gain":0.0,"max_hp_loss":0.0,"gold_gain":0.0,"event_name":"Duplicator","player_choice":"Copied","floor":45.0,"gold_loss":0.0,"damage_taken":0.0,"cards_obtained":["Limit Break"]}],"is_beta":false,"boss_relics":[{"not_picked":["Busted Crown","Black Star"],"picked":"Philosopher\u0027s Stone"},{"not_picked":["Runic Dome","Empty Cage"],"picked":"Sozu"}],"items_purged_floors":[21,47],"is_endless":false,"potions_floor_spawned":[4,7,10,12,14,16,22,24,25,27,37,39,40,42,48],"killed_by":"Shield and Spear","ascension_level":20}}