{"host":"od5ywzqo3ufwbec6","time":1612985647,"event":{"mods":["2.2 Compatiblity","AchievementEnabler","BaseMod","Conspire","Infinite Spire","JesterMod","Jorbs\u0027s Wanderer Trilogy","Minty Spire (QoL Compilation)","Replay The Spire","StSLib","The Bladedancer","The Exalted","The Judge","The Runesmith","The Sage","The Servant 0.9.4","The Trickster","Wandering Minibosses"],"gold_per_floor":[116,126,301,315,315,315,342,342,366,95,126,145,145,120,120,120,120],"floor_reached":16,"language":"RUS","playtime":650,"items_purged":["Doubt"],"score":133,"play_id":"b6964405-1ab2-4aa6-b727-b7b05bdeeeb5","local_time":"20210210223407","is_ascension_mode":false,"campfire_choices":[{"data":"Flying Knee","floor":6,"key":"SMITH"},{"floor":13,"key":"REST"},{"floor":15,"key":"REST"}],"circlet_count":0,"master_deck":["Strike_G","Strike_G","Strike_G","Strike_G","Strike_G","Defend_G","Defend_G","Defend_G","Defend_G","Survivor","Neutralize","stsjorbsmod:Strike_Cull","Defend_P","Slice","Flying Knee+1","Sucker Punch","Backstab+1","infinitespire:Neurotoxin","Acrobatics","Dagger Spray"],"relics":["Ring of the Snake","Unceasing Top","Nunchaku","Golden Idol","Lantern","Sling","Letter Opener"],"acts_visited":["Exordium"],"potions_floor_usage":[11,11],"damage_taken":[{"damage":2,"enemies":"Small Slimes","floor":1,"turns":3},{"damage":1,"enemies":"2 Louse","floor":2,"turns":3},{"damage":0,"enemies":"Jaw Worm","floor":4,"turns":4},{"damage":34,"enemies":"Gremlin Nob","floor":7,"turns":5},{"damage":0,"enemies":"Lagavulin","floor":11,"turns":3},{"damage":0,"enemies":"Exordium Wildlife","floor":12,"turns":3},{"damage":83,"enemies":"Hexaghost","floor":16,"turns":16}],"seed_played":"5034662220447123752","potions_obtained":[{"floor":1,"key":"infinitespire:BlackPotion"},{"floor":2,"key":"AttackPotion"},{"floor":4,"key":"FairyPotion"}],"is_trial":false,"path_per_floor":["M","M","?","M","?","R","E","?","T","$","E","M","R","?","R","B"],"character_chosen":"THE_SILENT","items_purchased":["Acrobatics","Sling"],"campfire_rested":2,"item_purchase_floors":[10,10],"current_hp_per_floor":[68,67,67,67,67,67,33,16,16,16,16,16,37,37,58,0,0],"gold":120,"neow_bonus":"ONE_RARE_RELIC","is_daily":false,"chose_seed":false,"campfire_upgraded":1,"win_rate":0.0,"timestamp":1612985647,"path_taken":["M","M","?","M","?","R","E","?","T","$","E","M","R","?","R","BOSS"],"items_purchased_type":["Card","Relic"],"build_version":"2020-12-22","purchased_purges":1,"victory":false,"max_hp_per_floor":[70,70,70,70,70,70,70,70,70,70,70,70,70,70,70,70,70],"card_choices":[{"not_picked":["Dagger Throw","Flechettes"],"picked":"Slice","floor":1},{"not_picked":["Backstab","Bane"],"picked":"Flying Knee","floor":2},{"not_picked":["Outmaneuver","Endless Agony"],"picked":"Sucker Punch","floor":4},{"not_picked":["Slice","Poisoned Stab"],"picked":"infinitespire:Neurotoxin","floor":7},{"not_picked":["Eviscerate","Dodge and Roll"],"picked":"Dagger Spray","floor":11},{"not_picked":["Dagger Spray","PiercingWail","Choke"],"picked":"SKIP","floor":12},{"not_picked":["Dagger Spray","PiercingWail","Choke"],"picked":"SKIP","floor":12}],"player_experience":241400,"relics_obtained":[{"floor":7,"key":"Nunchaku"},{"floor":9,"key":"Lantern"},{"floor":11,"key":"Letter Opener"}],"event_choices":[{"damage_healed":0,"gold_gain":175,"player_choice":"AGREE","damage_taken":0,"max_hp_gain":0,"max_hp_loss":0,"event_name":"Liars Game","floor":3,"gold_loss":0,"cards_obtained":["Doubt"]},{"damage_healed":0,"gold_gain":0,"player_choice":"Take Damage","damage_taken":17,"relics_obtained":["Golden Idol"],"max_hp_gain":0,"max_hp_loss":0,"event_name":"Golden Idol","floor":8,"gold_loss":0},{"damage_healed":0,"gold_gain":0,"player_choice":"Left Gold","damage_taken":0,"max_hp_gain":0,"max_hp_loss":0,"event_name":"World of Goop","floor":14,"gold_loss":25}],"is_beta":false,"boss_relics":[],"items_purged_floors":[10],"is_endless":false,"potions_floor_spawned":[1,2,4],"killed_by":"Hexaghost","ascension_level":0}}