{"host":"684z1xpuwaoqmmh1","time":1612964439,"event":{"mods":["A Magickal Journey","BaseMod","Downfall","Hermit","Jorbs\u0027s Wanderer Trilogy","Marisa????????","Minty Spire (QoL Compilation)","Robot Space Explorer","Shade Mod","StSLib","The Bug Knight","The Dragon Tamer","The Elementalist","The Hayseed","The Hierophant","The Marked","The Mystic","The Runesmith","The Saiyan","The Senshi","The Spell Scribe","The Vixen","TheBandit","TheFirefly"],"gold_per_floor":[114,131,148,148,168,168,199,209,234,234,264,264,292,311,311,389,389,399,379,105,124,134,134,149,185,185,204,246,273,284,326,326,409,409,423,211,211,211,234,264,278,321,347,380,391,405,440,193,193,193,193,193,23,60,60,60],"floor_reached":55,"language":"ENG","playtime":3963,"items_purged":["theSenshi:SailorKick","theSenshi:SailorKick","theSenshi:SailorBlock"],"score":1596,"play_id":"0b43f7af-7f57-4d09-a92e-87916b315c86","local_time":"20210210154039","is_ascension_mode":true,"campfire_choices":[{"data":"theSenshi:MoonCosmicPowerMakeUp","floor":6.0,"key":"SMITH"},{"data":"theSenshi:SailorMarsAssists","floor":10.0,"key":"SMITH"},{"data":"theSenshi:StarlightHoneymoonTherapyKiss","floor":12.0,"key":"SMITH"},{"data":"theSenshi:SilverCrystal","floor":15.0,"key":"SMITH"},{"data":"theSenshi:WarriorOfTheMoon","floor":23.0,"key":"SMITH"},{"data":"theSenshi:MoonCrisisMakeUp","floor":32.0,"key":"SMITH"},{"floor":49,"key":"RECALL"},{"data":"theSenshi:UranusStrength","floor":52,"key":"SMITH"}],"circlet_count":0,"master_deck":["AscendersBane","theSenshi:SailorKick","theSenshi:SailorKick","theSenshi:SailorBlock","theSenshi:SailorBlock","theSenshi:SailorBlock","theSenshi:RoseThrow","theSenshi:MoonPrismPowerMakeUp","theSenshi:SailorSaturnAssists","theSenshi:SailorMarsAssists+1","theSenshi:MoonCosmicPowerMakeUp+1","theSenshi:MoonHealingEscalation","theSenshi:SailorV","theSenshi:SilverCrystal+1","theSenshi:MoonTwilightFlash","theSenshi:StarlightHoneymoonTherapyKiss+1","theSenshi:SailorJupiterAssists","theSenshi:MoonsReflection","theSenshi:WarriorOfTheMoon+1","theSenshi:CrisisMakeUp+1","theSenshi:MoonTiaraMagic","theSenshi:TuxedoMaskAssists+1","theSenshi:UranusStrength+1","theSenshi:SailorMercuryAssists+1","theSenshi:WarriorOfTheMoon","theSenshi:UranusStrength+1","theSenshi:MoonPunch+1","theSenshi:MoonCrisisMakeUp+1","theSenshi:FatedKiss","Flash of Steel+1","theSenshi:InTheNickOfTime+1","theSenshi:SailorVenusAssists+1","theSenshi:TallSilhouette+1","theSenshi:LateForSchool+1"],"relics":["theSenshi:TransformationBroochRelic","hexamod:BolsterEngine","Runesmith:Nanobots","bronze:BronzeIdol","bronze:DecasWashers","HollowMod:StagPassRelic","Black Star","Membership Card","Tiny Chest","Lantern","CeramicFish","theSenshi:FeatherClipsRelic","Mango","PreservedInsect","Potion Belt","Guardian:PocketSentry","Busted Crown","Singing Bowl","Blue Candle","Bag of Preparation","Boot","MealTicket","Nunchaku","Toxic Egg 2","Centennial Puzzle","Toy Ornithopter","Gremlin Horn","MawBank","Ornamental Fan","Akabeko","Medical Kit","Art of War","Orichalcum","Oddly Smooth Stone"],"acts_visited":["Exordium","TheCity","TheBeyond","TheEnding"],"potions_floor_usage":[42,42,54,54,54,54],"damage_taken":[{"damage":0.0,"enemies":"Cultist","floor":1.0,"turns":4.0},{"damage":1.0,"enemies":"2 Louse","floor":2.0,"turns":3.0},{"damage":0.0,"enemies":"Small Slimes","floor":3.0,"turns":4.0},{"damage":7.0,"enemies":"Blue Slaver","floor":5.0,"turns":3.0},{"damage":26.0,"enemies":"Lagavulin","floor":7.0,"turns":9.0},{"damage":0.0,"enemies":"2 Fungi Beasts","floor":8.0,"turns":4.0},{"damage":33.0,"enemies":"3 Sentries","floor":11.0,"turns":11.0},{"damage":0.0,"enemies":"Gremlin Nob","floor":13.0,"turns":2.0},{"damage":0.0,"enemies":"Looter","floor":14.0,"turns":3.0},{"damage":34.0,"enemies":"Slime Boss","floor":16.0,"turns":11.0},{"damage":0.0,"enemies":"3 Byrds","floor":18.0,"turns":6.0},{"damage":0.0,"enemies":"Shell Parasite","floor":21.0,"turns":2.0},{"damage":17.0,"enemies":"Snake Plant","floor":22.0,"turns":5.0},{"damage":2.0,"enemies":"Centurion and Healer","floor":24.0,"turns":8.0},{"damage":3.0,"enemies":"HollowMod:Nosk","floor":25.0,"turns":12.0},{"damage":10.0,"enemies":"3 Cultists","floor":27.0,"turns":5.0},{"damage":24.0,"enemies":"Book of Stabbing","floor":28.0,"turns":7.0},{"damage":13.0,"enemies":"Shelled Parasite and Fungi","floor":29.0,"turns":7.0},{"damage":17.0,"enemies":"Snecko","floor":30.0,"turns":5.0},{"damage":40.0,"enemies":"Gremlin Leader","floor":31.0,"turns":8.0},{"damage":36.0,"enemies":"Collector","floor":33.0,"turns":12.0},{"damage":43.0,"enemies":"3 Darklings","floor":35.0,"turns":6.0},{"damage":16.0,"enemies":"HollowMod:StalkingDevout","floor":40.0,"turns":19.0},{"damage":13.0,"enemies":"Orb Walker","floor":41.0,"turns":5.0},{"damage":41,"enemies":"Reptomancer","floor":42,"turns":9},{"damage":9,"enemies":"Giant Head","floor":44,"turns":7},{"damage":9,"enemies":"Jaw Worm Horde","floor":45,"turns":6},{"damage":6,"enemies":"4 Shapes","floor":46,"turns":3},{"damage":1,"enemies":"Reptomancer","floor":47,"turns":4},{"damage":58,"enemies":"Donu and Deca","floor":50,"turns":12},{"damage":107,"enemies":"Shield and Spear","floor":54,"turns":12},{"damage":65,"enemies":"The Heart","floor":55,"turns":5}],"seed_played":"-155060588446406423","potions_obtained":[{"floor":2.0,"key":"Explosive Potion"},{"floor":7.0,"key":"FearPotion"},{"floor":11.0,"key":"Dexterity Potion"},{"floor":14.0,"key":"sneckomod:MuddlingPotion"},{"floor":19.0,"key":"PowerPotion"},{"floor":22.0,"key":"AttackPotion"},{"floor":29.0,"key":"Guardian:BlockOnCardUsePotion"},{"floor":30.0,"key":"Block Potion"},{"floor":31.0,"key":"LiquidBronze"},{"floor":41.0,"key":"sneckomod:MuddlingPotion"},{"floor":42,"key":"SkillPotion"},{"floor":45,"key":"GamblersBrew"},{"floor":46,"key":"Regen Potion"}],"is_trial":false,"path_per_floor":["M","M","M","T","M","R","E","M","T","R","E","R","E","M","R","B",null,"M","?","$","M","M","R","M","E","T","M","E","M","M","E","R","B",null,"M","$","?","?","T","E","M","E","T","E","M","M","E","$","R","B",null,"R","$","E","B"],"character_chosen":"THE_SENSHI","items_purchased":["Membership Card","theSenshi:CrisisMakeUp","Tiny Chest","Singing Bowl","Flash of Steel","Ornamental Fan","Akabeko","Medical Kit","Art of War","theSenshi:SailorVenusAssists","theSenshi:TallSilhouette+1"],"campfire_rested":0,"item_purchase_floors":[20,20,20,36,36,48,48,53,53,53,53],"current_hp_per_floor":[75,75,75,75,73,73,59,69,69,69,56,56,61,66,66,66,73,75,75,75,75,58,58,75,75,75,71,77,80,74,45,45,35,76,44,44,39,39,39,66,71,51,51,60,69,76,93,101,101,59,91,91,101,49,0,0],"gold":60,"neow_bonus":"ONE_RANDOM_RARE_CARD","is_daily":false,"chose_seed":false,"campfire_upgraded":7,"win_rate":0.0,"timestamp":1612964439,"path_taken":["M","M","M","?","M","R","E","M","T","R","E","R","E","M","R","BOSS","M","?","$","M","M","R","?","E","T","M","E","M","M","E","R","BOSS","M","$","?","?","?","E","M","E","T","E","M","M","E","?","R","BOSS","R","$","E","BOSS"],"items_purchased_type":["Relic","Card","Relic","Relic","Card","Relic","Relic","Relic","Relic","Card","Card"],"build_version":"2020-12-22","purchased_purges":3,"victory":false,"max_hp_per_floor":[75,75,75,75,75,75,75,75,75,75,75,75,75,75,75,75,75,75,75,75,75,75,75,75,75,75,75,89,89,89,89,89,89,89,89,89,89,89,89,91,93,93,93,95,97,99,101,101,101,101,101,101,101,101,101,101],"card_choices":[{"not_picked":["theSenshi:MoonPower","theSenshi:LunasBite"],"picked":"theSenshi:SailorMarsAssists","floor":1.0},{"not_picked":["theSenshi:EncouragingSpeech","theSenshi:Sidestep"],"picked":"theSenshi:MoonCosmicPowerMakeUp","floor":2.0},{"not_picked":["theSenshi:SailorChibiMoonAssists","theSenshi:RainbowMoonHeartAche"],"picked":"theSenshi:MoonHealingEscalation","floor":3.0},{"not_picked":["theSenshi:MoonPrincessHalation","theSenshi:ChibiMoonsLove"],"picked":"theSenshi:SailorV","floor":5.0},{"not_picked":["theSenshi:EncouragingSpeech","theSenshi:SailorPlanetPower"],"picked":"theSenshi:SilverCrystal","floor":7.0},{"not_picked":["theSenshi:LunaWiseMentor","theSenshi:TuxedoSmokingBomber"],"picked":"theSenshi:MoonTwilightFlash","floor":8.0},{"not_picked":["theSenshi:HesSoDreamy","theSenshi:SailorUranusAssists"],"picked":"theSenshi:StarlightHoneymoonTherapyKiss","floor":11.0},{"not_picked":["theSenshi:SailorStarMakerAssists","theSenshi:SailorMercuryAssists"],"picked":"theSenshi:SailorJupiterAssists","floor":13.0},{"not_picked":["theSenshi:MoonPrincessHalation","theSenshi:LateForSchool"],"picked":"theSenshi:MoonsReflection","floor":14.0},{"not_picked":["theSenshi:ChibiMoonsLove","theSenshi:StarlightHoneymoonTherapyKiss"],"picked":"theSenshi:WarriorOfTheMoon","floor":16.0},{"not_picked":["theSenshi:DramaticEntrance","theSenshi:SailorJupiterAssists","theSenshi:Sidestep+1"],"picked":"SKIP","floor":18.0},{"not_picked":["theSenshi:LateForSchool","theSenshi:Overload"],"picked":"theSenshi:MoonTiaraMagic","floor":21.0},{"not_picked":["theSenshi:PlutosSolemnity","theSenshi:LateForSchool"],"picked":"theSenshi:TuxedoMaskAssists+1","floor":22.0},{"not_picked":["theSenshi:SailorStarFighterAssists","theSenshi:MoonCosmicPowerMakeUp"],"picked":"theSenshi:UranusStrength+1","floor":24.0},{"not_picked":["theSenshi:MoonTiaraMagic","theSenshi:MoonCosmicPowerMakeUp"],"picked":"theSenshi:SailorMercuryAssists+1","floor":25.0},{"not_picked":["theSenshi:YouCanTalk","theSenshi:SailorMarsAssists"],"picked":"theSenshi:WarriorOfTheMoon","floor":27.0},{"not_picked":["theSenshi:SailorChibiMoonAssists","theSenshi:EncouragingSpeech"],"picked":"theSenshi:UranusStrength","floor":28.0},{"not_picked":["theSenshi:LateForSchool","theSenshi:MoonPower"],"picked":"theSenshi:MoonPunch+1","floor":29.0},{"not_picked":["theSenshi:SailorStarFighterAssists","theSenshi:SaturnsMystery","theSenshi:MoonKick"],"picked":"SKIP","floor":30.0},{"not_picked":["theSenshi:SailorMercuryAssists+1","theSenshi:EncouragingSpeech"],"picked":"theSenshi:MoonCrisisMakeUp","floor":31.0},{"not_picked":["theSenshi:SailorPlutoAssists","theSenshi:SilverMoonCrystalPowerKiss"],"picked":"theSenshi:FatedKiss","floor":33.0},{"not_picked":["theSenshi:MoonPrincessHalation"],"picked":"SKIP","floor":35.0},{"not_picked":["theSenshi:MoonPrincessHalation"],"picked":"Singing Bowl","floor":40.0},{"not_picked":["theSenshi:TuxedoSmokingBomber"],"picked":"Singing Bowl","floor":41.0},{"not_picked":[],"picked":"theSenshi:InTheNickOfTime+1","floor":42},{"not_picked":["theSenshi:MoonsReflection+1"],"picked":"Singing Bowl","floor":44},{"not_picked":["theSenshi:SteeledNerves+1"],"picked":"Singing Bowl","floor":45},{"not_picked":["theSenshi:SailorJupiterAssists"],"picked":"Singing Bowl","floor":46},{"not_picked":["theSenshi:PlutosSolemnity+1"],"picked":"Singing Bowl","floor":47},{"not_picked":[],"picked":"theSenshi:LateForSchool+1","floor":54}],"player_experience":3233663,"relics_obtained":[{"floor":4.0,"key":"hexamod:BolsterEngine"},{"floor":7.0,"key":"Runesmith:Nanobots"},{"floor":9.0,"key":"bronze:BronzeIdol"},{"floor":11.0,"key":"bronze:DecasWashers"},{"floor":13.0,"key":"HollowMod:StagPassRelic"},{"floor":25.0,"key":"Lantern"},{"floor":25.0,"key":"CeramicFish"},{"floor":26.0,"key":"theSenshi:FeatherClipsRelic"},{"floor":28.0,"key":"Mango"},{"floor":28.0,"key":"PreservedInsect"},{"floor":31.0,"key":"Potion Belt"},{"floor":31.0,"key":"Guardian:PocketSentry"},{"floor":39.0,"key":"Bag of Preparation"},{"floor":40.0,"key":"Boot"},{"floor":40.0,"key":"MealTicket"},{"floor":42,"key":"Nunchaku"},{"floor":42,"key":"Toxic Egg 2"},{"floor":44,"key":"Centennial Puzzle"},{"floor":44,"key":"Toy Ornithopter"},{"floor":47,"key":"Gremlin Horn"},{"floor":47,"key":"MawBank"},{"floor":54,"key":"Orichalcum"},{"floor":54,"key":"Oddly Smooth Stone"}],"event_choices":[{"damage_healed":0.0,"max_hp_gain":0.0,"max_hp_loss":0.0,"gold_gain":0.0,"event_name":"The Woman in Blue","player_choice":"Bought 1 Potion","floor":19.0,"gold_loss":0.0,"damage_taken":0.0},{"damage_healed":0.0,"max_hp_gain":0.0,"max_hp_loss":0.0,"gold_gain":0.0,"event_name":"SecretPortal","player_choice":"Ignored","floor":38.0,"gold_loss":0.0,"damage_taken":0.0}],"is_beta":false,"boss_relics":[{"not_picked":["Runesmith:UraniumAnvil","Tiny House"],"picked":"Black Star"},{"not_picked":["sneckomod:SneckoTalon","Cursed Key"],"picked":"Busted Crown"}],"items_purged_floors":[20,36,48],"is_endless":false,"potions_floor_spawned":[2,7,11,14,22,27,29,30,31,41,42,45,46],"killed_by":"The Heart","ascension_level":15}}