{"host":"sian7qp8a9pc9xwd","time":1612931979,"event":{"mods":["BaseMod","Minty Spire (QoL Compilation)","StSLib","SuperFastMode"],"gold_per_floor":[109,124,124,124,70,106,106,106,133,133,156,195,49,74,74,199,199,212,137,137,152,152,152,168,68,91,115,151,165,189,189,210,210,329,329,344,344,677,677,695,728,728,728,728,728,739,265,282,301,301,301],"floor_reached":52,"language":"ENG","playtime":4512,"items_purged":["Strike_P","Strike_P","Strike_P+1"],"score":960,"play_id":"3ac81ce2-2d8a-4138-aa64-0fa2cfbe9c74","local_time":"20210209233939","is_ascension_mode":true,"campfire_choices":[{"data":"Pray","floor":7.0,"key":"SMITH"},{"data":"FlurryOfBlows","floor":10.0,"key":"SMITH"},{"data":"Pray","floor":15.0,"key":"SMITH"},{"data":"CutThroughFate","floor":23.0,"key":"SMITH"},{"data":"Blasphemy","floor":31.0,"key":"SMITH"},{"floor":33.0,"key":"REST"},{"data":"Prostrate","floor":42,"key":"SMITH"},{"data":"Devotion","floor":45,"key":"SMITH"},{"floor":50,"key":"REST"}],"circlet_count":0,"master_deck":["Defend_P","Defend_P","Defend_P","Eruption+1","Vigilance","FlurryOfBlows+1","Consecrate","Pray+1","CutThroughFate+1","FlurryOfBlows","Brilliance","Pray+1","Devotion+1","CutThroughFate+1","RitualDagger+1","Prostrate+1","Blasphemy+1","MentalFortress+1","Consecrate+1","Devotion","FollowUp","CutThroughFate"],"relics":["PureWater","NeowsBlessing","Nunchaku","Strawberry","Mercury Hourglass","SacredBark","Bag of Preparation","Bag of Marbles","Pen Nib","Damaru","Empty Cage","Whetstone","Question Card","Thread and Needle"],"acts_visited":["Exordium","TheCity","TheBeyond"],"potions_floor_usage":[41,43,51,51,51],"damage_taken":[{"damage":0.0,"enemies":"Small Slimes","floor":1.0,"turns":1.0},{"damage":0.0,"enemies":"2 Louse","floor":2.0,"turns":1.0},{"damage":0.0,"enemies":"Lagavulin","floor":6.0,"turns":1.0},{"damage":0.0,"enemies":"Cultist","floor":11.0,"turns":2.0},{"damage":17.0,"enemies":"3 Sentries","floor":12.0,"turns":5.0},{"damage":3.0,"enemies":"Blue Slaver","floor":14.0,"turns":2.0},{"damage":0.0,"enemies":"Slime Boss","floor":16.0,"turns":4.0},{"damage":26.0,"enemies":"2 Thieves","floor":18.0,"turns":3.0},{"damage":0.0,"enemies":"Spheric Guardian","floor":21.0,"turns":2.0},{"damage":7.0,"enemies":"3 Cultists","floor":24.0,"turns":3.0},{"damage":21.0,"enemies":"Book of Stabbing","floor":28.0,"turns":3.0},{"damage":0.0,"enemies":"Snecko","floor":29.0,"turns":1.0},{"damage":4.0,"enemies":"Cultist and Chosen","floor":32.0,"turns":3.0},{"damage":4.0,"enemies":"Automaton","floor":34.0,"turns":5.0},{"damage":0.0,"enemies":"3 Shapes","floor":36.0,"turns":1.0},{"damage":0.0,"enemies":"3 Darklings","floor":40.0,"turns":1.0},{"damage":17,"enemies":"Nemesis","floor":41,"turns":3},{"damage":28,"enemies":"Maw","floor":46,"turns":4},{"damage":1,"enemies":"Spire Growth","floor":48,"turns":3},{"damage":0,"enemies":"Transient","floor":49,"turns":5},{"damage":62,"enemies":"Time Eater","floor":51,"turns":4}],"seed_played":"9048820953952068433","potions_obtained":[{"floor":6.0,"key":"Explosive Potion"},{"floor":12.0,"key":"SpeedPotion"},{"floor":18.0,"key":"SteroidPotion"},{"floor":21.0,"key":"Explosive Potion"},{"floor":24.0,"key":"LiquidMemories"},{"floor":36.0,"key":"PowerPotion"},{"floor":41,"key":"BlessingOfTheForge"},{"floor":43,"key":"Fruit Juice"},{"floor":43,"key":"LiquidBronze"},{"floor":49,"key":"PowerPotion"}],"is_trial":false,"path_per_floor":["M","M","?","?","$","E","R","?","T","R","M","E","$","M","R","B",null,"M","$","?","M","?","R","M","$","T","T","E","M","T","R","M","R","B",null,"M","?","?","?","M","E","R","?","T","R","M","$","M","M","R","B",null],"character_chosen":"WATCHER","items_purchased":["Consecrate","Brilliance","Thread and Needle","CutThroughFate"],"campfire_rested":2,"item_purchase_floors":[5,13,47,47],"current_hp_per_floor":[72,72,54,54,54,54,54,54,61,61,61,44,44,41,41,41,79,53,53,47,47,47,47,40,40,40,40,19,19,19,19,15,38,34,79,79,75,75,75,75,58,58,68,68,68,40,40,39,39,64,2],"gold":301,"neow_bonus":"THREE_ENEMY_KILL","is_daily":false,"chose_seed":false,"campfire_upgraded":7,"win_rate":0.0,"timestamp":1612931979,"path_taken":["M","M","?","?","$","E","R","?","T","R","M","E","$","?","R","BOSS","M","$","?","M","?","R","M","?","T","T","E","M","?","R","?","R","BOSS","M","?","?","?","?","E","R","?","T","R","?","$","M","M","R","BOSS"],"items_purchased_type":["Card","Card","Relic","Card"],"build_version":"2020-12-22","purchased_purges":3,"victory":true,"max_hp_per_floor":[72,72,72,72,72,72,72,72,79,79,79,79,79,79,79,79,79,79,79,79,79,79,79,79,79,79,79,79,79,79,79,79,79,79,79,79,75,75,75,75,75,75,85,85,85,85,85,85,85,85,85],"card_choices":[{"not_picked":["PathToVictory","Perseverance","Weave"],"picked":"SKIP","floor":1.0},{"not_picked":["Vengeance","Fasting2"],"picked":"FlurryOfBlows","floor":2.0},{"not_picked":["ClearTheMind","ReachHeaven"],"picked":"Pray","floor":6.0},{"not_picked":["BowlingBash","FlyingSleeves"],"picked":"CutThroughFate","floor":11.0},{"not_picked":["SandsOfTime","CrushJoints"],"picked":"FlurryOfBlows","floor":12.0},{"not_picked":["SignatureMove","FlyingSleeves"],"picked":"Pray","floor":14.0},{"not_picked":["DevaForm","DeusExMachina"],"picked":"Devotion","floor":16.0},{"not_picked":["Prostrate+1","BowlingBash+1"],"picked":"CutThroughFate+1","floor":18.0},{"not_picked":["Sanctity","PathToVictory+1","Swivel"],"picked":"SKIP","floor":21.0},{"not_picked":["EmptyBody","Weave"],"picked":"Prostrate","floor":24.0},{"not_picked":["CrushJoints+1","Collect"],"picked":"Blasphemy","floor":28.0},{"not_picked":["CrushJoints","Fasting2+1","FlyingSleeves+1"],"picked":"SKIP","floor":29.0},{"not_picked":["Swivel+1","ThirdEye"],"picked":"MentalFortress+1","floor":32.0},{"not_picked":["BowlingBash+1","Evaluate"],"picked":"Consecrate+1","floor":36.0},{"not_picked":["Ragnarok","Crescendo","InnerPeace+1"],"picked":"SKIP","floor":40.0},{"not_picked":["Nirvana","Wireheading"],"picked":"FollowUp","floor":41},{"not_picked":["EmptyBody","PathToVictory+1","Crescendo","Prostrate"],"picked":"SKIP","floor":46},{"not_picked":["EmptyFist","Wireheading","Adaptation+1","SignatureMove"],"picked":"SKIP","floor":48},{"not_picked":["DeceiveReality","EmptyBody","Meditate","Indignation"],"picked":"SKIP","floor":49}],"player_experience":952444,"relics_obtained":[{"floor":6.0,"key":"Nunchaku"},{"floor":9.0,"key":"Strawberry"},{"floor":12.0,"key":"Mercury Hourglass"},{"floor":26.0,"key":"Bag of Preparation"},{"floor":27.0,"key":"Bag of Marbles"},{"floor":28.0,"key":"Pen Nib"},{"floor":30.0,"key":"Damaru"},{"floor":41,"key":"Whetstone"},{"floor":44,"key":"Question Card"}],"event_choices":[{"damage_healed":0.0,"max_hp_gain":0.0,"max_hp_loss":0.0,"gold_gain":0.0,"event_name":"Golden Idol","player_choice":"Take Damage","floor":3.0,"gold_loss":0.0,"damage_taken":18.0,"relics_obtained":["Golden Idol"]},{"damage_healed":0.0,"max_hp_gain":0.0,"max_hp_loss":0.0,"gold_gain":0.0,"event_name":"Living Wall","player_choice":"Grow","floor":4.0,"gold_loss":0.0,"damage_taken":0.0,"cards_upgraded":["Eruption"]},{"damage_healed":0.0,"max_hp_gain":0.0,"max_hp_loss":0.0,"gold_gain":0.0,"event_name":"The Woman in Blue","player_choice":"Bought 0 Potions","floor":8.0,"gold_loss":0.0,"damage_taken":0.0},{"damage_healed":0.0,"max_hp_gain":0.0,"max_hp_loss":0.0,"gold_gain":0.0,"event_name":"Nest","player_choice":"Joined the Cult","floor":20.0,"gold_loss":0.0,"damage_taken":6.0,"cards_obtained":["RitualDagger"]},{"damage_healed":0.0,"max_hp_gain":0.0,"max_hp_loss":0.0,"gold_gain":0.0,"event_name":"Ghosts","player_choice":"Ignored","floor":22.0,"gold_loss":0.0,"damage_taken":0.0},{"damage_healed":0.0,"max_hp_gain":0.0,"max_hp_loss":4.0,"gold_gain":0.0,"event_name":"Winding Halls","player_choice":"Max HP","floor":37.0,"gold_loss":0.0,"damage_taken":0.0},{"damage_healed":0.0,"max_hp_gain":0.0,"max_hp_loss":0.0,"gold_gain":333.0,"event_name":"The Moai Head","player_choice":"Gave Idol","floor":38.0,"relics_lost":["Golden Idol"],"gold_loss":0.0,"damage_taken":0.0},{"damage_healed":0.0,"max_hp_gain":0.0,"max_hp_loss":0.0,"gold_gain":0.0,"event_name":"Match and Keep!","player_choice":"1 cards matched","floor":39.0,"gold_loss":0.0,"damage_taken":0.0,"cards_obtained":["Devotion"]},{"damage_healed":0,"gold_gain":0,"player_choice":"Got Potions","damage_taken":0,"max_hp_gain":0,"max_hp_loss":0,"event_name":"Lab","floor":43,"gold_loss":0}],"is_beta":false,"boss_relics":[{"not_picked":["Cursed Key","Velvet Choker"],"picked":"SacredBark"},{"not_picked":["Astrolabe","Busted Crown"],"picked":"Empty Cage"}],"items_purged_floors":[19,25,47],"is_endless":false,"potions_floor_spawned":[6,12,18,21,24,36,41,49],"ascension_level":4}}