{"host":"ewn058xs2vaj5uc6","time":1612973344,"event":{"mods":["ATMod(??Mod)","Act Like it!","Aspiration","BaseMod","Better Vampires","BetterRewards","Bossed Relics","Colored Map","Colored Powertips","Downfall","Fox Events","Highlight Path","Minty Spire (QoL Compilation)","MostiFishMod","Quick Restart","Red Circlet Mod","Relic Filter Mod","Reliquary","Replay The Spire","Shop Mod","StSLib","SuperFastMode","TestMod","TheWitcher","??????REMEMod","????"],"gold_per_floor":[99,109,19,294,51,65,65,78,30,55,68,99,262,281,292,390,390,23,34,49,65,265,265,292,311,311,337,367,367,401,401,412,518,518,255,265,280,280,430,234,234,247,261,309,319,319,346,29,162,202],"floor_reached":51,"language":"ZHS","playtime":1770,"items_purged":["champ:Taunt","Regret","downfall:Haunted","Spreading Infection","champ:Defend"],"score":1153,"play_id":"91d91790-ddf8-4cb7-9296-faa2f0f7ac13","local_time":"20210211000904","is_ascension_mode":true,"campfire_choices":[{"floor":1,"key":"RECALL"}],"circlet_count":0,"master_deck":["champ:Defend","champ:Defend","champ:Defend","champ:Execute","MostiFishMod:Neptune","MostiFishMod:TheEndOfMoonlight","MostiFishMod:SparklingWater","MostiFishMod:FantasySummer","MostiFishMod:NightSea","MostiFishMod:Culaccino","AT_ShrugMaster","champ:PerfectedStrike","champ:DeathBlow","champ:CheapShot","Bite","Bite","Bite","Bite","champ:CrownThrow+1","champ:ShieldThrow","champ:HeavySlash"],"relics":["testmod-TestBox","AT_ATBox","REME_ComplimentaryCards","testmod-Alchemist","Membership Card","MerchantsRug","HornCleat","Dodecahedron","aspiration:PoetsPen","BirthdayGift-Tetrahedron","AT_BellowingDragoncrestRing","champ:BerserkersGuideToSlaughter","reliquary:ExpiredCoupon","Ring of Searing","ReplayTheSpireMod:Ring of Exchange","RhineSuit","testmod-Antiphasic","Iron Hammer","Singing Bowl","White Beast Statue","DaveBox","DaCapo","Pen Nib","hexamod:Sixitude","Replay:Bandana"],"acts_visited":["Exordium","TheCity","TheBeyond"],"potions_floor_usage":[6,6,6,8,8,8,8,9,12,14,33,33,43,47,50,50],"damage_taken":[{"damage":25,"enemies":"Cultist","floor":2,"turns":3},{"damage":24,"enemies":"downfall:FleeingMerchant","floor":3,"turns":4},{"damage":32,"enemies":"downfall:FleeingMerchant","floor":5,"turns":4},{"damage":1,"enemies":"Jaw Worm","floor":6,"turns":2},{"damage":0,"enemies":"Small Slimes","floor":8,"turns":1},{"damage":10,"enemies":"3 Sentries","floor":10,"turns":4},{"damage":0,"enemies":"2 Fungi Beasts","floor":11,"turns":1},{"damage":0,"enemies":"Lagavulin","floor":12,"turns":2},{"damage":10,"enemies":"downfall:FleeingMerchant","floor":13,"turns":2},{"damage":0,"enemies":"Exordium Thugs","floor":14,"turns":2},{"damage":10,"enemies":"2 Fungi Beasts","floor":15,"turns":2},{"damage":19,"enemies":"WA_ARCHETYPE_RETAIN","floor":16,"turns":4},{"damage":8,"enemies":"Chosen","floor":19,"turns":2},{"damage":15,"enemies":"Centurion and Healer","floor":20,"turns":1},{"damage":0,"enemies":"Snecko","floor":21,"turns":1},{"damage":27,"enemies":"3 Cultists","floor":25,"turns":2},{"damage":2,"enemies":"Gremlin Leader","floor":27,"turns":2},{"damage":10,"enemies":"Cultist and Chosen","floor":28,"turns":1},{"damage":1,"enemies":"Book of Stabbing","floor":30,"turns":2},{"damage":0,"enemies":"Shelled Parasite and Fungi","floor":32,"turns":1},{"damage":0,"enemies":"SI_MIRROR_ARCHETYPE","floor":33,"turns":2},{"damage":0,"enemies":"3 Darklings","floor":36,"turns":1},{"damage":0,"enemies":"3 Shapes","floor":37,"turns":1},{"damage":16,"enemies":"Transient","floor":42,"turns":3},{"damage":0,"enemies":"4 Shapes","floor":43,"turns":1},{"damage":0,"enemies":"Sphere and 2 Shapes","floor":45,"turns":1},{"damage":0,"enemies":"Giant Head","floor":47,"turns":1},{"damage":0,"enemies":"Transient","floor":49,"turns":3},{"damage":0,"enemies":"IC_BLOCK_ARCHETYPE","floor":50,"turns":2}],"seed_played":"6916972474182114703","potions_obtained":[{"floor":6,"key":"Fire Potion"},{"floor":10,"key":"Swift Potion"},{"floor":11,"key":"Swift Potion"},{"floor":16,"key":"LiquidBronze"},{"floor":19,"key":"Guardian:BlockOnCardUsePotion"},{"floor":20,"key":"Venom Potion"},{"floor":26,"key":"Strength Potion"},{"floor":26,"key":"LifebloodPotion"},{"floor":37,"key":"Dexterity Potion"},{"floor":42,"key":"Fire Potion"},{"floor":43,"key":"Energy Potion"},{"floor":45,"key":"bronze:BurnAndBuffPotion"},{"floor":47,"key":"Milkshake"},{"floor":49,"key":"Strength Potion"}],"is_trial":false,"path_per_floor":["R","M","$","?","$","M","T","M","R","E","M","E","$","M","M","B",null,"R","M","M","M","?","?","T","M","?","E","M","?","E","?","M","B",null,"R","M","M","?","?","R","T","M","M","R","M","?","E","$","M","B",null],"character_chosen":"THE_CHAMP","items_purchased":["Membership Card","MerchantsRug","Blue Doll","Juzu Bracelet","EntropicBrew","Dodecahedron","REME_PuzzleBoxRelic","Pear","Medical Kit","AttackPotion","BirthdayGift-Tetrahedron","testmod-Antiphasic","Iron Hammer","Singing Bowl","hexamod:Sixitude","Replay:Bandana"],"campfire_rested":0,"item_purchase_floors":[5,5,5,5,5,9,9,13,13,13,18,35,35,40,48,48],"current_hp_per_floor":[90,85,76,76,64,63,63,63,63,63,63,63,73,73,73,64,100,100,100,95,95,95,75,75,70,70,75,75,75,75,75,75,75,75,75,75,75,75,75,75,75,77,79,79,81,81,83,83,85,85],"gold":202,"neow_bonus":"BOSS_RELIC","is_daily":false,"chose_seed":false,"campfire_upgraded":0,"win_rate":0.0,"timestamp":1612973344,"path_taken":["R","M","?","?","$","M","T","M","R","E","M","E","$","?","M","BOSS","R","M","M","M","?","?","T","M","?","E","?","?","E","?","M","BOSS","R","M","M","?","?","R","T","?","M","R","M","?","E","$","M","BOSS"],"items_purchased_type":["Relic","Relic","Relic","Relic","Potion","Relic","Relic","Relic","Relic","Potion","Relic","Relic","Relic","Relic","Relic","Relic"],"build_version":"2020-12-22","purchased_purges":5,"victory":true,"max_hp_per_floor":[90,90,90,90,90,90,90,90,90,90,90,90,100,100,100,100,100,100,100,100,100,100,75,75,75,75,75,75,75,75,75,75,75,75,75,75,75,75,75,75,75,77,79,79,81,81,83,83,85,85],"card_choices":[{"not_picked":["champ:FocusedDefense","champ:AdrenalArmor","champ:SkillfulDodge"],"picked":"SKIP","floor":2},{"not_picked":["champ:StanceDance","champ:DefensiveShout","champ:PerfectedStrike"],"picked":"SKIP","floor":3},{"not_picked":["champ:SwordSigil","champ:ShieldWall","champ:TornadoPunch"],"picked":"SKIP","floor":5},{"not_picked":["champ:BringItOn","champ:PreemptiveStrike"],"picked":"champ:PerfectedStrike","floor":6},{"not_picked":["champ:FlashCut","champ:BerserkersShout","champ:TornadoPunch"],"picked":"SKIP","floor":8},{"not_picked":["champ:SwordSigil","champ:MurderStrike","champ:IronFortress"],"picked":"SKIP","floor":10},{"not_picked":["champ:GutPunch","champ:Haymaker"],"picked":"champ:DeathBlow","floor":11},{"not_picked":["champ:BladeFlurry","champ:Endure","champ:FocusedDefense"],"picked":"SKIP","floor":12},{"not_picked":["champ:MurderStrike","champ:Shatter","champ:GladiatorStyle"],"picked":"SKIP","floor":13},{"not_picked":["champ:BerserkersShout","champ:Haymaker","champ:SwordSigil"],"picked":"SKIP","floor":14},{"not_picked":["champ:FlashCut","champ:Shatter","champ:Backstep"],"picked":"SKIP","floor":15},{"not_picked":["champ:TripleStrike","champ:GladiatorForm"],"picked":"champ:CheapShot","floor":16},{"not_picked":["champ:BerserkerStyle","champ:Haymaker","champ:CrookedStrike"],"picked":"SKIP","floor":19},{"not_picked":["champ:StanceDance","champ:Haymaker","champ:BladeFlurry"],"picked":"SKIP","floor":20},{"not_picked":["champ:RageSigil","champ:GutPunch+1","champ:Backstep"],"picked":"SKIP","floor":21},{"not_picked":["champ:CalledShot","champ:PreciseThrust","champ:SetATrap"],"picked":"SKIP","floor":25},{"not_picked":["champ:CalledShot","champ:FalseCounter"],"picked":"champ:CrownThrow+1","floor":27},{"not_picked":["champ:Backstep","champ:PreciseThrust","champ:Haymaker"],"picked":"SKIP","floor":28},{"not_picked":["champ:RisingSlash+1","champ:SwordSigil+1","champ:PreciseThrust"],"picked":"SKIP","floor":30},{"not_picked":["champ:FlashCut","champ:BerserkerStyle+1"],"picked":"champ:ShieldThrow","floor":32},{"not_picked":["champ:StrikeOfGenius","champ:SwordThrow"],"picked":"champ:HeavySlash","floor":33},{"not_picked":["champ:FlashCut","champ:ShieldSigil","champ:Circumvent+1"],"picked":"SKIP","floor":36},{"not_picked":["champ:PreciseThrust","champ:FanOfKnives+1","champ:FaceSlap"],"picked":"SKIP","floor":37},{"not_picked":["champ:StanceDance","champ:Shatter","champ:PerfectedStrike+1"],"picked":"Singing Bowl","floor":42},{"not_picked":["champ:BladeFlurry","champ:Duel","champ:FlashCut"],"picked":"Singing Bowl","floor":43},{"not_picked":["champ:CrownThrow+1","champ:HeartStrike","champ:AdrenalArmor+1"],"picked":"Singing Bowl","floor":45},{"not_picked":["champ:MurderStrike","champ:FalseCounter","champ:Backstep+1"],"picked":"Singing Bowl","floor":47},{"not_picked":["champ:BringItOn+1","champ:CrownThrow+1","champ:DefensiveShout"],"picked":"Singing Bowl","floor":49}],"player_experience":152486,"relics_obtained":[{"floor":7,"key":"HornCleat"},{"floor":10,"key":"Kunai"},{"floor":12,"key":"Ancient Tea Set"},{"floor":27,"key":"AT_BellowingDragoncrestRing"},{"floor":30,"key":"reliquary:ExpiredCoupon"},{"floor":31,"key":"Ring of Searing"},{"floor":31,"key":"ReplayTheSpireMod:Ring of Exchange"},{"floor":41,"key":"White Beast Statue"},{"floor":47,"key":"Pen Nib"}],"event_choices":[{"damage_healed":0,"gold_gain":0,"player_choice":"Became a vampire","damage_taken":0,"max_hp_gain":0,"max_hp_loss":25,"event_name":"Vampires","floor":23,"gold_loss":0,"cards_obtained":["Bite","Bite","Bite","Bite"]},{"damage_healed":0,"gold_gain":0,"player_choice":"Got Potions","damage_taken":0,"max_hp_gain":0,"max_hp_loss":0,"event_name":"Lab","floor":26,"gold_loss":0},{"damage_healed":0,"gold_gain":0,"player_choice":"Swap Relic","damage_taken":0,"relics_obtained":["DaveBox"],"max_hp_gain":0,"max_hp_loss":0,"event_name":"??????","floor":46,"relics_lost":["DaveBox"],"gold_loss":0}],"is_beta":false,"boss_relics":[{"not_picked":["GreenFoldingFan","testmod-GoldenSoul"],"picked":"aspiration:PoetsPen"},{"not_picked":["Replay:Ancient Bell","Kintsugi"],"picked":"RhineSuit"}],"items_purged_floors":[3,5,35,40,48],"is_endless":false,"potions_floor_spawned":[6,10,11,16,19,20,28,30,37,42,43,45,47,49],"ascension_level":1}}