{"host":"17trt2gvjgnh9jmc","time":1612994441,"event":{"mods":["AchievementEnabler","BaseMod","Bestiary","Colored Map","Minty Spire (QoL Compilation)","Relic Stats"],"gold_per_floor":[118,118,130,141,158,183,183,197,197,197,231,231,251,34,34,129,129,140,156,56,72,89,119,119,145,145,155,254,254,268,294,294,399,399,412,237,251,265,15,15,49,49,76,22,54,74,109,129,129,129],"floor_reached":51,"language":"ENG","playtime":9482,"items_purged":["Strike_R","Strike_R","Strike_R"],"score":899,"play_id":"5db197f1-defd-4153-8692-41f48be08740","local_time":"20210210230041","is_ascension_mode":true,"campfire_choices":[{"data":"Armaments","floor":7,"key":"SMITH"},{"floor":15,"key":"REST"},{"data":"Armaments","floor":24,"key":"SMITH"},{"data":"Barricade","floor":32,"key":"SMITH"},{"data":"Body Slam","floor":40,"key":"SMITH"},{"data":"True Grit","floor":42,"key":"SMITH"},{"floor":49,"key":"DIG"}],"circlet_count":0,"master_deck":["Strike_R+1","Strike_R+1","Defend_R","Defend_R","Defend_R","Defend_R","Armaments+1","Shrug It Off","Anger","Infernal Blade","Juggernaut+1","Second Wind","Regret","Infernal Blade","Shrug It Off","Bandage Up","True Grit+1","Impervious","Armaments+1","Cleave","Sentinel","Body Slam","Body Slam+1","Entrench","Burning Pact","Barricade+1","True Grit","Double Tap","Body Slam+1","Iron Wave","Iron Wave","Ghostly Armor+1","True Grit+1","Metallicize+1","Entrench+1","Shrug It Off+1"],"relics":["Burning Blood","Self Forming Clay","Paper Frog","Magic Flower","InkBottle","Coffee Dripper","White Beast Statue","Mercury Hourglass","Bottled Lightning","Black Star","Bottled Tornado","Toxic Egg 2","MealTicket","Whetstone","Shovel","Pocketwatch","The Courier","Gremlin Horn","Pear"],"acts_visited":["Exordium","TheCity","TheBeyond"],"potions_floor_usage":[27,33,35,35,37,41,45,50,50],"damage_taken":[{"damage":8,"enemies":"2 Louse","floor":1,"turns":2},{"damage":1,"enemies":"Cultist","floor":3,"turns":4},{"damage":0,"enemies":"Jaw Worm","floor":4,"turns":7},{"damage":7,"enemies":"Looter","floor":5,"turns":4},{"damage":20,"enemies":"Lagavulin","floor":6,"turns":7},{"damage":11,"enemies":"Lots of Slimes","floor":8,"turns":4},{"damage":22,"enemies":"3 Sentries","floor":11,"turns":7},{"damage":16,"enemies":"Large Slime","floor":13,"turns":5},{"damage":26,"enemies":"Slime Boss","floor":16,"turns":7},{"damage":7,"enemies":"Shell Parasite","floor":18,"turns":6},{"damage":10,"enemies":"Spheric Guardian","floor":19,"turns":4},{"damage":5,"enemies":"Snecko","floor":21,"turns":5},{"damage":5,"enemies":"Shelled Parasite and Fungi","floor":22,"turns":6},{"damage":20,"enemies":"Slavers","floor":23,"turns":5},{"damage":17,"enemies":"Gremlin Leader","floor":25,"turns":7},{"damage":24,"enemies":"Centurion and Healer","floor":27,"turns":8},{"damage":8,"enemies":"Cultist and Chosen","floor":30,"turns":7},{"damage":16,"enemies":"Slavers","floor":31,"turns":5},{"damage":27,"enemies":"Champ","floor":33,"turns":8},{"damage":16,"enemies":"3 Darklings","floor":35,"turns":6},{"damage":2,"enemies":"3 Shapes","floor":37,"turns":6},{"damage":26,"enemies":"Writhing Mass","floor":38,"turns":7},{"damage":80,"enemies":"Giant Head","floor":41,"turns":10},{"damage":15,"enemies":"Nemesis","floor":45,"turns":5},{"damage":11,"enemies":"3 Darklings","floor":46,"turns":4},{"damage":5,"enemies":"Giant Head","floor":47,"turns":8},{"damage":33,"enemies":"Jaw Worm Horde","floor":48,"turns":3},{"damage":15,"enemies":"Donu and Deca","floor":50,"turns":11}],"seed_played":"5489390385435566047","potions_obtained":[{"floor":4,"key":"FearPotion"},{"floor":11,"key":"EssenceOfSteel"},{"floor":13,"key":"FearPotion"},{"floor":21,"key":"Regen Potion"},{"floor":27,"key":"SpeedPotion"},{"floor":33,"key":"BlessingOfTheForge"},{"floor":35,"key":"SteroidPotion"},{"floor":37,"key":"PowerPotion"},{"floor":41,"key":"Explosive Potion"},{"floor":45,"key":"FearPotion"},{"floor":46,"key":"Dexterity Potion"},{"floor":48,"key":"SkillPotion"}],"is_trial":false,"path_per_floor":["M","?","M","M","M","E","R","M","T","?","E","?","M","$","R","B",null,"M","M","$","M","M","E","R","E","T","M","?","?","M","E","R","B",null,"M","$","M","M","$","R","E","R","T","$","E","M","E","M","R","B",null],"character_chosen":"IRONCLAD","items_purchased":["Bandage Up","True Grit","Explosive Potion","Bottled Tornado","True Grit+1"],"campfire_rested":1,"item_purchase_floors":[14,14,36,39,44],"current_hp_per_floor":[86,86,88,88,87,73,73,68,68,68,55,55,48,48,74,66,88,88,87,87,88,88,83,83,75,75,69,69,69,76,75,75,57,88,88,88,88,80,80,80,15,15,15,30,30,34,44,26,36,36],"gold":129,"neow_bonus":"TEN_PERCENT_HP_BONUS","is_daily":false,"chose_seed":false,"campfire_upgraded":5,"win_rate":0.0,"timestamp":1612994441,"path_taken":["M","?","M","M","?","E","R","M","T","?","E","?","M","$","R","BOSS","M","M","?","M","M","E","R","E","T","M","?","?","M","E","R","BOSS","M","$","M","M","?","R","E","R","T","$","E","M","E","M","R","BOSS"],"items_purchased_type":["Card","Card","Potion","Relic","Card"],"build_version":"2020-12-22","purchased_purges":3,"victory":true,"max_hp_per_floor":[88,88,88,88,88,88,88,88,88,88,88,88,88,88,88,88,88,88,88,88,88,88,88,88,88,88,88,88,88,88,88,88,88,88,88,88,88,88,88,88,88,88,88,88,88,88,88,88,98,98],"relic_stats":{"Gremlin Horn":[3,3],"counters":[28,168],"Self Forming Clay":[213],"Magic Flower":[84],"Whetstone":["Strike_R","Strike_R"],"Burning Blood":200,"Mercury Hourglass":[341],"Shovel":1,"MealTicket":15,"Black Star":3,"obtain_stats":[{"Pear":49,"Gremlin Horn":47,"Self Forming Clay":6,"Magic Flower":10,"The Courier":47,"Whetstone":43,"Bottled Tornado":39,"Burning Blood":0,"White Beast Statue":23,"Mercury Hourglass":25,"Shovel":45,"MealTicket":41,"Coffee Dripper":17,"Black Star":34,"Bottled Lightning":31,"Toxic Egg 2":41,"InkBottle":11,"Paper Frog":9,"Pocketwatch":45},{"Pear":27,"Gremlin Horn":26,"Self Forming Clay":5,"Magic Flower":6,"The Courier":26,"Whetstone":23,"Bottled Tornado":22,"Burning Blood":0,"White Beast Statue":14,"Mercury Hourglass":15,"Shovel":24,"MealTicket":23,"Coffee Dripper":9,"Black Star":19,"Bottled Lightning":18,"Toxic Egg 2":23,"InkBottle":7,"Paper Frog":6,"Pocketwatch":24},{"Pear":157,"Gremlin Horn":154,"Self Forming Clay":24,"Magic Flower":28,"The Courier":154,"Whetstone":137,"Bottled Tornado":127,"Burning Blood":0,"White Beast Statue":73,"Mercury Hourglass":80,"Shovel":142,"MealTicket":137,"Coffee Dripper":47,"Black Star":108,"Bottled Lightning":100,"Toxic Egg 2":137,"InkBottle":35,"Paper Frog":28,"Pocketwatch":142}],"InkBottle":[53],"Pocketwatch":[21]},"card_choices":[{"not_picked":["Headbutt","Wild Strike"],"picked":"Armaments","floor":1},{"not_picked":["Clash","Flex"],"picked":"Shrug It Off","floor":3},{"not_picked":["Clash","Headbutt"],"picked":"Anger","floor":4},{"not_picked":["Dual Wield","Disarm"],"picked":"Infernal Blade","floor":5},{"not_picked":["Whirlwind","Anger"],"picked":"Juggernaut","floor":6},{"not_picked":["Blood for Blood","Disarm"],"picked":"Second Wind","floor":8},{"not_picked":["Sever Soul","Clash"],"picked":"Infernal Blade","floor":11},{"not_picked":["Twin Strike","Flex"],"picked":"Shrug It Off","floor":13},{"not_picked":["Double Tap","Feed"],"picked":"Impervious","floor":16},{"not_picked":["Sword Boomerang+1","Dark Embrace"],"picked":"Armaments","floor":18},{"not_picked":["True Grit","Clothesline+1"],"picked":"Cleave","floor":19},{"not_picked":["Pommel Strike","Flex"],"picked":"Sentinel","floor":21},{"not_picked":["Clothesline+1","Sword Boomerang"],"picked":"Body Slam","floor":22},{"not_picked":["Rampage","Havoc"],"picked":"Body Slam+1","floor":23},{"not_picked":["Clothesline","Fiend Fire"],"picked":"Entrench","floor":25},{"not_picked":["Havoc","Pummel+1"],"picked":"Burning Pact","floor":27},{"not_picked":["Flex","Anger"],"picked":"True Grit","floor":30},{"not_picked":["Dropkick","Havoc","Clash+1"],"picked":"SKIP","floor":31},{"not_picked":["Demon Form","Corruption"],"picked":"Double Tap","floor":33},{"not_picked":["Armaments","Sword Boomerang"],"picked":"Body Slam","floor":35},{"not_picked":["Shockwave+1","Clothesline"],"picked":"Iron Wave","floor":37},{"not_picked":["Flex+1","Heavy Blade"],"picked":"Iron Wave","floor":38},{"not_picked":["Limit Break+1","Pommel Strike"],"picked":"Ghostly Armor+1","floor":41},{"not_picked":["Intimidate+1","Wild Strike"],"picked":"Metallicize+1","floor":45},{"not_picked":["Clothesline+1","Clash"],"picked":"Entrench+1","floor":46},{"not_picked":["Evolve","Cleave+1","Dropkick"],"picked":"SKIP","floor":47},{"not_picked":["Pommel Strike","Iron Wave+1"],"picked":"Shrug It Off+1","floor":48}],"player_experience":429525,"relics_obtained":[{"floor":6,"key":"Self Forming Clay"},{"floor":9,"key":"Paper Frog"},{"floor":11,"key":"InkBottle"},{"floor":23,"key":"White Beast Statue"},{"floor":25,"key":"Mercury Hourglass"},{"floor":31,"key":"Bottled Lightning"},{"floor":41,"key":"Toxic Egg 2"},{"floor":41,"key":"MealTicket"},{"floor":43,"key":"Whetstone"},{"floor":45,"key":"Shovel"},{"floor":45,"key":"Pocketwatch"},{"floor":47,"key":"The Courier"},{"floor":47,"key":"Gremlin Horn"},{"floor":49,"key":"Pear"}],"event_choices":[{"cards_removed":["Bash"],"damage_healed":0,"gold_gain":0,"player_choice":"Offered Basic","damage_taken":0,"max_hp_gain":0,"max_hp_loss":0,"event_name":"Bonfire Elementals","floor":2,"gold_loss":0},{"damage_healed":0,"gold_gain":0,"player_choice":"Box","damage_taken":0,"relics_obtained":["Magic Flower"],"max_hp_gain":0,"max_hp_loss":0,"event_name":"Big Fish","floor":10,"gold_loss":0,"cards_obtained":["Regret"]},{"damage_healed":0,"gold_gain":0,"player_choice":"Upgraded","damage_taken":0,"max_hp_gain":0,"max_hp_loss":0,"event_name":"Upgrade Shrine","floor":12,"gold_loss":0,"cards_upgraded":["Juggernaut"]},{"damage_healed":0,"gold_gain":99,"player_choice":"Stole From Cult","damage_taken":0,"max_hp_gain":0,"max_hp_loss":0,"event_name":"Nest","floor":28,"gold_loss":0},{"damage_healed":0,"gold_gain":0,"player_choice":"1 cards matched","damage_taken":0,"max_hp_gain":0,"max_hp_loss":0,"event_name":"Match and Keep!","floor":29,"gold_loss":0,"cards_obtained":["Barricade"]}],"is_beta":false,"boss_relics":[{"not_picked":["Fusion Hammer","Philosopher\u0027s Stone"],"picked":"Coffee Dripper"},{"not_picked":["Cursed Key","Busted Crown"],"picked":"Black Star"}],"items_purged_floors":[14,20,36],"is_endless":false,"potions_floor_spawned":[4,11,13,16,19,21,22,25,27,30,31,33,35,37,38,41,45,46,47,48],"ascension_level":1}}