{"host":"mwb0clku6crgv6yl","time":1612952134,"event":{"mods":["AchievementEnabler","BaseMod","Highlight Path","Koishi","Minty Spire (QoL Compilation)","Replay The Spire","StSLib","The Administrix","The Construct","The Cursed","The Gatherer","The Hierophant"],"gold_per_floor":[144,224,224,224,93,3,48,43,43,52,106,106,160,205,205,514,514,538,547,401,446,46,46],"floor_reached":22,"language":"ZHS","playtime":1344,"items_purged":[],"score":201,"play_id":"71b17f8d-ae64-444a-afd3-259d4cc80e89","local_time":"20210210181534","daily_mods":["SealedDeck","Time Dilation","Midas"],"is_ascension_mode":false,"campfire_choices":[],"circlet_count":0,"master_deck":["TheCursedMod:BlessingInDisguise+1","TheCursedMod:Obscuration+1","TheCursedMod:WearCloak","TheCursedMod:CursedShiv+1","TheCursedMod:SpitefulPlan","TheCursedMod:CircleOfFlame","TheCursedMod:CursedMace","TheCursedMod:CircleOfFlame","TheCursedMod:CursedShiv","TheCursedMod:CursedMace","ReplayTheSpireMod:IOU","ReplayTheSpireMod:IOU","TheCursedMod:LuckyCharm","TheCursedMod:RapidMovement","ReplayTheSpireMod:IOU","TheCursedMod:CircleOfAbyss","TheCursedMod:TroublousMinions","TheCursedMod:HellfireBreathing","TheCursedMod:AbyssShockwave","TheCursedMod:VitalStrike","Swift Strike","TheCursedMod:SpitefulPray","TheCursedMod:CircleOfCorruption","TheCursedMod:VoidForm","TheCursedMod:ManaBullet","Hallucinations","TheCursedMod:HellfireBreathing"],"relics":["TheCursedMod:BlackMagic101","Replay:Wax Seal","CultistMask","Kunai","Replay:Multitool","BargainBundle","Bronze Scales","MealTicket","CeramicFish","TheCursedMod:FourLeafCloverCharm"],"acts_visited":["Exordium","TheCity"],"potions_floor_usage":[16,21,21,22],"damage_taken":[{"damage":0.0,"enemies":"Jaw Worm","floor":1.0,"turns":3.0},{"damage":1,"enemies":"Small Slimes","floor":7,"turns":3},{"damage":0,"enemies":"Cultist","floor":11,"turns":3},{"damage":0,"enemies":"2 Fungi Beasts","floor":13,"turns":2},{"damage":9,"enemies":"Large Slime","floor":14,"turns":5},{"damage":43,"enemies":"Fading Forest","floor":16,"turns":11},{"damage":38,"enemies":"2 Thieves","floor":18,"turns":4},{"damage":9,"enemies":"3 Byrds","floor":20,"turns":3},{"damage":8,"enemies":"Shelled Parasite and Fungi","floor":21,"turns":4},{"damage":22,"enemies":"Centurion and Healer","floor":22,"turns":3}],"seed_played":"-5810517303651203205","potions_obtained":[{"floor":1.0,"key":"SpeedPotion"},{"floor":16,"key":"Strength Potion"},{"floor":21,"key":"Ancient Potion"}],"is_trial":false,"path_per_floor":["M","?","?","?","$","R","M","$","T","?","M","R","M","M","R","B",null,"M","?","M","M","M"],"character_chosen":"THE_CURSED","items_purchased":["Kunai","Replay:Multitool","TheCursedMod:LuckyCharm","BargainBundle","TheCursedMod:CircleOfAbyss","TheCursedMod:TroublousMinions","TheCursedMod:HellfireBreathing","Bronze Scales","PowerPotion","FearPotion","TheCursedMod:AbyssShockwave","TheCursedMod:VitalStrike","Swift Strike"],"campfire_rested":0,"item_purchase_floors":[5,5,5,8,8,8,8,8,8,8,8,8,8],"current_hp_per_floor":[75,75,63,63,63,63,62,62,62,62,62,75,75,66,75,32,75,37,37,28,20,0,0],"gold":46,"neow_bonus":"","is_daily":true,"chose_seed":false,"campfire_upgraded":0,"win_rate":0.0,"timestamp":1612952134,"path_taken":["M","?","?","?","$","R","M","$","T","?","M","R","M","M","R","BOSS","M","?","?","M","M"],"items_purchased_type":["Relic","Relic","Card","Relic","Card","Card","Card","Relic","Potion","Potion","Card","Card","Card"],"build_version":"2020-12-22","purchased_purges":0,"victory":false,"max_hp_per_floor":[75,75,75,75,75,75,75,75,75,75,75,75,75,75,75,75,75,75,75,75,75,75,75],"card_choices":[{"not_picked":["TheCursedMod:WearCloak","TheCursedMod:Obscuration"],"picked":"TheCursedMod:CursedMace","floor":1.0},{"not_picked":["TheCursedMod:Stigma","TheCursedMod:Hemoplague"],"picked":"TheCursedMod:RapidMovement","floor":7},{"not_picked":["TheCursedMod:CursedAmulet","TheCursedMod:Obscuration"],"picked":"TheCursedMod:SpitefulPray","floor":11},{"not_picked":["TheCursedMod:SurpriseAttack","TheCursedMod:Obscuration"],"picked":"TheCursedMod:CircleOfCorruption","floor":13},{"not_picked":["TheCursedMod:SpitefulPlan","TheCursedMod:Stretching","TheCursedMod:Torture"],"picked":"SKIP","floor":14},{"not_picked":["TheCursedMod:OutForBlood","TheCursedMod:DemonSword"],"picked":"TheCursedMod:VoidForm","floor":16},{"not_picked":["TheCursedMod:AshesToAshes","TheCursedMod:TacticalStrike"],"picked":"TheCursedMod:ManaBullet","floor":18},{"not_picked":["TheCursedMod:FleshFromBone","TheCursedMod:RavingStaff"],"picked":"TheCursedMod:HellfireBreathing","floor":20},{"not_picked":["TheCursedMod:BlessingInDisguise","TheCursedMod:Stretching","TheCursedMod:Mangle"],"picked":"SKIP","floor":21}],"player_experience":278831,"relics_obtained":[{"floor":9,"key":"MealTicket"}],"event_choices":[{"damage_healed":0.0,"max_hp_gain":0.0,"max_hp_loss":0.0,"gold_gain":0.0,"event_name":"Scrap Ooze","player_choice":"Success","floor":3.0,"gold_loss":0.0,"damage_taken":12.0,"relics_obtained":["Replay:Wax Seal"]},{"damage_healed":0.0,"max_hp_gain":0.0,"max_hp_loss":0.0,"gold_gain":0.0,"event_name":"FaceTrader","player_choice":"Trade","floor":4.0,"gold_loss":0.0,"damage_taken":0.0,"relics_obtained":["CultistMask"]},{"cards_removed":["TheCursedMod:CursedAmulet"],"damage_healed":0,"gold_gain":0,"player_choice":"Upgrade and Remove","damage_taken":0,"max_hp_gain":0,"max_hp_loss":0,"event_name":"Designer","floor":6,"gold_loss":90,"cards_upgraded":["TheCursedMod:Obscuration"]},{"damage_healed":0,"gold_gain":0,"player_choice":"Box","damage_taken":0,"relics_obtained":["CeramicFish"],"max_hp_gain":0,"max_hp_loss":0,"event_name":"Big Fish","floor":10,"gold_loss":0,"cards_obtained":["Regret"]},{"damage_healed":0,"gold_gain":0,"cards_transformed":["Regret"],"player_choice":"Transformed","damage_taken":0,"max_hp_gain":0,"max_hp_loss":0,"event_name":"Transmorgrifier","floor":19,"gold_loss":0,"cards_obtained":["Hallucinations"]}],"is_beta":false,"boss_relics":[{"not_picked":["Black Star","Busted Crown"],"picked":"TheCursedMod:FourLeafCloverCharm"}],"items_purged_floors":[],"is_endless":false,"potions_floor_spawned":[1,14,16,18,21],"killed_by":"Centurion and Healer","ascension_level":0}}