{"host":"ls51t9cob9m2p2s9","time":1612999794,"event":{"mods":["AchievementEnabler","BaseMod","Become a monster ???","Colored Powertips","Downfall","Highlight Path","Minty Spire (QoL Compilation)","Quick Restart","Rare Cards Sparkle","StSLib","Uncapped"],"gold_per_floor":[99,113,123,573,573,588,588,103,3,17,17,42,42,53,72,171,171,71,86,96,107,107,126,126,143,43,43,54,64,64,79,96,191,191,191,203,220,220,240,255,310,310,46,58,58,69,69,89,89,89,89],"floor_reached":49,"language":"ENG","playtime":9700,"items_purged":[],"score":549,"play_id":"94e65e5c-6844-482c-a10d-86c281e07605","local_time":"20210210232954","is_ascension_mode":false,"campfire_choices":[{"floor":1.0,"key":"RECALL"},{"data":"bronze:ClassDefault","floor":9.0,"key":"SMITH"},{"data":"expansioncontent:AwakenDeath","floor":11.0,"key":"SMITH"},{"floor":13.0,"key":"REST"},{"data":"bronze:Verify","floor":18.0,"key":"SMITH"},{"floor":26.0,"key":"REST"},{"floor":30.0,"key":"REST"},{"data":"bronze:Mutator","floor":35,"key":"SMITH"},{"floor":42,"key":"REST"},{"floor":47,"key":"REST"}],"circlet_count":0,"master_deck":["bronze:Strike","bronze:Strike","bronze:Strike","bronze:Strike","bronze:Defend","bronze:Defend","bronze:Defend","bronze:Defend","bronze:Replicate","bronze:Goto","bronze:Repulsor","bronze:CutThrough","bronze:DigitalCarnage","bronze:Deprecate","bronze:Shell","bronze:Frontload","bronze:ClassDefault+1","expansioncontent:AwakenDeath+1","bronze:BugBarrage","bronze:BuggyMess","bronze:ForLoop","bronze:ChosenStrike","bronze:Verify+1","bronze:Philosophize","bronze:ForLoop+1","bronze:ForceShield","bronze:Frontload+1","bronze:BuggyMess","downfall:Malfunctioning","Decay","bronze:Overload","bronze:Turbo","bronze:Flail","bronze:CloningBeam+1","bronze:Mutator+1","bronze:Frontload","bronze:Shield+1","bronze:BuggyMess","Parasite","bronze:Shield+1","bronze:Shield+1","bronze:MaxOutput","bronze:Turbo","bronze:BuggyMess","bronze:Invalidate","bronze:Fortify+1"],"relics":["bronze:BronzeCore","Pocketwatch","downfall:HeartBlessingRed","Pen Nib","Sozu","downfall:HeartBlessingGreen","Orichalcum","downfall:HeartBlessingBlue","SlaversCollar","Ancient Tea Set","Art of War","downfall:ExtraCursedKey"],"acts_visited":["Exordium","TheCity","TheBeyond"],"potions_floor_usage":[49],"damage_taken":[{"damage":1.0,"enemies":"Jaw Worm","floor":2.0,"turns":4.0},{"damage":7.0,"enemies":"Small Slimes","floor":3.0,"turns":4.0},{"damage":0.0,"enemies":"2 Louse","floor":6.0,"turns":2.0},{"damage":0.0,"enemies":"downfall:FleeingMerchant","floor":8.0,"turns":4.0},{"damage":13.0,"enemies":"Red Slaver","floor":10.0,"turns":2.0},{"damage":63.0,"enemies":"Gremlin Nob","floor":12.0,"turns":6.0},{"damage":13.0,"enemies":"Blue Slaver","floor":14.0,"turns":3.0},{"damage":11.0,"enemies":"Large Slime","floor":15.0,"turns":6.0},{"damage":56.0,"enemies":"DF_ARCHETYPE_STREAMLINE","floor":16.0,"turns":13.0},{"damage":28.0,"enemies":"Chosen","floor":19.0,"turns":8.0},{"damage":54.0,"enemies":"Cultist and Chosen","floor":20.0,"turns":8.0},{"damage":24.0,"enemies":"Centurion and Healer","floor":21.0,"turns":7.0},{"damage":15.0,"enemies":"Snecko","floor":23.0,"turns":5.0},{"damage":31.0,"enemies":"Snake Plant","floor":25.0,"turns":6.0},{"damage":29.0,"enemies":"3 Cultists","floor":28.0,"turns":8.0},{"damage":41.0,"enemies":"Shelled Parasite and Fungi","floor":29.0,"turns":9.0},{"damage":5.0,"enemies":"Snecko","floor":31.0,"turns":7.0},{"damage":13.0,"enemies":"Centurion and Healer","floor":32.0,"turns":8.0},{"damage":57.0,"enemies":"IC_MUSHROOM_ARCHETYPE","floor":33.0,"turns":15.0},{"damage":15,"enemies":"3 Shapes","floor":36,"turns":8},{"damage":5,"enemies":"Orb Walker","floor":37,"turns":5},{"damage":24,"enemies":"3 Darklings","floor":39,"turns":7},{"damage":37,"enemies":"Writhing Mass","floor":40,"turns":12},{"damage":9,"enemies":"downfall:FleeingMerchant","floor":43,"turns":4},{"damage":62,"enemies":"Transient","floor":44,"turns":5},{"damage":30,"enemies":"Jaw Worm Horde","floor":46,"turns":7},{"damage":33,"enemies":"Spire Growth","floor":48,"turns":7},{"damage":56,"enemies":"4 Shapes","floor":49,"turns":3}],"seed_played":"-2433862575022839844","potions_obtained":[{"floor":3.0,"key":"Strength Potion"},{"floor":6.0,"key":"Weak Potion"},{"floor":12.0,"key":"Ancient Potion"}],"is_trial":false,"path_per_floor":["R","M","M","?","?","M","T","$","R","M","R","E","R","M","M","B",null,"R","M","M","M","?","M","T","M","R","?","M","M","R","M","M","B",null,"R","M","M","?","M","M","T","R","$","M","?","M","R","M","M"],"character_chosen":"THE_AUTOMATON","items_purchased":["bronze:Frontload","bronze:ClassDefault","expansioncontent:AwakenDeath","Pocketwatch","bronze:MaxOutput","Art of War","bronze:Turbo"],"campfire_rested":5,"item_purchase_floors":[8,8,8,8,43,43,43],"current_hp_per_floor":[77,76,69,69,69,69,69,69,69,56,56,30,53,40,29,10,77,77,49,30,6,6,30,30,30,66,66,37,30,56,51,38,18,87,87,72,67,67,43,6,6,32,23,30,30,30,56,23,0,0,0],"gold":89,"neow_bonus":"TEN_PERCENT_HP_BONUS","is_daily":false,"chose_seed":false,"campfire_upgraded":4,"win_rate":0.0,"timestamp":1612999794,"path_taken":["R","M","M","?","?","M","T","$","R","M","R","E","R","M","M","BOSS","R","M","M","M","?","M","T","M","R","?","M","M","R","M","M","BOSS","R","M","M","?","M","?","T","R","$","M","?","M","R","M","M"],"items_purchased_type":["Card","Card","Card","Relic","Card","Relic","Card"],"build_version":"2020-12-22","purchased_purges":0,"victory":false,"max_hp_per_floor":[77,77,77,77,77,77,77,77,77,77,77,77,77,77,77,77,77,77,77,77,77,77,77,77,77,87,87,87,87,87,87,87,87,87,87,87,87,87,87,87,87,87,87,87,87,87,87,87,87,87,87],"card_choices":[{"not_picked":["bronze:BugBarrage","bronze:DelayedGuard"],"picked":"bronze:Repulsor","floor":2.0},{"not_picked":["bronze:MaxOutput","bronze:Assembly"],"picked":"bronze:CutThrough","floor":3.0},{"not_picked":["bronze:Allocate","bronze:Overload"],"picked":"bronze:Deprecate","floor":6.0},{"not_picked":["bronze:Overload","bronze:BuggyMess"],"picked":"bronze:Shell","floor":8.0},{"not_picked":["bronze:ForceShield","bronze:ChildClass"],"picked":"bronze:BugBarrage","floor":10.0},{"not_picked":["bronze:Fortify","bronze:WildBeam"],"picked":"bronze:BuggyMess","floor":12.0},{"not_picked":["bronze:CutThrough","bronze:DigitalCarnage"],"picked":"bronze:ForLoop","floor":14.0},{"not_picked":["bronze:FineTuning","bronze:DarkDash"],"picked":"bronze:ChosenStrike","floor":15.0},{"not_picked":["bronze:Assembly","bronze:RecursiveStrike"],"picked":"bronze:Verify","floor":16.0},{"not_picked":["bronze:Overload","bronze:BitShift"],"picked":"bronze:Philosophize","floor":19.0},{"not_picked":["bronze:OilSpill","bronze:Safeguard"],"picked":"bronze:ForLoop+1","floor":20.0},{"not_picked":["bronze:Shell","bronze:DelayedSlice+1"],"picked":"bronze:ForceShield","floor":21.0},{"not_picked":["bronze:ChildClass","bronze:Turbo"],"picked":"bronze:Frontload+1","floor":23.0},{"not_picked":["bronze:Iterate","bronze:BugBarrage"],"picked":"bronze:BuggyMess","floor":25.0},{"not_picked":["bronze:ChosenStrike","bronze:Fortify"],"picked":"bronze:Overload","floor":28.0},{"not_picked":["bronze:NullPointer","bronze:BugBarrage+1"],"picked":"bronze:Turbo","floor":29.0},{"not_picked":["bronze:NullPointer","bronze:Fortify"],"picked":"bronze:Flail","floor":31.0},{"not_picked":["bronze:Backtrace","bronze:BugBarrage"],"picked":"bronze:CloningBeam+1","floor":32.0},{"not_picked":["bronze:HyperBeam","bronze:ShipIt"],"picked":"bronze:Mutator","floor":33.0},{"not_picked":["bronze:CutThrough","bronze:BugBarrage"],"picked":"bronze:Frontload","floor":36},{"not_picked":["bronze:Overheat+1","bronze:BitShift"],"picked":"bronze:Shield+1","floor":37},{"not_picked":["bronze:Invalidate+1","bronze:Repulsor"],"picked":"bronze:BuggyMess","floor":39},{"not_picked":["bronze:Overload","bronze:BronzeOrb+1"],"picked":"bronze:Shield+1","floor":40},{"not_picked":["bronze:BugBarrage","bronze:Branch+1"],"picked":"bronze:Shield+1","floor":43},{"not_picked":["bronze:WildBeam+1","bronze:Overheat+1"],"picked":"bronze:BuggyMess","floor":44},{"not_picked":["bronze:Iterate+1","bronze:FollowUp+1"],"picked":"bronze:Invalidate","floor":46},{"not_picked":["bronze:WhirlingStrike+1","bronze:Philosophize"],"picked":"bronze:Fortify+1","floor":48}],"player_experience":399106,"relics_obtained":[{"floor":12.0,"key":"Pen Nib"},{"floor":24.0,"key":"Orichalcum"},{"floor":41,"key":"Ancient Tea Set"}],"event_choices":[{"damage_healed":0.0,"max_hp_gain":0.0,"max_hp_loss":0.0,"gold_gain":0.0,"cards_transformed":["downfall:Icky","downfall:Icky"],"event_name":"Drug Dealer","player_choice":"Became Test Subject","floor":27.0,"gold_loss":0.0,"damage_taken":0.0,"cards_obtained":["downfall:Malfunctioning","Decay"]}],"is_beta":false,"boss_relics":[{"not_picked":["Runic Dome","Coffee Dripper"],"picked":"Sozu"},{"not_picked":["Velvet Choker","Fusion Hammer"],"picked":"SlaversCollar"}],"items_purged_floors":[],"is_endless":false,"potions_floor_spawned":[3,6,12,16,23,25,32,33,39,40],"killed_by":"4 Shapes","ascension_level":0}}