{"host":"ia9e4s524g7bamk7","time":1612964361,"event":{"mods":["AchievementEnabler","BaseMod","Minty Spire (QoL Compilation)","Slay-I"],"gold_per_floor":[115,65,80,90,106,139,139,167,167,167,202,127,127,157,157,261,261,274,293,310,237,257,284,284,319,364,364,378,378,378],"floor_reached":29,"language":"ENG","playtime":2119,"items_purged":["Strike_R"],"score":352,"play_id":"4f13c9b8-64f1-45ed-b52c-f4cedbc583d3","local_time":"20210210143921","is_ascension_mode":true,"campfire_choices":[{"data":"Iron Wave","floor":7.0,"key":"SMITH"},{"data":"Strike_R","floor":10.0,"key":"PURGE"},{"data":"Strike_R","floor":15.0,"key":"PURGE"},{"data":"Power Through","floor":24.0,"key":"PURGE"},{"floor":27.0,"key":"REST"}],"circlet_count":0,"master_deck":["Defend_R","Defend_R","Defend_R","Defend_R","Bash","Inflame","Clash","Evolve","Sword Boomerang","Iron Wave+1","Spot Weakness","Double Tap","Corruption","Clash","Dark Embrace","Iron Wave","Metallicize","Normality","Clash+1"],"relics":["Burning Blood","Centennial Puzzle","Peace Pipe","Vajra","Mercury Hourglass","Matryoshka","TungstenRod","Cursed Key","Akabeko","Lizard Tail","Darkstone Periapt"],"acts_visited":["Exordium","TheCity"],"potions_floor_usage":[],"damage_taken":[{"damage":11.0,"enemies":"Small Slimes","floor":1.0,"turns":5.0},{"damage":4.0,"enemies":"2 Louse","floor":3.0,"turns":4.0},{"damage":1.0,"enemies":"Cultist","floor":4.0,"turns":4.0},{"damage":10.0,"enemies":"3 Louse","floor":5.0,"turns":3.0},{"damage":2.0,"enemies":"Gremlin Nob","floor":6.0,"turns":3.0},{"damage":8.0,"enemies":"3 Sentries","floor":8.0,"turns":9.0},{"damage":40.0,"enemies":"Lagavulin","floor":11.0,"turns":4.0},{"damage":16.0,"enemies":"Gremlin Nob","floor":14.0,"turns":3.0},{"damage":16.0,"enemies":"Hexaghost","floor":16.0,"turns":9.0},{"damage":0.0,"enemies":"Chosen","floor":18.0,"turns":3.0},{"damage":14.0,"enemies":"2 Thieves","floor":19.0,"turns":2.0},{"damage":12.0,"enemies":"Centurion and Healer","floor":20.0,"turns":3.0},{"damage":22.0,"enemies":"Snake Plant","floor":22.0,"turns":5.0},{"damage":12.0,"enemies":"Book of Stabbing","floor":23.0,"turns":4.0},{"damage":39.0,"enemies":"Slavers","floor":25.0,"turns":4.0},{"damage":23.0,"enemies":"Shelled Parasite and Fungi","floor":28.0,"turns":5.0},{"damage":0,"enemies":"Gremlin Leader","floor":29,"turns":1}],"seed_played":"-6429443071314927874","potions_obtained":[{"floor":1.0,"key":"PowerPotion"},{"floor":5.0,"key":"Ancient Potion"},{"floor":6.0,"key":"SkillPotion"},{"floor":8.0,"key":"LiquidMemories"},{"floor":16.0,"key":"SkillPotion"},{"floor":19.0,"key":"Weak Potion"},{"floor":20.0,"key":"PowerPotion"},{"floor":22.0,"key":"LiquidMemories"},{"floor":23.0,"key":"GamblersBrew"}],"is_trial":false,"path_per_floor":["M","?","M","M","M","E","R","E","T","R","E","$","?","E","R","B",null,"M","M","M","$","M","E","R","E","T","R","M","E"],"character_chosen":"IRONCLAD","items_purchased":["Dark Embrace"],"campfire_rested":1,"item_purchase_floors":[21],"current_hp_per_floor":[75,75,77,80,76,80,80,78,78,78,44,44,44,34,34,24,80,80,72,66,66,50,44,44,11,11,35,18,18,18],"gold":378,"neow_bonus":"RANDOM_COMMON_RELIC","is_daily":false,"chose_seed":true,"campfire_upgraded":1,"win_rate":0.0,"timestamp":1612964361,"path_taken":["M","?","M","M","M","E","R","E","T","R","E","$","?","E","R","BOSS","M","M","M","$","M","E","R","E","T","R","M","E"],"items_purchased_type":["Card"],"build_version":"2020-12-22","purchased_purges":1,"victory":false,"max_hp_per_floor":[80,80,80,80,80,80,80,80,80,80,80,80,80,80,80,80,80,80,80,80,80,80,80,80,80,80,80,80,80,80],"card_choices":[{"not_picked":["Combust","Sword Boomerang"],"picked":"Inflame","floor":1.0},{"not_picked":["Body Slam","Warcry"],"picked":"Clash","floor":3.0},{"not_picked":["Headbutt","Intimidate"],"picked":"Evolve","floor":4.0},{"not_picked":["Pummel","Hemokinesis"],"picked":"Sword Boomerang","floor":5.0},{"not_picked":["Infernal Blade","Rage"],"picked":"Iron Wave","floor":6.0},{"not_picked":["Bludgeon","Perfected Strike"],"picked":"Spot Weakness","floor":8.0},{"not_picked":["Dual Wield","Sword Boomerang"],"picked":"Double Tap","floor":11.0},{"not_picked":["Iron Wave","Disarm","Flex"],"picked":"SKIP","floor":14.0},{"not_picked":["Offering","Fiend Fire"],"picked":"Corruption","floor":16.0},{"not_picked":["Perfected Strike","Body Slam+1"],"picked":"Clash","floor":18.0},{"not_picked":["Seeing Red","Flame Barrier","Headbutt"],"picked":"SKIP","floor":19.0},{"not_picked":["Burning Pact","Sentinel"],"picked":"Power Through","floor":20.0},{"not_picked":["Uppercut","Combust"],"picked":"Iron Wave","floor":22.0},{"not_picked":["Twin Strike+1","Havoc","Perfected Strike"],"picked":"SKIP","floor":23.0},{"not_picked":["Body Slam","Pummel"],"picked":"Metallicize","floor":25.0},{"not_picked":["Bludgeon","Clothesline+1"],"picked":"Clash+1","floor":28.0}],"player_experience":303760,"relics_obtained":[{"floor":6.0,"key":"Peace Pipe"},{"floor":8.0,"key":"Vajra"},{"floor":9.0,"key":"Mercury Hourglass"},{"floor":11.0,"key":"Matryoshka"},{"floor":14.0,"key":"TungstenRod"},{"floor":23.0,"key":"Akabeko"},{"floor":25.0,"key":"Lizard Tail"},{"floor":26.0,"key":"Darkstone Periapt"}],"event_choices":[{"cards_removed":["Strike_R"],"damage_healed":0.0,"max_hp_gain":0.0,"max_hp_loss":0.0,"gold_gain":0.0,"event_name":"The Cleric","player_choice":"Card Removal","floor":2.0,"gold_loss":50.0,"damage_taken":0.0},{"cards_removed":["Strike_R"],"damage_healed":0.0,"max_hp_gain":0.0,"max_hp_loss":0.0,"gold_gain":0.0,"event_name":"Bonfire Elementals","player_choice":"Offered Basic","floor":13.0,"gold_loss":0.0,"damage_taken":0.0}],"is_beta":false,"boss_relics":[{"not_picked":["Runic Dome","Black Blood"],"picked":"Cursed Key"}],"items_purged_floors":[12],"is_endless":false,"potions_floor_spawned":[1,5,6,8,16,19,20,22,23],"killed_by":"Gremlin Leader","ascension_level":4}}