{"host":"g9lyg94sknivkiz4","time":1612924036,"event":{"mods":["AchievementEnabler","Act Like it!","Art Attack!","Aspiration","BaseMod","Better Altar","Better Match","Better Note","Better Skull","Better Third Choice","BetterRewards","Colored Map","Conspire","Defuse TimeMaze Blight","Dio Mod","Downfall","Elementarium","Energized Spire","GifTheSpireLib","Gold Saver","Googly Eyes","Hallownest","Hubris","Hyrulean Relics","Infinite Spire","Melee Mod","Mimic Mod","Minty Spire (QoL Compilation)","Morshu Shopkeeper","RRrroohrrRGHHhhh!!","Replay The Spire","SCP261 Mod","Shop Mod","Small Relic Pack","Spicy Shops","StSLib","Steal the Spire","Td1madao Mod","The Alterego","The Blue Laboratory","The Forsaken","The Servant 0.9.4","The Wild Card"],"gold_per_floor":[113,113,113,113,126,161,161,161,161],"floor_reached":8,"language":"ENG","playtime":734,"items_purged":[],"score":54,"play_id":"aae236b3-dda9-46e9-997e-bdaa7641a1d5","local_time":"20210209192716","is_ascension_mode":false,"campfire_choices":[{"data":"theWildCard:Arsene","floor":7,"key":"SMITH"}],"circlet_count":0,"master_deck":["ArtAttackMod:ArtAttack","theWildCard:BasicStrike","theWildCard:BasicStrike","theWildCard:BasicStrike","theWildCard:BasicStrike","theWildCard:BasicDefend","theWildCard:BasicDefend","theWildCard:BasicDefend","theWildCard:BasicDefend","theWildCard:CallToAdventure","theWildCard:Arsene+1","theWildCard:Sakuya","Burn","theWildCard:EnergizedStroke","theWildCard:Safeguard"],"relics":["theWildCard:VelvetContract","aspiration:Nostalgia","m_BurningSludge","Pantograph","relicPack:OneForAll","MealTicket"],"acts_visited":["Exordium"],"potions_floor_usage":[],"damage_taken":[{"damage":4,"enemies":"conspire:RoseBush","floor":1,"turns":4},{"damage":0,"enemies":"Jaw Worm","floor":5,"turns":2},{"damage":33,"enemies":"3 Sentries","floor":6,"turns":7},{"damage":31,"enemies":"Replay:BlueRogue","floor":8,"turns":6}],"seed_played":"-2336847477315464747","potions_obtained":[{"floor":1,"key":"Reflective Coating"},{"floor":6,"key":"AttackPotion"}],"is_trial":false,"path_per_floor":["M","?","T","?","M","E","R","E"],"character_chosen":"THE_WILD_CARD","items_purchased":[],"campfire_rested":0,"item_purchase_floors":[],"current_hp_per_floor":[56,56,56,56,56,23,23,0,0],"gold":161,"neow_bonus":"NOSTALGIA","is_daily":false,"chose_seed":false,"campfire_upgraded":1,"win_rate":0.0,"timestamp":1612924036,"path_taken":["M","?","?","?","M","E","R","E"],"items_purchased_type":[],"build_version":"2020-12-22","purchased_purges":0,"victory":false,"max_hp_per_floor":[60,60,60,60,60,60,60,60,60],"card_choices":[{"not_picked":["theWildCard:MagicMettle","Slimebound:FlameTackle"],"picked":"theWildCard:Sakuya","floor":1},{"not_picked":["theWildCard:StalwartBlade","theWildCard:Providence"],"picked":"theWildCard:EnergizedStroke","floor":5},{"not_picked":["Pummel","Whirlwind"],"picked":"theWildCard:Safeguard","floor":6}],"player_experience":124356,"relics_obtained":[{"floor":3,"key":"Pantograph"},{"floor":6,"key":"MealTicket"}],"event_choices":[{"damage_healed":56,"gold_gain":0,"player_choice":"Embrace Burn","damage_taken":0,"max_hp_gain":0,"max_hp_loss":60,"event_name":"betterThird:BetterShining","floor":2,"gold_loss":0}],"is_beta":false,"boss_relics":[],"items_purged_floors":[],"is_endless":false,"potions_floor_spawned":[1,6],"killed_by":"Replay:BlueRogue","ascension_level":0}}