{"host":"1t0llcfp0lo7rmr4","time":1612956563,"event":{"mods":["AchievementEnabler","Aspiration","BaseMod","Beaked The Cultist","Better Note","Block Reminder","Colored Powertips","GifTheSpireLib","Hermit","Hubris","Jorbs\u0027s Wanderer Trilogy","Minty Spire (QoL Compilation)","Permanent Neow","Potionbrewer","Quick Restart","Relic Filter","Replay The Spire","StSLib","SuperFastMode","The Bladedancer","The Bug Knight","The Cursed","The Death Knight","The Druid","The Elementalist","The Exalted","The Forsaken","The Judge","The Poker Player","The Runesmith"],"gold_per_floor":[112,125,144,144,160,160,195,205,205,219,251,270,270,281,281,379,379,399,11,22,41,52,81,81,94,94,114,114,114,129,156,156,259,259,282,20,20,44,68,68,112,139,139,64,64,101,11,32,32,32,32,32,32,76,76],"floor_reached":56,"language":"ENG","playtime":3652,"items_purged":["Pain"],"score":1240,"play_id":"82eb06cf-19b5-4e0d-b23d-e4464b060a07","local_time":"20210210222923","is_ascension_mode":false,"campfire_choices":[{"floor":6.0,"key":"RECALL"},{"floor":15,"key":"REST"},{"data":"theDruid:IronbarkArmor","floor":29,"key":"SMITH"},{"floor":32,"key":"DIG"},{"data":"theDruid:SpiritCall","floor":40,"key":"SMITH"},{"data":"hubris:DuctTapeCard","floor":45,"key":"SMITH"},{"data":"theDruid:Fortitude","floor":49,"key":"SMITH"},{"data":"beaked:AwakenedForm","floor":52,"key":"SMITH"}],"circlet_count":0,"master_deck":["theDruid:Strike_O","theDruid:Strike_O","theDruid:Strike_O","theDruid:Defend_O","theDruid:Defend_O","theDruid:Defend_O","theDruid:Defend_O","theDruid:BriarArmor","theDruid:WildSlash","theDruid:Fortitude+1","theDruid:Adaptation","theDruid:ForestsSoul","theDruid:MysticBarrier","theDruid:AstralShield+1","theDruid:SpiritCall+1","theDruid:NaturalAgility","theDruid:SerratedFlesh","theDruid:NaturalAgility+1","theDruid:Resourcefulness","theDruid:BristlingBulwark","theDruid:WallofRoots","theDruid:Fortitude","theDruid:FaerieFire","theDruid:Guidance","ReplayTheSpireMod:Compounding Headache","theDruid:ForestGuard+1","theDruid:IronbarkArmor+1","beaked:AwakenedForm+1","theDruid:Forage","theDruid:Rabid","hubris:DuctTapeCard+2","hubris:Greed","hubris:Greed","theDruid:SerratedFlesh","ReplayTheSpireMod:IOU","theDruid:PouncingStrike+1"],"relics":["theDruid:CrownOfTheWilds","Bronze Scales","Bromod:ArcaneAwakening","MealTicket","Replay:Grab Bag","Philosopher\u0027s Stone","Cursed Key","hubris:Backtick","beaked:MendingPlumage","hubris:DisguiseKit","HollowMod:StagPassRelic","aspiration:RitualStick","Bromod:ArcaneTempo","Torii","Replay:Ancient Bell","Boot","hubris:DuctTape","Lizard Tail","Garlic","Dream Catcher","Bromod:ArcaneAegis","CaptainsWheel","aspiration:SeaSaltIceCream","Strawberry"],"acts_visited":["Exordium","TheCity","TheBeyond","TheEnding"],"potions_floor_usage":[10,16,27,38,41,50,55,55],"damage_taken":[{"damage":0.0,"enemies":"Small Slimes","floor":1.0,"turns":4.0},{"damage":0.0,"enemies":"Cultist","floor":2.0,"turns":4.0},{"damage":2.0,"enemies":"Jaw Worm","floor":3.0,"turns":4.0},{"damage":12.0,"enemies":"Lots of Slimes","floor":5.0,"turns":5.0},{"damage":18.0,"enemies":"Lagavulin","floor":7.0,"turns":8.0},{"damage":0.0,"enemies":"Blue Slaver","floor":8.0,"turns":3.0},{"damage":1,"enemies":"3 Louse","floor":10,"turns":2},{"damage":14,"enemies":"3 Sentries","floor":11,"turns":8},{"damage":2,"enemies":"Exordium Thugs","floor":12,"turns":3},{"damage":1,"enemies":"2 Fungi Beasts","floor":14,"turns":5},{"damage":25,"enemies":"Hexaghost","floor":16,"turns":10},{"damage":24,"enemies":"Spheric Guardian","floor":18,"turns":6},{"damage":14,"enemies":"2 Thieves","floor":20,"turns":5},{"damage":35,"enemies":"Snake Plant","floor":21,"turns":4},{"damage":8,"enemies":"Sentry and Sphere","floor":22,"turns":8},{"damage":4,"enemies":"HollowMod:Nosk","floor":23,"turns":15},{"damage":18,"enemies":"Centurion and Healer","floor":25,"turns":8},{"damage":19,"enemies":"3 Cultists","floor":27,"turns":7},{"damage":8,"enemies":"Snake Plant","floor":30,"turns":5},{"damage":49,"enemies":"Gremlin Leader","floor":31,"turns":8},{"damage":17,"enemies":"Champ","floor":33,"turns":14},{"damage":27,"enemies":"3 Darklings","floor":35,"turns":10},{"damage":41,"enemies":"Orb Walker","floor":38,"turns":5},{"damage":32,"enemies":"Maw","floor":39,"turns":10},{"damage":33,"enemies":"HollowMod:StalkingDevout","floor":41,"turns":9},{"damage":39,"enemies":"3 Darklings","floor":42,"turns":6},{"damage":72,"enemies":"Reptomancer","floor":46,"turns":8},{"damage":5,"enemies":"Spire Growth","floor":48,"turns":7},{"damage":72,"enemies":"Awakened One","floor":50,"turns":14},{"damage":32,"enemies":"Shield and Spear","floor":54,"turns":8},{"damage":63,"enemies":"The Heart","floor":55,"turns":8}],"seed_played":"-4395135492488773245","potions_obtained":[{"floor":3.0,"key":"potionbrewer:FreezingPotion"},{"floor":5.0,"key":"potionbrewer:DiscountPotion"},{"floor":8.0,"key":"DistilledChaos"},{"floor":11,"key":"AttackPotion"},{"floor":14,"key":"FairyPotion"},{"floor":20,"key":"potionbrewer:DiscountPotion"},{"floor":27,"key":"Energy Potion"},{"floor":39,"key":"potionbrewer:BarricadePotion"},{"floor":46,"key":"potionbrewer:EndurancePotion"},{"floor":54,"key":"potionbrewer:ToxicPotion"}],"is_trial":false,"path_per_floor":["M","M","M","?","M","R","E","M","T","M","E","M","?","M","R","B",null,"M","$","M","M","M","E","?","M","T","M","?","R","M","E","R","B",null,"M","$","?","M","M","R","E","M","T","$","R","E","?","M","R","B",null,"R","$","E","B",null],"character_chosen":"DRUID","items_purchased":["hubris:DisguiseKit","theDruid:Resourcefulness","theDruid:BristlingBulwark","Garlic"],"campfire_rested":1,"item_purchase_floors":[19,19,19,36],"current_hp_per_floor":[75,75,73,73,61,61,43,43,43,42,28,26,26,25,47,22,75,61,75,75,55,72,75,60,75,75,70,70,70,73,63,63,75,75,75,75,75,48,70,70,75,65,65,75,75,35,35,75,75,72,75,75,75,82,38],"gold":76,"neow_bonus":"RANDOM_EVENT","is_daily":false,"chose_seed":false,"campfire_upgraded":5,"win_rate":0.0,"timestamp":1612956563,"path_taken":["M","M","M","?","M","R","E","M","T","?","E","M","?","M","R","BOSS","M","?","M","M","M","E","?","M","T","M","?","R","M","E","R","BOSS","M","$","?","M","M","R","E","M","T","$","R","E","?","M","R","BOSS","R","$","E","BOSS"],"items_purchased_type":["Relic","Card","Card","Relic"],"build_version":"2020-12-22","purchased_purges":1,"victory":true,"max_hp_per_floor":[75,75,75,75,75,75,75,75,75,75,75,75,75,75,75,75,75,75,75,75,75,75,75,75,75,75,75,75,75,75,75,75,75,75,75,75,75,75,75,75,75,75,75,75,75,75,75,75,75,75,75,75,75,82,82],"card_choices":[{"not_picked":["theDruid:PlagueClaw","theDruid:Gore"],"picked":"theDruid:FuriousSlash","floor":1.0},{"not_picked":["theDruid:BrambleLash","theDruid:Recoil"],"picked":"theDruid:Starburst","floor":2.0},{"not_picked":["theDruid:Swipe","theDruid:BrambleLash","theDruid:Slingshot"],"picked":"SKIP","floor":3.0},{"not_picked":["theDruid:TakeShelter","theDruid:Gore"],"picked":"theDruid:Adaptation","floor":5.0},{"not_picked":["theDruid:BloodiedFur","theDruid:TakeShelter"],"picked":"theDruid:ForestsSoul","floor":7.0},{"not_picked":["theDruid:TwilightsCall","theDruid:FuriousSlash"],"picked":"theDruid:MysticBarrier","floor":8.0},{"not_picked":["theDruid:PlagueClaw","theDruid:IronClaw"],"picked":"theDruid:AstralShield","floor":10},{"not_picked":["theDruid:Prowl","theDruid:BackupSupplies"],"picked":"theDruid:SpiritCall","floor":11},{"not_picked":["theDruid:TakeShelter","theDruid:Slingshot"],"picked":"theDruid:NaturalAgility","floor":12},{"not_picked":["theDruid:Recoil","theDruid:Guidance"],"picked":"theDruid:Stampede","floor":14},{"not_picked":["theDruid:CelestialSurge","theDruid:SpiritCall"],"picked":"theDruid:SerratedFlesh","floor":16},{"not_picked":["theDruid:Prowl+1","theDruid:BrambleLash"],"picked":"theDruid:NaturalAgility+1","floor":18},{"not_picked":["theDruid:ExposingSlash","theDruid:Adaptation","beaked:TuckingFeathers"],"picked":"theDruid:WallofRoots","floor":20},{"not_picked":["theDruid:Gore","theDruid:Eclipse","ReplayTheSpireMod:RavenHex"],"picked":"theDruid:Fortitude","floor":21},{"not_picked":["theDruid:Guidance+1","theDruid:Thornburst","beaked:Daydream"],"picked":"theDruid:FaerieFire","floor":22},{"not_picked":["theDruid:BlessedStrike","theDruid:TakeShelter","beaked:Tradeoff"],"picked":"theDruid:Guidance","floor":23},{"not_picked":["theDruid:Gore","theDruid:Recoil","theDruid:Eclipse","beaked:CursingBlood"],"picked":"SKIP","floor":25},{"not_picked":["theDruid:ThornStrike","theDruid:FelineGrace","beaked:BraceForImpact"],"picked":"theDruid:ForestGuard+1","floor":27},{"not_picked":["theDruid:Scavenge","theDruid:Slingshot","theDruid:PrimalStrength"],"picked":"beaked:AwakenedForm","floor":30},{"not_picked":["theDruid:WildArmor+1","theDruid:FelineGrace+1","beaked:SacrificialScars"],"picked":"theDruid:Forage","floor":31},{"not_picked":["theDruid:IronbarkArmor","theDruid:HerbalismKit","beaked:AwakenedForm"],"picked":"theDruid:Rabid","floor":33},{"not_picked":["hubris:Despair","Languid","Overencumbered"],"picked":"Pain","floor":34},{"not_picked":["ReplayTheSpireMod:Compounding Headache","Replay:Hysterical Blindness","hubris:Despair"],"picked":"TheCursedMod:Dregs","floor":34},{"not_picked":["ReplayTheSpireMod:IOU","hubris:Compulsion","stsjorbsmod:Amnesia"],"picked":"hubris:Greed","floor":34},{"not_picked":["theDruid:Infestation","theDruid:IronClaw+1","theDruid:PlagueClaw","beaked:Windmill"],"picked":"SKIP","floor":35},{"not_picked":["theDruid:Starburst+1","theDruid:BloodiedFur+1","theDruid:TwilightsCall+1","beaked:Resilience"],"picked":"SKIP","floor":38},{"not_picked":["theDruid:ThickHide+1","theDruid:ForestsSoul+1","theDruid:BlessedStrike+1","beaked:SacrificialAttack"],"picked":"SKIP","floor":39},{"not_picked":["theDruid:InsectSwarm","theDruid:Forage+1","beaked:Tradeoff"],"picked":"theDruid:SerratedFlesh","floor":41},{"not_picked":["theDruid:FaerieFire","theDruid:ThickHide+1","theDruid:BlessedStrike+1","beaked:Tradeoff"],"picked":"SKIP","floor":42},{"not_picked":["theDruid:FelineGrace+1","theDruid:IronClaw","theDruid:Resupply","beaked:SacrificialAttack"],"picked":"SKIP","floor":46},{"not_picked":["theDruid:BlessedStrike+1","theDruid:Resupply","theDruid:FuriousSlash+1","beaked:Pecker"],"picked":"SKIP","floor":48},{"not_picked":["theDruid:Thornburst","theDruid:BristlingBulwark","ReplayTheSpireMod:Wings of Steel"],"picked":"theDruid:PouncingStrike+1","floor":54}],"player_experience":867759,"relics_obtained":[{"floor":7.0,"key":"Bronze Scales"},{"floor":9,"key":"Bromod:ArcaneAwakening"},{"floor":11,"key":"MealTicket"},{"floor":23,"key":"HollowMod:StagPassRelic"},{"floor":31,"key":"Bromod:ArcaneTempo"},{"floor":32,"key":"Torii"},{"floor":41,"key":"Dream Catcher"},{"floor":43,"key":"Bromod:ArcaneAegis"},{"floor":46,"key":"CaptainsWheel"},{"floor":54,"key":"aspiration:SeaSaltIceCream"}],"event_choices":[{"cards_removed":["theDruid:Strike_O"],"damage_healed":0.0,"max_hp_gain":0.0,"max_hp_loss":0.0,"gold_gain":0.0,"event_name":"Purifier","player_choice":"Purged","floor":4.0,"gold_loss":0.0,"damage_taken":0.0},{"cards_removed":["theDruid:Defend_O"],"damage_healed":0,"gold_gain":0,"player_choice":"Give","damage_taken":0,"max_hp_gain":0,"max_hp_loss":0,"event_name":"betterNote:BetterNote","floor":13,"gold_loss":0,"cards_obtained":["HollowMod:FocusHealStart"]},{"damage_healed":0,"gold_gain":0,"player_choice":"Read","damage_taken":0,"max_hp_gain":0,"max_hp_loss":0,"event_name":"The Library","floor":28,"gold_loss":0,"cards_obtained":["theDruid:IronbarkArmor"]},{"cards_removed":["theDruid:Starburst"],"damage_healed":0,"gold_gain":0,"player_choice":"Removed Attack","damage_taken":0,"max_hp_gain":0,"max_hp_loss":0,"event_name":"Falling","floor":37,"gold_loss":0},{"cards_removed":["TheCursedMod:Dregs"],"damage_healed":0,"gold_gain":0,"player_choice":"Upgrade and Remove","damage_taken":0,"max_hp_gain":0,"max_hp_loss":0,"event_name":"Designer","floor":47,"gold_loss":90,"cards_upgraded":["theDruid:AstralShield"]}],"is_beta":false,"boss_relics":[{"not_picked":["aspiration:WatcherSkillbook","Coffee Dripper"],"picked":"Replay:Grab Bag"},{"not_picked":["Replay:Bronze Core","Ectoplasm"],"picked":"Philosopher\u0027s Stone"},{"not_picked":["ReplayTheSpireMod:Onyx Gauntlets","hubris:GrandSneckoEye"],"picked":"Cursed Key"},{"not_picked":["hubris:Stopwatch","aspiration:RunicSpoon"],"picked":"hubris:Backtick"},{"not_picked":["aspiration:BeakedSkillbook","Pandora\u0027s Box"],"picked":"Replay:Ancient Bell"},{"not_picked":["Vajra","Orichalcum"],"picked":"Boot"},{"not_picked":["Golden Egg","aspiration:StickyExplosives_weak"],"picked":"hubris:DuctTape"},{"not_picked":["Turnip","hubris:Spice"],"picked":"Lizard Tail"}],"items_purged_floors":[44],"is_endless":false,"potions_floor_spawned":[3,5,8,11,12,14,20,25,27,30,33,39,46,54],"ascension_level":0}}