{"host":"6xsbn6ynqlzwllfm","time":1612977076,"event":{"mods":["2.2 Compatiblity","BaseMod","Bestiary","Colored Map","Colored Powertips","Curses Come First","Highlight Path","Keyboard Shortcuts","Minty Spire (QoL Compilation)","Relic Stats","Slay the Relics Exporter","StSLib","SuperFastMode"],"gold_per_floor":[116,116,132,207,132,132,132],"floor_reached":6,"language":"ENG","playtime":207,"items_purged":["Normality"],"score":68,"play_id":"1c29d10a-5bbe-4fd9-a26c-afc6ab91cc5f","local_time":"20210210121116","is_ascension_mode":true,"campfire_choices":[],"circlet_count":0,"master_deck":["AscendersBane","Strike_B","Strike_B","Defend_B","Defend_B","Defend_B","Defend_B","Zap","Dualcast","Glacier","Compile Driver","Streamline","Hologram"],"relics":["Cracked Core","Oddly Smooth Stone"],"acts_visited":["Exordium"],"potions_floor_usage":[],"damage_taken":[{"damage":0,"enemies":"Cultist","floor":1,"turns":3},{"damage":0,"enemies":"2 Louse","floor":3,"turns":1},{"damage":60,"enemies":"Gremlin Nob","floor":6,"turns":4}],"seed_played":"-5652706596072593342","potions_obtained":[],"is_trial":false,"path_per_floor":["M","?","M","?","$","E"],"character_chosen":"DEFECT","items_purchased":[],"campfire_rested":0,"item_purchase_floors":[],"current_hp_per_floor":[64,53,53,42,42,0,0],"gold":132,"neow_bonus":"TRANSFORM_TWO_CARDS","is_daily":false,"chose_seed":false,"campfire_upgraded":0,"win_rate":0.0,"timestamp":1612977076,"path_taken":["M","?","M","?","$","E"],"items_purchased_type":[],"build_version":"2020-12-22","purchased_purges":1,"victory":false,"max_hp_per_floor":[71,71,71,71,71,71,71],"relic_stats":{"counters":[3,8],"obtain_stats":[{"Oddly Smooth Stone":2,"Cracked Core":0},{"Oddly Smooth Stone":1,"Cracked Core":0},{"Oddly Smooth Stone":3,"Cracked Core":0}]},"card_choices":[{"not_picked":["Cold Snap","Tempest"],"picked":"Streamline","floor":1},{"not_picked":["Steam","Static Discharge"],"picked":"Hologram","floor":3}],"player_experience":1433213,"relics_obtained":[],"event_choices":[{"damage_healed":0,"gold_gain":0,"player_choice":"Success","damage_taken":11,"relics_obtained":["Oddly Smooth Stone"],"max_hp_gain":0,"max_hp_loss":0,"event_name":"Scrap Ooze","floor":2,"gold_loss":0},{"damage_healed":0,"gold_gain":75,"player_choice":"Gather Gold","damage_taken":11,"max_hp_gain":0,"max_hp_loss":0,"event_name":"World of Goop","floor":4,"gold_loss":0}],"is_beta":false,"boss_relics":[],"items_purged_floors":[5],"is_endless":false,"potions_floor_spawned":[],"killed_by":"Gremlin Nob","ascension_level":20}}