{"host":"sc0o2qwpf9j16a4i","time":1612966563,"event":{"mods":["AchievementEnabler","BaseMod","BetterRewards","Block Reminder","Colored Map","Colored Powertips","Custom Start","Highlight Path","Minty Spire (QoL Compilation)","Relic Stats"],"gold_per_floor":[132,171,171,201,234,234,339,381,407,452,41,71,71,128,128,419,419,455,506,506,506],"floor_reached":20,"language":"ENG","playtime":636,"items_purged":[],"score":205,"play_id":"26353f28-79a8-4c91-b7f2-6c7676eb5b61","local_time":"20210210161603","daily_mods":["Heirloom","Uncertain Future","Midas"],"is_ascension_mode":false,"campfire_choices":[{"floor":6,"key":"REST"},{"floor":13,"key":"REST"},{"floor":15,"key":"REST"}],"circlet_count":0,"master_deck":["Strike_P","Strike_P","Defend_P","Defend_P","Defend_P","Defend_P","Eruption","Vigilance","SashWhip","FearNoEvil","DevaForm","WaveOfTheHand","Halt","CrushJoints","Swivel","Evaluate","FollowUp","CutThroughFate","Ragnarok","SpiritShield","ReachHeaven","Consecrate+1"],"relics":["PureWater","StoneCalendar","Singing Bowl","Boot","Lee\u0027s Waffle","Pear","Empty Cage"],"acts_visited":["Exordium","TheCity"],"potions_floor_usage":[16,18,20],"damage_taken":[{"damage":0,"enemies":"Jaw Worm","floor":1,"turns":4},{"damage":0,"enemies":"Small Slimes","floor":2,"turns":3},{"damage":2,"enemies":"2 Louse","floor":4,"turns":2},{"damage":3,"enemies":"Exordium Wildlife","floor":5,"turns":4},{"damage":3,"enemies":"Gremlin Nob","floor":7,"turns":3},{"damage":4,"enemies":"Large Slime","floor":8,"turns":5},{"damage":4,"enemies":"Blue Slaver","floor":10,"turns":4},{"damage":0,"enemies":"Exordium Thugs","floor":12,"turns":3},{"damage":15,"enemies":"Exordium Wildlife","floor":14,"turns":4},{"damage":11,"enemies":"The Guardian","floor":16,"turns":7},{"damage":8,"enemies":"Shell Parasite","floor":18,"turns":6},{"damage":2,"enemies":"3 Byrds","floor":19,"turns":5},{"damage":10,"enemies":"Cultist and Chosen","floor":20,"turns":4}],"seed_played":"-4550323749810292861","potions_obtained":[{"floor":8,"key":"Swift Potion"},{"floor":10,"key":"FearPotion"},{"floor":16,"key":"AttackPotion"},{"floor":19,"key":"GamblersBrew"}],"is_trial":true,"path_per_floor":["M","M","?","M","M","R","E","M","T","M","$","M","R","M","R","B",null,"M","M","M"],"character_chosen":"WATCHER","items_purchased":["Lee\u0027s Waffle","Pear"],"campfire_rested":3,"item_purchase_floors":[11,11],"current_hp_per_floor":[72,72,72,70,67,72,69,65,65,61,89,89,89,74,89,78,89,81,79,69,69],"gold":506,"neow_bonus":"","is_daily":false,"chose_seed":false,"campfire_upgraded":0,"win_rate":0.0,"timestamp":1612966563,"path_taken":["M","M","?","?","M","R","E","M","T","?","$","M","R","M","R","BOSS","M","M","M"],"items_purchased_type":["Relic","Relic"],"build_version":"2020-12-22","purchased_purges":0,"victory":false,"max_hp_per_floor":[72,72,72,72,72,72,72,72,72,72,89,89,89,89,89,89,89,89,89,89,89],"relic_stats":{"Lee\u0027s Waffle":18,"Singing Bowl":0,"counters":[13,54],"StoneCalendar":[47],"Boot":[42],"obtain_stats":[{"Lee\u0027s Waffle":11,"Pear":11,"Singing Bowl":7,"StoneCalendar":0,"PureWater":0,"Boot":9,"Empty Cage":17},{"Lee\u0027s Waffle":7,"Pear":7,"Singing Bowl":5,"StoneCalendar":0,"PureWater":0,"Boot":6,"Empty Cage":10},{"Lee\u0027s Waffle":25,"Pear":25,"Singing Bowl":16,"StoneCalendar":0,"PureWater":0,"Boot":21,"Empty Cage":39}]},"card_choices":[{"not_picked":["CrushJoints","PathToVictory"],"picked":"SashWhip","floor":1},{"not_picked":["FollowUp","ThirdEye"],"picked":"FearNoEvil","floor":2},{"not_picked":["Brilliance","Fasting2"],"picked":"Halt","floor":4},{"not_picked":["Crescendo","BowlingBash"],"picked":"CrushJoints","floor":5},{"not_picked":["EmptyBody","JustLucky"],"picked":"Swivel","floor":7},{"not_picked":["FlurryOfBlows","WaveOfTheHand"],"picked":"Evaluate","floor":8},{"not_picked":["Evaluate","Collect"],"picked":"FollowUp","floor":10},{"not_picked":["Swivel","Nirvana"],"picked":"CutThroughFate","floor":12},{"not_picked":["JustLucky","EmptyMind"],"picked":"Ragnarok","floor":14},{"not_picked":["Judgement","Vault"],"picked":"SpiritShield","floor":16},{"not_picked":["Prostrate","FollowUp"],"picked":"ReachHeaven","floor":18},{"not_picked":["Prostrate","Crescendo"],"picked":"Consecrate+1","floor":19}],"player_experience":1309501,"relics_obtained":[{"floor":7,"key":"Singing Bowl"},{"floor":9,"key":"Boot"}],"event_choices":[{"damage_healed":0,"gold_gain":0,"player_choice":"2 cards matched","damage_taken":0,"max_hp_gain":0,"max_hp_loss":0,"event_name":"Match and Keep!","floor":3,"gold_loss":0,"cards_obtained":["DevaForm","WaveOfTheHand"]}],"is_beta":false,"boss_relics":[{"not_picked":["HolyWater","Cursed Key"],"picked":"Empty Cage"}],"items_purged_floors":[],"is_endless":false,"potions_floor_spawned":[8,10,16,19],"killed_by":"Cultist and Chosen","ascension_level":0}}