{"host":"7hyhwvsa82ta6oxf","time":1612943474,"event":{"mods":["2.2 Compatiblity","Act Like it!","AlwaysNeverKeys","Arknights","BaseMod","Better Vampires","Downfall","Friendly Minions","Minty Spire (QoL Compilation)","MostiFishMod","READ ME - Guardian Mod","Spicy Shops","StSLib","Td1madao Mod","TestMod","The Servant 0.9.4","UnlockEverythingMod","Waifu the Spire","WarShipGirlsR/战舰少女R mod","Yuri Mod","【功能Mod】混沌之环修复补丁","残留之物"],"gold_per_floor":[119,119,119,44,44,44,61,93,93,126,56,91,109,121,121,121,121],"floor_reached":16,"language":"ZHS","playtime":449,"items_purged":["ats:Strike G"],"score":176,"play_id":"bda43234-c3ac-4f1f-845e-71bdf3912394","local_time":"20210210155114","is_ascension_mode":true,"campfire_choices":[{"data":"ats:Consecutive Shot Auto","floor":6,"key":"SMITH"},{"data":"ats:True Silver Slash","floor":15,"key":"SMITH"}],"circlet_count":0,"master_deck":["ats:Strike S+1","ats:Strike V+1","ats:Armor Crushing Shot","ats:Defend","ats:Defend","ats:Defend","ats:Defend","ats:Emotion Absorption","ats:Consecutive Shot Auto+1","ats:Literary Storm+1","ats:Ignite","ats:Flame Of Heaven","ats:Very Hot Blade","ats:True Silver Slash+1","ats:Ignite","ats:Closed Bolt Burst Fire"],"relics":["ats:Sanity","testmod-TestBox","DaveBox","BionicSphere","testmod-D_4","SynthV:TestCard","ats:Originium","hexamod:BolsterEngine","Mercury Hourglass","Pen Nib"],"acts_visited":["Exordium"],"potions_floor_usage":[],"damage_taken":[{"damage":0,"enemies":"2 Louse","floor":1,"turns":2},{"damage":0,"enemies":"Jaw Worm","floor":7,"turns":2},{"damage":21,"enemies":"Lagavulin","floor":8,"turns":4},{"damage":0,"enemies":"Gremlin Nob","floor":10,"turns":2},{"damage":0,"enemies":"3 Sentries","floor":12,"turns":5},{"damage":0,"enemies":"ats:Genji","floor":13,"turns":1},{"damage":0,"enemies":"Red Slaver","floor":14,"turns":1},{"damage":24,"enemies":"Hexaghost","floor":16,"turns":3}],"seed_played":"-3548749837150223163","potions_obtained":[{"floor":1,"key":"Dexterity Potion"},{"floor":10,"key":"Fire Potion"},{"floor":12,"key":"Dexterity Potion"},{"floor":14,"key":"bronze:BurnAndBuffPotion"}],"is_trial":false,"path_per_floor":["M","?","?","$","?","R","M","E","T","E","$","E","M","M","R","B"],"character_chosen":"DOCTOR_CLASS","items_purchased":["ats:Very Hot Blade"],"campfire_rested":0,"item_purchase_floors":[11],"current_hp_per_floor":[72,72,58,58,58,58,58,37,37,37,37,37,37,37,37,13,13],"gold":121,"neow_bonus":"THREE_CARDS","is_daily":false,"chose_seed":false,"campfire_upgraded":2,"win_rate":0.0,"timestamp":1612943474,"path_taken":["M","?","?","$","?","R","?","E","T","E","?","E","M","M","R","BOSS"],"items_purchased_type":["Card"],"build_version":"2020-12-22","purchased_purges":1,"victory":false,"max_hp_per_floor":[72,72,72,72,72,72,72,72,72,72,72,72,72,72,72,72,72],"card_choices":[{"not_picked":["ats:Revitalization","ats:Blood Oath"],"picked":"ats:Consecutive Shot Auto","floor":0},{"not_picked":["ats:Sashimi Platter","ats:Blood Oath"],"picked":"ats:Literary Storm","floor":1},{"not_picked":["ats:Chain Hook","ats:Leaping Hammer","ats:Shadow Raid","ats:Phantom"],"picked":"ats:Ignite","floor":7},{"not_picked":["ats:Automatic Cover","ats:Literary Storm","ats:Very Hot Blade","ats:Consecutive Shot Auto"],"picked":"ats:Flame Of Heaven","floor":8},{"not_picked":["ats:Leaping Hammer","ats:Directed Diagnosis","ats:Literary Storm","ats:Curse Doll","ats:Automatic Cover"],"picked":"SKIP","floor":10},{"not_picked":["ats:Hammer On","ats:Echo Reverb","ats:Guard Mode","ats:Automatic Cover"],"picked":"ats:True Silver Slash","floor":12},{"not_picked":["ats:Directed Diagnosis","ats:Closed Bolt Burst Fire","ats:Healing Drone","ats:Blood Oath"],"picked":"ats:Ignite","floor":13},{"not_picked":["ats:Sword Rain","ats:Assault Order","ats:Consecutive Shot Auto","ats:Guard Mode"],"picked":"ats:Closed Bolt Burst Fire","floor":14}],"player_experience":298937,"relics_obtained":[{"floor":1,"key":"SynthV:TestCard"},{"floor":8,"key":"ats:Originium"},{"floor":8,"key":"hexamod:BolsterEngine"},{"floor":9,"key":"Mercury Hourglass"},{"floor":10,"key":"ats:Originium"},{"floor":10,"key":"Pen Nib"},{"floor":12,"key":"ats:Originium"}],"event_choices":[{"damage_healed":0,"gold_gain":0,"player_choice":"Grow","damage_taken":0,"max_hp_gain":0,"max_hp_loss":0,"event_name":"Living Wall","floor":2,"gold_loss":0,"cards_upgraded":["ats:Literary Storm"]},{"damage_healed":0,"gold_gain":0,"player_choice":"Entered Light","damage_taken":14,"max_hp_gain":0,"max_hp_loss":0,"event_name":"Shining Light","floor":3,"gold_loss":0,"cards_upgraded":["ats:Strike V","ats:Strike S"]},{"cards_removed":["ats:Strike C"],"damage_healed":0,"gold_gain":0,"player_choice":"Purged","damage_taken":0,"max_hp_gain":0,"max_hp_loss":0,"event_name":"Purifier","floor":5,"gold_loss":0}],"is_beta":false,"boss_relics":[],"items_purged_floors":[4],"is_endless":false,"potions_floor_spawned":[1,10,12,14],"killed_by":"Hexaghost","ascension_level":1}}