{"host":"6pgtslebjnyv5xmi","time":1612967682,"event":{"mods":["AchievementEnabler","BaseMod","Colored Map","Minty Spire (QoL Compilation)","Rare Cards Sparkle","StSLib","SuperFastMode","The Cursed","everything is the same but u backflip on backflip"],"gold_per_floor":[111,111,122,122,47,79,79,105,105,105,105,116,116,136,136,213,213,231,231,231,19,37,37,37],"floor_reached":23,"language":"KOR","playtime":925,"items_purged":["Strike_R","Writhe"],"score":422,"play_id":"56caf7e6-22e9-43e1-b803-8f7345ae1515","local_time":"20210210233442","is_ascension_mode":true,"campfire_choices":[{"data":"Entrench","floor":7,"key":"SMITH"},{"floor":11,"key":"REST"},{"data":"Shockwave","floor":15,"key":"SMITH"}],"circlet_count":0,"master_deck":["AscendersBane","Strike_R+1","Strike_R+1","Defend_R","Defend_R","Defend_R","Bash","Disarm","Entrench+1","Shockwave+1","Limit Break","Thunderclap+1"],"relics":["Burning Blood","NeowsBlessing","Shuriken","Sundial","PreservedInsect","White Beast Statue","Empty Cage","The Courier","Red Skull"],"acts_visited":["Exordium","TheCity"],"potions_floor_usage":[8,8,16,18,22,23],"damage_taken":[{"damage":0,"enemies":"2 Louse","floor":1,"turns":1},{"damage":0,"enemies":"Jaw Worm","floor":3,"turns":1},{"damage":0,"enemies":"3 Sentries","floor":6,"turns":2},{"damage":29,"enemies":"Lagavulin","floor":8,"turns":9},{"damage":6,"enemies":"Small Slimes","floor":12,"turns":4},{"damage":21,"enemies":"Exordium Thugs","floor":14,"turns":6},{"damage":39,"enemies":"The Guardian","floor":16,"turns":16},{"damage":36,"enemies":"2 Thieves","floor":18,"turns":4},{"damage":20,"enemies":"Shell Parasite","floor":22,"turns":3},{"damage":55,"enemies":"Slavers","floor":23,"turns":2}],"seed_played":"6235689447260864078","potions_obtained":[{"floor":1,"key":"Fire Potion"},{"floor":3,"key":"EssenceOfSteel"},{"floor":12,"key":"FairyPotion"},{"floor":14,"key":"Weak Potion"},{"floor":16,"key":"PowerPotion"},{"floor":18,"key":"AttackPotion"},{"floor":22,"key":"SteroidPotion"}],"is_trial":false,"path_per_floor":["M","?","M","?","$","E","R","E","T","?","R","M","?","M","R","B",null,"M","?","?","$","M","E"],"character_chosen":"IRONCLAD","items_purchased":["Red Skull"],"campfire_rested":1,"item_purchase_floors":[21],"current_hp_per_floor":[74,69,75,52,52,58,58,35,35,28,50,50,75,60,60,27,63,33,33,33,33,19,0,0],"gold":37,"neow_bonus":"THREE_ENEMY_KILL","is_daily":false,"chose_seed":false,"campfire_upgraded":2,"win_rate":0.0,"timestamp":1612967682,"path_taken":["M","?","M","?","$","E","R","E","T","?","R","M","?","M","R","BOSS","M","?","?","?","?","E"],"items_purchased_type":["Relic"],"build_version":"2020-12-22","purchased_purges":2,"victory":false,"max_hp_per_floor":[75,75,75,75,75,75,75,75,75,75,75,75,75,75,75,75,75,75,75,75,75,75,75,75],"card_choices":[{"not_picked":["Havoc","True Grit"],"picked":"Disarm","floor":1},{"not_picked":["Thunderclap","Iron Wave"],"picked":"Entrench","floor":3},{"not_picked":["Headbutt","Rampage","Iron Wave"],"picked":"SKIP","floor":6},{"not_picked":["Flex","Iron Wave"],"picked":"Shockwave","floor":8},{"not_picked":["Whirlwind","Shockwave","Sword Boomerang"],"picked":"SKIP","floor":12},{"not_picked":["Sword Boomerang","Headbutt","Clothesline"],"picked":"SKIP","floor":14},{"not_picked":["Offering","Corruption"],"picked":"Limit Break","floor":16},{"not_picked":["Anger","Cleave"],"picked":"Thunderclap+1","floor":18},{"not_picked":["Whirlwind","Iron Wave","Metallicize"],"picked":"SKIP","floor":22}],"player_experience":1116978,"relics_obtained":[{"floor":6,"key":"Sundial"},{"floor":8,"key":"PreservedInsect"},{"floor":9,"key":"White Beast Statue"}],"event_choices":[{"damage_healed":0,"gold_gain":0,"player_choice":"Success","damage_taken":5,"relics_obtained":["Shuriken"],"max_hp_gain":0,"max_hp_loss":0,"event_name":"Scrap Ooze","floor":2,"gold_loss":0},{"damage_healed":0,"gold_gain":0,"player_choice":"Entered Light","damage_taken":23,"max_hp_gain":0,"max_hp_loss":0,"event_name":"Shining Light","floor":4,"gold_loss":0,"cards_upgraded":["Strike_R","Strike_R"]},{"cards_removed":["Defend_R"],"damage_healed":0,"gold_gain":0,"player_choice":"Card Removal","damage_taken":7,"max_hp_gain":0,"max_hp_loss":0,"event_name":"Golden Wing","floor":10,"gold_loss":0},{"damage_healed":25,"gold_gain":0,"player_choice":"Full Heal","damage_taken":0,"max_hp_gain":0,"max_hp_loss":0,"event_name":"Wheel of Change","floor":13,"gold_loss":0},{"damage_healed":0,"gold_gain":0,"player_choice":"Ignored","damage_taken":0,"max_hp_gain":0,"max_hp_loss":0,"event_name":"Vampires","floor":19,"gold_loss":0},{"damage_healed":0,"gold_gain":0,"player_choice":"Opened","damage_taken":0,"relics_obtained":["The Courier"],"max_hp_gain":0,"max_hp_loss":0,"event_name":"The Mausoleum","floor":20,"gold_loss":0,"cards_obtained":["Writhe"]}],"is_beta":false,"boss_relics":[{"not_picked":["Calling Bell","Fusion Hammer"],"picked":"Empty Cage"}],"items_purged_floors":[5,21],"is_endless":false,"potions_floor_spawned":[1,3,12,14,16,18,22],"killed_by":"Slavers","ascension_level":18}}