{"host":"m9osufisr3agwk96","time":1612939194,"event":{"mods":["AchievementEnabler","Aspiration","BaseMod","Colored Map","Colored Powertips","Downfall","Friendly Minions","Hermit","Highlight Path","Hubris","Minty Spire (QoL Compilation)","Rare Cards Sparkle","Reliquary","Replay The Spire","Shop Mod","StSLib"],"gold_per_floor":[99,99,99,159,9,9,9,44,44,44,62,62,89,101,115,214,214,14,30,30,30,15,35,84,102,119,136,136,152,152,166,183,183,183,183],"floor_reached":33,"language":"ENG","playtime":1630,"items_purged":[],"score":295,"play_id":"e87c201e-2ba6-451f-85b6-865baaa71cd1","local_time":"20210209223954","is_ascension_mode":true,"campfire_choices":[{"floor":1,"key":"RECALL"},{"floor":10,"key":"REST"},{"data":"Guardian:SphericShield","floor":18,"key":"SMITH"},{"data":"Guardian:SpikerProtocol","floor":30,"key":"SMITH"}],"circlet_count":0,"master_deck":["Guardian:Strike_Guardian","Guardian:Strike_Guardian","Guardian:Strike_Guardian","Guardian:Strike_Guardian","Guardian:Defend_Guardian","Guardian:Defend_Guardian","Guardian:Defend_Guardian","Guardian:Defend_Guardian","Guardian:CurlUp","Guardian:TwinSlam","Guardian:Reroute","Guardian:BronzeArmor","Guardian:PiercingHide","Guardian:PiercingHide","Guardian:BaubleBeam+1","Guardian:SpikerProtocol+1","Guardian:SphericShield+1","Terror+1","Guardian:WalkerClaw+1","Guardian:BodySlam","Calculated Gamble","Guardian:StasisField","Guardian:DecasProtection","Footwork+1","Guardian:Gem_Cyan","Leg Sweep"],"relics":["Guardian:ModeShifter","downfall:HeartsMalice","hubris:SphereOfDissonance","hubris:HerbalPaste","Pear","hubris:TenFootPole","Ring of Hypnosis","hubris:OldNail","aspiration:SilentSkillbook","downfall:HeartBlessingRed","downfall:HeartBlessingGreen","hubris:Towel","Replay:Baseball","reliquary:NewFriend"],"acts_visited":["Exordium","TheCity"],"potions_floor_usage":[11,13,15,16,26,27,33],"damage_taken":[{"damage":0,"enemies":"2 Louse","floor":2,"turns":1},{"damage":0,"enemies":"downfall:FleeingMerchant","floor":5,"turns":1},{"damage":0,"enemies":"Jaw Worm","floor":6,"turns":1},{"damage":24,"enemies":"3 Sentries","floor":8,"turns":11},{"damage":0,"enemies":"Small Slimes","floor":11,"turns":3},{"damage":7,"enemies":"Gremlin Nob","floor":13,"turns":5},{"damage":4,"enemies":"Blue Slaver","floor":14,"turns":3},{"damage":0,"enemies":"Large Slime","floor":15,"turns":4},{"damage":53,"enemies":"IC_STATUS_ARCHETYPE","floor":16,"turns":12},{"damage":17,"enemies":"Spheric Guardian","floor":19,"turns":6},{"damage":0,"enemies":"downfall:FleeingMerchant","floor":22,"turns":4},{"damage":13,"enemies":"Centurion and Healer","floor":23,"turns":9},{"damage":8,"enemies":"3 Cultists","floor":25,"turns":5},{"damage":0,"enemies":"Snecko","floor":26,"turns":3},{"damage":2,"enemies":"Cultist and Chosen","floor":27,"turns":6},{"damage":1,"enemies":"3 Cultists","floor":29,"turns":6},{"damage":13,"enemies":"Sentry and Sphere","floor":31,"turns":10},{"damage":0,"enemies":"Snecko","floor":32,"turns":4},{"damage":107,"enemies":"DF_ARCHETYPE_CLAW","floor":33,"turns":11}],"seed_played":"-1963427217210329841","potions_obtained":[{"floor":8,"key":"Guardian:DefensiveModePotion"},{"floor":11,"key":"PowerPotion"},{"floor":13,"key":"AttackPotion"},{"floor":15,"key":"Explosive Potion"},{"floor":25,"key":"SteroidPotion"},{"floor":26,"key":"SneckoOil"},{"floor":32,"key":"sneckomod:MuddlingPotion"}],"is_trial":false,"path_per_floor":["R","M","?","?","$","M","T","E","?","R","M","?","E","M","M","B",null,"R","M","?","?","$","M","T","M","M","M","?","M","R","M","M","B"],"character_chosen":"GUARDIAN","items_purchased":["hubris:HerbalPaste"],"campfire_rested":1,"item_purchase_floors":[5],"current_hp_per_floor":[80,80,80,48,48,48,58,40,40,67,72,100,93,94,100,48,100,100,83,83,83,89,82,82,80,85,89,89,94,94,87,93,0,0,0],"gold":183,"neow_bonus":"THREE_ENEMY_KILL","is_daily":false,"chose_seed":false,"campfire_upgraded":2,"win_rate":0.0,"timestamp":1612939194,"path_taken":["R","M","?","?","?","M","T","E","?","R","?","?","E","?","M","BOSS","R","M","?","?","?","M","T","M","M","M","?","?","R","M","M","BOSS"],"items_purchased_type":["Relic"],"build_version":"2020-12-22","purchased_purges":0,"victory":false,"max_hp_per_floor":[80,80,80,80,80,80,90,90,90,90,90,100,100,100,100,100,100,100,100,100,100,100,100,100,100,100,100,100,100,100,100,100,100,100,100],"card_choices":[{"not_picked":["Guardian:TemporalShield","Guardian:TemporalStrike"],"picked":"Guardian:Reroute","floor":2},{"not_picked":["Guardian:TemporalShield","Guardian:Gem_Red"],"picked":"Guardian:BronzeArmor","floor":4},{"not_picked":["Guardian:PiercingHide","Guardian:TimeCapacitor"],"picked":"Guardian:Gem_Crimson","floor":4},{"not_picked":["Guardian:Planning","Guardian:DecasProtection"],"picked":"Guardian:PiercingHide","floor":5},{"not_picked":["Guardian:Gem_Lightblue","Guardian:Repulse"],"picked":"Guardian:PiercingHide","floor":6},{"not_picked":["Guardian:ShieldCharger","Guardian:Planning"],"picked":"Guardian:FierceBash","floor":8},{"not_picked":["Guardian:Repulse","Guardian:Gem_Cyan"],"picked":"Guardian:Gem_Red","floor":11},{"not_picked":["Guardian:Preprogram","Guardian:GuardianWhirl"],"picked":"Guardian:BaubleBeam","floor":13},{"not_picked":["Guardian:Planning","Guardian:BronzeOrb"],"picked":"Guardian:SpikerProtocol","floor":14},{"not_picked":["Guardian:Gem_Red","Guardian:ChargeCore"],"picked":"Guardian:Gem_Blue","floor":15},{"not_picked":["Guardian:RevengeProtocol","Guardian:Gem_Synthetic"],"picked":"Guardian:SphericShield","floor":16},{"not_picked":["Outmaneuver","Quick Slash","Guardian:TemporalStrike"],"picked":"Terror+1","floor":19},{"not_picked":["Deadly Poison","Flying Knee+1","Infinite Blades"],"picked":"Guardian:WalkerClaw+1","floor":22},{"not_picked":["Guardian:SentryBeam","Guardian:PrismaticBeam","Underhanded Strike"],"picked":"Guardian:BodySlam","floor":23},{"not_picked":["Guardian:Clone","Guardian:PiercingHide","hubris:SlightOfHand"],"picked":"Calculated Gamble","floor":25},{"not_picked":["Dagger Spray+1","Guardian:Gem_Lightblue","Underhanded Strike"],"picked":"Guardian:StasisField","floor":26},{"not_picked":["Guardian:Reroute","Predator","Deflect"],"picked":"Guardian:DecasProtection","floor":27},{"not_picked":["Guardian:Planning+1","Guardian:PrimingBeam","ReplayTheSpireMod:Necrosis"],"picked":"Footwork+1","floor":29},{"not_picked":["Guardian:TemporalStrike","Prepared","Guardian:Reroute"],"picked":"Guardian:Gem_Cyan","floor":31},{"not_picked":["Guardian:RollAttack","Guardian:Reroute","Cloak And Dagger"],"picked":"Leg Sweep","floor":32}],"player_experience":440258,"relics_obtained":[{"floor":4,"key":"hubris:SphereOfDissonance"},{"floor":7,"key":"Pear"},{"floor":8,"key":"hubris:TenFootPole"},{"floor":9,"key":"Ring of Hypnosis"},{"floor":13,"key":"hubris:OldNail"},{"floor":24,"key":"Replay:Baseball"}],"event_choices":[{"cards_removed":["Guardian:FierceBash"],"damage_healed":18,"gold_gain":0,"player_choice":"Offered Rare","damage_taken":0,"max_hp_gain":10,"max_hp_loss":0,"event_name":"Bonfire Elementals","floor":12,"gold_loss":0}],"is_beta":false,"boss_relics":[{"not_picked":["Empty Cage","Velvet Choker"],"picked":"aspiration:SilentSkillbook"}],"items_purged_floors":[],"is_endless":false,"potions_floor_spawned":[8,11,13,15,25,26,32],"killed_by":"DF_ARCHETYPE_CLAW","ascension_level":1}}