{"host":"o9lehcdjc4u6j9un","time":1612951793,"event":{"mods":["Aspiration","BaseMod","Colored Map","Downfall","Gremlin Mod","Hermit","Marisa£®ÏF”Í°°ƒß¿Ì…≥£©","Minty Spire (QoL Compilation)","StSLib","The Alterego","The Runesmith","The Senshi","The Servant 0.9.4","Yakumo Yukari mod"],"gold_per_floor":[140,155,42,77,77,77,112,183,195,250,287,299,342,367,379,511,523,547,559,559],"floor_reached":19,"language":"ZHS","playtime":2468,"items_purged":["AT_purpleEX"],"score":181,"play_id":"ddd8d966-7699-432e-b41a-e2bee727d7da","local_time":"20210210180953","is_ascension_mode":false,"campfire_choices":[{"data":"Observe_purple_2","floor":6.0,"key":"SMITH"},{"floor":12.0,"key":"REST"},{"data":"GluttonyofRealm_purpleEX","floor":15.0,"key":"SMITH"}],"circlet_count":1,"master_deck":["AT_purpleEX","AT_purpleEX","Defend_purpleEX","Defend_purpleEX","Defend_purpleEX","Defend_purpleEX","Observe_purple_1","Observe_purple_2+1","RuleDissolution_purple","SharpContractionReality_purple","Mirror_Drifter_purple","DarkRealmRedLine_purple","AdvanceAttack_purple","CommonSense_AntiCommonSense_purple","DarkRealmRedLine_purple","GluttonyofRealm_purpleEX+1","Nest_LightFlightworm_purple","MeetDecomposer_purple","Monsters_DoubleDeathButterfly_purple","Charmbait_purple"],"relics":["Boundary_crack","Memoryfragments_purpleEX","Circlet","MawBank","Question Card","Omamori","SlaversCollar"],"acts_visited":["Exordium","TheCity"],"potions_floor_usage":[],"damage_taken":[{"damage":4.0,"enemies":"2 Louse","floor":1.0,"turns":4.0},{"damage":2.0,"enemies":"Jaw Worm","floor":2.0,"turns":8.0},{"damage":0.0,"enemies":"Small Slimes","floor":4.0,"turns":3.0},{"damage":16.0,"enemies":"Exordium Thugs","floor":7.0,"turns":7.0},{"damage":28.0,"enemies":"3 Sentries","floor":8.0,"turns":12.0},{"damage":0.0,"enemies":"3 Louse","floor":10.0,"turns":4.0},{"damage":27.0,"enemies":"Gremlin Nob","floor":11.0,"turns":5.0},{"damage":11.0,"enemies":"Large Slime","floor":13.0,"turns":6.0},{"damage":4.0,"enemies":"Exordium Wildlife","floor":14.0,"turns":5.0},{"damage":9.0,"enemies":"The Guardian","floor":16.0,"turns":12.0},{"damage":32.0,"enemies":"Chosen","floor":18.0,"turns":7.0}],"seed_played":"-8117252262270198820","potions_obtained":[{"floor":2.0,"key":"Explosive Potion"},{"floor":7.0,"key":"SpeedPotion"},{"floor":8.0,"key":"EssenceOfSteel"},{"floor":11.0,"key":"Ancient Potion"},{"floor":14.0,"key":"SteroidPotion"},{"floor":18.0,"key":"Explosive Potion"}],"is_trial":false,"path_per_floor":["M","M","$","M","?","R","M","E","T","M","E","R","M","M","R","B",null,"M","$"],"character_chosen":"Youkari","items_purchased":["Mirror_Drifter_purple"],"campfire_rested":1,"item_purchase_floors":[3],"current_hp_per_floor":[75,77,77,77,70,70,60,42,42,47,26,49,58,62,62,68,80,67,67,67],"gold":559,"neow_bonus":"TEN_PERCENT_HP_BONUS","is_daily":false,"chose_seed":false,"campfire_upgraded":2,"win_rate":0.0,"timestamp":1612951793,"path_taken":["M","M","$","M","?","R","M","E","T","M","E","R","M","M","R","BOSS","M","$"],"items_purchased_type":["Card"],"build_version":"2020-12-22","purchased_purges":1,"victory":false,"max_hp_per_floor":[77,77,77,77,77,77,77,77,77,77,77,77,80,80,80,80,80,80,80,80],"card_choices":[{"not_picked":["MonsterNeedle_purple","Bait_HighSpeedFlying_purple"],"picked":"RuleDissolution_purple","floor":1.0},{"not_picked":["Line_surface_state_purple","PositiveMatter_Antimatter_Universe_purple"],"picked":"SharpContractionReality_purple","floor":2.0},{"not_picked":["RuleDissolution_purple","Umbrella_purple"],"picked":"DarkRealmRedLine_purple","floor":4.0},{"not_picked":["Line_surface_state_purple","RuptureOfTimeAndSpace_purple"],"picked":"AdvanceAttack_purple","floor":7.0},{"not_picked":["MeetDecomposer_purple","Mirror_FormAndEmptin_purple"],"picked":"CommonSense_AntiCommonSense_purple","floor":8.0},{"not_picked":["Anti_communist_purple","Boundary_LightAndDark_purple","Mirror_Drifter_purple"],"picked":"DarkRealmRedLine_purple","floor":10.0},{"not_picked":["Realm_recovery_purpleEX","Umbrella_purple","SfantasyHide_purple"],"picked":"GluttonyofRealm_purpleEX","floor":11.0},{"not_picked":["Bait_HighSpeedFlying_purple","Realm_recovery_purpleEX","Charmbait_purple"],"picked":"Nest_LightFlightworm_purple","floor":13.0},{"not_picked":["RealityDreamConfluencek_purple","StateDuplicate_purple","MetroBOOM_purple"],"picked":"MeetDecomposer_purple","floor":14.0},{"not_picked":["Price_of_realm_purpleEX","BarrageBoundary_PipeDream_purple","ContainerChange_purple"],"picked":"Monsters_DoubleDeathButterfly_purple","floor":16.0},{"not_picked":["Shallow_ocean_purpleEX","AdvanceAttack_purple","SharpContractionReality_purple"],"picked":"Charmbait_purple","floor":18.0}],"player_experience":180221,"relics_obtained":[{"floor":8.0,"key":"MawBank"},{"floor":9.0,"key":"Question Card"},{"floor":11.0,"key":"Omamori"}],"event_choices":[{"cards_removed":["AT_purpleEX"],"damage_healed":0.0,"max_hp_gain":0.0,"max_hp_loss":0.0,"gold_gain":0.0,"event_name":"Golden Wing","player_choice":"Card Removal","floor":5.0,"gold_loss":0.0,"damage_taken":7.0}],"is_beta":false,"boss_relics":[{"not_picked":["aspiration:RunicSpoon","aspiration:MobileForge"],"picked":"SlaversCollar"}],"items_purged_floors":[3],"is_endless":false,"potions_floor_spawned":[2,7,8,11,14,18],"ascension_level":0}}