{"host":"p0hktren06injwdf","time":1612984679,"event":{"mods":["AchievementEnabler","BaseMod","Colored Map","DeckTracker","Minty Spire (QoL Compilation)","Permanent Neow","StSLib","SuperFastMode"],"gold_per_floor":[212,79,96,111,186,216,216,216,216,216,228,228,68,96,96,169,169,185,85,97,112,112,112],"floor_reached":22,"language":"KOR","playtime":492,"items_purged":["Defend_P","Strike_P"],"score":388,"play_id":"a962892b-0721-4ac3-8c70-12153ac4934f","local_time":"20210211041759","is_ascension_mode":true,"campfire_choices":[{"data":"Eruption","floor":7.0,"key":"SMITH"},{"data":"Evaluate","floor":10.0,"key":"SMITH"},{"data":"Wallop","floor":15.0,"key":"SMITH"}],"circlet_count":0,"master_deck":["AscendersBane","Strike_P","Strike_P","Strike_P","Defend_P","Defend_P","Eruption+1","Vigilance","Evaluate+1","Halt","Protect","MentalFortress","Wallop+1","Ragnarok","MentalFortress"],"relics":["PureWater","Blood Vial","Shuriken","Tiny Chest","Runic Dome"],"acts_visited":["Exordium","TheCity"],"potions_floor_usage":[16],"damage_taken":[{"damage":0.0,"enemies":"Cultist","floor":1.0,"turns":3.0},{"damage":2.0,"enemies":"2 Louse","floor":3.0,"turns":4.0},{"damage":2.0,"enemies":"Small Slimes","floor":4.0,"turns":3.0},{"damage":21.0,"enemies":"Lagavulin","floor":6.0,"turns":7.0},{"damage":15.0,"enemies":"Gremlin Gang","floor":11.0,"turns":3.0},{"damage":10.0,"enemies":"3 Sentries","floor":14.0,"turns":10.0},{"damage":14,"enemies":"The Guardian","floor":16,"turns":13},{"damage":20,"enemies":"Chosen","floor":18,"turns":4},{"damage":22,"enemies":"Shell Parasite","floor":20,"turns":5},{"damage":10,"enemies":"Centurion and Healer","floor":21,"turns":8},{"damage":16,"enemies":"Sentry and Sphere","floor":22,"turns":6}],"seed_played":"-5148367148598116305","potions_obtained":[{"floor":1.0,"key":"SteroidPotion"},{"floor":3.0,"key":"AttackPotion"},{"floor":4.0,"key":"EntropicBrew"},{"floor":6.0,"key":"Strength Potion"}],"is_trial":false,"path_per_floor":["M","$","M","M","?","E","R","?","T","R","M","?","$","E","R","B",null,"M","$","M","M","M"],"character_chosen":"WATCHER","items_purchased":["Evaluate","MentalFortress","Wallop"],"campfire_rested":0,"item_purchase_floors":[2,13,13],"current_hp_per_floor":[61,61,59,57,46,25,25,47,47,47,34,34,34,26,26,14,55,37,37,17,9,0,0],"gold":112,"neow_bonus":"HUNDRED_GOLD","is_daily":false,"chose_seed":false,"campfire_upgraded":3,"win_rate":0.0,"timestamp":1612984679,"path_taken":["M","?","M","M","?","E","R","?","T","R","M","?","$","E","R","BOSS","M","$","M","M","?"],"items_purchased_type":["Card","Card","Card"],"build_version":"2020-12-22","purchased_purges":2,"victory":false,"max_hp_per_floor":[68,68,68,68,68,68,68,68,68,68,68,68,68,68,68,68,68,68,68,68,68,68,68],"card_choices":[{"not_picked":["ReachHeaven","EmptyBody","Prostrate"],"picked":"SKIP","floor":1.0},{"not_picked":["Protect","JustLucky","ClearTheMind"],"picked":"SKIP","floor":3.0},{"not_picked":["PathToVictory","Wireheading","DevaForm"],"picked":"SKIP","floor":4.0},{"not_picked":["Study","Crescendo","Fasting2"],"picked":"SKIP","floor":6.0},{"not_picked":["ForeignInfluence","Swivel"],"picked":"Halt","floor":11.0},{"not_picked":["Sanctity","PathToVictory","Nirvana"],"picked":"SKIP","floor":14.0},{"not_picked":["Wish","Devotion"],"picked":"Ragnarok","floor":16},{"not_picked":["Evaluate","Worship"],"picked":"MentalFortress","floor":18},{"not_picked":["SandsOfTime","Evaluate","WreathOfFlame"],"picked":"SKIP","floor":20},{"not_picked":["Protect+1","Collect","EmptyBody"],"picked":"SKIP","floor":21}],"player_experience":1033120,"relics_obtained":[{"floor":6.0,"key":"Blood Vial"},{"floor":9.0,"key":"Shuriken"},{"floor":14.0,"key":"Tiny Chest"}],"event_choices":[{"damage_healed":0.0,"max_hp_gain":0.0,"max_hp_loss":0.0,"gold_gain":75.0,"event_name":"World of Goop","player_choice":"Gather Gold","floor":5.0,"gold_loss":0.0,"damage_taken":11.0},{"damage_healed":22.0,"max_hp_gain":0.0,"max_hp_loss":0.0,"gold_gain":0.0,"event_name":"Big Fish","player_choice":"Banana","floor":8.0,"gold_loss":0.0,"damage_taken":0.0},{"damage_healed":0.0,"max_hp_gain":0.0,"max_hp_loss":0.0,"gold_gain":0.0,"cards_transformed":["Defend_P"],"event_name":"Transmorgrifier","player_choice":"Transformed","floor":12.0,"gold_loss":0.0,"damage_taken":0.0,"cards_obtained":["Protect"]}],"is_beta":false,"boss_relics":[{"not_picked":["SacredBark","Empty Cage"],"picked":"Runic Dome"}],"items_purged_floors":[2,19],"is_endless":false,"potions_floor_spawned":[1,3,4,6],"killed_by":"Sentry and Sphere","ascension_level":20}}