{"host":"3y2rtlgteqp2nuo3","time":1612951679,"event":{"mods":["2.2 Compatiblity","AchievementEnabler","BaseMod","Colored Map","DeckTracker","Highlight Path","Keyboard Shortcuts","Minty Spire (QoL Compilation)","Permanent Neow","Quick Restart","StSLib","SuperFastMode","everything is the same but u backflip on backflip"],"gold_per_floor":[111,125,136,146,162,162,3,3,3],"floor_reached":8,"language":"KOR","playtime":218,"items_purged":["Strike_G"],"score":93,"play_id":"af9abca7-4193-4b6a-957a-228ed57088f4","local_time":"20210210190759","is_ascension_mode":true,"campfire_choices":[{"data":"Poisoned Stab","floor":6,"key":"SMITH"}],"circlet_count":0,"master_deck":["AscendersBane","Strike_G","Strike_G","Strike_G","Defend_G","Defend_G","Defend_G","Defend_G","Survivor","Neutralize","Well Laid Plans","Poisoned Stab+1","Backflip","Noxious Fumes","Dodge and Roll","Crippling Poison"],"relics":["Ring of the Snake"],"acts_visited":["Exordium"],"potions_floor_usage":[],"damage_taken":[{"damage":3,"enemies":"Cultist","floor":1,"turns":5},{"damage":1,"enemies":"2 Louse","floor":2,"turns":4},{"damage":2,"enemies":"Jaw Worm","floor":3,"turns":5},{"damage":3,"enemies":"Blue Slaver","floor":4,"turns":6},{"damage":19,"enemies":"Large Slime","floor":5,"turns":6},{"damage":39,"enemies":"Gremlin Nob","floor":8,"turns":4}],"seed_played":"-948806880833492229","potions_obtained":[{"floor":1,"key":"CunningPotion"},{"floor":2,"key":"Dexterity Potion"}],"is_trial":false,"path_per_floor":["M","M","M","M","M","R","$","E"],"character_chosen":"THE_SILENT","items_purchased":["Crippling Poison"],"campfire_rested":0,"item_purchase_floors":[7],"current_hp_per_floor":[56,55,53,50,31,31,31,0,0],"gold":3,"neow_bonus":"REMOVE_TWO","is_daily":false,"chose_seed":false,"campfire_upgraded":1,"win_rate":0.0,"timestamp":1612951679,"path_taken":["M","M","M","M","M","R","$","E"],"items_purchased_type":["Card"],"build_version":"2020-12-22","purchased_purges":1,"victory":false,"max_hp_per_floor":[60,60,60,60,60,60,60,60,60],"card_choices":[{"not_picked":["Dash","Backstab"],"picked":"Well Laid Plans","floor":1},{"not_picked":["PiercingWail","Footwork"],"picked":"Poisoned Stab","floor":2},{"not_picked":["Dodge and Roll","Outmaneuver"],"picked":"Backflip","floor":3},{"not_picked":["Flechettes","PiercingWail"],"picked":"Noxious Fumes","floor":4},{"not_picked":["Underhanded Strike","Deflect"],"picked":"Dodge and Roll","floor":5}],"player_experience":779910,"relics_obtained":[],"event_choices":[],"is_beta":false,"boss_relics":[],"items_purged_floors":[7],"is_endless":false,"potions_floor_spawned":[1,2,5],"killed_by":"Gremlin Nob","ascension_level":17}}