{"host":"ve5hox67eka4rdnb","time":1612942430,"event":{"mods":["ATMod(∞¢Ë™Mod)","AchievementEnabler","Act Like it!","BaseMod","Downfall","Gensokyo","Hermit","Koishi","Lobotomy","LobotomyExtend","Marisa£®ÏF”Í°°ƒß¿Ì…≥£©","Minty Spire (QoL Compilation)","Reimu£®≤©¿ˆ¡È√Œ£©","Remilia£®¿Ÿ√◊¿Ú—«£©","Replay The Spire","Shop Mod","StSLib","The Construct","The Cursed","The Servant 0.9.4"],"gold_per_floor":[118,140,69,88,113,142,142,176,231,233,233],"floor_reached":10,"language":"ZHS","playtime":487,"items_purged":[],"score":86,"play_id":"dd5d421d-c24f-4fa5-bff7-122755013346","local_time":"20210210153350","is_ascension_mode":true,"campfire_choices":[{"data":"AT_StudyProgram","floor":7,"key":"SMITH"}],"circlet_count":0,"master_deck":["Strike_B","Strike_B","Strike_B","Strike_B","Defend_B","Defend_B","Defend_B","Defend_B","Zap","Dualcast","AT_StudyProgram+1","Turbo","Glacier","Redo","Pot Of Greed","Pot Of Greed","BootSequence"],"relics":["Cracked Core","AT_ATBox","Replay:Bandana","LetterFromLob","Grinning Jar","Prayer Wheel","Carrot","Smiling Mask"],"acts_visited":["Exordium"],"potions_floor_usage":[6,8,8,8,8],"damage_taken":[{"damage":0,"enemies":"Cultist","floor":1,"turns":4},{"damage":2,"enemies":"Jaw Worm","floor":2,"turns":3},{"damage":11,"enemies":"2 Louse","floor":4,"turns":3},{"damage":3,"enemies":"Large Slime","floor":5,"turns":8},{"damage":21,"enemies":"Lagavulin","floor":6,"turns":9},{"damage":16,"enemies":"Gremlin Nob","floor":8,"turns":3},{"damage":20,"enemies":"3 Sentries","floor":10,"turns":7}],"seed_played":"6094345598292412455","potions_obtained":[{"floor":4,"key":"Languid Potion"},{"floor":6,"key":"EntropicBrew"}],"is_trial":false,"path_per_floor":["M","M","$","M","M","E","R","E","T","E"],"character_chosen":"DEFECT","items_purchased":["Glacier"],"campfire_rested":0,"item_purchase_floors":[3],"current_hp_per_floor":[75,73,73,62,59,38,38,22,22,2,2],"gold":233,"neow_bonus":"RANDOM_COMMON_RELIC","is_daily":false,"chose_seed":false,"campfire_upgraded":1,"win_rate":0.0,"timestamp":1612942430,"path_taken":["M","M","?","?","M","E","R","E","T","E"],"items_purchased_type":["Card"],"build_version":"2020-12-22","purchased_purges":0,"victory":false,"max_hp_per_floor":[75,75,75,75,75,75,75,75,75,75,75],"card_choices":[{"not_picked":["Stack","White Noise","Recycle"],"picked":"SKIP","floor":1},{"not_picked":["Force Field","Fusion"],"picked":"Turbo","floor":2},{"not_picked":["Leap","Barrage","Compile Driver"],"picked":"SKIP","floor":4},{"not_picked":["Go for the Eyes","Turbo"],"picked":"Redo","floor":5},{"not_picked":["BasicCrystalCard","Amplify"],"picked":"BootSequence","floor":6},{"not_picked":["Gash","Streamline","Turbo"],"picked":"SKIP","floor":8}],"player_experience":203048,"relics_obtained":[{"floor":1,"key":"LetterFromLob"},{"floor":6,"key":"Grinning Jar"},{"floor":8,"key":"Carrot"},{"floor":9,"key":"Smiling Mask"}],"event_choices":[],"is_beta":false,"boss_relics":[],"items_purged_floors":[],"is_endless":false,"potions_floor_spawned":[4,6],"killed_by":"3 Sentries","ascension_level":2}}