{"host":"amyouew1jj5rel7b","time":1612982868,"event":{"mods":["AchievementEnabler","BaseMod","Better Altar","Better Match","Better Note","Better Skull","Better Third Choice","CapriCore","Curses Come First","Minty Spire (QoL Compilation)","Permanent Neow","Quick Restart","Spicy Shops","StSLib","SuperFastMode"],"gold_per_floor":[119,194,119,119,136,166,166,184,232,232,244,271,294,294,294,406,406,435,454,454,98,98,130,152,152,179,229,243,286,61,90,90,194,194,219,274,293,312,0,0,0],"floor_reached":40,"language":"KOR","playtime":1708,"items_purged":["Strike_B","Strike_B","Defend_B"],"score":436,"play_id":"885c252d-df06-4eca-a3e4-69313df95f35","local_time":"20210211034748","is_ascension_mode":false,"campfire_choices":[{"data":"Dualcast","floor":7,"key":"SMITH"},{"data":"Zap","floor":10,"key":"SMITH"},{"floor":15,"key":"REST"},{"data":"Fission","floor":25,"key":"SMITH"},{"data":"Chill","floor":32,"key":"SMITH"}],"circlet_count":0,"master_deck":["Strike_B+1","Strike_B","Defend_B","Defend_B+1","Zap+1","Dualcast+1","Ball Lightning","BootSequence","Chill+1","Reinforced Body","Sweeping Beam","Fission+1","Doom and Gloom","Cold Snap+1","Ball Lightning","Echo Form+1","Conserve Battery+1","Core Surge","Glacier","Self Repair+1","Coolheaded"],"relics":["Nuclear Battery","Nunchaku","Boot","CeramicFish","Philosopher\u0027s Stone","Frozen Egg 2","Pen Nib","Bag of Preparation","Bronze Scales","Lee\u0027s Waffle","SacredBark","Torii"],"acts_visited":["Exordium","TheCity","TheBeyond"],"potions_floor_usage":[6,16,23,23,33,36,36],"damage_taken":[{"damage":0,"enemies":"Small Slimes","floor":1,"turns":3},{"damage":1,"enemies":"Jaw Worm","floor":5,"turns":3},{"damage":8,"enemies":"Lagavulin","floor":6,"turns":6},{"damage":0,"enemies":"2 Louse","floor":8,"turns":2},{"damage":2,"enemies":"Exordium Thugs","floor":11,"turns":5},{"damage":13,"enemies":"3 Sentries","floor":12,"turns":7},{"damage":8,"enemies":"Exordium Wildlife","floor":13,"turns":5},{"damage":10,"enemies":"Hexaghost","floor":16,"turns":8},{"damage":1,"enemies":"Chosen","floor":18,"turns":4},{"damage":7,"enemies":"3 Byrds","floor":19,"turns":3},{"damage":11,"enemies":"Slavers","floor":23,"turns":4},{"damage":16,"enemies":"Snake Plant","floor":24,"turns":4},{"damage":0,"enemies":"Snecko","floor":28,"turns":5},{"damage":17,"enemies":"Book of Stabbing","floor":29,"turns":5},{"damage":0,"enemies":"Centurion and Healer","floor":31,"turns":3},{"damage":35,"enemies":"Champ","floor":33,"turns":11},{"damage":18,"enemies":"3 Shapes","floor":35,"turns":6},{"damage":0,"enemies":"2 Orb Walkers","floor":36,"turns":4},{"damage":19,"enemies":"3 Darklings","floor":37,"turns":3},{"damage":0,"enemies":"Spire Growth","floor":38,"turns":5},{"damage":72,"enemies":"Giant Head","floor":40,"turns":10}],"seed_played":"-1198251543577795289","potions_obtained":[{"floor":5,"key":"BlessingOfTheForge"},{"floor":6,"key":"Energy Potion"},{"floor":13,"key":"LiquidBronze"},{"floor":16,"key":"Explosive Potion"},{"floor":18,"key":"Weak Potion"},{"floor":29,"key":"Strength Potion"},{"floor":31,"key":"LiquidBronze"},{"floor":33,"key":"SteroidPotion"},{"floor":37,"key":"PotionOfCapacity"}],"is_trial":false,"path_per_floor":["M","?","$","?","M","E","R","M","T","R","M","E","M","?","R","B",null,"M","M","?","$","?","E","M","R","T","?","M","E","$","M","R","B",null,"M","?","M","M","$","E"],"character_chosen":"DEFECT","items_purchased":["Frozen Egg 2","Echo Form+1","Lee\u0027s Waffle","Coolheaded","PowerPotion"],"campfire_rested":1,"item_purchase_floors":[21,30,30,39,39],"current_hp_per_floor":[75,64,64,57,56,48,48,48,48,48,46,33,25,10,32,22,75,74,67,67,67,67,56,40,40,40,40,40,23,82,82,82,47,82,64,64,45,55,55,0,0],"gold":0,"neow_bonus":"BOSS_RELIC","is_daily":false,"chose_seed":false,"campfire_upgraded":4,"win_rate":0.0,"timestamp":1612982868,"path_taken":["M","?","$","?","M","E","R","M","T","R","?","E","M","?","R","BOSS","M","M","?","$","?","E","M","R","T","?","M","E","$","M","R","BOSS","M","?","M","M","$","E"],"items_purchased_type":["Relic","Card","Relic","Card","Potion"],"build_version":"2020-12-22","purchased_purges":3,"victory":false,"max_hp_per_floor":[75,75,75,75,75,75,75,75,75,75,75,75,75,75,75,75,75,75,75,75,75,75,75,75,75,75,75,75,75,82,82,82,82,82,82,82,82,82,82,82,82],"card_choices":[{"not_picked":["Rebound","Steam"],"picked":"Ball Lightning","floor":1},{"not_picked":["Stack","Streamline"],"picked":"BootSequence","floor":5},{"not_picked":["Sweeping Beam","Aggregate"],"picked":"Chill","floor":6},{"not_picked":["Heatsinks","Barrage"],"picked":"Reinforced Body","floor":8},{"not_picked":["Steam","Redo","Gash"],"picked":"SKIP","floor":11},{"not_picked":["Heatsinks","Go for the Eyes","Barrage"],"picked":"SKIP","floor":12},{"not_picked":["Rip and Tear","Gash"],"picked":"Sweeping Beam","floor":13},{"not_picked":["Machine Learning","Hyperbeam"],"picked":"Fission","floor":16},{"not_picked":["Stack","Hello World"],"picked":"Doom and Gloom","floor":18},{"not_picked":["Stack","Gash","Sweeping Beam+1"],"picked":"SKIP","floor":19},{"not_picked":["Beam Cell","BootSequence+1","Rip and Tear"],"picked":"SKIP","floor":23},{"not_picked":["Reinforced Body","Aggregate"],"picked":"Cold Snap+1","floor":24},{"not_picked":["Recycle","Cold Snap+1","Streamline"],"picked":"SKIP","floor":28},{"not_picked":["Heatsinks+1","Darkness"],"picked":"Ball Lightning","floor":29},{"not_picked":["Go for the Eyes+1","Compile Driver"],"picked":"Conserve Battery+1","floor":31},{"not_picked":["Machine Learning+1","Meteor Strike"],"picked":"Core Surge","floor":33},{"not_picked":["Streamline","Ball Lightning+1"],"picked":"Glacier","floor":35},{"not_picked":["FTL","Reinforced Body"],"picked":"Self Repair+1","floor":37},{"not_picked":["Streamline+1","Fusion","Cold Snap"],"picked":"SKIP","floor":38}],"player_experience":164078,"relics_obtained":[{"floor":6,"key":"Nunchaku"},{"floor":9,"key":"Boot"},{"floor":12,"key":"CeramicFish"},{"floor":23,"key":"Pen Nib"},{"floor":26,"key":"Bag of Preparation"},{"floor":29,"key":"Bronze Scales"},{"floor":36,"key":"Torii"}],"event_choices":[{"damage_healed":0,"gold_gain":75,"player_choice":"Gold","damage_taken":11,"max_hp_gain":0,"max_hp_loss":0,"event_name":"betterThird:BetterGoop","floor":2,"gold_loss":0},{"cards_removed":["Defend_B"],"damage_healed":0,"gold_gain":0,"player_choice":"Card Removal","damage_taken":7,"max_hp_gain":0,"max_hp_loss":0,"event_name":"Golden Wing","floor":4,"gold_loss":0},{"damage_healed":25,"gold_gain":0,"player_choice":"Upgrade","damage_taken":15,"max_hp_gain":0,"max_hp_loss":75,"event_name":"betterThird:BetterShining","floor":14,"gold_loss":0,"cards_upgraded":["Strike_B","Defend_B"]},{"cards_removed":["Fission"],"damage_healed":0,"gold_gain":0,"player_choice":"Give","damage_taken":0,"max_hp_gain":0,"max_hp_loss":0,"event_name":"betterNote:BetterNote","floor":20,"gold_loss":0,"cards_obtained":["None"]},{"damage_healed":0,"gold_gain":0,"player_choice":"Ignored","damage_taken":0,"max_hp_gain":0,"max_hp_loss":0,"event_name":"Cursed Tome","floor":22,"gold_loss":0},{"damage_healed":0,"gold_gain":100,"player_choice":"Bet on Murderer","damage_taken":0,"max_hp_gain":0,"max_hp_loss":0,"event_name":"The Joust","floor":27,"gold_loss":50},{"damage_healed":0,"gold_gain":0,"player_choice":"Fight","damage_taken":0,"max_hp_gain":0,"max_hp_loss":0,"event_name":"Mysterious Sphere","floor":36,"gold_loss":0}],"is_beta":false,"boss_relics":[{"not_picked":["Ectoplasm","Velvet Choker"],"picked":"Philosopher\u0027s Stone"},{"not_picked":["Tiny House","Coffee Dripper"],"picked":"SacredBark"}],"items_purged_floors":[3,21,39],"is_endless":false,"potions_floor_spawned":[5,6,13,16,18,29,31,33,37],"killed_by":"Giant Head","ascension_level":0}}