{"host":"y3h3n3f7seyagppx","time":1612990902,"event":{"mods":["AlwaysNeverKeys","BaseMod","Better Vampires","Colored Powertips","DeckTracker","Emptier Cage","Minty Spire (QoL Compilation)","Permanent Neow","Quick Restart","Rare Cards Sparkle","Relic Sorter","Relic Stats","StSLib","Transform Curses"],"gold_per_floor":[359,434,1,11,30,65,80,109,109,119,149,149,161,180,180,256,256,270,287,212,226,226,256,256,256,256,272,272,297,297,311,311,311,311],"floor_reached":33,"language":"ENG","playtime":13858,"items_purged":["Strike_R"],"score":668,"play_id":"efd507ce-e096-4c83-b5b8-82ed9d166bb0","local_time":"20210210160142","is_ascension_mode":true,"campfire_choices":[{"data":"Fiend Fire","floor":12.0,"key":"SMITH"},{"data":"Armaments","floor":15.0,"key":"SMITH"},{"floor":24.0,"key":"REST"},{"data":"Bash","floor":28.0,"key":"SMITH"},{"floor":32,"key":"REST"}],"circlet_count":0,"master_deck":["AscendersBane","Defend_R","Defend_R","Defend_R","Bash+1","Clothesline","Hemokinesis","Battle Trance","Fiend Fire+1","Battle Trance","Corruption","Burning Pact","Armaments+1","Spot Weakness","Dual Wield+1","Havoc+1","Bloodletting+1","Havoc+1","Headbutt","Power Through","Rage","Sword Boomerang+1","Rupture+1","Ghostly","Ghostly","Ghostly","Feed+1","True Grit+1","Evolve"],"relics":["Burning Blood","Mercury Hourglass","Happy Flower","Mango","Bag of Preparation","Dream Catcher","White Beast Statue","Astrolabe","Molten Egg 2","PreservedInsect","Orichalcum","Enchiridion"],"acts_visited":["Exordium","TheCity"],"potions_floor_usage":[29,31,33],"damage_taken":[{"damage":14.0,"enemies":"Jaw Worm","floor":1.0,"turns":4.0},{"damage":3.0,"enemies":"Small Slimes","floor":4.0,"turns":3.0},{"damage":3.0,"enemies":"2 Louse","floor":5.0,"turns":2.0},{"damage":29.0,"enemies":"3 Sentries","floor":6.0,"turns":6.0},{"damage":0.0,"enemies":"2 Fungi Beasts","floor":7.0,"turns":3.0},{"damage":2.0,"enemies":"Gremlin Nob","floor":8.0,"turns":2.0},{"damage":11.0,"enemies":"3 Louse","floor":10.0,"turns":2.0},{"damage":26.0,"enemies":"3 Sentries","floor":11.0,"turns":7.0},{"damage":2.0,"enemies":"Exordium Wildlife","floor":13.0,"turns":1.0},{"damage":12.0,"enemies":"Gremlin Gang","floor":14.0,"turns":2.0},{"damage":16.0,"enemies":"Hexaghost","floor":16.0,"turns":6.0},{"damage":8.0,"enemies":"3 Byrds","floor":18.0,"turns":4.0},{"damage":7.0,"enemies":"2 Thieves","floor":19.0,"turns":3.0},{"damage":11.0,"enemies":"3 Cultists","floor":21.0,"turns":4.0},{"damage":41.0,"enemies":"Gremlin Leader","floor":23.0,"turns":8.0},{"damage":11.0,"enemies":"Snecko","floor":27.0,"turns":5.0},{"damage":11,"enemies":"Book of Stabbing","floor":29,"turns":5},{"damage":0,"enemies":"Cultist and Chosen","floor":31,"turns":7},{"damage":29,"enemies":"Automaton","floor":33,"turns":10}],"seed_played":"-691927797140012290","potions_obtained":[{"floor":4.0,"key":"Swift Potion"},{"floor":8.0,"key":"Dexterity Potion"},{"floor":10.0,"key":"GamblersBrew"},{"floor":11.0,"key":"Strength Potion"},{"floor":16.0,"key":"DuplicationPotion"},{"floor":19.0,"key":"Energy Potion"},{"floor":29,"key":"EssenceOfSteel"},{"floor":31,"key":"GamblersBrew"}],"is_trial":false,"path_per_floor":["M","?","$","M","M","E","M","E","T","M","E","R","M","M","R","B",null,"M","M","$","M","?","E","R","?","T","M","R","E","?","M","R","B"],"character_chosen":"IRONCLAD","items_purchased":["Mercury Hourglass","Happy Flower"],"campfire_rested":2,"item_purchase_floors":[3,3],"current_hp_per_floor":[60,49,49,52,55,46,52,56,56,51,31,31,35,29,29,19,66,64,63,63,58,58,23,47,41,41,36,36,31,10,16,28,0,0],"gold":311,"neow_bonus":"TWO_FIFTY_GOLD","is_daily":false,"chose_seed":false,"campfire_upgraded":3,"win_rate":0.0,"timestamp":1612990902,"path_taken":["M","?","$","M","M","E","M","E","T","M","E","R","M","M","R","BOSS","M","M","$","M","?","E","R","?","T","M","R","E","?","M","R","BOSS"],"items_purchased_type":["Relic","Relic"],"build_version":"2020-12-22","purchased_purges":1,"victory":false,"max_hp_per_floor":[68,68,68,68,68,82,82,82,82,82,82,82,82,82,82,82,82,82,82,82,82,82,82,82,41,41,41,41,41,41,41,41,41,41],"relic_stats":{"Dream Catcher":2,"Happy Flower":[26],"counters":[19,84],"Astrolabe":["Dual Wield","Havoc","Bloodletting"],"PreservedInsect":43,"Bag of Preparation":[26],"Orichalcum":[30],"obtain_stats":[{"Dream Catcher":9,"Happy Flower":3,"Astrolabe":17,"Enchiridion":30,"Mango":6,"Molten Egg 2":23,"PreservedInsect":26,"Bag of Preparation":8,"Orichalcum":29,"Burning Blood":0,"White Beast Statue":11,"Mercury Hourglass":3},{"Dream Catcher":6,"Happy Flower":1,"Astrolabe":11,"Enchiridion":17,"Mango":4,"Molten Egg 2":15,"PreservedInsect":15,"Bag of Preparation":6,"Orichalcum":17,"Burning Blood":0,"White Beast Statue":8,"Mercury Hourglass":1},{"Dream Catcher":20,"Happy Flower":4,"Astrolabe":38,"Enchiridion":67,"Mango":15,"Molten Egg 2":57,"PreservedInsect":57,"Bag of Preparation":20,"Orichalcum":67,"Burning Blood":0,"White Beast Statue":29,"Mercury Hourglass":4}],"Burning Blood":108,"Mercury Hourglass":[391]},"card_choices":[{"not_picked":["Warcry","Infernal Blade"],"picked":"Clothesline","floor":1.0},{"not_picked":["Clash","Blood for Blood"],"picked":"Hemokinesis","floor":4.0},{"not_picked":["Sword Boomerang","Havoc"],"picked":"Battle Trance","floor":5.0},{"not_picked":["True Grit","Havoc"],"picked":"Fiend Fire","floor":6.0},{"not_picked":["Ghostly Armor","Blood for Blood"],"picked":"Battle Trance","floor":7.0},{"not_picked":["Cleave","Iron Wave","Rupture"],"picked":"SKIP","floor":8.0},{"not_picked":["Rupture","Flex"],"picked":"Corruption","floor":10.0},{"not_picked":["Body Slam","Burning Pact","Pommel Strike"],"picked":"SKIP","floor":11.0},{"not_picked":["Body Slam","Pommel Strike"],"picked":"Burning Pact","floor":11.0},{"not_picked":["Uppercut","Inflame"],"picked":"Armaments","floor":13.0},{"not_picked":["Rage","Warcry"],"picked":"Spot Weakness","floor":14.0},{"not_picked":["Bloodletting","Flex"],"picked":"Havoc+1","floor":18.0},{"not_picked":["Havoc","Perfected Strike+1","Cleave"],"picked":"SKIP","floor":19.0},{"not_picked":["Perfected Strike","Dual Wield","Headbutt"],"picked":"SKIP","floor":21.0},{"not_picked":["Perfected Strike","Dual Wield"],"picked":"Headbutt","floor":21.0},{"not_picked":["Burning Pact","Anger+1"],"picked":"Sword Boomerang+1","floor":23.0},{"not_picked":["Power Through+1","Inflame"],"picked":"Rupture+1","floor":24.0},{"not_picked":["Havoc+1","Headbutt+1","Heavy Blade+1"],"picked":"SKIP","floor":27.0},{"not_picked":["Havoc+1","Headbutt+1","Heavy Blade+1"],"picked":"SKIP","floor":27.0},{"not_picked":["Anger+1","Thunderclap+1"],"picked":"Feed+1","floor":29},{"not_picked":["Flame Barrier+1","Heavy Blade+1"],"picked":"True Grit+1","floor":31},{"not_picked":["Warcry","Havoc"],"picked":"Evolve","floor":32}],"player_experience":22111985,"relics_obtained":[{"floor":6.0,"key":"Mango"},{"floor":8.0,"key":"Bag of Preparation"},{"floor":9.0,"key":"Dream Catcher"},{"floor":11.0,"key":"White Beast Statue"},{"floor":23.0,"key":"Molten Egg 2"},{"floor":26.0,"key":"PreservedInsect"},{"floor":29,"key":"Orichalcum"},{"floor":30,"key":"Enchiridion"}],"event_choices":[{"damage_healed":0.0,"max_hp_gain":0.0,"max_hp_loss":0.0,"gold_gain":75.0,"event_name":"World of Goop","player_choice":"Gather Gold","floor":2.0,"gold_loss":0.0,"damage_taken":11.0},{"damage_healed":0.0,"max_hp_gain":0.0,"max_hp_loss":0.0,"gold_gain":0.0,"cards_transformed":["Strike_R","Defend_R"],"event_name":"Drug Dealer","player_choice":"Became Test Subject","floor":22.0,"gold_loss":0.0,"damage_taken":0.0,"cards_obtained":["Power Through","Rage"]},{"damage_healed":0.0,"max_hp_gain":0.0,"max_hp_loss":41.0,"gold_gain":0.0,"event_name":"Ghosts","player_choice":"Became a Ghost","floor":25.0,"gold_loss":0.0,"damage_taken":0.0,"cards_obtained":["Ghostly","Ghostly","Ghostly"]},{"damage_healed":0,"gold_gain":0,"player_choice":"Obtained Book","damage_taken":21,"max_hp_gain":0,"max_hp_loss":0,"event_name":"Cursed Tome","floor":30,"gold_loss":0}],"is_beta":false,"boss_relics":[{"not_picked":["Busted Crown","Tiny House"],"picked":"Astrolabe"}],"items_purged_floors":[20],"is_endless":false,"potions_floor_spawned":[4,8,10,11,13,14,16,18,19,21,23,27,29,31],"killed_by":"Automaton","ascension_level":20}}