{"host":"j14jowy3nc3m7wd7","time":1612943397,"event":{"mods":["AchievementEnabler","BaseMod","Bestiary","Curses Come First","Minty Spire (QoL Compilation)","Permanent Neow","Poor People Problems","Quick Restart","Relic Stats","Remove Card Discount Mod","StSLib"],"gold_per_floor":[1116,1127,1127,1146,1146,1146,1146,1146],"floor_reached":7,"language":"ENG","playtime":212,"items_purged":[],"score":107,"play_id":"1b423143-6776-4108-a2d6-01e6fb283420","local_time":"20210209234957","is_ascension_mode":true,"campfire_choices":[{"floor":6,"key":"REST"}],"circlet_count":0,"master_deck":["AscendersBane","Strike_G","Strike_G","Strike_G","Strike_G","Defend_G","Defend_G","Defend_G","Defend_G","Survivor","Neutralize","Well Laid Plans","Slice"],"relics":["Empty Cage","Golden Idol","HornCleat"],"acts_visited":["Exordium"],"potions_floor_usage":[],"damage_taken":[{"damage":6.0,"enemies":"Cultist","floor":1.0,"turns":5.0},{"damage":19,"enemies":"Small Slimes","floor":2,"turns":5},{"damage":8,"enemies":"Jaw Worm","floor":4,"turns":5},{"damage":0,"enemies":"Lagavulin","floor":7,"turns":1}],"seed_played":"2526321377199537003","potions_obtained":[{"floor":1.0,"key":"CultistPotion"},{"floor":4,"key":"DuplicationPotion"}],"is_trial":false,"path_per_floor":["M","M","?","M","?","R","E"],"character_chosen":"THE_SILENT","items_purchased":[],"campfire_rested":1,"item_purchase_floors":[],"current_hp_per_floor":[53,34,34,26,21,39,39,39],"gold":1146,"neow_bonus":"BOSS_RELIC","is_daily":false,"chose_seed":false,"campfire_upgraded":0,"win_rate":0.0,"timestamp":1612943397,"path_taken":["M","M","?","M","?","R","E"],"items_purchased_type":[],"build_version":"2020-12-22","purchased_purges":0,"victory":false,"max_hp_per_floor":[66,66,60,60,60,60,60,60],"relic_stats":{"counters":[4,16],"Golden Idol":4,"obtain_stats":[{"HornCleat":5,"Golden Idol":3,"Empty Cage":0,"Ring of the Snake":0},{"HornCleat":3,"Golden Idol":2,"Empty Cage":0,"Ring of the Snake":0},{"HornCleat":15,"Golden Idol":10,"Empty Cage":0,"Ring of the Snake":0}]},"card_choices":[{"not_picked":["Backstab","Underhanded Strike"],"picked":"Well Laid Plans","floor":1.0},{"not_picked":["Sucker Punch","Distraction"],"picked":"Slice","floor":2},{"not_picked":["Infinite Blades","Choke","Caltrops"],"picked":"SKIP","floor":4}],"player_experience":12549,"relics_obtained":[],"event_choices":[{"damage_healed":0,"gold_gain":0,"player_choice":"Lose Max HP","damage_taken":0,"relics_obtained":["Golden Idol"],"max_hp_gain":0,"max_hp_loss":6,"event_name":"Golden Idol","floor":3,"gold_loss":0},{"damage_healed":0,"gold_gain":0,"player_choice":"Success","damage_taken":5,"relics_obtained":["HornCleat"],"max_hp_gain":0,"max_hp_loss":0,"event_name":"Scrap Ooze","floor":5,"gold_loss":0}],"is_beta":false,"boss_relics":[],"items_purged_floors":[],"is_endless":false,"potions_floor_spawned":[1,4],"killed_by":"Lagavulin","ascension_level":20}}