{"host":"epc8efk9vrywpcsw","time":1612956921,"event":{"mods":["BaseMod","Minty Spire (QoL Compilation)","Relic Stats","StSLib"],"gold_per_floor":[117,66,27,27,27,55,55,82,109,124,140,151,34,54,54,128,128,147,170,170,170,190,190,190],"floor_reached":23,"language":"ENG","playtime":619,"items_purged":[],"score":498,"play_id":"f6605c27-0757-40ac-b9e6-c5451461013a","local_time":"20210210123521","is_ascension_mode":true,"campfire_choices":[{"data":"Neutralize","floor":7,"key":"SMITH"},{"data":"Cloak And Dagger","floor":15,"key":"SMITH"}],"circlet_count":0,"master_deck":["AscendersBane","Survivor","Neutralize+1","Bane","Quick Slash","Skewer","Escape Plan","Well Laid Plans","Flying Knee+1","PiercingWail","Finisher+1","Noxious Fumes","Endless Agony+1","Cloak And Dagger+1","Doppelganger","Burst","Corpse Explosion","Acrobatics","Venomology","Flying Knee+1","Tactician","Corpse Explosion","Concentrate","Sucker Punch+1","Eviscerate+1","Burst","Flying Knee+1","Backstab+1"],"relics":["Ring of the Snake","NeowsBlessing","Pantograph","Molten Egg 2","The Courier","Whetstone","Pandora\u0027s Box","Boot","Enchiridion","Strawberry"],"acts_visited":["Exordium","TheCity"],"potions_floor_usage":[12,23],"damage_taken":[{"damage":0.0,"enemies":"Cultist","floor":1.0,"turns":1.0},{"damage":0,"enemies":"Gremlin Nob","floor":6,"turns":1},{"damage":0,"enemies":"Lagavulin","floor":8,"turns":1},{"damage":1,"enemies":"2 Louse","floor":10,"turns":2},{"damage":3,"enemies":"Small Slimes","floor":11,"turns":2},{"damage":3,"enemies":"Red Slaver","floor":12,"turns":3},{"damage":11,"enemies":"3 Louse","floor":14,"turns":3},{"damage":24,"enemies":"Hexaghost","floor":16,"turns":10},{"damage":0,"enemies":"Chosen","floor":18,"turns":3},{"damage":6,"enemies":"3 Byrds","floor":22,"turns":4},{"damage":24,"enemies":"Book of Stabbing","floor":23,"turns":3}],"seed_played":"3934393883891370822","potions_obtained":[{"floor":8,"key":"BlessingOfTheForge"},{"floor":10,"key":"Dexterity Potion"},{"floor":22,"key":"PowerPotion"}],"is_trial":false,"path_per_floor":["M","$","$","?","?","E","R","E","T","M","M","M","$","M","R","B",null,"M","T","?","?","M","E"],"character_chosen":"THE_SILENT","items_purchased":["Quick Slash","Skewer","Endless Agony+1","Cloak And Dagger"],"campfire_rested":0,"item_purchase_floors":[2,3,13,13],"current_hp_per_floor":[59,59,59,48,48,48,48,48,48,47,44,41,41,30,30,31,57,57,57,36,43,37,13,13],"gold":190,"neow_bonus":"THREE_ENEMY_KILL","is_daily":false,"chose_seed":false,"campfire_upgraded":2,"win_rate":0.0,"timestamp":1612956921,"path_taken":["M","?","$","?","?","E","R","E","T","M","M","M","$","M","R","BOSS","M","?","?","?","?","E"],"items_purchased_type":["Card","Card","Card","Card"],"build_version":"2020-12-22","purchased_purges":0,"victory":false,"max_hp_per_floor":[66,66,66,66,66,66,66,66,66,66,66,66,66,66,66,66,66,66,66,66,73,73,73,73],"relic_stats":{"counters":[11,33],"Pantograph":25,"Pandora\u0027s Box":["Corpse Explosion","Acrobatics","Venomology","Flying Knee","Tactician","Corpse Explosion","Concentrate","Sucker Punch","Eviscerate","Burst"],"Whetstone":["Strike_G","Strike_G"],"Boot":[30],"obtain_stats":[{"NeowsBlessing":0,"Pantograph":4,"Strawberry":21,"Enchiridion":20,"Molten Egg 2":6,"Pandora\u0027s Box":17,"The Courier":8,"Whetstone":9,"Boot":19,"Ring of the Snake":0},{"NeowsBlessing":0,"Pantograph":1,"Strawberry":9,"Enchiridion":9,"Molten Egg 2":2,"Pandora\u0027s Box":8,"The Courier":3,"Whetstone":3,"Boot":9,"Ring of the Snake":0},{"NeowsBlessing":0,"Pantograph":1,"Strawberry":26,"Enchiridion":26,"Molten Egg 2":2,"Pandora\u0027s Box":23,"The Courier":3,"Whetstone":3,"Boot":26,"Ring of the Snake":0}],"Ring of the Snake":[22]},"card_choices":[{"not_picked":["Concentrate","Setup"],"picked":"Bane","floor":1.0},{"not_picked":["Caltrops","Underhanded Strike+1"],"picked":"Well Laid Plans","floor":6},{"not_picked":["Reflex","Slice+1"],"picked":"Flying Knee+1","floor":8},{"not_picked":["Slice+1","Dodge and Roll"],"picked":"PiercingWail","floor":10},{"not_picked":["Quick Slash+1","All Out Attack+1"],"picked":"Finisher+1","floor":11},{"not_picked":["Underhanded Strike+1","Deflect"],"picked":"Noxious Fumes","floor":12},{"not_picked":["Backflip","Flechettes+1"],"picked":"Doppelganger","floor":14},{"not_picked":["Phantasmal Killer","Corpse Explosion"],"picked":"Burst","floor":16},{"not_picked":["Prepared","Dodge and Roll"],"picked":"Flying Knee+1","floor":18},{"not_picked":["Accuracy","Leg Sweep"],"picked":"Backstab+1","floor":22}],"player_experience":505967,"relics_obtained":[{"floor":6,"key":"Molten Egg 2"},{"floor":8,"key":"The Courier"},{"floor":9,"key":"Whetstone"},{"floor":19,"key":"Boot"},{"floor":20,"key":"Enchiridion"}],"event_choices":[{"damage_healed":0.0,"max_hp_gain":0.0,"max_hp_loss":0.0,"gold_gain":0.0,"event_name":"Scrap Ooze","player_choice":"Success","floor":4.0,"gold_loss":0.0,"damage_taken":11.0,"relics_obtained":["Pantograph"]},{"damage_healed":0,"gold_gain":0,"player_choice":"1 cards matched","damage_taken":0,"max_hp_gain":0,"max_hp_loss":0,"event_name":"Match and Keep!","floor":5,"gold_loss":0,"cards_obtained":["Escape Plan"]},{"damage_healed":0,"gold_gain":0,"player_choice":"Obtained Book","damage_taken":21,"max_hp_gain":0,"max_hp_loss":0,"event_name":"Cursed Tome","floor":20,"gold_loss":0},{"damage_healed":0,"gold_gain":0,"player_choice":"Gave Potion","damage_taken":0,"relics_obtained":["Strawberry"],"max_hp_gain":0,"max_hp_loss":0,"event_name":"WeMeetAgain","floor":21,"gold_loss":0}],"is_beta":false,"boss_relics":[{"not_picked":["Calling Bell","SlaversCollar"],"picked":"Pandora\u0027s Box"}],"items_purged_floors":[],"is_endless":false,"potions_floor_spawned":[8,10,11,22],"killed_by":"Book of Stabbing","ascension_level":20}}