{"host":"gop1q6bv59twswbp","time":1612960907,"event":{"mods":["AlwaysNeverKeys","BaseMod","Downfall","Hermit","Minty Spire (QoL Compilation)","Permanent Neow","Rare Cards Sparkle","StSLib","The Cursed"],"gold_per_floor":[99,117,117,136,136,36,36,36,51,151,170,190,62,75,90,187,187,87,102,121,141,241,252,332,365,265,282,293,313,340,16,31,126,126,126,140,190,190,200,210,210,222,222,235,235,250,278,62,74,74,74,105,0,0,0,0],"floor_reached":57,"language":"ENG","playtime":5451,"items_purged":["Normality","Guardian:Strike_Guardian","Normality"],"score":1324,"play_id":"3779188d-d807-4f56-abaf-c617980716e1","local_time":"20210210074147","is_ascension_mode":false,"campfire_choices":[{"data":"Guardian:CurlUp","floor":1,"key":"SMITH"},{"data":"Guardian:StasisStrike","floor":6,"key":"SMITH"},{"data":"Guardian:Orbwalk","floor":18,"key":"SMITH"},{"data":"Guardian:DonusPower","floor":26,"key":"SMITH"},{"data":"Guardian:ExploitGems","floor":35,"key":"SMITH"},{"data":"Guardian:Suspension","floor":43,"key":"SMITH"},{"floor":45,"key":"REST"},{"data":"Guardian:StasisEngine","floor":54,"key":"SMITH"}],"circlet_count":0,"master_deck":["Guardian:Strike_Guardian","Guardian:Defend_Guardian","Guardian:Defend_Guardian","Guardian:Defend_Guardian","Guardian:CurlUp+1","Guardian:TwinSlam","Guardian:ChargeCore","Guardian:GatlingBeam","Guardian:StasisStrike+1","Guardian:TimeBomb","Guardian:FloatingOrbs","Guardian:Orbwalk+1","Guardian:DonusPower+1","Guardian:TemporalShield","Guardian:SentryBeam","Guardian:Planning","Guardian:PrimingBeam","Guardian:TimeSifter","Guardian:ShieldSpikes+1","Guardian:FloatingOrbs","Guardian:Recover+1","downfall:Icky","Guardian:ShieldCharger+1","Guardian:Suspension+1","Guardian:WalkerClaw+1","Guardian:BronzeArmor+1","Guardian:ExploitGems+1","Guardian:Preprogram","Guardian:Incinerate","Guardian:Recover+1","Guardian:EvasiveProtocol+1","Guardian:Gem_Green","Guardian:StasisEngine+1","Guardian:Repulse","Guardian:BronzeOrb","Guardian:Recover+1","Guardian:PolyBeam+1","Guardian:ChargeUp"],"relics":["Guardian:ModeShifter","Bag of Marbles","downfall:HeartBlessingRed","Mercury Hourglass","Cursed Key","downfall:HeartBlessingGreen","champ:DeflectingBracers","Mummified Hand","Meat on the Bone","The Courier","downfall:HeartBlessingBlue","Guardian:DefensiveModeMoreBlock","Guardian:SackOfGems","Runic Dome","CaptainsWheel","hexamod:Sixitude","Gambling Chip","Strange Spoon","Guardian:PocketSentry","Blood Vial","Akabeko"],"acts_visited":["Exordium","TheCity","TheBeyond","TheEnding"],"potions_floor_usage":[16,21,31,33,33,44,52,56,56],"damage_taken":[{"damage":0,"enemies":"2 Louse","floor":2,"turns":2},{"damage":6,"enemies":"Jaw Worm","floor":4,"turns":3},{"damage":0,"enemies":"Cultist","floor":8,"turns":1},{"damage":4,"enemies":"2 Fungi Beasts","floor":9,"turns":2},{"damage":3,"enemies":"Gremlin Gang","floor":11,"turns":4},{"damage":9,"enemies":"Exordium Thugs","floor":12,"turns":5},{"damage":10,"enemies":"downfall:FleeingMerchant","floor":13,"turns":4},{"damage":10,"enemies":"Blue Slaver","floor":14,"turns":4},{"damage":10,"enemies":"Large Slime","floor":15,"turns":5},{"damage":3,"enemies":"WA_ARCHETYPE_RETAIN","floor":16,"turns":5},{"damage":1,"enemies":"3 Byrds","floor":19,"turns":3},{"damage":5,"enemies":"Centurion and Healer","floor":20,"turns":5},{"damage":9,"enemies":"Snake Plant","floor":21,"turns":5},{"damage":8,"enemies":"Colosseum Nobs","floor":22,"turns":5},{"damage":3,"enemies":"Snecko","floor":23,"turns":3},{"damage":15,"enemies":"Book of Stabbing","floor":25,"turns":3},{"damage":0,"enemies":"3 Cultists","floor":27,"turns":4},{"damage":0,"enemies":"Cultist and Chosen","floor":28,"turns":4},{"damage":4,"enemies":"Centurion and Healer","floor":29,"turns":6},{"damage":5,"enemies":"Gremlin Leader","floor":30,"turns":5},{"damage":4,"enemies":"downfall:FleeingMerchant","floor":31,"turns":4},{"damage":0,"enemies":"Snecko","floor":32,"turns":3},{"damage":17,"enemies":"SI_MIRROR_ARCHETYPE","floor":33,"turns":6},{"damage":10,"enemies":"3 Darklings","floor":36,"turns":4},{"damage":31,"enemies":"2 Orb Walkers","floor":37,"turns":5},{"damage":0,"enemies":"3 Shapes","floor":39,"turns":3},{"damage":0,"enemies":"Spire Growth","floor":40,"turns":5},{"damage":27,"enemies":"3 Darklings","floor":42,"turns":3},{"damage":18,"enemies":"Jaw Worm Horde","floor":44,"turns":3},{"damage":21,"enemies":"Maw","floor":46,"turns":5},{"damage":0,"enemies":"Giant Head","floor":47,"turns":7},{"damage":1,"enemies":"downfall:FleeingMerchant","floor":48,"turns":4},{"damage":0,"enemies":"4 Shapes","floor":49,"turns":3},{"damage":6,"enemies":"IC_BLOCK_ARCHETYPE","floor":50,"turns":7},{"damage":0,"enemies":"downfall:CharBossMerchant","floor":52,"turns":7},{"damage":2,"enemies":"downfall:NeowBoss","floor":55,"turns":8},{"damage":0,"enemies":"downfall:NeowBossFinal","floor":56,"turns":8}],"seed_played":"-4498023966990507556","potions_obtained":[{"floor":4,"key":"Weak Potion"},{"floor":11,"key":"DuplicationPotion"},{"floor":14,"key":"Regen Potion"},{"floor":16,"key":"SpeedPotion"},{"floor":19,"key":"EntropicBrew"},{"floor":20,"key":"Guardian:AcceleratePotion"},{"floor":23,"key":"AttackPotion"},{"floor":30,"key":"PowerPotion"},{"floor":37,"key":"LiquidMemories"},{"floor":44,"key":"Swift Potion"},{"floor":47,"key":"FairyPotion"},{"floor":49,"key":"PowerPotion"},{"floor":52,"key":"SneckoOil"}],"is_trial":false,"path_per_floor":["R","M","?","M","?","R","T","M","M","?","M","M","$","M","M","B",null,"R","M","M","M","?","M","T","E","R","M","M","M","E","$","M","B",null,"R","M","?","?","M","M","T","M","R","M","R","M","E","$","M","B",null,"E","$","R","B","B",null],"character_chosen":"GUARDIAN","items_purchased":["Guardian:SentryBeam","Guardian:SackOfGems","Guardian:Repulse","Guardian:BronzeOrb","Strange Spoon","Guardian:PocketSentry","Blood Vial","Guardian:ChargeUp","SpeedPotion"],"campfire_rested":1,"item_purchase_floors":[13,31,48,48,48,48,48,53,53],"current_hp_per_floor":[80,80,80,74,74,74,74,74,70,70,67,58,48,38,28,37,80,80,79,74,65,57,54,54,51,61,61,61,57,52,48,48,43,90,90,80,49,79,79,79,79,52,52,46,69,48,48,47,49,45,79,79,79,79,77,79],"gold":0,"neow_bonus":"RANDOM_COMMON_RELIC","is_daily":false,"chose_seed":false,"campfire_upgraded":7,"win_rate":0.0,"timestamp":1612960907,"path_taken":["R","M","?","M","?","R","T","M","?","?","M","?","?","M","M","BOSS","R","M","M","M","?","M","T","E","R","M","M","M","E","$","M","BOSS","R","M","?","?","M","M","T","M","R","M","R","?","E","$","M","BOSS","E","$","R","BOSS","BOSS"],"items_purchased_type":["Card","Relic","Card","Card","Relic","Relic","Relic","Card","Potion"],"build_version":"2020-12-22","purchased_purges":3,"victory":true,"max_hp_per_floor":[80,80,80,80,80,80,80,80,80,80,80,80,80,80,80,80,80,80,80,80,80,80,80,80,80,90,90,90,90,90,90,90,90,90,90,90,90,79,79,79,79,79,79,79,79,79,79,79,79,79,79,79,79,79,79,79],"card_choices":[{"not_picked":["Guardian:WalkerClaw","Guardian:Gem_Red"],"picked":"Guardian:ChargeCore","floor":2},{"not_picked":["Guardian:Planning","Guardian:ChargeCore"],"picked":"Guardian:Gem_Cyan","floor":4},{"not_picked":["Guardian:GuardianWhirl","Guardian:BaubleBeam"],"picked":"Guardian:FloatingOrbs","floor":8},{"not_picked":["Guardian:Gem_Lightblue","Guardian:PiercingHide"],"picked":"Guardian:Orbwalk","floor":9},{"not_picked":["Guardian:VentSteam","Guardian:PrismaticBeam"],"picked":"Guardian:Gem_Green","floor":11},{"not_picked":["Guardian:BronzeArmor","Guardian:MultiBeam"],"picked":"Guardian:DonusPower","floor":12},{"not_picked":["Guardian:StasisStrike","Guardian:WalkerClaw"],"picked":"Guardian:TemporalShield","floor":13},{"not_picked":["Guardian:RollAttack","Guardian:Gem_Fragmented"],"picked":"Guardian:Planning","floor":14},{"not_picked":["Guardian:DecasProtection","Guardian:TimeCapacitor"],"picked":"Guardian:PrimingBeam","floor":15},{"not_picked":["Guardian:CompilePackage","Guardian:FierceBash"],"picked":"Guardian:TimeSifter","floor":16},{"not_picked":["Guardian:ShieldCharger","Guardian:TemporalStrike"],"picked":"Guardian:Gem_Blue","floor":19},{"not_picked":["Guardian:ShieldCharger","Guardian:Gem_Red","Guardian:ChargeCore"],"picked":"SKIP","floor":20},{"not_picked":["Guardian:Gem_Green","Guardian:Reroute"],"picked":"Guardian:ShieldSpikes+1","floor":21},{"not_picked":["Guardian:RefractedBeam+1","Guardian:ShieldCharger"],"picked":"Guardian:FloatingOrbs","floor":22},{"not_picked":["Guardian:Planning","Guardian:TimeBomb"],"picked":"Guardian:Recover+1","floor":23},{"not_picked":["Guardian:Harden","Guardian:TimeBomb"],"picked":"Guardian:Gem_Synthetic","floor":25},{"not_picked":["Guardian:Gem_Cyan","Guardian:Planning"],"picked":"Guardian:ShieldCharger+1","floor":27},{"not_picked":["Guardian:ChargeUp","Guardian:CrystalBeam+1"],"picked":"Guardian:Suspension","floor":28},{"not_picked":["Guardian:PrismaticBarrier","Guardian:MultiBeam"],"picked":"Guardian:WalkerClaw+1","floor":29},{"not_picked":["Guardian:PolyBeam","Guardian:Planning"],"picked":"Guardian:Gem_Yellow","floor":30},{"not_picked":["Guardian:RefractedBeam+1","Guardian:Gem_Lightblue","Guardian:RollAttack"],"picked":"SKIP","floor":31},{"not_picked":["Guardian:DonusPower","Guardian:GuardianWhirl"],"picked":"Guardian:BronzeArmor+1","floor":32},{"not_picked":["Guardian:StasisField","Guardian:FastForward"],"picked":"Guardian:ExploitGems","floor":33},{"not_picked":["Guardian:SentryBeam","Guardian:Gem_Lightblue","Guardian:ChargeCore"],"picked":"SKIP","floor":36},{"not_picked":["Guardian:WalkerClaw+1","Guardian:Recover+1"],"picked":"Guardian:Preprogram","floor":37},{"not_picked":["Guardian:TemporalShield","Guardian:Gem_Cyan"],"picked":"Guardian:Incinerate","floor":39},{"not_picked":["Guardian:TemporalShield","Guardian:CrystalBeam"],"picked":"Guardian:Gem_White","floor":40},{"not_picked":["Guardian:PolyBeam","Guardian:Preprogram+1"],"picked":"Guardian:Recover+1","floor":42},{"not_picked":["Guardian:PiercingHide+1","Guardian:RefractedBeam+1"],"picked":"Guardian:EvasiveProtocol+1","floor":44},{"not_picked":["Guardian:ChargeCore+1","Guardian:Gem_Cyan"],"picked":"Guardian:Gem_Green","floor":46},{"not_picked":["Guardian:Planning","Guardian:Recover+1"],"picked":"Guardian:StasisEngine","floor":47},{"not_picked":["Guardian:ShieldCharger","Guardian:PiercingHide","Guardian:Incinerate"],"picked":"SKIP","floor":48},{"not_picked":["Guardian:ShieldCharger+1","Guardian:Gem_Purple"],"picked":"Guardian:Recover+1","floor":49},{"not_picked":["Guardian:Gem_White","Guardian:Gem_Crimson"],"picked":"Guardian:PolyBeam+1","floor":52}],"player_experience":947383,"relics_obtained":[{"floor":7,"key":"Mercury Hourglass"},{"floor":22,"key":"champ:DeflectingBracers"},{"floor":22,"key":"Mummified Hand"},{"floor":24,"key":"Meat on the Bone"},{"floor":25,"key":"The Courier"},{"floor":30,"key":"Guardian:DefensiveModeMoreBlock"},{"floor":37,"key":"CaptainsWheel"},{"floor":41,"key":"hexamod:Sixitude"},{"floor":47,"key":"Gambling Chip"},{"floor":52,"key":"Akabeko"}],"event_choices":[{"damage_healed":0,"gold_gain":0,"player_choice":"Fight","damage_taken":0,"max_hp_gain":0,"max_hp_loss":0,"event_name":"Mysterious Sphere","floor":37,"gold_loss":0}],"is_beta":false,"boss_relics":[{"not_picked":["SacredBark","Guardian:StasisSlotReductionRelic"],"picked":"Cursed Key"},{"not_picked":["Astrolabe","Fusion Hammer"],"picked":"Runic Dome"}],"items_purged_floors":[13,31,48],"is_endless":false,"potions_floor_spawned":[4,11,14,15,16,19,20,23,27,30,37,39,44,47,49,52],"ascension_level":0}}