{"host":"v543qxxvvceaeui9","time":1612955189,"event":{"mods":["BaseMod","BetterRewards","Downfall","Hermit","Hubris","Infinite Spire","Marisa????????","Minty Spire (QoL Compilation)","Quick Restart","Replay The Spire","StSLib"],"gold_per_floor":[0,13,13,23,36,47,47,122,132,167,167,201,201,232,247,349,349,349,359,359,373,441,441,441,467,479,479,496,496,136,136,155,250,250,250,263,263,281,300,300,300,300,316,316,330,97,97,130,145,145],"floor_reached":51,"language":"ENG","playtime":3414,"items_purged":["Slimebound:Strike_Slimebound","Slimebound:Strike_Slimebound","Slimebound:Defend_Slimebound"],"score":794,"play_id":"e6aae5b1-5347-417b-b19f-2da4902aea64","local_time":"20210210060629","is_ascension_mode":false,"campfire_choices":[{"data":"Slimebound:Split","floor":1,"key":"SMITH"},{"data":"Slimebound:CorrosiveSpit","floor":13,"key":"SMITH"},{"data":"Slimebound:RainOfGoop","floor":18,"key":"SMITH"},{"data":"Slimebound:Defend_Slimebound","floor":23,"key":"PURGE"},{"data":"Slimebound:LeechEnergy","floor":29,"key":"SMITH"},{"data":"Pain","floor":40,"key":"PURGE"},{"data":"Slimebound:SlimeSlap","floor":44,"key":"SMITH"},{"data":"Slimebound:Schlurp","floor":47,"key":"SMITH"}],"circlet_count":0,"master_deck":["Slimebound:Tackle","Slimebound:Split+1","Slimebound:CorrosiveSpit+1","Slimebound:HauntingLick","Slimebound:ViciousTackle","Slimebound:RainOfGoop+1","Slimebound:LeechEnergy+1","Slimebound:Prepare","Slimebound:Prepare","Slimebound:LeechLife","CurseOfTheBell","Slimebound:SplitBruiser+1","Slimebound:TongueLash","Slimebound:Schlurp+1","Slimebound:SamplingLick","Slimebound:LeechLife","Slimebound:MegaLick","Slimebound:SplitBruiser","Slimebound:SlimeSlap+1","Slimebound:LeechingTouch+1","Slimebound:HauntingLick","Slimebound:Prepare+1","Slimebound:Repurpose+1","Slimebound:SplitLeeching+1","Slimebound:LeechingTouch","Slimebound:LeechingTouch","Slimebound:ServeAndProtect","Slimebound:TongueLash+1","Slimebound:LevelUp+1"],"relics":["Slimebound:AbsorbEndCombat","hubris:Towel","Letter Opener","Gremlin Horn","Smiling Mask","infinitespire:Joker Card","Regal Pillow","Onion Ring","Peace Pipe","Happy Flower","Shuriken","Mercury Hourglass","Replay:Ringing Soul","Nloth\u0027s Gift","Slimebound:AggressiveSlimeRelic","DollysMirror","hubris:ScarierMask","infinitespire:CheckeredPen","Anchor","Replay:Bottled Flurry","Mango"],"acts_visited":["Exordium","TheCity","TheBeyond"],"potions_floor_usage":[12,16,25],"damage_taken":[{"damage":3,"enemies":"Jaw Worm","floor":2,"turns":5},{"damage":5,"enemies":"2 Louse","floor":4,"turns":2},{"damage":0,"enemies":"Small Slimes","floor":5,"turns":3},{"damage":9,"enemies":"Red Slaver","floor":6,"turns":3},{"damage":10,"enemies":"2 Fungi Beasts","floor":9,"turns":3},{"damage":18,"enemies":"Lagavulin","floor":10,"turns":5},{"damage":11,"enemies":"Gremlin Nob","floor":12,"turns":3},{"damage":5,"enemies":"Lagavulin","floor":14,"turns":5},{"damage":3,"enemies":"Gremlin Gang","floor":15,"turns":2},{"damage":11,"enemies":"IC_STATUS_ARCHETYPE","floor":16,"turns":3},{"damage":11,"enemies":"3 Byrds","floor":19,"turns":4},{"damage":31,"enemies":"Chosen","floor":21,"turns":6},{"damage":31,"enemies":"Gremlin Leader","floor":25,"turns":6},{"damage":5,"enemies":"Centurion and Healer","floor":26,"turns":4},{"damage":9,"enemies":"Shelled Parasite and Fungi","floor":28,"turns":2},{"damage":7,"enemies":"downfall:FleeingMerchant","floor":30,"turns":4},{"damage":5,"enemies":"Cultist and Chosen","floor":32,"turns":4},{"damage":33,"enemies":"WA_ARCHETYPE_CALM","floor":33,"turns":7},{"damage":10,"enemies":"3 Darklings","floor":36,"turns":2},{"damage":0,"enemies":"Orb Walker","floor":38,"turns":1},{"damage":10,"enemies":"4 Shapes","floor":39,"turns":3},{"damage":31,"enemies":"Maw","floor":43,"turns":5},{"damage":8,"enemies":"3 Darklings","floor":45,"turns":3},{"damage":0,"enemies":"downfall:FleeingMerchant","floor":46,"turns":3},{"damage":2,"enemies":"Nightmare","floor":48,"turns":5},{"damage":0,"enemies":"Transient","floor":49,"turns":5},{"damage":123,"enemies":"SI_POISON_ARCHETYPE","floor":50,"turns":8}],"seed_played":"1477740185926457693","potions_obtained":[{"floor":2,"key":"BlessingOfTheForge"},{"floor":5,"key":"Toxic Potion"},{"floor":14,"key":"Explosive Potion"},{"floor":15,"key":"Doom Potion"},{"floor":16,"key":"BlessingOfTheForge"},{"floor":25,"key":"FearPotion"},{"floor":26,"key":"FairyPotion"},{"floor":33,"key":"Ancient Potion"},{"floor":39,"key":"FairyPotion"},{"floor":43,"key":"EntropicBrew"}],"is_trial":false,"path_per_floor":["R","M","?","M","M","M","T","?","M","E","?","E","R","E","M","B",null,"R","M","AVR","M","T","R","T","E","M","?","M","R","$","?","M","B",null,"R","M","?","M","M","R","T","?","M","R","M","$","R","NM","M","B",null],"character_chosen":"SLIMEBOUND","items_purchased":["Slimebound:AggressiveSlimeRelic","DollysMirror","Slimebound:LeechingTouch","Slimebound:ServeAndProtect","Anchor","Replay:Bottled Flurry"],"campfire_rested":0,"item_purchase_floors":[30,30,46,46,46,46],"current_hp_per_floor":[77,77,77,74,76,69,69,69,63,53,87,78,78,75,78,71,87,87,78,78,87,87,87,87,62,90,90,88,88,92,95,102,75,105,105,108,111,114,113,113,113,113,90,90,87,96,96,119,136,67],"gold":145,"neow_bonus":"TWENTY_PERCENT_HP_BONUS","is_daily":false,"chose_seed":false,"campfire_upgraded":6,"win_rate":0.0,"timestamp":1612955189,"path_taken":["R","M","?","M","M","M","T","?","M","E","?","E","R","E","M","BOSS","R","M","AVR","?","?","R","T","E","M","?","?","R","$","?","M","BOSS","R","M","?","M","?","R","T","?","M","R","M","$","R","NM","M","BOSS"],"items_purchased_type":["Relic","Relic","Card","Card","Relic","Relic"],"build_version":"2020-12-22","purchased_purges":3,"victory":true,"max_hp_per_floor":[77,77,77,77,77,77,77,77,77,77,87,87,87,87,87,87,87,87,87,87,87,87,87,87,90,90,90,93,93,96,99,102,105,105,105,108,111,114,117,117,117,117,117,117,120,123,123,140,143,143],"card_choices":[{"not_picked":["Slimebound:PressTheAttack","Slimebound:ItLooksTasty"],"picked":"Slimebound:HauntingLick","floor":2},{"not_picked":["Slimebound:LivingWall","Slimebound:Prepare"],"picked":"Slimebound:ViciousTackle","floor":4},{"not_picked":["Slimebound:ItLooksTasty","Slimebound:TongueLash"],"picked":"Slimebound:RainOfGoop","floor":5},{"not_picked":["Slimebound:BestDefense","Slimebound:AcidTongue"],"picked":"Slimebound:HauntingLick","floor":6},{"not_picked":["Slimebound:Schlurp","Slimebound:PressTheAttack"],"picked":"Slimebound:LeechEnergy","floor":9},{"not_picked":["Slimebound:SplitBruiser","Slimebound:SlimeSpikes"],"picked":"Slimebound:MinionMaster","floor":10},{"not_picked":["Slimebound:SplitLeeching","Slimebound:Nibble"],"picked":"Slimebound:Prepare","floor":12},{"not_picked":["Slimebound:FlameTackle","Slimebound:FormOfPuddle","Slimebound:FinishingTackle"],"picked":"SKIP","floor":14},{"not_picked":["Slimebound:ProtectTheBoss","Slimebound:LivingWall"],"picked":"Slimebound:Prepare","floor":15},{"not_picked":["Slimebound:Overexert","Slimebound:MinionMaster"],"picked":"Slimebound:LeechLife","floor":16},{"not_picked":["Slimebound:Nibble","Slimebound:BestDefense","Slimebound:FinishingTackle"],"picked":"SKIP","floor":19},{"not_picked":["Slimebound:SamplingLick","Slimebound:TongueLash+1"],"picked":"Slimebound:SplitBruiser+1","floor":21},{"not_picked":["Slimebound:HauntingLick","Slimebound:RollThrough+1"],"picked":"Slimebound:TongueLash","floor":25},{"not_picked":["Slimebound:SlimeSpikes","Slimebound:LeechEnergy","Slimebound:FinishingTackle"],"picked":"SKIP","floor":26},{"not_picked":["Slimebound:SlimeBrawl","Slimebound:FlameTackle"],"picked":"Slimebound:Schlurp","floor":28},{"not_picked":["Slimebound:RollThrough","Slimebound:Equalize+1"],"picked":"Slimebound:SamplingLick","floor":30},{"not_picked":["Slimebound:RollThrough","Slimebound:GoopTackle"],"picked":"Slimebound:SplitBruiser","floor":32},{"not_picked":["Slimebound:MassFeed","Slimebound:OozeBath"],"picked":"Slimebound:SlimeSlap","floor":33},{"not_picked":["Slimebound:GoopSpray+1","Slimebound:HauntingLick+1"],"picked":"Slimebound:LeechingTouch+1","floor":36},{"not_picked":["Slimebound:SplitLeeching","Slimebound:PressTheAttack+1"],"picked":"Slimebound:HauntingLick","floor":38},{"not_picked":["Slimebound:MegaLick","Slimebound:FormOfPuddle"],"picked":"Slimebound:Prepare+1","floor":39},{"not_picked":["Slimebound:ViciousTackle","Slimebound:RollThrough+1","Slimebound:BestDefense+1"],"picked":"SKIP","floor":43},{"not_picked":["Slimebound:Equalize+1","Slimebound:SamplingLick+1"],"picked":"Slimebound:Repurpose+1","floor":45},{"not_picked":["Slimebound:RollThrough+1","Slimebound:ItLooksTasty"],"picked":"Slimebound:SplitLeeching+1","floor":46},{"not_picked":["Slimebound:GoopTackle","Slimebound:FormOfPuddle"],"picked":"Slimebound:TongueLash+1","floor":48},{"not_picked":["Slimebound:FinishingTackle+1","Slimebound:ViciousTackle"],"picked":"Slimebound:LevelUp+1","floor":49}],"player_experience":308514,"relics_obtained":[{"floor":7,"key":"Letter Opener"},{"floor":10,"key":"Gremlin Horn"},{"floor":12,"key":"Smiling Mask"},{"floor":14,"key":"infinitespire:Joker Card"},{"floor":17,"key":"Regal Pillow"},{"floor":17,"key":"Onion Ring"},{"floor":17,"key":"Peace Pipe"},{"floor":22,"key":"Shuriken"},{"floor":24,"key":"Mercury Hourglass"},{"floor":25,"key":"Replay:Ringing Soul"},{"floor":41,"key":"infinitespire:CheckeredPen"},{"floor":48,"key":"Mango"}],"event_choices":[{"cards_removed":["Slimebound:MinionMaster"],"damage_healed":24,"gold_gain":0,"player_choice":"Offered Rare","damage_taken":0,"max_hp_gain":10,"max_hp_loss":0,"event_name":"Bonfire Elementals","floor":11,"gold_loss":0},{"cards_removed":["Slimebound:HauntingLick"],"damage_healed":0,"gold_gain":0,"player_choice":"Removed Skill","damage_taken":0,"max_hp_gain":0,"max_hp_loss":0,"event_name":"Falling","floor":42,"gold_loss":0}],"is_beta":false,"boss_relics":[{"not_picked":["ReplayTheSpireMod:SealedPack","Replay:Drink Me"],"picked":"Calling Bell"},{"not_picked":["hubris:Stopwatch","Tiny House"],"picked":"hubris:ScarierMask"}],"items_purged_floors":[20,30,46],"is_endless":false,"potions_floor_spawned":[2,5,14,15,16,25,26,33,39,43,48,49],"ascension_level":0}}