{"host":"3fd6e6c5cltq175f","time":1612979203,"event":{"mods":["AchievementEnabler","BaseMod","Colored Map","Colored Powertips","DeckTracker","Minty Spire (QoL Compilation)"],"gold_per_floor":[119,133,5,5,24,59,72,72,72,103,118,118,118],"floor_reached":12,"language":"ENG","playtime":471,"items_purged":["Strike_R"],"score":117,"play_id":"c9a97854-8882-4fe5-8b95-cf5a02b592b9","local_time":"20210210184643","is_ascension_mode":true,"campfire_choices":[{"data":"Barricade","floor":8,"key":"SMITH"}],"circlet_count":0,"master_deck":["Strike_R","Strike_R","Strike_R","Strike_R","Defend_R","Defend_R","Defend_R","Defend_R","Bash","Limit Break","Shrug It Off","Battle Trance","Flex","Barricade+1","Cleave","Armaments"],"relics":["Burning Blood","Peace Pipe","Girya","Prayer Wheel"],"acts_visited":["Exordium"],"potions_floor_usage":[6,6,10,11,12],"damage_taken":[{"damage":9,"enemies":"2 Louse","floor":1,"turns":3},{"damage":0,"enemies":"Cultist","floor":2,"turns":4},{"damage":0,"enemies":"Jaw Worm","floor":5,"turns":3},{"damage":25,"enemies":"Gremlin Nob","floor":6,"turns":4},{"damage":7,"enemies":"3 Louse","floor":7,"turns":3},{"damage":41,"enemies":"3 Sentries","floor":10,"turns":14},{"damage":23,"enemies":"Exordium Thugs","floor":11,"turns":4},{"damage":80,"enemies":"Gremlin Nob","floor":12,"turns":6}],"seed_played":"-2825208793198109109","potions_obtained":[{"floor":2,"key":"DistilledChaos"},{"floor":4,"key":"CultistPotion"},{"floor":4,"key":"FairyPotion"},{"floor":5,"key":"HeartOfIron"},{"floor":6,"key":"Weak Potion"},{"floor":7,"key":"Regen Potion"},{"floor":10,"key":"Explosive Potion"}],"is_trial":false,"path_per_floor":["M","M","$","?","M","E","M","R","T","E","M","E"],"character_chosen":"IRONCLAD","items_purchased":["Flex"],"campfire_rested":0,"item_purchase_floors":[3],"current_hp_per_floor":[69,75,75,75,80,61,60,60,60,40,23,0,0],"gold":118,"neow_bonus":"ONE_RANDOM_RARE_CARD","is_daily":false,"chose_seed":false,"campfire_upgraded":1,"win_rate":0.0,"timestamp":1612979203,"path_taken":["M","M","$","?","?","E","M","R","T","E","M","E"],"items_purchased_type":["Card"],"build_version":"2020-12-22","purchased_purges":1,"victory":false,"max_hp_per_floor":[80,80,80,80,80,80,80,80,80,80,80,80,80],"card_choices":[{"not_picked":["Warcry","Twin Strike"],"picked":"Shrug It Off","floor":1},{"not_picked":["Body Slam","Blood for Blood"],"picked":"Battle Trance","floor":2},{"not_picked":["Hemokinesis","Clash"],"picked":"Barricade","floor":5},{"not_picked":["Dark Embrace","Wild Strike","Iron Wave"],"picked":"SKIP","floor":6},{"not_picked":["Perfected Strike","Barricade","Wild Strike"],"picked":"SKIP","floor":7},{"not_picked":["Wild Strike","Hemokinesis","Clothesline"],"picked":"SKIP","floor":10},{"not_picked":["Sentinel","Headbutt"],"picked":"Cleave","floor":11},{"not_picked":["Ghostly Armor","Perfected Strike"],"picked":"Armaments","floor":11}],"player_experience":187676,"relics_obtained":[{"floor":6,"key":"Peace Pipe"},{"floor":9,"key":"Girya"},{"floor":10,"key":"Prayer Wheel"}],"event_choices":[{"damage_healed":0,"gold_gain":0,"player_choice":"Got Potions","damage_taken":0,"max_hp_gain":0,"max_hp_loss":0,"event_name":"Lab","floor":4,"gold_loss":0}],"is_beta":false,"boss_relics":[],"items_purged_floors":[3],"is_endless":false,"potions_floor_spawned":[2,5,6,7,10],"killed_by":"Gremlin Nob","ascension_level":6}}