{"host":"yg1n0qads92lo9wl","time":1612932646,"event":{"mods":["BaseMod","Downfall","Luminous","Minty Spire (QoL Compilation)","StSLib","Warlord Emblem"],"gold_per_floor":[99,119,130,141,316,326,326,326,326,326],"floor_reached":8,"language":"ZHS","playtime":195,"items_purged":[],"score":58,"play_id":"1de7963a-d26c-4fa9-9ef4-6226cf0b2d49","local_time":"20210210125045","is_ascension_mode":true,"campfire_choices":[{"data":"Slimebound:Split","floor":1,"key":"SMITH"}],"circlet_count":0,"master_deck":["Slimebound:Strike_Slimebound","Slimebound:Strike_Slimebound","Slimebound:Strike_Slimebound+1","Slimebound:Tackle+1","Slimebound:Defend_Slimebound","Slimebound:Defend_Slimebound","Slimebound:Defend_Slimebound","Slimebound:Defend_Slimebound","Slimebound:Split+1","Slimebound:CorrosiveSpit","Slimebound:SlimeSpikes","Slimebound:PressTheAttack","Slimebound:ViciousTackle","Doubt","Slimebound:FormOfPuddle"],"relics":["Slimebound:AbsorbEndCombat","Whetstone","InkBottle"],"acts_visited":["Exordium"],"potions_floor_usage":[],"damage_taken":[{"damage":9,"enemies":"2 Louse","floor":2,"turns":3},{"damage":13,"enemies":"Small Slimes","floor":3,"turns":3},{"damage":7,"enemies":"Jaw Worm","floor":4,"turns":3},{"damage":30,"enemies":"2 Fungi Beasts","floor":6,"turns":4},{"damage":21,"enemies":"3 Sentries","floor":8,"turns":2}],"seed_played":"-1277449374907528992","potions_obtained":[{"floor":6,"key":"DuplicationPotion"}],"is_trial":false,"path_per_floor":["R","M","M","M","?","M","T","E"],"character_chosen":"SLIMEBOUND","items_purchased":[],"campfire_rested":0,"item_purchase_floors":[],"current_hp_per_floor":[65,58,49,46,46,18,18,0,0,0],"gold":326,"neow_bonus":"RANDOM_COMMON_RELIC","is_daily":false,"chose_seed":false,"campfire_upgraded":1,"win_rate":0.0,"timestamp":1612932645,"path_taken":["R","M","M","M","?","M","T","E"],"items_purchased_type":[],"build_version":"2020-12-22","purchased_purges":0,"victory":false,"max_hp_per_floor":[65,65,65,65,65,65,65,65,65,65],"card_choices":[{"not_picked":["Slimebound:Prepare","Slimebound:SplitLeeching"],"picked":"Slimebound:SlimeSpikes","floor":2},{"not_picked":["Slimebound:LeadByExample","Slimebound:Prepare"],"picked":"Slimebound:PressTheAttack","floor":3},{"not_picked":["Slimebound:Replication","Slimebound:Prepare"],"picked":"Slimebound:ViciousTackle","floor":4},{"not_picked":["Slimebound:Equalize","Slimebound:HauntingLick"],"picked":"Slimebound:FormOfPuddle","floor":6}],"player_experience":453476,"relics_obtained":[{"floor":7,"key":"InkBottle"}],"event_choices":[],"is_beta":false,"boss_relics":[],"items_purged_floors":[],"is_endless":false,"potions_floor_spawned":[6],"killed_by":"3 Sentries","ascension_level":4}}