{"host":"nwtxriuk34b069je","time":1612915494,"event":{"mods":["AchievementEnabler","BaseMod","Better Skull","Colored Map","Colored Powertips","Hermit","Minty Spire (QoL Compilation)","Relic Stats","StSLib"],"gold_per_floor":[114,39,39,58,58,91,91,102,102,102,120,14,42,53,53,151,151,162,180,180,180,80,80,111,111,111],"floor_reached":25,"language":"ENG","playtime":712,"items_purged":["Defend_R","Flame Barrier+1"],"score":329,"play_id":"8ad0abe7-545e-4b26-bccc-1eb469dc06a1","local_time":"20210209180454","is_ascension_mode":false,"campfire_choices":[{"floor":7,"key":"REST"},{"floor":10,"key":"REST"},{"floor":15,"key":"REST"},{"data":"Searing Blow+1","floor":23,"key":"SMITH"}],"circlet_count":0,"master_deck":["Strike_R+1","Strike_R","Strike_R+1","Strike_R","Bash","Anger","Fiend Fire+1","Flex","Cleave+1","Flex","Double Tap+1","Searing Blow+2","Metallicize+1","Pummel+1","Pummel+1"],"relics":["Unceasing Top","Molten Egg 2","Toy Ornithopter","Bottled Lightning","Astrolabe","Whetstone"],"acts_visited":["Exordium","TheCity"],"potions_floor_usage":[13,16,19,24,24],"damage_taken":[{"damage":13,"enemies":"Jaw Worm","floor":1,"turns":3},{"damage":0,"enemies":"2 Louse","floor":4,"turns":2},{"damage":44,"enemies":"3 Sentries","floor":6,"turns":8},{"damage":0,"enemies":"Cultist","floor":8,"turns":2},{"damage":17,"enemies":"Gremlin Gang","floor":11,"turns":3},{"damage":18,"enemies":"Lagavulin","floor":13,"turns":4},{"damage":8,"enemies":"Red Slaver","floor":14,"turns":2},{"damage":46,"enemies":"Hexaghost","floor":16,"turns":5},{"damage":17,"enemies":"3 Byrds","floor":18,"turns":5},{"damage":0,"enemies":"Spheric Guardian","floor":19,"turns":2},{"damage":45,"enemies":"Slavers","floor":24,"turns":4},{"damage":36,"enemies":"Centurion and Healer","floor":25,"turns":4}],"seed_played":"-8349170461123414785","potions_obtained":[{"floor":4,"key":"Strength Potion"},{"floor":6,"key":"Fire Potion"},{"floor":11,"key":"ColorlessPotion"},{"floor":16,"key":"Strength Potion"},{"floor":19,"key":"SkillPotion"}],"is_trial":true,"path_per_floor":["M","$","?","M","?","E","R","M","T","R","M","$","E","M","R","B",null,"M","M","?","?","$","R","E","M"],"character_chosen":"IRONCLAD","items_purchased":["Flex","Cleave+1"],"campfire_rested":3,"item_purchase_floors":[12,12],"current_hp_per_floor":[67,67,60,60,60,16,40,40,40,64,47,47,34,26,50,9,80,63,68,68,68,68,68,33,0,0],"gold":111,"neow_bonus":"","is_daily":false,"chose_seed":false,"campfire_upgraded":1,"win_rate":0.0,"timestamp":1612915494,"path_taken":["M","$","?","M","?","E","R","?","T","R","?","?","E","M","R","BOSS","M","M","?","?","$","R","E","M"],"items_purchased_type":["Card","Card"],"build_version":"2020-12-22","purchased_purges":2,"victory":false,"max_hp_per_floor":[80,80,80,80,80,80,80,80,80,80,80,80,80,80,80,80,80,80,80,80,80,80,80,80,80,80],"relic_stats":{"counters":[12,44],"Astrolabe":["Flame Barrier","Searing Blow","Metallicize"],"Whetstone":["Strike_R","Strike_R"],"obtain_stats":[{"Astrolabe":17,"Molten Egg 2":6,"Bottled Lightning":13,"Whetstone":24,"Unceasing Top":0,"Toy Ornithopter":9},{"Astrolabe":8,"Molten Egg 2":3,"Bottled Lightning":6,"Whetstone":11,"Unceasing Top":0,"Toy Ornithopter":4},{"Astrolabe":29,"Molten Egg 2":13,"Bottled Lightning":22,"Whetstone":40,"Unceasing Top":0,"Toy Ornithopter":15}],"Unceasing Top":[14],"Toy Ornithopter":25},"card_choices":[{"not_picked":["Armaments","Sentinel","Blood for Blood"],"picked":"SKIP","floor":1},{"not_picked":["Clothesline","Perfected Strike"],"picked":"Anger","floor":4},{"not_picked":["Shrug It Off","Power Through"],"picked":"Fiend Fire+1","floor":6},{"not_picked":["Dual Wield","Entrench","Warcry"],"picked":"SKIP","floor":8},{"not_picked":["Metallicize","Hemokinesis+1","Shrug It Off"],"picked":"SKIP","floor":11},{"not_picked":["Second Wind","Headbutt+1","Twin Strike+1"],"picked":"SKIP","floor":13},{"not_picked":["True Grit","Armaments"],"picked":"Flex","floor":14},{"not_picked":["Barricade","Berserk"],"picked":"Double Tap","floor":16},{"not_picked":["Wild Strike+1","Headbutt+1"],"picked":"Pummel+1","floor":18},{"not_picked":["Pommel Strike+1","Feel No Pain+1","Shrug It Off"],"picked":"SKIP","floor":19},{"not_picked":["Pommel Strike+1","Twin Strike+1"],"picked":"Pummel+1","floor":24}],"player_experience":534273,"relics_obtained":[{"floor":6,"key":"Molten Egg 2"},{"floor":9,"key":"Toy Ornithopter"},{"floor":13,"key":"Bottled Lightning"},{"floor":24,"key":"Whetstone"}],"event_choices":[{"cards_removed":["Defend_R"],"damage_healed":0,"gold_gain":0,"player_choice":"Card Removal","damage_taken":7,"max_hp_gain":0,"max_hp_loss":0,"event_name":"Golden Wing","floor":3,"gold_loss":0},{"damage_healed":0,"gold_gain":0,"player_choice":"0 cards matched","damage_taken":0,"max_hp_gain":0,"max_hp_loss":0,"event_name":"Match and Keep!","floor":5,"gold_loss":0,"cards_obtained":[]},{"damage_healed":0,"gold_gain":0,"player_choice":"Forge","damage_taken":0,"max_hp_gain":0,"max_hp_loss":0,"event_name":"Accursed Blacksmith","floor":21,"gold_loss":0,"cards_upgraded":["Double Tap"]}],"is_beta":false,"boss_relics":[{"not_picked":["Black Star","Fusion Hammer"],"picked":"Astrolabe"}],"items_purged_floors":[2,22],"is_endless":true,"potions_floor_spawned":[4,6,11,16,19],"killed_by":"Centurion and Healer","ascension_level":0}}