{"host":"5p9hybygolzp0efr","time":1612924252,"event":{"mods":["AchievementEnabler","BaseMod","Bestiary","Colored Map","Minty Spire (QoL Compilation)","Permanent Neow","Relic Stats","StSLib"],"gold_per_floor":[113,128,108,123,137,137,157,174,174,200,216,236,264,278,278,378,378,388,413,413,424,443,477,477,496,496,496,516,535,535,546,546,546,546],"floor_reached":33,"language":"ENG","playtime":1993,"items_purged":[],"score":445,"play_id":"0b64627b-cd3c-4b44-b687-a3c2117a19a6","local_time":"20210210103052","is_ascension_mode":true,"campfire_choices":[{"data":"Eruption","floor":6.0,"key":"SMITH"},{"data":"Ragnarok","floor":15.0,"key":"SMITH"},{"floor":24,"key":"REST"},{"floor":32,"key":"REST"}],"circlet_count":0,"master_deck":["AscendersBane","Strike_P","Strike_P","Defend_P","Defend_P","Defend_P","Eruption+1","Vigilance","Ragnarok+1","Tantrum","ThirdEye","BowlingBash","EmptyMind","FlurryOfBlows","FlurryOfBlows","WheelKick","Consecrate","JustLucky","SpiritShield","ConjureBlade+1","Weave+1","Devotion+1","CutThroughFate+1","RitualDagger","EmptyBody+1","Necronomicurse","Halt","Wireheading+1"],"relics":["PureWater","Kunai","Orichalcum","Gremlin Horn","Astrolabe","Red Mask","Singing Bowl","Frozen Egg 2","Necronomicon"],"acts_visited":["Exordium","TheCity"],"potions_floor_usage":[33],"damage_taken":[{"damage":1.0,"enemies":"Small Slimes","floor":1.0,"turns":3.0},{"damage":0.0,"enemies":"Cultist","floor":2.0,"turns":2.0},{"damage":2.0,"enemies":"Jaw Worm","floor":4.0,"turns":3.0},{"damage":0.0,"enemies":"Exordium Wildlife","floor":5.0,"turns":2.0},{"damage":0.0,"enemies":"2 Fungi Beasts","floor":7.0,"turns":1.0},{"damage":0.0,"enemies":"Large Slime","floor":8.0,"turns":3.0},{"damage":22.0,"enemies":"Lagavulin","floor":10.0,"turns":5.0},{"damage":0.0,"enemies":"3 Louse","floor":11.0,"turns":2.0},{"damage":0.0,"enemies":"Looter","floor":12.0,"turns":2.0},{"damage":4.0,"enemies":"3 Sentries","floor":13.0,"turns":6.0},{"damage":3.0,"enemies":"Red Slaver","floor":14.0,"turns":3.0},{"damage":13.0,"enemies":"Hexaghost","floor":16.0,"turns":7.0},{"damage":0.0,"enemies":"3 Byrds","floor":18.0,"turns":3.0},{"damage":48.0,"enemies":"Masked Bandits","floor":19.0,"turns":5.0},{"damage":11.0,"enemies":"Shell Parasite","floor":21.0,"turns":5.0},{"damage":11.0,"enemies":"3 Cultists","floor":22.0,"turns":4.0},{"damage":3,"enemies":"Gremlin Leader","floor":23,"turns":4},{"damage":45,"enemies":"Snecko","floor":25,"turns":7},{"damage":2,"enemies":"Cultist and Chosen","floor":28,"turns":3},{"damage":0,"enemies":"Snake Plant","floor":29,"turns":1},{"damage":8,"enemies":"Sentry and Sphere","floor":31,"turns":4},{"damage":53,"enemies":"Automaton","floor":33,"turns":6}],"seed_played":"-992402261131623870","potions_obtained":[{"floor":1.0,"key":"Energy Potion"},{"floor":3.0,"key":"Weak Potion"},{"floor":19.0,"key":"Explosive Potion"},{"floor":22.0,"key":"CultistPotion"},{"floor":29,"key":"BottledMiracle"}],"is_trial":false,"path_per_floor":["M","M","?","M","M","R","M","M","T","E","M","M","E","M","R","B",null,"M","?","?","M","M","E","R","M","T","?","M","M","?","M","R","B"],"character_chosen":"WATCHER","items_purchased":[],"campfire_rested":2,"item_purchase_floors":[],"current_hp_per_floor":[46,46,46,44,44,44,44,44,44,22,22,22,18,15,15,2,55,55,7,1,22,11,8,29,26,26,10,10,10,10,2,24,0,0],"gold":546,"neow_bonus":"THREE_RARE_CARDS","is_daily":false,"chose_seed":false,"campfire_upgraded":2,"win_rate":0.0,"timestamp":1612924252,"path_taken":["M","M","?","M","M","R","?","M","T","E","M","M","E","M","R","BOSS","M","?","?","M","?","E","R","M","T","?","M","M","?","M","R","BOSS"],"items_purchased_type":[],"build_version":"2020-12-22","purchased_purges":0,"victory":false,"max_hp_per_floor":[72,72,72,72,72,72,72,72,72,72,72,72,72,72,72,72,72,72,72,72,72,72,72,72,74,74,74,76,76,76,76,76,76,76],"relic_stats":{"Gremlin Horn":[14,14],"Singing Bowl":4,"counters":[22,81],"Astrolabe":["ConjureBlade","Weave","Devotion"],"Necronomicon":[4],"Kunai":[46],"Orichalcum":[66],"obtain_stats":[{"Gremlin Horn":13,"Singing Bowl":23,"Astrolabe":17,"Red Mask":19,"Necronomicon":27,"Kunai":9,"PureWater":0,"Orichalcum":10,"Frozen Egg 2":26},{"Gremlin Horn":10,"Singing Bowl":17,"Astrolabe":12,"Red Mask":14,"Necronomicon":18,"Kunai":6,"PureWater":0,"Orichalcum":7,"Frozen Egg 2":18},{"Gremlin Horn":29,"Singing Bowl":60,"Astrolabe":39,"Red Mask":47,"Necronomicon":67,"Kunai":14,"PureWater":0,"Orichalcum":19,"Frozen Egg 2":67}]},"card_choices":[{"not_picked":["ConjureBlade","DevaForm"],"picked":"Ragnarok","floor":0.0},{"not_picked":["WindmillStrike","SashWhip"],"picked":"Tantrum","floor":1.0},{"not_picked":["EmptyFist","WaveOfTheHand"],"picked":"ThirdEye","floor":2.0},{"not_picked":["Crescendo","Collect"],"picked":"BowlingBash","floor":4.0},{"not_picked":["Evaluate","FollowUp"],"picked":"EmptyMind","floor":5.0},{"not_picked":["Nirvana","Halt"],"picked":"FlurryOfBlows","floor":7.0},{"not_picked":["PathToVictory","Evaluate"],"picked":"FlurryOfBlows","floor":8.0},{"not_picked":["Ragnarok","FollowUp"],"picked":"WheelKick","floor":10.0},{"not_picked":["ForeignInfluence","Protect","FlurryOfBlows"],"picked":"SKIP","floor":11.0},{"not_picked":["Vengeance","FollowUp"],"picked":"Consecrate","floor":12.0},{"not_picked":["FlyingSleeves","WheelKick","Weave"],"picked":"SKIP","floor":13.0},{"not_picked":["Fasting2","ReachHeaven"],"picked":"JustLucky","floor":14.0},{"not_picked":["DeusExMachina","Brilliance"],"picked":"SpiritShield","floor":16.0},{"not_picked":["ClearTheMind","Halt"],"picked":"CutThroughFate+1","floor":18.0},{"not_picked":["CrushJoints","Devotion","CutThroughFate"],"picked":"SKIP","floor":21.0},{"not_picked":["SashWhip","FollowUp+1","ThirdEye"],"picked":"SKIP","floor":22.0},{"not_picked":["BattleHymn","ReachHeaven"],"picked":"EmptyBody+1","floor":23},{"not_picked":["Prostrate","FollowUp","Fasting2+1"],"picked":"Singing Bowl","floor":25},{"not_picked":["Consecrate","CutThroughFate+1","InnerPeace"],"picked":"Singing Bowl","floor":28},{"not_picked":["Establishment+1","CutThroughFate+1"],"picked":"Halt","floor":29},{"not_picked":["Evaluate","Swivel+1"],"picked":"Wireheading+1","floor":31}],"player_experience":607506,"relics_obtained":[{"floor":9.0,"key":"Kunai"},{"floor":10.0,"key":"Orichalcum"},{"floor":13.0,"key":"Gremlin Horn"},{"floor":19.0,"key":"Red Mask"},{"floor":23,"key":"Singing Bowl"},{"floor":26,"key":"Frozen Egg 2"},{"floor":27,"key":"Necronomicon"}],"event_choices":[{"damage_healed":0.0,"max_hp_gain":0.0,"max_hp_loss":0.0,"gold_gain":0.0,"event_name":"The Woman in Blue","player_choice":"Bought 1 Potion","floor":3.0,"gold_loss":0.0,"damage_taken":0.0},{"damage_healed":0.0,"max_hp_gain":0.0,"max_hp_loss":0.0,"gold_gain":0.0,"event_name":"Masked Bandits","player_choice":"Fought Bandits","floor":19.0,"gold_loss":0.0,"damage_taken":0.0},{"damage_healed":0.0,"max_hp_gain":0.0,"max_hp_loss":0.0,"gold_gain":0.0,"event_name":"Nest","player_choice":"Joined the Cult","floor":20.0,"gold_loss":0.0,"damage_taken":6.0,"cards_obtained":["RitualDagger"]},{"damage_healed":0,"gold_gain":0,"player_choice":"Obtained Book","damage_taken":16,"max_hp_gain":0,"max_hp_loss":0,"event_name":"Cursed Tome","floor":27,"gold_loss":0},{"damage_healed":0,"gold_gain":0,"player_choice":"Ignored","damage_taken":0,"max_hp_gain":0,"max_hp_loss":0,"event_name":"Vampires","floor":30,"gold_loss":0}],"is_beta":false,"boss_relics":[{"not_picked":["Velvet Choker","Philosopher\u0027s Stone"],"picked":"Astrolabe"}],"items_purged_floors":[],"is_endless":false,"potions_floor_spawned":[1,4,8,11,14,19,22,23,29],"killed_by":"Automaton","ascension_level":11}}