{"host":"aqym1xxr3lb31d9m","time":1612962883,"event":{"mods":["BaseMod","Block Reminder","Colored Map","Colored Powertips","DeckTracker","Highlight Path","Minty Spire (QoL Compilation)","Quick Restart","Random Character Button","StSLib","SuperFastMode","UnlockEverythingMod"],"gold_per_floor":[112,53,128,128,128,160,160,192,192,192,208,208,240,259,259,259,259],"floor_reached":16,"language":"JPN","playtime":422,"items_purged":[],"score":232,"play_id":"54b17c4e-fe73-4432-8372-21930da09dd6","local_time":"20210210221443","is_ascension_mode":true,"campfire_choices":[{"data":"Dagger Spray","floor":7,"key":"SMITH"},{"data":"Blur","floor":10,"key":"SMITH"},{"floor":12,"key":"REST"},{"data":"Neutralize","floor":15,"key":"SMITH"}],"circlet_count":0,"master_deck":["AscendersBane","Strike_G","Strike_G","Strike_G","Strike_G","Defend_G","Defend_G","Defend_G","Defend_G","Defend_G","Survivor","Neutralize+1","Noxious Fumes","Blade Dance+1","Dagger Spray+1","Blur+1","Cloak And Dagger","Wraith Form v2","Acrobatics"],"relics":["WristBlade","Gremlin Horn","Lantern","Snake Skull","Bottled Flame"],"acts_visited":["Exordium"],"potions_floor_usage":[8,16],"damage_taken":[{"damage":7,"enemies":"Small Slimes","floor":1,"turns":4},{"damage":12,"enemies":"Lagavulin","floor":6,"turns":6},{"damage":11,"enemies":"3 Sentries","floor":8,"turns":4},{"damage":0,"enemies":"Jaw Worm","floor":11,"turns":2},{"damage":10,"enemies":"Lagavulin","floor":13,"turns":6},{"damage":2,"enemies":"2 Louse","floor":14,"turns":2},{"damage":19,"enemies":"The Guardian","floor":16,"turns":10}],"seed_played":"4889806816086026612","potions_obtained":[{"floor":1,"key":"Fire Potion"},{"floor":8,"key":"SneckoOil"},{"floor":14,"key":"LiquidBronze"}],"is_trial":false,"path_per_floor":["M","$","?","?","?","E","R","E","T","R","M","R","E","M","R","B"],"character_chosen":"THE_SILENT","items_purchased":["Blade Dance"],"campfire_rested":1,"item_purchase_floors":[2],"current_hp_per_floor":[52,52,41,34,34,22,22,11,11,11,11,30,20,18,18,0,0],"gold":259,"neow_bonus":"BOSS_RELIC","is_daily":false,"chose_seed":false,"campfire_upgraded":3,"win_rate":0.0,"timestamp":1612962883,"path_taken":["M","$","?","?","?","E","R","E","T","R","M","R","E","?","R","BOSS"],"items_purchased_type":["Card"],"build_version":"2020-12-22","purchased_purges":0,"victory":false,"max_hp_per_floor":[66,66,66,66,66,66,66,66,66,66,66,66,66,66,66,66,66],"card_choices":[{"not_picked":["Backflip","PiercingWail"],"picked":"Noxious Fumes","floor":1},{"not_picked":["Bane","Blur"],"picked":"Dagger Spray","floor":6},{"not_picked":["Expertise","Deadly Poison"],"picked":"Blur","floor":8},{"not_picked":["Choke","Dagger Throw"],"picked":"Cloak And Dagger","floor":11},{"not_picked":["PiercingWail","Outmaneuver"],"picked":"Wraith Form v2","floor":13},{"not_picked":["Dodge and Roll","Slice"],"picked":"Acrobatics","floor":14}],"player_experience":4209286,"relics_obtained":[{"floor":6,"key":"Gremlin Horn"},{"floor":8,"key":"Lantern"},{"floor":9,"key":"Snake Skull"},{"floor":13,"key":"Bottled Flame"}],"event_choices":[{"damage_healed":0,"gold_gain":75,"player_choice":"Gather Gold","damage_taken":11,"max_hp_gain":0,"max_hp_loss":0,"event_name":"World of Goop","floor":3,"gold_loss":0},{"cards_removed":["Strike_G"],"damage_healed":0,"gold_gain":0,"player_choice":"Card Removal","damage_taken":7,"max_hp_gain":0,"max_hp_loss":0,"event_name":"Golden Wing","floor":4,"gold_loss":0},{"damage_healed":0,"gold_gain":0,"player_choice":"Grow","damage_taken":0,"max_hp_gain":0,"max_hp_loss":0,"event_name":"Living Wall","floor":5,"gold_loss":0,"cards_upgraded":["Blade Dance"]}],"is_beta":false,"boss_relics":[],"items_purged_floors":[],"is_endless":false,"potions_floor_spawned":[1,8,14],"killed_by":"The Guardian","ascension_level":20}}