{"host":"dn6kke80v5f7isus","time":1612974985,"event":{"mods":["AchievementEnabler","Act Like it!","BaseMod","Colored Powertips","Custom Start","Defuse TimeMaze Blight","Energized Spire","Gremlin Skip","Highlight Path","Hubris","Infinite Spire","Marisa????????","Minty Spire (QoL Compilation)","Quick Restart","Rare Cards Sparkle","Reliquary","Replay The Spire","StSLib","The Hierophant","The Servant 0.9.4","Uncapped","Unceasing Turn Reminder"],"gold_per_floor":[111,111,128,140,65,485,503,519,542,542,559,586,317,304,304,397,397,456,650,677,712,721,728,856,868,880,908,920,913,414,382,382,437,437,449,449,565,540,614,614,631,631,686,386,363,363,398,348,444,539,253,411,411,411,539,539,589,670,761,324,407,641,641,617,617,748,748,748,757,757,757,884,1036,1110,1110,1205,1319,1336,1408,1408,1485,1485,1621,1621,1621,1621,1843,1843,2044,2044,2071,2071,2071],"floor_reached":92,"language":"ENG","playtime":4967,"items_purged":["hierophant:Strike_Hierophant","hierophant:Strike_Hierophant+1","hierophant:Defend_Hierophant+1"],"score":2146,"play_id":"16f98ddb-d585-45f0-bd92-385f3f379304","local_time":"20210210113625","is_ascension_mode":false,"campfire_choices":[{"data":"hierophant:Remorse","floor":10.0,"key":"SMITH"},{"data":"hierophant:Cornucopia","floor":15.0,"key":"SMITH"},{"data":"hierophant:Levitation","floor":25.0,"key":"SMITH"},{"data":"hierophant:Zeal","floor":28.0,"key":"SMITH"},{"data":"hierophant:Community","floor":32.0,"key":"SMITH"},{"data":"hierophant:Glossolalia","floor":40.0,"key":"SMITH"},{"data":"hierophant:Bribe","floor":42.0,"key":"SMITH"},{"floor":54.0,"key":"REST"},{"floor":56.0,"key":"REST"},{"data":"hierophant:ConvertCurrency","floor":63.0,"key":"SMITH"},{"data":"hierophant:Generosity","floor":71.0,"key":"SMITH"},{"data":"hierophant:Determination","floor":80.0,"key":"SMITH"},{"data":"hierophant:RepressedViolence","floor":88.0,"key":"SMITH"}],"circlet_count":0,"master_deck":["hierophant:Strike_Hierophant+1","hierophant:Punish+1","hierophant:Defend_Hierophant+1","hierophant:ChurchCoffers+1","hierophant:Racketeering+1","hierophant:Doubloon+1","hierophant:CursedGold+1","hierophant:Doubloon+1","hierophant:Remorse+1","hierophant:Cornucopia+1","hierophant:RustyCrate","hierophant:Doubloon+1","hierophant:Community+1","hierophant:RepressedViolence+1","hierophant:Doubloon+1","hierophant:Refuge+1","hierophant:Zeal+1","hierophant:Levitation+1","hierophant:RustyCrate","hierophant:Doubloon+1","hierophant:Doubloon+1","hierophant:Doubloon+1","hierophant:ConvertCurrency+1","hierophant:Doubloon+1","hierophant:Generosity+1","hierophant:Glossolalia+1","hierophant:Community","hierophant:MorningPrayer+1","hierophant:Bribe+1","hierophant:RepressedViolence","hierophant:Cornucopia","hierophant:Strike_Hierophant","hierophant:HolyVerse","hierophant:Doubloon+1","hierophant:CursedGold","hierophant:RepressedViolence","hierophant:Zeal","hierophant:Exaltation","hierophant:Doubloon+1","hierophant:ConvertCurrency","hierophant:ConvertCurrency+1","hierophant:Doubloon+1","Secret Technique","hierophant:Doubloon+1","hierophant:CursedGold","hierophant:Determination+1","infinitespire:Menacing","hierophant:HolyVerse+1","hierophant:Levitation+1","hierophant:RepressedViolence+1","hierophant:Doubloon+1","hierophant:Charity+1","hierophant:Alms","hierophant:RepressedViolence","hierophant:Alms"],"relics":["hierophant:PropheticMaskRelic","NeowsBlessing","infinitespire:FocusingShard","Pen Nib","TungstenRod","Chemical X","Bag of Marbles","Ring of Chaos","MawBank","Mirror","PreservedInsect","Lee\u0027s Waffle","Shuriken","hubris:Backtick","Calipers","Regal Pillow","reliquary:ExpiredCoupon","reliquary:Knoch","reliquary:Bookmark","reliquary:SharkskinSheath","CatCart","energizedSpire:HugeHouse","Replay:Wax Seal","Replay:Bottled Eggs","Anchor","Art of War","BargainBundle","reliquary:HotPoker","Replay:Ringing Soul","Replay:Bronze Core","reliquary:TuningFork","Red Mask","Replay:Bandana","Black Star","infinitespire:EvilPickle","hubris:Towel","reliquary:Boomerang"],"acts_visited":["Exordium","TheCity","TheBeyond","Exordium","TheCity","TheBeyond"],"potions_floor_usage":[],"damage_taken":[{"damage":0.0,"enemies":"Small Slimes","floor":1.0,"turns":1.0},{"damage":0.0,"enemies":"Cultist","floor":3.0,"turns":1.0},{"damage":0.0,"enemies":"Jaw Worm","floor":4.0,"turns":1.0},{"damage":0.0,"enemies":"3 Sentries","floor":6.0,"turns":2.0},{"damage":0.0,"enemies":"Gremlin Gang","floor":7.0,"turns":2.0},{"damage":0.0,"enemies":"Exordium Thugs","floor":8.0,"turns":1.0},{"damage":0.0,"enemies":"Red Slaver","floor":11.0,"turns":2.0},{"damage":0.0,"enemies":"Lagavulin","floor":12.0,"turns":2.0},{"damage":0.0,"enemies":"Gremlin Nob","floor":14.0,"turns":1.0},{"damage":2.0,"enemies":"The Guardian","floor":16.0,"turns":4.0},{"damage":3.0,"enemies":"Shell Parasite","floor":18.0,"turns":3.0},{"damage":9.0,"enemies":"2 Thieves","floor":20.0,"turns":3.0},{"damage":14.0,"enemies":"Centurion and Healer","floor":21.0,"turns":3.0},{"damage":0.0,"enemies":"3 Cultists","floor":22.0,"turns":5.0},{"damage":0.0,"enemies":"Nightmare","floor":23.0,"turns":9.0},{"damage":0.0,"enemies":"Sentry and Sphere","floor":24.0,"turns":4.0},{"damage":10.0,"enemies":"Centurion and Healer","floor":27.0,"turns":8.0},{"damage":8.0,"enemies":"Slavers","floor":29.0,"turns":4.0},{"damage":0.0,"enemies":"Snake Plant","floor":31.0,"turns":2.0},{"damage":0.0,"enemies":"Automaton","floor":33.0,"turns":4.0},{"damage":0.0,"enemies":"3 Darklings","floor":35.0,"turns":3.0},{"damage":0.0,"enemies":"3 Shapes","floor":37.0,"turns":1.0},{"damage":0.0,"enemies":"Jaw Worm Horde","floor":38.0,"turns":3.0},{"damage":0.0,"enemies":"4 Shapes","floor":39.0,"turns":5.0},{"damage":22.0,"enemies":"R_Hoarder","floor":41.0,"turns":4.0},{"damage":0.0,"enemies":"Orin","floor":45.0,"turns":13.0},{"damage":0.0,"enemies":"Awakened One","floor":47.0,"turns":5.0},{"damage":73.0,"enemies":"Small Slimes","floor":49.0,"turns":6.0},{"damage":0.0,"enemies":"Cultist","floor":50.0,"turns":1.0},{"damage":25.0,"enemies":"Jaw Worm","floor":52.0,"turns":4.0},{"damage":0.0,"enemies":"Lagavulin","floor":55.0,"turns":3.0},{"damage":12.0,"enemies":"2 Fungi Beasts","floor":58.0,"turns":4.0},{"damage":28.0,"enemies":"Looter","floor":59.0,"turns":3.0},{"damage":7.0,"enemies":"Blue Slaver","floor":61.0,"turns":2.0},{"damage":14.0,"enemies":"Lots of Slimes","floor":62.0,"turns":6.0},{"damage":39.0,"enemies":"Hexaghost","floor":64.0,"turns":5.0},{"damage":0.0,"enemies":"Shell Parasite","floor":66.0,"turns":1.0},{"damage":0.0,"enemies":"2 Thieves","floor":69.0,"turns":3.0},{"damage":0.0,"enemies":"Sentry and Sphere","floor":72.0,"turns":2.0},{"damage":0.0,"enemies":"Masked Bandits","floor":73.0,"turns":5.0},{"damage":0.0,"enemies":"Shelled Parasite and Fungi","floor":76.0,"turns":2.0},{"damage":33.0,"enemies":"Gremlin Leader","floor":77.0,"turns":4.0},{"damage":0.0,"enemies":"3 Cultists","floor":78.0,"turns":4.0},{"damage":0.0,"enemies":"Centurion and Healer","floor":79.0,"turns":4.0},{"damage":58.0,"enemies":"Pondfish","floor":81.0,"turns":4.0},{"damage":2.0,"enemies":"3 Shapes","floor":83.0,"turns":2.0},{"damage":27.0,"enemies":"3 Darklings","floor":89.0,"turns":4.0},{"damage":0.0,"enemies":"Maw","floor":90.0,"turns":5.0},{"damage":0,"enemies":"Spire Growth","floor":92,"turns":1}],"seed_played":"-6216789361736341450","potions_obtained":[{"floor":3.0,"key":"Block Potion"},{"floor":7.0,"key":"Venom Potion"},{"floor":11.0,"key":"ColorlessPotion"},{"floor":12.0,"key":"Swift Potion"},{"floor":14.0,"key":"Swift Potion"},{"floor":18.0,"key":"SkillPotion"},{"floor":20.0,"key":"Adrenaline Potion"},{"floor":24.0,"key":"EssenceOfSteel"},{"floor":29.0,"key":"LiquidBronze"},{"floor":33.0,"key":"Energy Potion"},{"floor":37.0,"key":"SteroidPotion"},{"floor":47.0,"key":"ColorlessPotion"},{"floor":55.0,"key":"ColorlessPotion"},{"floor":58.0,"key":"SkillPotion"},{"floor":62.0,"key":"Block Potion"},{"floor":69.0,"key":"ColorlessPotion"},{"floor":73.0,"key":"Elixir"},{"floor":75.0,"key":"ColorlessPotion"},{"floor":76.0,"key":"Block Potion"},{"floor":77.0,"key":"Elixir"},{"floor":81.0,"key":"BlessingOfTheForge"}],"is_trial":false,"path_per_floor":["M","?","M","M","$","E","M","M","T","R","M","E","$","?","R","B",null,"M","?","M","M","M","NM","M","R","T","M","R","E","$","M","R","B",null,"M","AVR","M","M","M","R","E","R","T","$","?","?","B",null,"M","M","$","M","?","R","E","R","T","M","M","$","M","M","R","B",null,"M","T","?","M","?","R","M","?","T","?","M","E","M","M","R","B",null,"M","?","?","?","?","R","M","M","T","M"],"character_chosen":"HIEROPHANT","items_purchased":["Chemical X","hierophant:RustyCrate","hierophant:Community","Lee\u0027s Waffle","Shuriken","reliquary:Bookmark","reliquary:SharkskinSheath","Replay:Wax Seal","Replay:Bottled Eggs","BargainBundle","reliquary:HotPoker","Replay:Ringing Soul","hierophant:ConvertCurrency","Secret Technique"],"campfire_rested":2,"item_purchase_floors":[13,13,13,30,30,44,44,51,51,60,60,60,60,60],"current_hp_per_floor":[75,75,75,75,75,125,125,125,125,125,125,125,125,125,125,123,125,122,122,113,99,99,99,99,99,99,89,89,81,132,132,132,132,132,132,132,132,132,132,132,110,110,110,110,110,110,110,127,54,54,54,29,29,82,82,127,127,115,87,90,86,72,72,36,139,142,142,142,142,145,145,145,145,145,145,148,118,121,121,121,124,154,152,152,152,152,152,152,128,160,160,160,160],"gold":2071,"neow_bonus":"THREE_ENEMY_KILL","is_daily":false,"chose_seed":false,"campfire_upgraded":11,"win_rate":0.0,"timestamp":1612974985,"path_taken":["M","?","?","?","$","E","M","M","T","R","M","E","$","?","R","BOSS","M","?","?","?","M","NM","M","R","T","M","R","E","?","M","R","BOSS","M","AVR","M","M","M","R","E","R","T","$","?","?","BOSS","M","M","$","?","?","R","E","R","T","M","M","$","M","M","R","BOSS","M","?","?","M","?","R","?","?","T","?","M","E","M","M","R","BOSS","M","?","?","?","?","R","?","M","T","M"],"items_purchased_type":["Relic","Card","Card","Relic","Relic","Relic","Relic","Relic","Relic","Relic","Relic","Relic","Card","Card"],"build_version":"2020-12-22","purchased_purges":3,"victory":false,"max_hp_per_floor":[75,75,75,75,75,125,125,125,125,125,125,125,125,125,125,125,125,125,125,125,125,125,125,125,125,125,125,125,125,132,132,132,132,132,132,132,132,132,132,132,132,132,132,132,132,132,132,127,127,127,127,127,127,127,127,127,127,127,127,130,133,133,133,136,139,142,142,142,142,145,145,145,145,145,145,148,151,154,154,154,154,154,154,154,154,154,154,154,157,160,160,160,160],"card_choices":[{"not_picked":["hierophant:AuricBeam","hierophant:FieryStrike","hierophant:SealAway"],"picked":"SKIP","floor":1.0},{"not_picked":["hierophant:OrnateBuckler","hierophant:Smite"],"picked":"hierophant:Racketeering","floor":3.0},{"not_picked":["hierophant:MirrorShield","hierophant:AuricShield"],"picked":"hierophant:CursedGold","floor":4.0},{"not_picked":["hierophant:Batter","hierophant:AuricBeam"],"picked":"hierophant:Remorse","floor":6.0},{"not_picked":["hierophant:ThreeLashes","hierophant:Doomsaying","hierophant:FaithHealing"],"picked":"SKIP","floor":7.0},{"not_picked":["hierophant:TollTheBells","hierophant:Doomsaying","hierophant:AuricBeam"],"picked":"SKIP","floor":8.0},{"not_picked":["hierophant:OrnateBuckler","hierophant:SecretStash"],"picked":"hierophant:Doubloon","floor":11.0},{"not_picked":["hierophant:RustyCrate","hierophant:Smite"],"picked":"hierophant:Cornucopia","floor":12.0},{"not_picked":["hierophant:Shelter","hierophant:Smite","hierophant:Encroach+1"],"picked":"SKIP","floor":18.0},{"not_picked":["hierophant:RecallFunds","hierophant:ThreeLashes"],"picked":"hierophant:RepressedViolence+1","floor":19.0},{"not_picked":["hierophant:SolarFlare","hierophant:DisplayOfPower","hierophant:Mercenaries"],"picked":"SKIP","floor":20.0},{"not_picked":["hierophant:RustyCrate","hierophant:HammerAndAnvil+1"],"picked":"hierophant:Refuge+1","floor":21.0},{"not_picked":["hierophant:Smite","hierophant:ThreeLashes"],"picked":"hierophant:Zeal","floor":22.0},{"not_picked":["hierophant:Exaltation","hierophant:FieryStrike","hierophant:Endure+1"],"picked":"SKIP","floor":23.0},{"not_picked":["hierophant:AuricShield","hierophant:Encroach"],"picked":"hierophant:Levitation","floor":24.0},{"not_picked":["hierophant:DisplayOfPower+1","hierophant:RepressedViolence"],"picked":"hierophant:RustyCrate","floor":27.0},{"not_picked":["hierophant:Purify","hierophant:SolarFlare","hierophant:Exaltation"],"picked":"SKIP","floor":29.0},{"not_picked":["hierophant:DisplayOfPower+1","hierophant:TollTheBells+1"],"picked":"hierophant:ConvertCurrency+1","floor":31.0},{"not_picked":["hierophant:DeathKnell","hierophant:DivineIntervention"],"picked":"hierophant:Generosity","floor":33.0},{"not_picked":["hierophant:AuricBeam","hierophant:OrnateBuckler"],"picked":"hierophant:Glossolalia","floor":35.0},{"not_picked":["hierophant:LocustPlague","hierophant:FieryStrike","hierophant:Shelter"],"picked":"SKIP","floor":37.0},{"not_picked":["hierophant:Doubloon","hierophant:HammerAndAnvil"],"picked":"hierophant:Community","floor":38.0},{"not_picked":["hierophant:Dazzle","hierophant:Sermon"],"picked":"hierophant:MorningPrayer+1","floor":39.0},{"not_picked":["hierophant:HolyVerse","hierophant:Purify+1"],"picked":"hierophant:Bribe","floor":41.0},{"not_picked":["hierophant:SecretStash+1","hierophant:Remorse+1"],"picked":"hierophant:RepressedViolence","floor":45.0},{"not_picked":["hierophant:Anathema","hierophant:Generosity"],"picked":"hierophant:Cornucopia","floor":47.0},{"not_picked":["hierophant:CoinFling","hierophant:FieryStrike","hierophant:SolarFlare"],"picked":"SKIP","floor":49.0},{"not_picked":["hierophant:Upheaval","hierophant:Community"],"picked":"hierophant:CursedGold","floor":50.0},{"not_picked":["hierophant:RustyCrate","hierophant:ThreeLashes"],"picked":"hierophant:RepressedViolence","floor":52.0},{"not_picked":["hierophant:DeathKnell","hierophant:Repentance"],"picked":"hierophant:Exaltation","floor":55.0},{"not_picked":["hierophant:RepressedViolence","hierophant:Doomsaying","hierophant:HolyVerse"],"picked":"SKIP","floor":58.0},{"not_picked":["hierophant:Smite","hierophant:Encroach"],"picked":"hierophant:ConvertCurrency","floor":59.0},{"not_picked":["hierophant:Smite","hierophant:OrnateBuckler"],"picked":"hierophant:CursedGold","floor":61.0},{"not_picked":["hierophant:WrathOfGod","hierophant:Shelter","hierophant:Dazzle"],"picked":"SKIP","floor":62.0},{"not_picked":["hierophant:DeathKnell","hierophant:Batter"],"picked":"hierophant:Determination","floor":64.0},{"not_picked":["infinitespire:Gouge","infinitespire:NeuralNetwork"],"picked":"infinitespire:Menacing","floor":65.0},{"not_picked":["hierophant:Remorse+1","hierophant:Shelter+1"],"picked":"hierophant:HolyVerse+1","floor":66.0},{"not_picked":["hierophant:AuricBeam","hierophant:Chorus","hierophant:HammerAndAnvil"],"picked":"SKIP","floor":69.0},{"not_picked":["hierophant:Endure","hierophant:Shelter","hierophant:Flagellation"],"picked":"SKIP","floor":72.0},{"not_picked":["hierophant:AuricBeam","hierophant:Martyrdom"],"picked":"hierophant:RepressedViolence","floor":76.0},{"not_picked":["hierophant:FieryStrike","hierophant:Prophecy"],"picked":"hierophant:Charity+1","floor":77.0},{"not_picked":["hierophant:Kindle","hierophant:Encroach"],"picked":"hierophant:Alms","floor":78.0},{"not_picked":["hierophant:AuricBeam+1","hierophant:SealAway","hierophant:DivineIntervention"],"picked":"SKIP","floor":79.0},{"not_picked":["hierophant:SealAway+1","hierophant:AuricBeam+1","hierophant:MorningPrayer"],"picked":"SKIP","floor":83.0},{"not_picked":["hierophant:Empathy","hierophant:OrnateBuckler"],"picked":"hierophant:RepressedViolence","floor":89.0},{"not_picked":["hierophant:AuricBeam+1","hierophant:Glossolalia+1"],"picked":"hierophant:Alms","floor":90.0}],"player_experience":448522,"relics_obtained":[{"floor":6.0,"key":"infinitespire:FocusingShard"},{"floor":9.0,"key":"Pen Nib"},{"floor":12.0,"key":"TungstenRod"},{"floor":14.0,"key":"Bag of Marbles"},{"floor":23.0,"key":"MawBank"},{"floor":26.0,"key":"Mirror"},{"floor":29.0,"key":"PreservedInsect"},{"floor":41.0,"key":"reliquary:ExpiredCoupon"},{"floor":43.0,"key":"reliquary:Knoch"},{"floor":45.0,"key":"CatCart"},{"floor":55.0,"key":"Anchor"},{"floor":57.0,"key":"Art of War"},{"floor":67.0,"key":"reliquary:TuningFork"},{"floor":73.0,"key":"Red Mask"},{"floor":77.0,"key":"Replay:Bandana"},{"floor":91.0,"key":"reliquary:Boomerang"}],"event_choices":[{"damage_healed":0.0,"max_hp_gain":0.0,"max_hp_loss":0.0,"gold_gain":0.0,"event_name":"Upgrade Shrine","player_choice":"Upgraded","floor":2.0,"gold_loss":0.0,"damage_taken":0.0,"cards_upgraded":["hierophant:ChurchCoffers"]},{"damage_healed":0.0,"max_hp_gain":0.0,"max_hp_loss":0.0,"gold_gain":30.0,"event_name":"Dead Adventurer","player_choice":"Searched \u00272\u0027 times","floor":14.0,"gold_loss":0.0,"damage_taken":0.0},{"damage_healed":0.0,"max_hp_gain":0.0,"max_hp_loss":0.0,"gold_gain":0.0,"event_name":"OrinTheCat","player_choice":"Fight","floor":45.0,"gold_loss":0.0,"damage_taken":0.0},{"damage_healed":0.0,"max_hp_gain":0.0,"max_hp_loss":0.0,"gold_gain":0.0,"event_name":"SecretPortal","player_choice":"Took Portal","floor":46.0,"gold_loss":0.0,"damage_taken":0.0},{"damage_healed":0.0,"max_hp_gain":0.0,"max_hp_loss":0.0,"gold_gain":0.0,"cards_transformed":["hierophant:Doubloon"],"event_name":"Transmorgrifier","player_choice":"Transformed","floor":53.0,"gold_loss":0.0,"damage_taken":0.0,"cards_obtained":["hierophant:Zeal"]},{"damage_healed":0.0,"max_hp_gain":0.0,"max_hp_loss":0.0,"gold_gain":0.0,"event_name":"The Mausoleum","player_choice":"Ignored","floor":68.0,"gold_loss":0.0,"damage_taken":0.0},{"damage_healed":0.0,"max_hp_gain":0.0,"max_hp_loss":0.0,"gold_gain":0.0,"event_name":"Duplicator","player_choice":"Copied","floor":70.0,"gold_loss":0.0,"damage_taken":0.0,"cards_obtained":["hierophant:Levitation"]},{"damage_healed":0.0,"max_hp_gain":0.0,"max_hp_loss":0.0,"gold_gain":0.0,"event_name":"Masked Bandits","player_choice":"Fought Bandits","floor":73.0,"gold_loss":0.0,"damage_taken":0.0},{"damage_healed":0.0,"max_hp_gain":0.0,"max_hp_loss":0.0,"gold_gain":0.0,"event_name":"Lab","player_choice":"Got Potions","floor":75.0,"gold_loss":0.0,"damage_taken":0.0},{"damage_healed":0.0,"max_hp_gain":0.0,"max_hp_loss":0.0,"gold_gain":0.0,"event_name":"SensoryStone","player_choice":"Memory 1","floor":86.0,"gold_loss":0.0,"damage_taken":0.0},{"damage_healed":0.0,"max_hp_gain":0.0,"max_hp_loss":0.0,"gold_gain":222.0,"event_name":"Tomb of Lord Red Mask","player_choice":"Wore Mask","floor":87.0,"gold_loss":0.0,"damage_taken":0.0}],"is_beta":false,"boss_relics":[{"not_picked":["ReplayTheSpireMod:DimensionalGlitch","hubris:VirtuousBlindfold"],"picked":"Ring of Chaos"},{"not_picked":["Replay:Drink Me","Replay:Bronze Core"],"picked":"hubris:Backtick"},{"not_picked":["energizedSpire:DeadBattery","Calling Bell"],"picked":"energizedSpire:HugeHouse"},{"not_picked":["Busted Crown","Replay:Drink Me"],"picked":"Replay:Bronze Core"},{"not_picked":["hubris:VirtuousBlindfold","Pandora\u0027s Box"],"picked":"Black Star"}],"items_purged_floors":[5,30,36],"is_endless":true,"potions_floor_spawned":[3,7,11,12,14,18,20,24,29,33,37,47,55,58,62,69,73,76,77,81],"killed_by":"Spire Growth","ascension_level":0}}