{"host":"8fuipfsvjht9cgcs","time":1612921582,"event":{"mods":["AchievementEnabler","BaseMod","Colored Map","Colored Powertips","DeckTracker","Friendly Minions","Kiyohime£¨?ýï£©","Marisa£¨Ùöéë¡¡Øª×âÞÞ£©","Minty Spire (QoL Compilation)","Prisma Mod","StSLib","SuperFastMode","The Cursed","The Gatherer"],"gold_per_floor":[360,285,285,303,313,313,325,25,51,76,76,111,121,121,121,121,121],"floor_reached":16,"language":"KOR","playtime":451,"items_purged":[],"score":193,"play_id":"2b387b18-bbb5-4042-bbba-08e00f8aa533","local_time":"20210210144622","is_ascension_mode":true,"campfire_choices":[{"data":"Power Through","floor":6,"key":"SMITH"},{"data":"Barricade","floor":11,"key":"SMITH"},{"data":"Spot Weakness","floor":15,"key":"SMITH"}],"circlet_count":0,"master_deck":["AscendersBane","Strike_R","Strike_R","Strike_R","Strike_R","Defend_R","Defend_R","Defend_R","Defend_R","Bash","Carnage+1","Power Through+1","Spot Weakness+1","Barricade+1"],"relics":["Burning Blood","PreservedInsect","Sling","Vajra","Centennial Puzzle","Juzu Bracelet"],"acts_visited":["Exordium"],"potions_floor_usage":[16],"damage_taken":[{"damage":11,"enemies":"Cultist","floor":1,"turns":4},{"damage":1,"enemies":"2 Louse","floor":4,"turns":3},{"damage":0,"enemies":"Small Slimes","floor":5,"turns":4},{"damage":0,"enemies":"2 Fungi Beasts","floor":7,"turns":4},{"damage":20,"enemies":"Lagavulin","floor":10,"turns":4},{"damage":18,"enemies":"Gremlin Nob","floor":12,"turns":3},{"damage":7,"enemies":"Looter","floor":13,"turns":3},{"damage":49,"enemies":"Slime Boss","floor":16,"turns":6}],"seed_played":"-4012284860881476310","potions_obtained":[{"floor":4,"key":"SkillPotion"},{"floor":5,"key":"FearPotion"}],"is_trial":false,"path_per_floor":["M","?","?","M","M","R","M","$","T","E","R","E","M","?","R","B"],"character_chosen":"IRONCLAD","items_purchased":["PreservedInsect","Sling"],"campfire_rested":0,"item_purchase_floors":[8,8],"current_hp_per_floor":[45,45,45,50,56,56,62,62,62,48,48,36,35,40,40,0,0],"gold":121,"neow_bonus":"TWO_FIFTY_GOLD","is_daily":false,"chose_seed":false,"campfire_upgraded":3,"win_rate":0.0,"timestamp":1612921582,"path_taken":["M","?","?","?","M","R","?","$","T","E","R","E","M","?","R","BOSS"],"items_purchased_type":["Relic","Relic"],"build_version":"2020-12-22","purchased_purges":0,"victory":false,"max_hp_per_floor":[75,75,75,75,75,75,75,75,75,75,75,75,75,80,80,80,80],"card_choices":[{"not_picked":["Cleave","Anger"],"picked":"Carnage","floor":1},{"not_picked":["Whirlwind","Sword Boomerang"],"picked":"Power Through","floor":4},{"not_picked":["Blood for Blood","Iron Wave"],"picked":"Spot Weakness","floor":5},{"not_picked":["Infernal Blade","Rage"],"picked":"Barricade","floor":7},{"not_picked":["Rage","Searing Blow","Havoc"],"picked":"SKIP","floor":10},{"not_picked":["Spot Weakness","Inflame","Burning Pact"],"picked":"SKIP","floor":12},{"not_picked":["Combust","Anger","Twin Strike"],"picked":"SKIP","floor":13}],"player_experience":483799,"relics_obtained":[{"floor":9,"key":"Vajra"},{"floor":10,"key":"Centennial Puzzle"},{"floor":12,"key":"Juzu Bracelet"}],"event_choices":[{"cards_removed":["Strike_R"],"damage_healed":0,"gold_gain":0,"player_choice":"Card Removal","damage_taken":0,"max_hp_gain":0,"max_hp_loss":0,"event_name":"The Cleric","floor":2,"gold_loss":75},{"damage_healed":0,"gold_gain":0,"player_choice":"Upgraded","damage_taken":0,"max_hp_gain":0,"max_hp_loss":0,"event_name":"Upgrade Shrine","floor":3,"gold_loss":0,"cards_upgraded":["Carnage"]},{"damage_healed":0,"gold_gain":0,"player_choice":"Donut","damage_taken":0,"max_hp_gain":5,"max_hp_loss":0,"event_name":"Big Fish","floor":14,"gold_loss":0}],"is_beta":false,"boss_relics":[],"items_purged_floors":[],"is_endless":false,"potions_floor_spawned":[4,5,7,10],"killed_by":"Slime Boss","ascension_level":15}}