{"host":"aqym1xxr3lb31d9m","time":1612954104,"event":{"mods":["BaseMod","Block Reminder","Colored Map","Colored Powertips","DeckTracker","Highlight Path","Minty Spire (QoL Compilation)","Quick Restart","Random Character Button","StSLib","SuperFastMode","UnlockEverythingMod"],"gold_per_floor":[17,17,17,33,33,61,80,80,103,103,146,174,174,193,193,279,279,295,80,97,124,133,133,133],"floor_reached":23,"language":"JPN","playtime":641,"items_purged":[],"score":398,"play_id":"6129a9bb-e612-43b9-9b85-ee47d73c7a4d","local_time":"20210210194824","is_ascension_mode":true,"campfire_choices":[{"data":"Clash","floor":8,"key":"SMITH"},{"data":"Intimidate","floor":10,"key":"SMITH"},{"data":"Armaments","floor":13,"key":"SMITH"},{"data":"True Grit","floor":15,"key":"SMITH"}],"circlet_count":0,"master_deck":["AscendersBane","Strike_R","Strike_R","Defend_R","Defend_R","Defend_R","Bash","Uppercut+1","Clash","Clash+1","Intimidate+1","Twin Strike","Armaments+1","True Grit+1","Feed","Apotheosis","Thunderclap","Ghostly","Ghostly","Ghostly","Wild Strike"],"relics":["Burning Blood","Happy Flower","Red Skull","Orichalcum","CeramicFish","SlaversCollar"],"acts_visited":["Exordium","TheCity"],"potions_floor_usage":[6,18,23],"damage_taken":[{"damage":12,"enemies":"Jaw Worm","floor":1,"turns":3},{"damage":0,"enemies":"2 Louse","floor":4,"turns":3},{"damage":20,"enemies":"Lagavulin","floor":6,"turns":5},{"damage":0,"enemies":"Cultist","floor":7,"turns":3},{"damage":24,"enemies":"3 Sentries","floor":11,"turns":10},{"damage":11,"enemies":"Exordium Wildlife","floor":12,"turns":2},{"damage":0,"enemies":"Blue Slaver","floor":14,"turns":1},{"damage":8,"enemies":"Hexaghost","floor":16,"turns":7},{"damage":13,"enemies":"Shell Parasite","floor":18,"turns":4},{"damage":18,"enemies":"Spheric Guardian","floor":20,"turns":4},{"damage":42,"enemies":"Slavers","floor":23,"turns":6}],"seed_played":"26969274505755610","potions_obtained":[{"floor":1,"key":"SkillPotion"},{"floor":6,"key":"Block Potion"},{"floor":11,"key":"BloodPotion"},{"floor":20,"key":"Ancient Potion"}],"is_trial":false,"path_per_floor":["M","?","?","M","T","E","M","R","T","R","E","M","R","M","R","B",null,"M","$","M","?","?","E"],"character_chosen":"IRONCLAD","items_purchased":["Apotheosis","Thunderclap"],"campfire_rested":0,"item_purchase_floors":[19,19],"current_hp_per_floor":[62,62,55,61,61,47,53,53,53,53,35,30,30,36,36,34,65,73,73,61,37,37,0,0],"gold":133,"neow_bonus":"REMOVE_TWO","is_daily":false,"chose_seed":false,"campfire_upgraded":4,"win_rate":0.0,"timestamp":1612954104,"path_taken":["M","?","?","M","?","E","?","R","T","R","E","M","R","M","R","BOSS","M","$","M","?","?","E"],"items_purchased_type":["Card","Card"],"build_version":"2020-12-22","purchased_purges":0,"victory":false,"max_hp_per_floor":[75,75,75,75,75,75,75,75,75,75,75,75,75,75,75,75,75,75,75,75,37,37,37,37],"card_choices":[{"not_picked":["Dropkick","Wild Strike"],"picked":"Uppercut","floor":1},{"not_picked":["Rage","Heavy Blade"],"picked":"Clash","floor":4},{"not_picked":["Armaments","Body Slam"],"picked":"Clash","floor":6},{"not_picked":["Dark Embrace","Shrug It Off"],"picked":"Intimidate","floor":7},{"not_picked":["Perfected Strike","Juggernaut"],"picked":"Twin Strike","floor":11},{"not_picked":["Havoc","Seeing Red"],"picked":"Armaments","floor":12},{"not_picked":["Intimidate","Whirlwind"],"picked":"True Grit","floor":14},{"not_picked":["Barricade","Double Tap"],"picked":"Feed","floor":16},{"not_picked":["Anger","Flex","Clash"],"picked":"SKIP","floor":18},{"not_picked":["Clash","Sentinel","Thunderclap"],"picked":"SKIP","floor":20}],"player_experience":4197495,"relics_obtained":[{"floor":5,"key":"Happy Flower"},{"floor":6,"key":"Red Skull"},{"floor":9,"key":"Orichalcum"},{"floor":11,"key":"CeramicFish"}],"event_choices":[{"damage_healed":0,"gold_gain":0,"player_choice":"Grow","damage_taken":0,"max_hp_gain":0,"max_hp_loss":0,"event_name":"Living Wall","floor":2,"gold_loss":0,"cards_upgraded":["Uppercut"]},{"cards_removed":["Strike_R"],"damage_healed":0,"gold_gain":0,"player_choice":"Card Removal","damage_taken":7,"max_hp_gain":0,"max_hp_loss":0,"event_name":"Golden Wing","floor":3,"gold_loss":0},{"damage_healed":0,"gold_gain":0,"player_choice":"Became a Ghost","damage_taken":0,"max_hp_gain":0,"max_hp_loss":38,"event_name":"Ghosts","floor":21,"gold_loss":0,"cards_obtained":["Ghostly","Ghostly","Ghostly"]},{"damage_healed":0,"gold_gain":0,"cards_transformed":["Strike_R"],"player_choice":"Transformed","damage_taken":0,"max_hp_gain":0,"max_hp_loss":0,"event_name":"Transmorgrifier","floor":22,"gold_loss":0,"cards_obtained":["Wild Strike"]}],"is_beta":false,"boss_relics":[{"not_picked":["Cursed Key","Runic Pyramid"],"picked":"SlaversCollar"}],"items_purged_floors":[],"is_endless":false,"potions_floor_spawned":[1,6,11,12,16,20],"killed_by":"Slavers","ascension_level":20}}