{"host":"bg4zdvygm46ags0b","time":1612917540,"event":{"mods":["BaseMod","GifTheSpireLib","Marisa????????","Minty Spire (QoL Compilation)","Remilia??????","StSLib","The Mystic","The Servant 0.9.4"],"gold_per_floor":[115,134,134,134,148,148,163,163,163,193,193,193,209,223,223,321,321,331,349,199,215,286,286,313,313,313,324,324,239,254,9,9,112,162,176,176,56,66,86,117,117,137,137,137,147,147,177,192,192,192],"floor_reached":51,"language":"ENG","playtime":3877,"items_purged":[],"score":679,"play_id":"000a21eb-14f9-4776-92c4-5cdf667b6d3e","local_time":"20210210103900","is_ascension_mode":false,"campfire_choices":[{"data":"ShatteredReality","floor":6,"key":"SMITH"},{"data":"KidneyShot","floor":8,"key":"SMITH"},{"data":"InstantArmor","floor":12,"key":"SMITH"},{"data":"Spin","floor":15,"key":"SMITH"},{"data":"Barrier","floor":23,"key":"SMITH"},{"data":"Sunlight","floor":25,"key":"SMITH"},{"data":"TimeWarp","floor":32,"key":"SMITH"},{"data":"TheWorld","floor":41,"key":"SMITH"},{"data":"BestPractice","floor":46,"key":"SMITH"},{"data":"Strike_S","floor":49,"key":"SMITH"}],"circlet_count":0,"master_deck":["Strike_S+1","Strike_S","Strike_S","Strike_S","Defend_S","Defend_S","Defend_S","Defend_S","KidneyShot+1","Exchange","Defy","Unruled","Comet","InstantArmor+1","Spin+1","InstantArmor","TheWorld+1","ShiftingGears","Potential","Barrier+1","Sunlight+1","BottledTime+1","TimeWarp+1","FloweringNight+1","Rearm","Revamp+1","Alleviate+1","Desolation+1","BestPractice+1","Potential+1","StarChef+1"],"relics":["SplendidAttire","NeowsBlessing","Letter Opener","Mercury Hourglass","StoneCalendar","Bag of Preparation","Gremlin Horn","Tiny Chest","The Courier","Darkstone Periapt","Membership Card","PreservedInsect","Strawberry","Tiny House","Dream Catcher","Chemical X","Happy Flower","Frozen Egg 2","White Beast Statue","Sundial"],"acts_visited":["Exordium","TheCity","TheBeyond"],"potions_floor_usage":[33,33,33,33,50,50,50],"damage_taken":[{"damage":0,"enemies":"Cultist","floor":1,"turns":1},{"damage":0,"enemies":"Small Slimes","floor":2,"turns":1},{"damage":0,"enemies":"2 Louse","floor":5,"turns":1},{"damage":0,"enemies":"Blue Slaver","floor":7,"turns":5},{"damage":15,"enemies":"Gremlin Nob","floor":10,"turns":5},{"damage":0,"enemies":"Exordium Wildlife","floor":13,"turns":2},{"damage":0,"enemies":"Red Slaver","floor":14,"turns":2},{"damage":33,"enemies":"The Guardian","floor":16,"turns":10},{"damage":0,"enemies":"3 Byrds","floor":18,"turns":2},{"damage":0,"enemies":"Shell Parasite","floor":19,"turns":3},{"damage":0,"enemies":"Snake Plant","floor":21,"turns":4},{"damage":2,"enemies":"Gremlin Leader","floor":24,"turns":4},{"damage":0,"enemies":"Cultist and Chosen","floor":27,"turns":3},{"damage":0,"enemies":"Snecko","floor":30,"turns":3},{"damage":26,"enemies":"Champ","floor":33,"turns":10},{"damage":0,"enemies":"Orb Walker","floor":35,"turns":2},{"damage":0,"enemies":"3 Shapes","floor":38,"turns":2},{"damage":1,"enemies":"Maw","floor":39,"turns":8},{"damage":1,"enemies":"Reptomancer","floor":40,"turns":3},{"damage":0,"enemies":"Spire Growth","floor":42,"turns":3},{"damage":0,"enemies":"Transient","floor":45,"turns":5},{"damage":5,"enemies":"Nemesis","floor":47,"turns":5},{"damage":4,"enemies":"Maw","floor":48,"turns":5},{"damage":40,"enemies":"Donu and Deca","floor":50,"turns":7}],"seed_played":"-7096119435957355009","potions_obtained":[{"floor":7,"key":"Swift Potion"},{"floor":13,"key":"Block Potion"},{"floor":14,"key":"FearPotion"},{"floor":16,"key":"EntropicBrew"},{"floor":33,"key":"Strength Potion"}],"is_trial":false,"path_per_floor":["M","M","$","?","M","R","M","R","T","E","?","R","M","M","R","B",null,"M","M","$","M","T","R","E","R","T","M","?","?","M","$","R","B",null,"M","?","$","M","M","E","R","M","T","T","M","R","E","M","R","B",null],"character_chosen":"THE_SERVANT","items_purchased":["Bag of Preparation","Membership Card","PreservedInsect","Strawberry","Dream Catcher","Chemical X"],"campfire_rested":0,"item_purchase_floors":[20,31,31,31,37,37],"current_hp_per_floor":[65,65,65,65,65,65,65,65,65,50,50,50,50,50,50,17,65,65,65,65,65,65,65,63,63,63,63,63,63,63,70,70,44,77,77,77,77,77,76,75,75,75,75,75,75,75,70,66,66,26],"gold":192,"neow_bonus":"THREE_ENEMY_KILL","is_daily":false,"chose_seed":false,"campfire_upgraded":10,"win_rate":0.0,"timestamp":1612917540,"path_taken":["M","M","$","?","M","R","M","R","T","E","?","R","?","M","R","BOSS","M","M","$","M","?","R","E","R","T","M","?","?","M","$","R","BOSS","M","?","$","M","M","E","R","M","T","?","M","R","E","M","R","BOSS"],"items_purchased_type":["Relic","Relic","Relic","Relic","Relic","Relic"],"build_version":"2020-12-22","purchased_purges":0,"victory":true,"max_hp_per_floor":[65,65,65,65,65,65,65,65,65,65,65,65,65,65,65,65,65,65,65,65,65,65,65,65,65,65,65,65,65,65,72,72,72,77,77,77,77,77,77,77,77,77,77,77,77,77,77,77,77,77],"card_choices":[{"not_picked":["Starlight","DoubleEdge"],"picked":"ShatteredReality","floor":1},{"not_picked":["Contraction","Spin"],"picked":"Defy","floor":2},{"not_picked":["FanOfKnives","Sabotage"],"picked":"Unruled","floor":5},{"not_picked":["Shuttle","Rewind"],"picked":"Comet","floor":7},{"not_picked":["MurderousAura","Unruled"],"picked":"InstantArmor","floor":10},{"not_picked":["Ricochet","MoonPhase"],"picked":"Spin","floor":13},{"not_picked":["Rearm","Read"],"picked":"InstantArmor","floor":14},{"not_picked":["Duplication","ForgedInTime"],"picked":"TheWorld","floor":16},{"not_picked":["Contraction","TimeWarp+1"],"picked":"ShiftingGears","floor":18},{"not_picked":["Comet","Starlight+1"],"picked":"Potential","floor":19},{"not_picked":["Unruled","Rewind"],"picked":"Barrier","floor":21},{"not_picked":["Spin","ShatteredReality"],"picked":"Sunlight","floor":24},{"not_picked":["Rewind","ShatteredReality"],"picked":"BottledTime+1","floor":27},{"not_picked":["DoubleEdge+1","Gouge"],"picked":"TimeWarp","floor":30},{"not_picked":["Dilation","ForgedInTime"],"picked":"FloweringNight","floor":33},{"not_picked":["SurpressingFire","Replace"],"picked":"Rearm","floor":34},{"not_picked":["Starlight","Alleviate+1"],"picked":"Revamp+1","floor":35},{"not_picked":["Replace+1","Unruled"],"picked":"Alleviate+1","floor":38},{"not_picked":["Foresight+1","Defy"],"picked":"Desolation+1","floor":39},{"not_picked":["Misdirection+1","Potential"],"picked":"BestPractice","floor":40},{"not_picked":["TimeWarp","GearUp","ShiftingGears"],"picked":"SKIP","floor":42},{"not_picked":["Rewind","DoubleEdge+1"],"picked":"Potential+1","floor":45},{"not_picked":["FloweringNight+1","Snipe"],"picked":"StarChef+1","floor":47},{"not_picked":["Rearm+1","TimeWarp","Hightail+1"],"picked":"SKIP","floor":48}],"player_experience":90773,"relics_obtained":[{"floor":9,"key":"Letter Opener"},{"floor":10,"key":"Mercury Hourglass"},{"floor":22,"key":"Gremlin Horn"},{"floor":24,"key":"Tiny Chest"},{"floor":26,"key":"The Courier"},{"floor":40,"key":"Happy Flower"},{"floor":43,"key":"Frozen Egg 2"},{"floor":44,"key":"White Beast Statue"},{"floor":47,"key":"Sundial"}],"event_choices":[{"damage_healed":0,"gold_gain":0,"player_choice":"Ignored","damage_taken":0,"max_hp_gain":0,"max_hp_loss":0,"event_name":"Golden Wing","floor":4,"gold_loss":0},{"damage_healed":0,"gold_gain":0,"player_choice":"Gave Potion","damage_taken":0,"relics_obtained":["StoneCalendar"],"max_hp_gain":0,"max_hp_loss":0,"event_name":"WeMeetAgain","floor":11,"gold_loss":0},{"damage_healed":0,"gold_gain":0,"player_choice":"Ignored","damage_taken":0,"max_hp_gain":0,"max_hp_loss":0,"event_name":"Beggar","floor":28,"gold_loss":0},{"damage_healed":0,"gold_gain":0,"player_choice":"Obtained Relic","damage_taken":0,"relics_obtained":["Darkstone Periapt"],"max_hp_gain":0,"max_hp_loss":0,"event_name":"Addict","floor":29,"gold_loss":85},{"cards_removed":["ShatteredReality"],"damage_healed":0,"gold_gain":0,"player_choice":"Removed Attack","damage_taken":0,"max_hp_gain":0,"max_hp_loss":0,"event_name":"Falling","floor":36,"gold_loss":0}],"is_beta":false,"boss_relics":[{"not_picked":["SlaversCollar","Fusion Hammer"],"picked":"SplendidAttire"},{"not_picked":["SacredBark","Runic Dome"],"picked":"Tiny House"}],"items_purged_floors":[],"is_endless":false,"potions_floor_spawned":[7,13,14,16,27,30,33,35,40,42,45,47,48],"ascension_level":0}}