{"host":"coat6gkfrd6s61c3","time":1612999349,"event":{"mods":["100% Spire Juice","2.2 Compatiblity","AchievementEnabler","Act Like it!","Aspiration","Bard","BaseMod","Beaked The Cultist","Better Third Choice","Bossed Relics","Colored Powertips","Conspire","Friendly Minions","Gremlin Mod","Halation","Hermit","Hubris","Hunter ??","Infinite Spire","Mad Scientist","Marisa????????","Marked Mod","Melee Mod","Minty Spire (QoL Compilation)","Monster B Gone","Practice Mode","Relic Stats","Reliquary","Replay The Spire","Robot Space Explorer","Shade Mod","Shop Mod","SpireExporter+","StS++","StSLib","The Blue Laboratory","The Bug Knight","The Cursed","The Disciple","The Marked","The Mystic","The Sage","The Saiyan","The Servant 0.9.4","The Wild Card","The Witch","Yuri Mod","everything is the same but u backflip on backflip","slay the spire mod where everything is the same but ironclad has a cowboy hat","thorton"],"gold_per_floor":[109,109,79,99,115,115,161,161,161,161,198,231,0,53,53,186,186,262,329,329,329,329,329,403,403,403,403,459,459,459],"floor_reached":28,"language":"ENG","playtime":1358,"items_purged":["Normality"],"score":241,"play_id":"333bfe48-2bc2-4039-81f7-59f9fcedcc17","local_time":"20210211095229","is_ascension_mode":false,"campfire_choices":[{"data":"thethorton:Heckle","floor":6,"key":"SMITH"},{"data":"thethorton:RunningFeint","floor":10,"key":"SMITH"},{"data":"thethorton:StumblingSlap","floor":23,"key":"SMITH"}],"circlet_count":0,"master_deck":["thethorton:Strike","thethorton:Strike","thethorton:Strike","thethorton:Strike","thethorton:Defend","thethorton:Defend+1","thethorton:Defend+1","thethorton:Defend","thethorton:Heckle+1","thethorton:CreditCard","thethorton:RunningFeint+1","Injury","thethorton:Distance+1","thethorton:RichRun+1","thethorton:DoubleRun+1","theWildCard:Michael+1","thethorton:TakeAccounts+1","thethorton:SicklyRun+1","thethorton:GoldBuffer+1","thethorton:GemGun+1","thethorton:PocketChange","thethorton:Portfolio+1","thethorton:FearfulRun+1","thethorton:LongTermPayoff+1","thethorton:StumblingSlap+1","thethorton:Crash"],"relics":["thethorton:CouragePotion","NeowsBlessing","Toxic Egg 2","ReplayTheSpireMod:Shallot","infinitespire:Broken Mirror","Replay:Multitool","Ring of Chaos","hubris:Towel","halation:EternalFortune","Simple Rune","conspire:BottledYoYo"],"acts_visited":["Exordium","TheCity"],"potions_floor_usage":[7,11,12,16,28],"damage_taken":[{"damage":0,"enemies":"conspire:RoseBush","floor":1,"turns":1},{"damage":0,"enemies":"Jaw Worm","floor":4,"turns":1},{"damage":0,"enemies":"Cultist","floor":5,"turns":1},{"damage":37,"enemies":"Gremlin Nob","floor":7,"turns":6},{"damage":12,"enemies":"Gremlin Gang","floor":11,"turns":3},{"damage":7,"enemies":"Blue Slaver","floor":12,"turns":3},{"damage":38,"enemies":"Fading Forest","floor":16,"turns":11},{"damage":17,"enemies":"Shell Parasite","floor":18,"turns":5},{"damage":9,"enemies":"3 Byrds","floor":19,"turns":5},{"damage":21,"enemies":"Centurion and Healer","floor":24,"turns":6},{"damage":46,"enemies":"Sentry and Sphere","floor":28,"turns":7}],"seed_played":"5719475071006973985","potions_obtained":[{"floor":3,"key":"Flashbang"},{"floor":3,"key":"Languid Potion"},{"floor":4,"key":"Explosive Potion"},{"floor":7,"key":"Explosive Potion"},{"floor":12,"key":"blueLaboratory:ExaltedPotion"},{"floor":19,"key":"Weak Potion"},{"floor":24,"key":"CultistPotion"}],"is_trial":false,"path_per_floor":["M","?","?","M","M","R","E","?","T","R","M","M","$","T","R","B",null,"M","M","?","?","?","R","M","R","T","T","M"],"character_chosen":"THE_THORT","items_purchased":["thethorton:GoldBuffer+1","thethorton:GemGun","thethorton:PocketChange"],"campfire_rested":0,"item_purchase_floors":[13,13,13],"current_hp_per_floor":[68,68,68,68,68,68,31,31,31,31,19,12,12,12,32,4,68,51,42,42,45,45,45,24,45,45,45,0,0,0],"gold":459,"neow_bonus":"THREE_ENEMY_KILL","is_daily":false,"chose_seed":false,"campfire_upgraded":3,"win_rate":0.0,"timestamp":1612999349,"path_taken":["M","?","?","?","?","R","E","?","T","R","M","M","?","?","R","BOSS","M","M","?","?","?","R","M","R","T","?","M"],"items_purchased_type":["Card","Card","Card"],"build_version":"2020-12-22","purchased_purges":1,"victory":false,"max_hp_per_floor":[68,68,68,68,68,68,68,68,68,68,68,68,68,68,68,68,68,68,68,68,71,71,71,71,71,71,71,71,71,71],"relic_stats":{"counters":[11,49],"obtain_stats":[{"NeowsBlessing":0,"ReplayTheSpireMod:Shallot":7,"infinitespire:Broken Mirror":9,"halation:EternalFortune":21,"Simple Rune":26,"Ring of Chaos":17,"thethorton:CouragePotion":0,"Replay:Multitool":16,"conspire:BottledYoYo":27,"Toxic Egg 2":2,"hubris:Towel":20,"reliquary:FerryPass":14},{"NeowsBlessing":0,"ReplayTheSpireMod:Shallot":4,"infinitespire:Broken Mirror":4,"halation:EternalFortune":9,"Simple Rune":10,"Ring of Chaos":7,"thethorton:CouragePotion":0,"Replay:Multitool":7,"conspire:BottledYoYo":10,"Toxic Egg 2":1,"hubris:Towel":9,"reliquary:FerryPass":6},{"NeowsBlessing":0,"ReplayTheSpireMod:Shallot":9,"infinitespire:Broken Mirror":9,"halation:EternalFortune":36,"Simple Rune":42,"Ring of Chaos":26,"thethorton:CouragePotion":0,"Replay:Multitool":26,"conspire:BottledYoYo":42,"Toxic Egg 2":1,"hubris:Towel":36,"reliquary:FerryPass":15}]},"card_choices":[{"not_picked":["thethorton:StumblingSlap","thethorton:DualBap"],"picked":"thethorton:RunningFeint","floor":1},{"not_picked":["thethorton:GemGun","thethorton:TakeAccounts"],"picked":"thethorton:Distance+1","floor":4},{"not_picked":["thethorton:DockPay","thethorton:BookBash"],"picked":"thethorton:RichRun+1","floor":5},{"not_picked":["thethorton:WhirlingBriefcase","thethorton:BusinessBoom"],"picked":"thethorton:DoubleRun+1","floor":7},{"not_picked":["thethorton:BookBash","thethorton:ThickSkin"],"picked":"thethorton:TakeAccounts","floor":11},{"not_picked":["thethorton:ElbowSmash","thethorton:StampSmack"],"picked":"thethorton:SicklyRun+1","floor":12},{"not_picked":["thethorton:BigBreak","thethorton:Escape+1"],"picked":"thethorton:Portfolio+1","floor":16},{"not_picked":["thethorton:CannonShot","thethorton:DualBap"],"picked":"thethorton:FearfulRun+1","floor":18},{"not_picked":["thethorton:FearfulRun+1","thethorton:RichRun+1"],"picked":"thethorton:LongTermPayoff+1","floor":19},{"not_picked":["thethorton:HedgeFund","thethorton:BoardroomBlast"],"picked":"thethorton:Crash","floor":24}],"player_experience":814413,"relics_obtained":[{"floor":7,"key":"ReplayTheSpireMod:Shallot"},{"floor":9,"key":"infinitespire:Broken Mirror"},{"floor":14,"key":"reliquary:FerryPass"},{"floor":16,"key":"Replay:Multitool"},{"floor":26,"key":"Simple Rune"},{"floor":27,"key":"conspire:BottledYoYo"}],"event_choices":[{"damage_healed":0,"gold_gain":0,"player_choice":"Bought 2 Potions","damage_taken":0,"max_hp_gain":0,"max_hp_loss":0,"event_name":"The Woman in Blue","floor":3,"gold_loss":0}],"is_beta":false,"boss_relics":[{"not_picked":["StSpp:PileOfSugar","Tiny House"],"picked":"Ring of Chaos"}],"items_purged_floors":[13],"is_endless":false,"potions_floor_spawned":[4,7,12,19,24],"killed_by":"Sentry and Sphere","ascension_level":0}}