{"host":"5z7rhcocprldured","time":1612989752,"event":{"mods":["2.2 Compatiblity","AchievementEnabler","BaseMod","Best Route Mod","Better Altar","Better Match","Better Note","Better Sensory Stone","Better Skull","Better Third Choice","BetterRewards","Block Reminder","Colored Map","Colored Powertips","Emptier Cage","Googly Eyes","Hermit","Marisa????????","Minty Spire (QoL Compilation)","Permanent Neow","Potionbrewer","Rare Cards Sparkle","StSLib","Synergy Search","The Cursed","The Hierophant","The Runesmith","Unceasing Turn Reminder"],"gold_per_floor":[115,128,55,55,68,68,87,87,87,87,37,63,74,89,89,191,191,179,179,179,179,179,179,179],"floor_reached":23,"language":"ENG","playtime":1030,"items_purged":[],"score":314,"play_id":"515f453e-48f2-422e-b54f-4e77b200d6da","local_time":"20210210204232","is_ascension_mode":false,"campfire_choices":[{"data":"Bouncing Flask","floor":6,"key":"SMITH"},{"data":"Infinite Blades","floor":8,"key":"SMITH"},{"floor":10,"key":"REST"},{"floor":15,"key":"REST"}],"circlet_count":0,"master_deck":["Defend_G","Defend_G","Defend_G","Defend_G","Defend_G","Survivor","Neutralize","Dagger Spray","Deadly Poison","Die Die Die","Bouncing Flask+1","Deadly Poison","Infinite Blades+1","Backflip","Footwork","Backflip","Adrenaline","Infinite Blades","Adrenaline+1","Bite","Bite","Bite","Bite","Bite","Footwork"],"relics":["Ring of the Snake","Question Card","Ornamental Fan","potionbrewer:RamsHorn","Lizard Tail","Black Star","Strawberry"],"acts_visited":["Exordium","TheCity"],"potions_floor_usage":[12,14],"damage_taken":[{"damage":1,"enemies":"Cultist","floor":1,"turns":6},{"damage":5,"enemies":"Small Slimes","floor":2,"turns":3},{"damage":0,"enemies":"Jaw Worm","floor":5,"turns":3},{"damage":0,"enemies":"Large Slime","floor":7,"turns":4},{"damage":24,"enemies":"Gremlin Nob","floor":12,"turns":4},{"damage":6,"enemies":"Exordium Wildlife","floor":13,"turns":4},{"damage":5,"enemies":"Looter","floor":14,"turns":3},{"damage":27,"enemies":"Hexaghost","floor":16,"turns":8},{"damage":25,"enemies":"2 Thieves","floor":18,"turns":4},{"damage":110,"enemies":"Gremlin Leader","floor":23,"turns":7}],"seed_played":"-1850151216510087242","potions_obtained":[{"floor":5,"key":"potionbrewer:BlacksmithPotion"},{"floor":7,"key":"Weak Potion"},{"floor":14,"key":"Fruit Juice"},{"floor":16,"key":"potionbrewer:MidasPotion"}],"is_trial":false,"path_per_floor":["M","M","$","?","M","R","M","R","T","R","?","E","M","M","R","B",null,"M","?","?","?","?","E"],"character_chosen":"THE_SILENT","items_purchased":["Question Card","Bouncing Flask"],"campfire_rested":2,"item_purchase_floors":[0,3],"current_hp_per_floor":[69,64,64,31,31,31,31,31,31,52,52,28,22,22,44,17,75,50,50,57,57,57,0,0],"gold":179,"neow_bonus":"","is_daily":false,"chose_seed":false,"campfire_upgraded":2,"win_rate":0.0,"timestamp":1612989752,"path_taken":["M","M","?","?","M","R","M","R","T","R","?","E","M","M","R","BOSS","M","?","?","?","?","E"],"items_purchased_type":["Relic","Card"],"build_version":"2020-12-22","purchased_purges":0,"victory":false,"max_hp_per_floor":[70,70,70,70,70,70,70,70,70,70,70,70,70,75,75,75,75,75,75,82,57,57,57,57],"card_choices":[{"not_picked":["Cloak And Dagger","Outmaneuver","Blade Dance"],"picked":"Deadly Poison","floor":1},{"not_picked":["Dodge and Roll","Sucker Punch","Deadly Poison"],"picked":"Die Die Die","floor":2},{"not_picked":["Bane","Blade Dance","Expertise"],"picked":"Deadly Poison","floor":5},{"not_picked":["Slice","Underhanded Strike","Outmaneuver"],"picked":"Infinite Blades","floor":7},{"not_picked":["Prepared","Calculated Gamble","Outmaneuver"],"picked":"Backflip","floor":12},{"not_picked":["Poisoned Stab","Slice","Crippling Poison"],"picked":"Footwork","floor":13},{"not_picked":["Setup","Deadly Poison","Flying Knee"],"picked":"Backflip","floor":14},{"not_picked":["Grand Finale","Tools of the Trade","Unload"],"picked":"Adrenaline","floor":16},{"not_picked":["Dagger Throw","Caltrops","Bane"],"picked":"Infinite Blades","floor":18}],"player_experience":167530,"relics_obtained":[{"floor":9,"key":"potionbrewer:RamsHorn"},{"floor":12,"key":"Lizard Tail"}],"event_choices":[{"damage_healed":0,"gold_gain":0,"player_choice":"Relic ","damage_taken":33,"max_hp_gain":0,"max_hp_loss":0,"event_name":"betterThird:BetterScrap","floor":4,"gold_loss":0,"cards_obtained":["Flame Barrier"]},{"cards_removed":["Strike_G"],"damage_healed":0,"gold_gain":0,"player_choice":"Card Removal","damage_taken":0,"max_hp_gain":0,"max_hp_loss":0,"event_name":"The Cleric","floor":11,"gold_loss":50},{"cards_removed":["Bouncing Flask"],"damage_healed":0,"gold_gain":0,"player_choice":"Take \u0026 Give","damage_taken":0,"max_hp_gain":0,"max_hp_loss":0,"event_name":"betterNote:BetterNote","floor":19,"gold_loss":0,"cards_obtained":["Adrenaline"]},{"damage_healed":0,"gold_gain":0,"player_choice":"Opened","damage_taken":0,"relics_obtained":["Strawberry"],"max_hp_gain":0,"max_hp_loss":0,"event_name":"The Mausoleum","floor":20,"gold_loss":0},{"damage_healed":0,"gold_gain":0,"player_choice":"Became a vampire","damage_taken":0,"max_hp_gain":0,"max_hp_loss":25,"event_name":"Vampires","floor":21,"gold_loss":0,"cards_obtained":["Bite","Bite","Bite","Bite","Bite"]},{"damage_healed":0,"gold_gain":0,"player_choice":"Read","damage_taken":0,"max_hp_gain":0,"max_hp_loss":0,"event_name":"The Library","floor":22,"gold_loss":0,"cards_obtained":["Footwork"]}],"is_beta":false,"boss_relics":[{"not_picked":["Velvet Choker","Runesmith:UraniumAnvil"],"picked":"Black Star"}],"items_purged_floors":[],"is_endless":false,"potions_floor_spawned":[5,7,14,16],"killed_by":"Gremlin Leader","ascension_level":0}}