{"host":"ptk1shuto3uimndw","time":1612947921,"event":{"mods":["AchievementEnabler","BaseMod","Bestiary","Colored Map","Colored Powertips","Curses Come First","Minty Spire (QoL Compilation)","Quick Restart","Rare Cards Sparkle","Relic Stats","StSLib","Uncapped"],"gold_per_floor":[116,128,143,154,166,166,201,201,201,201,201,214,214,248,248,322,322,337,417,428,443,95,129,129,158,158,184,203,203,229,209,209,282,282,293,31,50,50,50,83,100,129,129,7,7,39,39,70,70,70],"floor_reached":51,"language":"ENG","playtime":2260,"items_purged":["Strike_B","Strike_B"],"score":1964,"play_id":"77b9e0c1-3cf4-4ed5-8063-f47ca6e76658","local_time":"20210210100521","is_ascension_mode":true,"campfire_choices":[{"data":"Buffer","floor":6,"key":"SMITH"},{"data":"Lockon","floor":8,"key":"SMITH"},{"data":"Ball Lightning","floor":10,"key":"SMITH"},{"floor":15,"key":"REST"},{"floor":24,"key":"REST"},{"floor":29,"key":"REST"},{"floor":32,"key":"REST"},{"floor":45,"key":"REST"},{"data":"1","floor":47,"key":"LIFT"},{"data":"2","floor":49,"key":"LIFT"}],"circlet_count":0,"master_deck":["AscendersBane","Defend_B","Defend_B","Defend_B","Zap","Dualcast+1","Lockon+1","Ball Lightning+1","Reinforced Body","Buffer+1","Zap+1","Dark Shackles","Cold Snap","Echo Form","Sunder","Core Surge","Hologram","Echo Form","Creative AI","Reboot+1","Rip and Tear+1","Machine Learning+1","Consume+1","Capacitor","Self Repair","Defragment","Glacier"],"relics":["Snecko Eye","Tiny Chest","Thread and Needle","Gremlin Horn","TungstenRod","Fusion Hammer","The Courier","Gambling Chip","White Beast Statue","Pear","StrikeDummy","Prayer Wheel","Unceasing Top","Astrolabe","Ginger","Pen Nib","Girya","Cables","War Paint","Regal Pillow","Bronze Scales"],"acts_visited":["Exordium","TheCity","TheBeyond"],"potions_floor_usage":[7,50],"damage_taken":[{"damage":9,"enemies":"Jaw Worm","floor":1,"turns":4},{"damage":6,"enemies":"Cultist","floor":2,"turns":4},{"damage":0,"enemies":"Small Slimes","floor":3,"turns":3},{"damage":1,"enemies":"Looter","floor":4,"turns":4},{"damage":0,"enemies":"Red Slaver","floor":5,"turns":2},{"damage":26,"enemies":"Gremlin Nob","floor":7,"turns":5},{"damage":10,"enemies":"Lots of Slimes","floor":12,"turns":4},{"damage":1,"enemies":"3 Sentries","floor":14,"turns":6},{"damage":8,"enemies":"The Guardian","floor":16,"turns":9},{"damage":0,"enemies":"Chosen","floor":18,"turns":4},{"damage":0,"enemies":"Spheric Guardian","floor":20,"turns":4},{"damage":0,"enemies":"Shelled Parasite and Fungi","floor":21,"turns":4},{"damage":1,"enemies":"Book of Stabbing","floor":23,"turns":5},{"damage":18,"enemies":"Slavers","floor":25,"turns":5},{"damage":0,"enemies":"Book of Stabbing","floor":27,"turns":5},{"damage":5,"enemies":"Snecko","floor":28,"turns":3},{"damage":17,"enemies":"Slavers","floor":30,"turns":5},{"damage":0,"enemies":"Automaton","floor":33,"turns":7},{"damage":0,"enemies":"Orb Walker","floor":35,"turns":3},{"damage":12,"enemies":"3 Darklings","floor":37,"turns":4},{"damage":61,"enemies":"Reptomancer","floor":40,"turns":8},{"damage":0,"enemies":"Transient","floor":41,"turns":5},{"damage":0,"enemies":"Giant Head","floor":42,"turns":9},{"damage":14,"enemies":"Nemesis","floor":46,"turns":7},{"damage":0,"enemies":"Giant Head","floor":48,"turns":9},{"damage":13,"enemies":"Time Eater","floor":50,"turns":9}],"seed_played":"-5087673918988184084","potions_obtained":[{"floor":1,"key":"EssenceOfSteel"},{"floor":3,"key":"Ancient Potion"},{"floor":7,"key":"SmokeBomb"},{"floor":25,"key":"FocusPotion"},{"floor":31,"key":"FairyPotion"}],"is_trial":false,"path_per_floor":["M","M","M","M","M","R","E","R","T","R","?","M","?","E","R","B",null,"M","T","M","M","$","E","R","E","T","E","M","R","E","?","R","B",null,"M","$","M","$","T","E","M","E","T","$","R","E","R","E","R","B",null],"character_chosen":"DEFECT","items_purchased":["Gambling Chip","Hologram","Capacitor","Self Repair","Defragment","War Paint"],"campfire_rested":5,"item_purchase_floors":[22,22,36,36,36,44],"current_hp_per_floor":[55,49,49,48,48,48,22,22,22,22,22,12,12,11,32,24,59,59,59,59,59,59,58,71,63,63,63,58,81,64,64,81,81,81,81,81,81,81,81,34,41,55,55,55,79,79,79,81,81,68],"gold":70,"neow_bonus":"BOSS_RELIC","is_daily":false,"chose_seed":false,"campfire_upgraded":3,"win_rate":0.0,"timestamp":1612947921,"path_taken":["M","M","M","M","M","R","E","R","T","R","?","?","?","E","R","BOSS","M","?","M","M","$","E","R","E","T","E","?","R","E","?","R","BOSS","M","$","M","?","?","E","M","E","T","?","R","E","R","E","R","BOSS"],"items_purchased_type":["Relic","Card","Card","Card","Card","Relic"],"build_version":"2020-12-22","purchased_purges":2,"victory":true,"max_hp_per_floor":[71,71,71,71,71,71,71,71,71,71,71,71,71,71,71,71,71,71,71,71,71,71,71,71,81,81,81,81,81,81,81,81,81,81,81,81,81,81,81,81,81,81,81,81,81,81,81,81,81,81],"relic_stats":{"Regal Pillow":0,"Gremlin Horn":[17,17],"counters":[26,136],"Astrolabe":["Reboot","Rip and Tear","Machine Learning"],"Pen Nib":[5],"Ginger":[8],"War Paint":["Zap","Dualcast"],"Cables":[17,6,11,0,0],"Gambling Chip":[52],"Bronze Scales":[33],"Snecko Eye":[250,233,225,250],"Tiny Chest":2,"Prayer Wheel":4,"obtain_stats":[{"Girya":42,"Regal Pillow":46,"Pear":25,"Gremlin Horn":13,"Astrolabe":34,"Thread and Needle":9,"The Courier":19,"Pen Nib":40,"Ginger":39,"War Paint":44,"White Beast Statue":23,"Cables":43,"Gambling Chip":22,"Bronze Scales":48,"Snecko Eye":0,"Tiny Chest":7,"Prayer Wheel":27,"Fusion Hammer":17,"Cracked Core":0,"StrikeDummy":26,"TungstenRod":14,"Unceasing Top":30},{"Girya":23,"Regal Pillow":24,"Pear":14,"Gremlin Horn":7,"Astrolabe":18,"Thread and Needle":6,"The Courier":10,"Pen Nib":21,"Ginger":20,"War Paint":23,"White Beast Statue":13,"Cables":23,"Gambling Chip":12,"Bronze Scales":25,"Snecko Eye":0,"Tiny Chest":6,"Prayer Wheel":15,"Fusion Hammer":9,"Cracked Core":0,"StrikeDummy":14,"TungstenRod":8,"Unceasing Top":17},{"Girya":111,"Regal Pillow":118,"Pear":63,"Gremlin Horn":26,"Astrolabe":83,"Thread and Needle":22,"The Courier":45,"Pen Nib":98,"Ginger":90,"War Paint":111,"White Beast Statue":58,"Cables":111,"Gambling Chip":53,"Bronze Scales":127,"Snecko Eye":0,"Tiny Chest":22,"Prayer Wheel":68,"Fusion Hammer":41,"Cracked Core":0,"StrikeDummy":63,"TungstenRod":32,"Unceasing Top":76}],"TungstenRod":20,"Unceasing Top":[1]},"card_choices":[{"not_picked":["Heatsinks","Redo"],"picked":"Lockon","floor":1},{"not_picked":["Barrage","Turbo"],"picked":"Ball Lightning","floor":2},{"not_picked":["Ball Lightning","Compile Driver"],"picked":"Reinforced Body","floor":3},{"not_picked":["BootSequence","Rebound","Chaos"],"picked":"SKIP","floor":4},{"not_picked":["Compile Driver","Reprogram"],"picked":"Buffer","floor":5},{"not_picked":["Compile Driver","Auto Shields","Tempest"],"picked":"SKIP","floor":7},{"not_picked":["Steam","Melter","Stack"],"picked":"SKIP","floor":12},{"not_picked":["Static Discharge","Consume"],"picked":"Cold Snap","floor":14},{"not_picked":["Amplify","Machine Learning"],"picked":"Echo Form","floor":16},{"not_picked":["Recycle+1","Streamline","Beam Cell"],"picked":"SKIP","floor":18},{"not_picked":["Hello World","Compile Driver"],"picked":"Sunder","floor":20},{"not_picked":["Steam","Hologram"],"picked":"Core Surge","floor":21},{"not_picked":["Hologram","Reinforced Body","Streamline"],"picked":"SKIP","floor":23},{"not_picked":["Seek","Rebound","Reboot"],"picked":"SKIP","floor":25},{"not_picked":["Hologram","Leap","Heatsinks"],"picked":"SKIP","floor":27},{"not_picked":["Lockon","Ball Lightning","Compile Driver"],"picked":"SKIP","floor":28},{"not_picked":["Ball Lightning+1","Blizzard+1","Gash+1"],"picked":"SKIP","floor":28},{"not_picked":["Steam","Skim"],"picked":"Echo Form","floor":30},{"not_picked":["Reboot","All For One"],"picked":"Creative AI","floor":33},{"not_picked":["Chaos","Coolheaded"],"picked":"Consume+1","floor":35},{"not_picked":["Gash","Beam Cell","Steam"],"picked":"SKIP","floor":35},{"not_picked":["Capacitor","Sweeping Beam"],"picked":"Glacier","floor":37},{"not_picked":["Aggregate+1","Melter+1","Blizzard+1"],"picked":"SKIP","floor":37},{"not_picked":["Lockon","Leap+1","Blizzard"],"picked":"SKIP","floor":40},{"not_picked":["Sunder","Stack","Seek"],"picked":"SKIP","floor":41},{"not_picked":["Leap","Barrage","Turbo+1"],"picked":"SKIP","floor":41},{"not_picked":["Static Discharge","Genetic Algorithm","Defragment"],"picked":"SKIP","floor":42},{"not_picked":["Static Discharge","Streamline","Undo"],"picked":"SKIP","floor":46},{"not_picked":["Streamline+1","Steam","Skim"],"picked":"SKIP","floor":48}],"player_experience":248772,"relics_obtained":[{"floor":7,"key":"Tiny Chest"},{"floor":9,"key":"Thread and Needle"},{"floor":14,"key":"TungstenRod"},{"floor":19,"key":"The Courier"},{"floor":23,"key":"White Beast Statue"},{"floor":25,"key":"Pear"},{"floor":26,"key":"StrikeDummy"},{"floor":27,"key":"Prayer Wheel"},{"floor":30,"key":"Unceasing Top"},{"floor":39,"key":"Ginger"},{"floor":40,"key":"Pen Nib"},{"floor":42,"key":"Girya"},{"floor":43,"key":"Cables"},{"floor":46,"key":"Regal Pillow"},{"floor":48,"key":"Bronze Scales"}],"event_choices":[{"damage_healed":0,"gold_gain":0,"player_choice":"2 cards matched","damage_taken":0,"max_hp_gain":0,"max_hp_loss":0,"event_name":"Match and Keep!","floor":11,"gold_loss":0,"cards_obtained":["Zap","Dark Shackles"]},{"damage_healed":0,"gold_gain":0,"player_choice":"Searched \u00271\u0027 times","damage_taken":0,"relics_obtained":["Gremlin Horn"],"max_hp_gain":0,"max_hp_loss":0,"event_name":"Dead Adventurer","floor":13,"gold_loss":0},{"damage_healed":0,"gold_gain":0,"player_choice":"Bought 1 Potion","damage_taken":0,"max_hp_gain":0,"max_hp_loss":0,"event_name":"The Woman in Blue","floor":31,"gold_loss":0}],"is_beta":false,"boss_relics":[{"not_picked":["Busted Crown","Cursed Key"],"picked":"Fusion Hammer"},{"not_picked":["Tiny House","Velvet Choker"],"picked":"Astrolabe"}],"items_purged_floors":[22,36],"is_endless":false,"potions_floor_spawned":[1,3,7,12,18,23,25,27,28,30,33,35,37,40,41,42,46,48],"ascension_level":14}}