{"host":"faxec7zdkweurczj","time":1612957113,"event":{"mods":["Ascension Reborn","BaseMod","Colored Powertips","Conspire","Highlight Path","Minty Spire (QoL Compilation)","Replay The Spire","Shop Mod","StSLib","TestMod","[IsaacMod]ÒÔÈö¼âËþ","óô»ðÖ¸ÄÏ"],"gold_per_floor":[112,62,62,75,89,127,144,144,174,174,215,215,29,29,29,149,149,173,197,211,239,287,301,315,347,389,477,196,219,34,64,64,181,181,203,220,304,330,288,331,331,355,355,387,387,413,444,484,484,529,529,180,34,81,105],"floor_reached":56,"language":"ZHS","playtime":1937,"items_purged":["Strike_R+1","Pain","Strike_R+1","Defend_R+1","Defend_R+1","Defend_R+1"],"score":425,"play_id":"78dc9a54-9bc3-4074-9231-88eff60655e2","local_time":"20210210193833","is_ascension_mode":true,"campfire_choices":[{"floor":8.0,"key":"RECALL"},{"floor":12.0,"key":"REST"},{"floor":15.0,"key":"REST"},{"data":"Entrench","floor":24.0,"key":"SMITH"},{"data":"Metallicize","floor":32.0,"key":"SMITH"},{"data":"Defend_R+1","floor":41,"key":"PURGE"},{"data":"Berserk","floor":49,"key":"SMITH"}],"circlet_count":0,"master_deck":["Bash+1","Limit Break+1","Shrug It Off+1","Thunderclap+1","Heavy Blade+1","Demon Form+1","Body Slam+1","Entrench+1","Metallicize+1","Metallicize+1","Cleave+1","Berserk+1","Cleave+1","Heavy Blade+1","Metallicize","Shrug It Off","Shrug It Off"],"relics":["Burning Blood","testmod-TestBox","HushsDoor","testmod-ArcanaOfDestiny","Damocles","NeowsBlessing","TheBean","Nunchaku","testmod-D¨¦j¨¤vu","Molten Egg 2","Onion Ring","Pen Nib","DoctorsRemote","AnarchistCookbook","Replay:Multitool","Cursed Key","SalivaCoin","MutagenicStrength","Replay:Ringing Soul","testmod-AssaultLearning","Orichalcum","testmod-IndustrialRevolution","Omamori","Torii","Blue Doll","Ornamental Fan","Magic Flower","Oddly Smooth Stone","Counterbalance","Mirror","Happy Flower","BookOfRevelations","King of Hearts","EdensBlessing","HowToJump","Kunai","MerchantsRug","InkBottle","TheBible","Ginger","Boot","Iron Hammer","Golden Egg","Replay:Accelerometer","testmod-LifeArmor","Replay:Mystery Machine","Replay:Bandana","Lantern","Blood Vial","Lizard Tail","Replay:Bottled Snecko","BelialBook","Mercury Hourglass","DeathBook","HornCleat","Gambling Chip"],"acts_visited":["Exordium","TheCity","TheBeyond","TheEnding"],"potions_floor_usage":[33,38,55,55,55,55],"damage_taken":[{"damage":0.0,"enemies":"Small Slimes","floor":1.0,"turns":1.0},{"damage":0.0,"enemies":"2 Louse","floor":4.0,"turns":1.0},{"damage":0.0,"enemies":"Jaw Worm","floor":5.0,"turns":1.0},{"damage":0.0,"enemies":"Lagavulin","floor":6.0,"turns":3.0},{"damage":0.0,"enemies":"Gremlin Gang","floor":7.0,"turns":2.0},{"damage":0.0,"enemies":"Gremlin Nob","floor":11.0,"turns":1.0},{"damage":0.0,"enemies":"Fading Forest","floor":16.0,"turns":7.0},{"damage":0.0,"enemies":"conspire:FuzzyDice","floor":18.0,"turns":2.0},{"damage":0.0,"enemies":"Shell Parasite","floor":19.0,"turns":2.0},{"damage":0.0,"enemies":"Snake Plant","floor":21.0,"turns":1.0},{"damage":0.0,"enemies":"conspire:MimicChest","floor":22.0,"turns":1.0},{"damage":0.0,"enemies":"Sentry and Sphere","floor":25.0,"turns":3.0},{"damage":0.0,"enemies":"Slavers","floor":27.0,"turns":2.0},{"damage":0.0,"enemies":"conspire:HollyBat","floor":29.0,"turns":4.0},{"damage":0.0,"enemies":"Book of Stabbing","floor":31.0,"turns":1.0},{"damage":0,"enemies":"Champ","floor":33,"turns":2},{"damage":0,"enemies":"Orb Walker","floor":35,"turns":2},{"damage":0,"enemies":"3 Shapes","floor":36,"turns":1},{"damage":0,"enemies":"Transient","floor":38,"turns":5},{"damage":0,"enemies":"R_Hoarder","floor":40,"turns":2},{"damage":0,"enemies":"Jaw Worm Horde","floor":42,"turns":1},{"damage":0,"enemies":"Giant Head","floor":44,"turns":1},{"damage":0,"enemies":"Maw","floor":46,"turns":2},{"damage":0,"enemies":"Writhing Mass","floor":47,"turns":1},{"damage":0,"enemies":"4 Shapes","floor":48,"turns":1},{"damage":0,"enemies":"Awakened One","floor":50,"turns":3},{"damage":0,"enemies":"Shield and Spear","floor":54,"turns":1},{"damage":0,"enemies":"Delirium","floor":55,"turns":9}],"seed_played":"-6615693897055312021","potions_obtained":[{"floor":1.0,"key":"Adrenaline Potion"},{"floor":4.0,"key":"Ancient Potion"},{"floor":4.0,"key":"EssenceOfSteel"},{"floor":7.0,"key":"Block Potion"},{"floor":21.0,"key":"LiquidBronze"},{"floor":31.0,"key":"HeartOfIron"},{"floor":38,"key":"testmod-SpacePotion"},{"floor":38,"key":"Dexterity Potion"},{"floor":42,"key":"Dexterity Potion"}],"is_trial":false,"path_per_floor":["M","?","?","M","M","E","M","R","T","?","E","R","$","?","R","B",null,"M","M","?","M","?","?","R","M","T","E","$","M","$","E","R","B",null,"M","M","T","M","$","E","R","M","T","E","?","M","M","M","R","B",null,"R","$","E","B",null],"character_chosen":"IRONCLAD","items_purchased":["AnarchistCookbook","Demon Form","Ornamental Fan","Metallicize","Metallicize","Guide Book","Cleave+1","Damocles","Lee\u0027s Waffle","MerchantsRug","Metallicize","Mercury Hourglass","Shrug It Off","DeathBook"],"campfire_rested":2,"item_purchase_floors":[13,17,28,28,30,30,30,34,39,39,52,52,52,53],"current_hp_per_floor":[85,85,85,85,85,85,85,85,85,85,85,85,85,85,85,90,82,92,92,92,92,95,95,95,95,98,98,101,101,104,104,104,112,95,98,98,98,101,108,108,108,108,108,110,110,112,114,116,116,121,121,124,124,124,129],"gold":105,"neow_bonus":"THREE_ENEMY_KILL","is_daily":false,"chose_seed":false,"campfire_upgraded":3,"win_rate":0.0,"timestamp":1612957113,"path_taken":["M","?","?","M","?","E","M","R","T","?","E","R","$","?","R","BOSS","M","M","?","M","?","?","R","M","T","E","?","M","$","E","R","BOSS","M","M","?","M","$","E","R","M","T","E","?","M","?","M","R","BOSS","R","$","E","BOSS"],"items_purchased_type":["Relic","Card","Relic","Card","Card","Relic","Card","Relic","Relic","Relic","Card","Relic","Card","Relic"],"build_version":"2020-12-22","purchased_purges":6,"victory":true,"max_hp_per_floor":[85,85,85,85,85,85,85,85,85,85,85,85,85,85,85,90,82,92,92,92,92,95,95,95,95,98,98,101,101,104,104,104,112,95,98,98,98,101,108,108,108,108,108,110,110,112,114,116,116,121,121,124,124,124,129],"card_choices":[{"not_picked":[],"picked":"EpicFetus","floor":0.0},{"not_picked":["Run Through","True Grit","Blood for Blood"],"picked":"SKIP","floor":1.0},{"not_picked":["ReplayTheSpireMod:Stacked+1","Infernal Blade","Bomb"],"picked":"SKIP","floor":4.0},{"not_picked":["Run Through","Anger"],"picked":"Limit Break","floor":5.0},{"not_picked":["Pummel+1","Twin Strike+1"],"picked":"Shrug It Off","floor":6.0},{"not_picked":["Blood for Blood+1","Anger+1"],"picked":"Thunderclap+1","floor":6.0},{"not_picked":["Shockwave+1","Feel No Pain"],"picked":"Heavy Blade+1","floor":7.0},{"not_picked":["Ghostly Armor","Second Wind","Armaments"],"picked":"SKIP","floor":11.0},{"not_picked":["Havoc","ReplayReversal","ReplayTheSpireMod:LeadingStrike+1"],"picked":"SKIP","floor":11.0},{"not_picked":["Thunderclap+1","Clothesline+1"],"picked":"Body Slam+1","floor":18.0},{"not_picked":["Run Through+1","True Grit","Combust+1"],"picked":"SKIP","floor":19.0},{"not_picked":["Flex+1","Sword Boomerang+1","Armaments+1"],"picked":"SKIP","floor":21.0},{"not_picked":["Sword Boomerang+1","Flame Barrier+1"],"picked":"Entrench","floor":22.0},{"not_picked":["Flex","Life Link","Battle Trance+1"],"picked":"SKIP","floor":25.0},{"not_picked":["Headbutt+1","Hemogenesis+1","Pummel+1"],"picked":"SKIP","floor":27.0},{"not_picked":["Defy Death","Iron Wave+1","Clothesline+1"],"picked":"SKIP","floor":29.0},{"not_picked":["Thunderclap+1","Perfected Strike+1","Clothesline+1"],"picked":"SKIP","floor":31.0},{"not_picked":["Fiend Fire+1","Juggernaut"],"picked":"Berserk","floor":33},{"not_picked":["Replay:Undeath\u0027s Touch+1","Life Link+1"],"picked":"Cleave+1","floor":35},{"not_picked":["Hemokinesis+1","Dropkick+1","Uppercut+1"],"picked":"SKIP","floor":36},{"not_picked":["Warcry+1","Thunderclap+1"],"picked":"Heavy Blade+1","floor":38},{"not_picked":["Battle Trance+1","Rampage+1","ReplayTheSpireMod:Strike From Hell+1"],"picked":"SKIP","floor":40},{"not_picked":["Replay:Undeath\u0027s Touch+1","Armaments","Havoc+1"],"picked":"SKIP","floor":42},{"not_picked":["Blood for Blood+1","Perfected Strike+1","Thunderclap+1"],"picked":"Singing Bowl","floor":44},{"not_picked":["Wild Strike+1","Intimidate","Power Through+1"],"picked":"Singing Bowl","floor":46},{"not_picked":["Clothesline+1","Whirlwind+1","Pummel+1"],"picked":"Singing Bowl","floor":47},{"not_picked":["ReplayReversal","Massacre+1","True Grit+1"],"picked":"Singing Bowl","floor":48},{"not_picked":["Power Through+1","Searing Blow+1","Flex+1"],"picked":"SKIP","floor":54}],"player_experience":1241956,"relics_obtained":[{"floor":1.0,"key":"TheBean"},{"floor":4.0,"key":"Nunchaku"},{"floor":5.0,"key":"testmod-D¨¦j¨¤vu"},{"floor":6.0,"key":"Molten Egg 2"},{"floor":6.0,"key":"Replay:Bottled Eggs"},{"floor":7.0,"key":"War Paint"},{"floor":9.0,"key":"Onion Ring"},{"floor":11.0,"key":"Pen Nib"},{"floor":11.0,"key":"DoctorsRemote"},{"floor":16.0,"key":"Replay:Multitool"},{"floor":18.0,"key":"SalivaCoin"},{"floor":18.0,"key":"Pear"},{"floor":19.0,"key":"MawBank"},{"floor":21.0,"key":"Replay:Ringing Soul"},{"floor":22.0,"key":"testmod-AssaultLearning"},{"floor":22.0,"key":"Orichalcum"},{"floor":26.0,"key":"testmod-IndustrialRevolution"},{"floor":26.0,"key":"Omamori"},{"floor":27.0,"key":"Torii"},{"floor":27.0,"key":"Blue Doll"},{"floor":29.0,"key":"Magic Flower"},{"floor":31.0,"key":"Oddly Smooth Stone"},{"floor":31.0,"key":"testmod-Acrobat"},{"floor":33,"key":"Counterbalance"},{"floor":35,"key":"Mirror"},{"floor":35,"key":"Happy Flower"},{"floor":36,"key":"BookOfRevelations"},{"floor":36,"key":"Whetstone"},{"floor":36,"key":"King of Hearts"},{"floor":37,"key":"EdensBlessing"},{"floor":38,"key":"HowToJump"},{"floor":38,"key":"Kunai"},{"floor":40,"key":"InkBottle"},{"floor":40,"key":"TheBible"},{"floor":40,"key":"Ginger"},{"floor":42,"key":"Boot"},{"floor":42,"key":"Iron Hammer"},{"floor":43,"key":"Golden Egg"},{"floor":43,"key":"Singing Bowl"},{"floor":44,"key":"Replay:Accelerometer"},{"floor":44,"key":"testmod-LifeArmor"},{"floor":44,"key":"Replay:Mystery Machine"},{"floor":46,"key":"Replay:Bandana"},{"floor":46,"key":"Gremlin Food"},{"floor":46,"key":"Lantern"},{"floor":47,"key":"Blood Vial"},{"floor":47,"key":"Lizard Tail"},{"floor":48,"key":"Replay:Bottled Snecko"},{"floor":48,"key":"BelialBook"},{"floor":54,"key":"HornCleat"},{"floor":54,"key":"Gambling Chip"}],"event_choices":[{"cards_removed":["Strike_R"],"damage_healed":0.0,"max_hp_gain":0.0,"max_hp_loss":0.0,"gold_gain":0.0,"event_name":"The Cleric","player_choice":"Card Removal","floor":2.0,"gold_loss":50.0,"damage_taken":0.0},{"damage_healed":0.0,"max_hp_gain":0.0,"max_hp_loss":0.0,"gold_gain":0.0,"event_name":"Upgrade Shrine","player_choice":"Upgraded","floor":3.0,"gold_loss":0.0,"damage_taken":0.0,"cards_upgraded":["EpicFetus"]},{"damage_healed":0.0,"max_hp_gain":0.0,"max_hp_loss":0.0,"gold_gain":0.0,"event_name":"conspire:Investor","player_choice":"Leave","floor":14.0,"gold_loss":0.0,"damage_taken":0.0},{"damage_healed":0.0,"max_hp_gain":0.0,"max_hp_loss":0.0,"gold_gain":0.0,"event_name":"Drug Dealer","player_choice":"Inject Mutagens","floor":20.0,"gold_loss":0.0,"damage_taken":0.0,"relics_obtained":["MutagenicStrength"]}],"is_beta":false,"boss_relics":[{"not_picked":["testmod-KeyOfTheVoid","conspire:SeveredTorchhead"],"picked":"Cursed Key"},{"not_picked":[]},{"not_picked":["SlaversCollar","ChewingGum"],"picked":"Empty Cage"},{"not_picked":[]}],"items_purged_floors":[17,28,34,39,52,53],"is_endless":false,"potions_floor_spawned":[1,4,6,11,21,25,27,38,42,44,46,54],"ascension_level":-20}}