{"host":"5ezk7t18wcb10u1o","time":1612926559,"event":{"mods":["BaseMod","Bestiary","Colored Powertips","Minty Spire (QoL Compilation)","Relic Sorter"],"gold_per_floor":[114,114,39,52,66,66,81,81,104,119,119,119,144,144,144,216,216,235,254,272,272,165,190,190,190],"floor_reached":24,"language":"ENG","playtime":994,"items_purged":["Strike_B"],"score":432,"play_id":"b63ffa31-dd67-4a44-8923-78623da90bb9","local_time":"20210210030919","is_ascension_mode":true,"campfire_choices":[{"data":"Go for the Eyes","floor":6.0,"key":"SMITH"},{"data":"Sweeping Beam","floor":8.0,"key":"SMITH"},{"data":"Zap","floor":11.0,"key":"SMITH"},{"floor":15.0,"key":"REST"}],"circlet_count":0,"master_deck":["AscendersBane","Strike_B","Strike_B","Defend_B","Defend_B","Defend_B","Defend_B","Zap+1","Dualcast+1","Core Surge","Streamline","Double Energy","Go for the Eyes+1","Sweeping Beam+1","Sunder","All For One","Coolheaded","Melter","Redo+1","PanicButton","Go for the Eyes"],"relics":["Cracked Core","PreservedInsect","Bag of Preparation","Sozu","StrikeDummy"],"acts_visited":["Exordium","TheCity"],"potions_floor_usage":[],"damage_taken":[{"damage":5.0,"enemies":"2 Louse","floor":1.0,"turns":2.0},{"damage":0.0,"enemies":"Cultist","floor":4.0,"turns":3.0},{"damage":0.0,"enemies":"Jaw Worm","floor":5.0,"turns":2.0},{"damage":9.0,"enemies":"Red Slaver","floor":7.0,"turns":2.0},{"damage":0.0,"enemies":"Exordium Wildlife","floor":10.0,"turns":2.0},{"damage":15.0,"enemies":"Lagavulin","floor":13.0,"turns":4.0},{"damage":17.0,"enemies":"Slime Boss","floor":16.0,"turns":8.0},{"damage":18.0,"enemies":"2 Thieves","floor":18.0,"turns":3.0},{"damage":6.0,"enemies":"Spheric Guardian","floor":19.0,"turns":3.0},{"damage":8.0,"enemies":"Snecko","floor":20.0,"turns":4.0},{"damage":14.0,"enemies":"Slavers","floor":23.0,"turns":4.0},{"damage":18,"enemies":"Centurion and Healer","floor":24,"turns":1}],"seed_played":"8475165776594779919","potions_obtained":[{"floor":4.0,"key":"Swift Potion"},{"floor":5.0,"key":"EssenceOfDarkness"},{"floor":7.0,"key":"Block Potion"},{"floor":14.0,"key":"Explosive Potion"}],"is_trial":false,"path_per_floor":["M","?","$","M","M","R","M","R","T","M","R","$","E","?","R","B",null,"M","M","M","?","$","E","M"],"character_chosen":"DEFECT","items_purchased":["PanicButton"],"campfire_rested":1,"item_purchase_floors":[22],"current_hp_per_floor":[59,59,59,59,59,59,50,50,50,50,50,50,35,35,56,39,63,45,39,31,31,31,17,0,0],"gold":190,"neow_bonus":"ONE_RANDOM_RARE_CARD","is_daily":false,"chose_seed":false,"campfire_upgraded":3,"win_rate":0.0,"timestamp":1612926559,"path_taken":["M","?","?","M","M","R","M","R","T","?","R","$","E","?","R","BOSS","M","?","M","?","$","E","M"],"items_purchased_type":["Card"],"build_version":"2020-12-22","purchased_purges":1,"victory":false,"max_hp_per_floor":[71,71,71,71,71,71,71,71,71,71,71,71,71,71,71,71,71,71,71,71,71,71,71,71,71],"card_choices":[{"not_picked":["Cold Snap","Steam Power"],"picked":"Streamline","floor":1.0},{"not_picked":["Coolheaded","Glacier"],"picked":"Double Energy","floor":4.0},{"not_picked":["Barrage","Coolheaded"],"picked":"Go for the Eyes","floor":5.0},{"not_picked":["Stack","Consume"],"picked":"Sweeping Beam","floor":7.0},{"not_picked":["Sweeping Beam","Redo"],"picked":"Sunder","floor":10.0},{"not_picked":["Recycle","Gash"],"picked":"All For One","floor":13.0},{"not_picked":["Stack","Turbo"],"picked":"Coolheaded","floor":18.0},{"not_picked":["Reinforced Body","Sweeping Beam"],"picked":"Melter","floor":19.0},{"not_picked":["Gash","Cold Snap"],"picked":"Redo+1","floor":20.0},{"not_picked":["Cold Snap","Aggregate+1"],"picked":"Go for the Eyes","floor":23.0}],"player_experience":1205447,"relics_obtained":[{"floor":9.0,"key":"PreservedInsect"},{"floor":13.0,"key":"Bag of Preparation"},{"floor":23.0,"key":"StrikeDummy"}],"event_choices":[{"damage_healed":0.0,"max_hp_gain":0.0,"max_hp_loss":0.0,"gold_gain":0.0,"event_name":"Upgrade Shrine","player_choice":"Upgraded","floor":2.0,"gold_loss":0.0,"damage_taken":0.0,"cards_upgraded":["Dualcast"]},{"damage_healed":0.0,"max_hp_gain":0.0,"max_hp_loss":0.0,"gold_gain":0.0,"event_name":"Lab","player_choice":"Got Potions","floor":14.0,"gold_loss":0.0,"damage_taken":0.0},{"cards_removed":["Strike_B"],"damage_healed":0.0,"max_hp_gain":0.0,"max_hp_loss":0.0,"gold_gain":0.0,"event_name":"Purifier","player_choice":"Purged","floor":21.0,"gold_loss":0.0,"damage_taken":0.0}],"is_beta":false,"boss_relics":[{"not_picked":["Ectoplasm","Snecko Eye"],"picked":"Sozu"}],"items_purged_floors":[3],"is_endless":false,"potions_floor_spawned":[4,5,7,20],"killed_by":"Centurion and Healer","ascension_level":20}}