{"host":"ttx8tv95o5vka1nm","time":1612964255,"event":{"mods":["AchievementEnabler","BaseMod","BetterRewards","Colored Map","Evolution","Hermit","Hubris","Infinite Spire","Jorbs\u0027s Wanderer Trilogy","Minty Spire (QoL Compilation)","Relic Filter Mod","Reliquary","Robot Space Explorer","Shop Mod","Spicy Shops","StSLib","The Blue Laboratory","The Bug Knight","The Construct","The Cursed","The Disciple","The Forsaken","The Hierophant","The Necromancer","The Runesmith","TheBandit"],"gold_per_floor":[111,125,140,40,5,34,48,48,48,80,94,113,113,144,144,242,242,182,182],"floor_reached":18,"language":"ENG","playtime":1582,"items_purged":[],"score":296,"play_id":"0d81f814-82f4-4beb-9935-a07bf5f56759","local_time":"20210210233735","is_ascension_mode":true,"campfire_choices":[{"data":"HollowMod:NewGlowingWomb","floor":13,"key":"SMITH"},{"floor":15,"key":"REST"}],"circlet_count":0,"master_deck":["HollowMod:NailStrikeStart","HollowMod:NailStrikeStart+1","HollowMod:NailStrikeStart","HollowMod:QuickDashStart","HollowMod:QuickDashStart","HollowMod:QuickDashStart","HollowMod:FocusHealStart","HollowMod:PogoStrike","HollowMod:ChannelNail","HollowMod:NewGlowingWomb+1","HollowMod:MawleksShell+1","HollowMod:LifebloodCocoon+1","HollowMod:MothsMistake","HollowMod:HowlingWraiths","infinitespire:DeathsTouch"],"relics":["HollowMod:VesselMask","EVO:Axolotl","HollowMod:KingsBrand","Anchor","infinitespire:Lychee Nut","Toxic Egg 2","PrismaticShard","reliquary:Boomerang","reliquary:JackalopeAntler","construct:RocketBooster","hubris:TenFootPole","Empty Cage"],"acts_visited":["Exordium","TheCity"],"potions_floor_usage":[10,16],"damage_taken":[{"damage":2,"enemies":"Jaw Worm","floor":1,"turns":5},{"damage":2,"enemies":"Small Slimes","floor":2,"turns":3},{"damage":8,"enemies":"2 Louse","floor":3,"turns":4},{"damage":19,"enemies":"Gremlin Nob","floor":6,"turns":4},{"damage":8,"enemies":"Large Slime","floor":7,"turns":8},{"damage":26,"enemies":"3 Sentries","floor":10,"turns":7},{"damage":2,"enemies":"Looter","floor":11,"turns":3},{"damage":10,"enemies":"Blue Slaver","floor":12,"turns":5},{"damage":26,"enemies":"Gremlin Nob","floor":14,"turns":4},{"damage":39,"enemies":"HollowMod:FalseKnight","floor":16,"turns":14},{"damage":34,"enemies":"2 Thieves","floor":18,"turns":3}],"seed_played":"-6760154686074950310","potions_obtained":[{"floor":1,"key":"blueLaboratory:SavagePotion"},{"floor":7,"key":"SteroidPotion"},{"floor":10,"key":"DuplicationPotion"}],"is_trial":false,"path_per_floor":["M","M","M","$","?","E","M","?","T","E","M","M","R","E","R","B",null,"M"],"character_chosen":"THE_BUGKNIGHT","items_purchased":["HollowMod:KingsBrand","Anchor","HollowMod:ChannelNail","HollowMod:NewGlowingWomb","Toxic Egg 2","PrismaticShard","HollowMod:HowlingWraiths"],"campfire_rested":1,"item_purchase_floors":[0,0,0,0,0,4,4],"current_hp_per_floor":[56,56,54,54,56,38,46,33,33,23,26,28,28,14,30,9,56,24,24],"gold":182,"neow_bonus":"","is_daily":false,"chose_seed":false,"campfire_upgraded":1,"win_rate":0.0,"timestamp":1612964255,"path_taken":["M","M","M","$","?","E","M","?","T","E","M","M","R","E","R","BOSS","M"],"items_purchased_type":["Relic","Relic","Card","Card","Relic","Relic","Card"],"build_version":"2020-12-22","purchased_purges":0,"victory":false,"max_hp_per_floor":[56,56,56,56,56,56,56,56,56,56,56,56,56,56,56,56,56,56,56],"card_choices":[{"not_picked":["HollowMod:ShadowDash+1","HollowMod:CornifersMapStart+1"],"picked":"HollowMod:MawleksShell+1","floor":1},{"not_picked":["HollowMod:CycloneSlash","HollowMod:VengefulVoid"],"picked":"HollowMod:LifebloodCocoon+1","floor":2},{"not_picked":["HollowMod:GoodIntentions+1","HollowMod:SharpenedShadows"],"picked":"HollowMod:MothsMistake","floor":3},{"not_picked":["Flesh_Made_Foul","HollowMod:ChannelNail+1","LikeWater"],"picked":"SKIP","floor":6},{"not_picked":["Headbutt","Vampiric_Strike","wariomod:EnergizedBombs"],"picked":"SKIP","floor":7},{"not_picked":["infinitespire:Punishment","infinitespire:FinalStrike"],"picked":"infinitespire:DeathsTouch","floor":8},{"not_picked":["stsjorbsmod:RefuseToForget+1","TheCursedMod:EmpowerCircles","hierophant:ThreeLashes"],"picked":"SKIP","floor":10},{"not_picked":["HollowMod:FastStrike","stsjorbsmod:Prepare+1","construct:OmegaCannon"],"picked":"SKIP","floor":11},{"not_picked":["Cleave","hermit:Vantage+1","hierophant:FlamingChariot"],"picked":"SKIP","floor":12},{"not_picked":["wariomod:DonateDraw","Barrage","hermit:Headshot"],"picked":"SKIP","floor":14}],"player_experience":892381,"relics_obtained":[{"floor":6,"key":"reliquary:Boomerang"},{"floor":9,"key":"reliquary:JackalopeAntler"},{"floor":10,"key":"construct:RocketBooster"},{"floor":14,"key":"hubris:TenFootPole"}],"event_choices":[{"damage_healed":14,"gold_gain":0,"player_choice":"Healed","damage_taken":0,"max_hp_gain":0,"max_hp_loss":0,"event_name":"The Cleric","floor":5,"gold_loss":35}],"is_beta":false,"boss_relics":[{"not_picked":["Cursed Key","Runic Dome"],"picked":"Empty Cage"}],"items_purged_floors":[],"is_endless":false,"potions_floor_spawned":[1,7,10],"killed_by":"2 Thieves","ascension_level":1}}