{"host":"ttx8tv95o5vka1nm","time":1612966337,"event":{"mods":["AchievementEnabler","BaseMod","BetterRewards","Colored Map","Evolution","Hermit","Hubris","Infinite Spire","Jorbs\u0027s Wanderer Trilogy","Minty Spire (QoL Compilation)","Relic Filter Mod","Reliquary","Robot Space Explorer","Shop Mod","Spicy Shops","StSLib","The Blue Laboratory","The Bug Knight","The Construct","The Cursed","The Disciple","The Forsaken","The Hierophant","The Necromancer","The Runesmith","TheBandit"],"gold_per_floor":[113,113,113,125,125,158,158,170,170,221,221,240,21,46,46,143,143,156,156,156,2,13,93,93,93,93,93],"floor_reached":25,"language":"ENG","playtime":2020,"items_purged":["wariomod:DanceDash","wariomod:DanceDash"],"score":327,"play_id":"a1855660-bdc5-4f4c-acea-57c7201138c2","local_time":"20210211001217","is_ascension_mode":false,"campfire_choices":[{"data":"wariomod:RacingSpeed","floor":7,"key":"SMITH"},{"data":"wariomod:Goblast","floor":11,"key":"SMITH"},{"floor":15,"key":"DIG"},{"floor":24,"key":"REST"}],"circlet_count":0,"master_deck":["wariomod:DanceDash","wariomod:DanceDash","wariomod:SimpleShield","wariomod:Defend","wariomod:Defend","wariomod:Defend","wariomod:Step","wariomod:Leap","wariomod:DonateDraw+1","wariomod:DropBash","wariomod:WhirlwindBurst+1","wariomod:Goblast+1","wariomod:RacingSpeed+1","wariomod:NullJump","wariomod:GreaterGuard","wariomod:Bombshield+1","wariomod:HappyHit","wariomod:WipeClean","wariomod:Leapslam+1","wariomod:TreasureDig+1","wariomod:BoomBoom+1"],"relics":["wariomod:TheHat","EVO:Axolotl","Juzu Bracelet","theForsaken:HumbleEgg","Shovel","hubris:CrystalStatue","Omamori","Membership Card","wariomod:GlassHat","hubris:MobiusCoin","infinitespire:Joker Card","hubris:TerracottaHorce","MerchantsRug","PreservedInsect","Bag of Marbles","Girya"],"acts_visited":["Exordium","TheCity"],"potions_floor_usage":[12],"damage_taken":[{"damage":0,"enemies":"Cultist","floor":1,"turns":4},{"damage":0,"enemies":"Jaw Worm","floor":4,"turns":5},{"damage":11,"enemies":"Gremlin Nob","floor":6,"turns":5},{"damage":1,"enemies":"2 Louse","floor":8,"turns":2},{"damage":0,"enemies":"Blue Slaver","floor":12,"turns":3},{"damage":11,"enemies":"3 Sentries","floor":14,"turns":5},{"damage":3,"enemies":"Hexaghost","floor":16,"turns":9},{"damage":1,"enemies":"2 Thieves","floor":18,"turns":4},{"damage":22,"enemies":"3 Byrds","floor":22,"turns":3},{"damage":28,"enemies":"Gremlin Leader","floor":23,"turns":5},{"damage":31,"enemies":"Nightmare","floor":25,"turns":4}],"seed_played":"3633160876128028400","potions_obtained":[{"floor":6,"key":"Weak Potion"},{"floor":8,"key":"blueLaboratory:BubblePotion"},{"floor":14,"key":"blueLaboratory:ArtificerPotion"},{"floor":16,"key":"blueLaboratory:PyrophylliteBrew"}],"is_trial":false,"path_per_floor":["M","?","?","M","?","E","R","M","T","T","R","M","$","E","R","B",null,"M","?","?","$","M","E","R","NM"],"character_chosen":"THE_BANDIT","items_purchased":["Juzu Bracelet","wariomod:DonateDraw","wariomod:DropBash","Membership Card","wariomod:GlassHat","MerchantsRug","PreservedInsect","Bag of Marbles"],"campfire_rested":1,"item_purchase_floors":[0,0,0,13,13,21,21,21],"current_hp_per_floor":[80,80,64,64,61,50,50,49,49,49,49,49,49,38,38,35,69,68,53,53,53,31,3,28,0,0,0],"gold":93,"neow_bonus":"","is_daily":false,"chose_seed":false,"campfire_upgraded":2,"win_rate":0.0,"timestamp":1612966337,"path_taken":["M","?","?","M","?","E","R","M","T","?","R","M","$","E","R","BOSS","M","?","?","$","M","E","R","NM"],"items_purchased_type":["Relic","Card","Card","Relic","Relic","Relic","Relic","Relic"],"build_version":"2020-12-22","purchased_purges":2,"victory":false,"max_hp_per_floor":[80,80,80,80,80,80,80,80,80,80,80,80,80,80,80,80,80,80,85,85,85,85,85,85,85,85,85],"card_choices":[{"not_picked":["wariomod:BodyBlock","wariomod:Bombshield"],"picked":"wariomod:WhirlwindBurst","floor":1},{"not_picked":["wariomod:DoubleDash","wariomod:DisarmingMoves"],"picked":"wariomod:RacingSpeed","floor":4},{"not_picked":["wariomod:DanceDash+1","wariomod:f"],"picked":"wariomod:NullJump","floor":6},{"not_picked":["wariomod:GodlyGift","wariomod:SpikeSlash+1"],"picked":"wariomod:GreaterGuard","floor":8},{"not_picked":["wariomod:Game+1","wariomod:Smackflip+1"],"picked":"wariomod:Bombshield+1","floor":12},{"not_picked":["wariomod:AwfulLook+1","wariomod:Boomsmack+1"],"picked":"wariomod:HappyHit","floor":14},{"not_picked":["wariomod:BoomAndDoom","wariomod:KeyFinisher"],"picked":"wariomod:WipeClean","floor":16},{"not_picked":["wariomod:HappyHit","wariomod:DanceDash+1"],"picked":"wariomod:Leapslam+1","floor":18},{"not_picked":["wariomod:Bombshield+1","wariomod:Boomsmack+1"],"picked":"wariomod:TreasureDig+1","floor":22},{"not_picked":["wariomod:Boomsmack+1","wariomod:DoubleDash+1"],"picked":"wariomod:BoomBoom+1","floor":23}],"player_experience":893963,"relics_obtained":[{"floor":6,"key":"Shovel"},{"floor":9,"key":"hubris:CrystalStatue"},{"floor":10,"key":"Omamori"},{"floor":14,"key":"reliquary:FerryPass"},{"floor":15,"key":"hubris:MobiusCoin"},{"floor":16,"key":"infinitespire:Joker Card"},{"floor":23,"key":"Girya"}],"event_choices":[{"damage_healed":0,"gold_gain":0,"player_choice":"Entered Light","damage_taken":16,"max_hp_gain":0,"max_hp_loss":0,"event_name":"Shining Light","floor":3,"gold_loss":0,"cards_upgraded":["wariomod:WhirlwindBurst","wariomod:DonateDraw"]},{"damage_healed":0,"gold_gain":0,"player_choice":"Success","damage_taken":3,"relics_obtained":["theForsaken:HumbleEgg"],"max_hp_gain":0,"max_hp_loss":0,"event_name":"Scrap Ooze","floor":5,"gold_loss":0},{"damage_healed":0,"gold_gain":0,"player_choice":"Shed Blood","damage_taken":20,"max_hp_gain":5,"max_hp_loss":0,"event_name":"Forgotten Altar","floor":19,"gold_loss":0}],"is_beta":false,"boss_relics":[{"not_picked":["hubris:CrackedHourglass","Ectoplasm"],"picked":"hubris:TerracottaHorce"}],"items_purged_floors":[0,21],"is_endless":false,"potions_floor_spawned":[6,8,14,16,18],"killed_by":"Nightmare","ascension_level":0}}