{"host":"p7cjtxxrilhp4dw7","time":1612923446,"event":{"mods":["BaseMod","Block Reminder","Colored Map","Curses Come First","Highlight Path","Minty Spire (QoL Compilation)","Replay The Spire","StSLib"],"gold_per_floor":[111,129,129,129,141,175,175,188,188,222,239,239,239,269,269,269,269],"floor_reached":16,"language":"ENG","playtime":1063,"items_purged":[],"score":186,"play_id":"0a603ef7-cd88-4cba-a689-a51d3c7dfcf2","local_time":"20210209191726","is_ascension_mode":true,"campfire_choices":[{"floor":7,"key":"REST"},{"floor":12,"key":"REST"},{"floor":15,"key":"REST"}],"circlet_count":0,"master_deck":["AscendersBane","Strike_R","Strike_R","Strike_R","Strike_R+1","Strike_R","Defend_R","Defend_R","Defend_R","Defend_R","Bash+1","Defend_B","Strike_B","Spot Weakness","Rupture","Life Link","Dropkick","Reaper","Cleave"],"relics":["Burning Blood","TungstenRod","Darkstone Periapt","Centennial Puzzle","Garlic","MealTicket","Replay:Mystery Machine"],"acts_visited":["Exordium"],"potions_floor_usage":[6,10,14],"damage_taken":[{"damage":2,"enemies":"Jaw Worm","floor":1,"turns":4},{"damage":0,"enemies":"Cultist","floor":2,"turns":4},{"damage":0,"enemies":"Small Slimes","floor":5,"turns":2},{"damage":37,"enemies":"Gremlin Nob","floor":6,"turns":5},{"damage":8,"enemies":"2 Fungi Beasts","floor":8,"turns":5},{"damage":26,"enemies":"3 Sentries","floor":10,"turns":10},{"damage":8,"enemies":"Lots of Slimes","floor":11,"turns":5},{"damage":43,"enemies":"Lagavulin","floor":14,"turns":7},{"damage":0,"enemies":"Fading Forest","floor":16,"turns":4}],"seed_played":"7522469913418136530","potions_obtained":[{"floor":1,"key":"Regen Potion"},{"floor":6,"key":"ColorlessPotion"},{"floor":11,"key":"SkillPotion"}],"is_trial":false,"path_per_floor":["M","M","?","T","M","E","R","M","T","E","M","R","?","E","R","B"],"character_chosen":"IRONCLAD","items_purchased":[],"campfire_rested":3,"item_purchase_floors":[],"current_hp_per_floor":[76,80,65,65,71,52,76,74,74,54,52,76,81,51,76,76,76],"gold":269,"neow_bonus":"ONE_RARE_RELIC","is_daily":false,"chose_seed":false,"campfire_upgraded":0,"win_rate":0.0,"timestamp":1612923446,"path_taken":["M","M","?","?","M","E","R","M","T","E","?","R","?","E","R","BOSS"],"items_purchased_type":[],"build_version":"2020-12-22","purchased_purges":0,"victory":false,"max_hp_per_floor":[80,80,80,80,80,80,80,80,80,80,80,80,85,85,85,85,85],"card_choices":[{"not_picked":["Feel No Pain","Body Slam"],"picked":"Spot Weakness","floor":1},{"not_picked":["Clash","Flex"],"picked":"Rupture","floor":2},{"not_picked":["ReplayTheSpireMod:Strike From Hell","Anger","Seeing Red"],"picked":"SKIP","floor":5},{"not_picked":["Battle Trance","Searing Blow"],"picked":"Life Link","floor":6},{"not_picked":["Defy Death","Life Link","Perfected Strike"],"picked":"SKIP","floor":8},{"not_picked":["Entrench","Sentinel"],"picked":"Dropkick","floor":10},{"not_picked":["Cleave","Fire Breathing"],"picked":"Reaper","floor":11},{"not_picked":["True Grit","Clash"],"picked":"Cleave","floor":14}],"player_experience":602904,"relics_obtained":[{"floor":4,"key":"Darkstone Periapt"},{"floor":6,"key":"Centennial Puzzle"},{"floor":9,"key":"Garlic"},{"floor":10,"key":"MealTicket"},{"floor":14,"key":"Replay:Mystery Machine"}],"event_choices":[{"damage_healed":0,"gold_gain":0,"player_choice":"Entered Light","damage_taken":16,"max_hp_gain":0,"max_hp_loss":0,"event_name":"Shining Light","floor":3,"gold_loss":0,"cards_upgraded":["Bash","Strike_R"]},{"damage_healed":0,"gold_gain":0,"player_choice":"Donut","damage_taken":0,"max_hp_gain":5,"max_hp_loss":0,"event_name":"Big Fish","floor":13,"gold_loss":0}],"is_beta":false,"boss_relics":[],"items_purged_floors":[],"is_endless":false,"potions_floor_spawned":[1,6,11],"killed_by":"Fading Forest","ascension_level":11}}