{"host":"r4aerl4ckfvw1dw3","time":1612937618,"event":{"mods":["BaseMod","BetterRewards","Minty Spire (QoL Compilation)","Quick Restart","StSLib"],"gold_per_floor":[113,128,146,159,175,207,207,238,238,258,293,322,322,14,14,114,114,98,114,126,144,160,160,160],"floor_reached":23,"language":"ENG","playtime":1808,"items_purged":["Strike_R"],"score":304,"play_id":"c4af05e1-42d1-4e72-8f00-0d1a26d71cd8","local_time":"20210209221338","is_ascension_mode":true,"campfire_choices":[{"data":"Carnage","floor":7.0,"key":"SMITH"},{"floor":15.0,"key":"REST"}],"circlet_count":0,"master_deck":["Strike_R","Strike_R","Defend_R","Defend_R","Defend_R","Defend_R","Bash","Clash","Sword Boomerang","Sword Boomerang","Headbutt","Carnage+1","Cleave","Intimidate","Impervious+1","Armaments+1","Uppercut","True Grit+1","Enlightenment+1","Barricade+1","Fire Breathing+1","Heavy Blade+1","Shrug It Off+1","Rupture+1","Shrug It Off+1"],"relics":["Burning Blood","Happy Flower","Toxic Egg 2","Frozen Egg 2","Bottled Flame","Odd Mushroom","Oddly Smooth Stone","Empty Cage"],"acts_visited":["Exordium","TheCity"],"potions_floor_usage":[],"damage_taken":[{"damage":7.0,"enemies":"Jaw Worm","floor":1.0,"turns":3.0},{"damage":0.0,"enemies":"Small Slimes","floor":2.0,"turns":2.0},{"damage":0.0,"enemies":"Cultist","floor":3.0,"turns":2.0},{"damage":24.0,"enemies":"Exordium Wildlife","floor":4.0,"turns":5.0},{"damage":11.0,"enemies":"Lots of Slimes","floor":5.0,"turns":3.0},{"damage":16.0,"enemies":"Gremlin Nob","floor":6.0,"turns":3.0},{"damage":20.0,"enemies":"Lagavulin","floor":8.0,"turns":6.0},{"damage":6.0,"enemies":"Gremlin Gang","floor":10.0,"turns":3.0},{"damage":20.0,"enemies":"3 Sentries","floor":11.0,"turns":7.0},{"damage":15.0,"enemies":"The Mushroom Lair","floor":12.0,"turns":3.0},{"damage":13.0,"enemies":"Slime Boss","floor":16.0,"turns":6.0},{"damage":0.0,"enemies":"2 Thieves","floor":18.0,"turns":4.0},{"damage":10.0,"enemies":"Spheric Guardian","floor":19.0,"turns":4.0},{"damage":12.0,"enemies":"Centurion and Healer","floor":20.0,"turns":6.0},{"damage":34.0,"enemies":"3 Cultists","floor":21.0,"turns":5.0},{"damage":18.0,"enemies":"Snake Plant","floor":22.0,"turns":3.0},{"damage":25,"enemies":"Gremlin Leader","floor":23,"turns":4}],"seed_played":"-1651107043248818310","potions_obtained":[{"floor":1.0,"key":"SneckoOil"},{"floor":3.0,"key":"ColorlessPotion"},{"floor":5.0,"key":"BlessingOfTheForge"},{"floor":11.0,"key":"PowerPotion"},{"floor":12.0,"key":"Strength Potion"},{"floor":18.0,"key":"AttackPotion"},{"floor":20.0,"key":"ElixirPotion"}],"is_trial":false,"path_per_floor":["M","M","M","M","M","E","R","E","T","M","E","?","?","$","R","B",null,"M","M","M","M","M","E"],"character_chosen":"IRONCLAD","items_purchased":["Oddly Smooth Stone","Enlightenment+1"],"campfire_rested":1,"item_purchase_floors":[14,14],"current_hp_per_floor":[71,77,80,62,57,47,47,33,33,33,19,10,10,10,34,27,67,73,69,63,35,23,0,0],"gold":160,"neow_bonus":"THREE_CARDS","is_daily":false,"chose_seed":false,"campfire_upgraded":1,"win_rate":0.0,"timestamp":1612937618,"path_taken":["M","M","M","M","M","E","R","E","T","M","E","?","?","$","R","BOSS","M","M","M","M","M","E"],"items_purchased_type":["Relic","Card"],"build_version":"2020-12-22","purchased_purges":1,"victory":false,"max_hp_per_floor":[80,80,80,80,80,80,80,80,80,80,80,80,80,80,80,80,80,80,80,80,80,80,80,80],"card_choices":[{"not_picked":["Burning Pact","True Grit"],"picked":"Clash","floor":0.0},{"not_picked":["Shockwave","Perfected Strike"],"picked":"Sword Boomerang","floor":1.0},{"not_picked":["Rupture","Dual Wield"],"picked":"Sword Boomerang","floor":2.0},{"not_picked":["Clash","True Grit"],"picked":"Headbutt","floor":3.0},{"not_picked":["Pummel","Perfected Strike"],"picked":"Carnage","floor":4.0},{"not_picked":["Body Slam","Clothesline"],"picked":"Cleave","floor":5.0},{"not_picked":["Thunderclap","Reckless Charge"],"picked":"Intimidate","floor":6.0},{"not_picked":["Sever Soul","Havoc+1"],"picked":"Impervious+1","floor":8.0},{"not_picked":["Uppercut","Combust+1"],"picked":"Armaments+1","floor":10.0},{"not_picked":["Second Wind+1","Sword Boomerang"],"picked":"Uppercut","floor":11.0},{"not_picked":["Clothesline","Evolve+1"],"picked":"True Grit+1","floor":12.0},{"not_picked":["Offering+1","Impervious+1"],"picked":"Barricade+1","floor":16.0},{"not_picked":["Thunderclap","Pommel Strike"],"picked":"Fire Breathing+1","floor":18.0},{"not_picked":["Warcry+1","Havoc+1"],"picked":"Heavy Blade+1","floor":19.0},{"not_picked":["Perfected Strike","Sever Soul"],"picked":"Shrug It Off+1","floor":20.0},{"not_picked":["Flex+1","Bloodletting+1"],"picked":"Rupture+1","floor":21.0},{"not_picked":["Headbutt+1","Dropkick"],"picked":"Shrug It Off+1","floor":22.0}],"player_experience":548665,"relics_obtained":[{"floor":6.0,"key":"Happy Flower"},{"floor":8.0,"key":"Toxic Egg 2"},{"floor":9.0,"key":"Frozen Egg 2"},{"floor":11.0,"key":"Bottled Flame"},{"floor":12.0,"key":"Odd Mushroom"}],"event_choices":[{"damage_healed":0.0,"max_hp_gain":0.0,"max_hp_loss":0.0,"gold_gain":0.0,"event_name":"Mushrooms","player_choice":"Fought Mushrooms","floor":12.0,"gold_loss":0.0,"damage_taken":0.0},{"damage_healed":0.0,"max_hp_gain":0.0,"max_hp_loss":0.0,"gold_gain":0.0,"event_name":"Shining Light","player_choice":"Ignored","floor":13.0,"gold_loss":0.0,"damage_taken":0.0}],"is_beta":false,"boss_relics":[{"not_picked":["Pandora\u0027s Box","Calling Bell"],"picked":"Empty Cage"}],"items_purged_floors":[14],"is_endless":false,"potions_floor_spawned":[1,3,5,11,12,18,20],"killed_by":"Gremlin Leader","ascension_level":8}}