{"host":"Qube","time":1612986805,"event":{"mods":["AchievementEnabler","BaseMod","Colored Map","Colored Powertips","Highlight Path","Minty Spire (QoL Compilation)","Permanent Neow","Quick Restart","Random Character Button","StSLib"],"gold_per_floor":[363,12,28,44,44,44,14,14,40,56,56,85,85,110,110,189,189,203,215,215,215,231,231,245,245,268,268,268,268],"floor_reached":28,"language":"ENG","playtime":1520,"items_purged":[],"score":452,"play_id":"0f21d322-a0b5-4796-a8c6-d1995cf4dc8f","local_time":"20210210115325","is_ascension_mode":true,"campfire_choices":[{"data":"Creative AI","floor":6.0,"key":"SMITH"},{"data":"Zap","floor":8.0,"key":"SMITH"},{"floor":11.0,"key":"REST"},{"data":"All For One","floor":13.0,"key":"SMITH"},{"data":"Recycle","floor":15.0,"key":"SMITH"},{"data":"Ghostly","floor":23.0,"key":"SMITH"},{"floor":25,"key":"REST"},{"floor":27,"key":"REST"}],"circlet_count":0,"master_deck":["AscendersBane","Strike_B","Strike_B","Strike_B","Defend_B","Defend_B","Defend_B","Defend_B","Zap+1","Dualcast","Clumsy","Cold Snap","Heatsinks","Creative AI+1","Steam","Genetic Algorithm","Force Field","Defragment","Good Instincts","Gash","All For One+1","Streamline","Steam","Conserve Battery","Recycle+1","Electrodynamics","FTL","Ghostly+1","Ghostly","Ghostly","Storm","Steam"],"relics":["Cracked Core","Orrery","Lantern","Centennial Puzzle","Question Card","Busted Crown","Oddly Smooth Stone"],"acts_visited":["Exordium","TheCity"],"potions_floor_usage":[24],"damage_taken":[{"damage":2.0,"enemies":"Cultist","floor":1.0,"turns":4.0},{"damage":2.0,"enemies":"2 Louse","floor":3.0,"turns":4.0},{"damage":8.0,"enemies":"Jaw Worm","floor":4.0,"turns":6.0},{"damage":9.0,"enemies":"Large Slime","floor":10.0,"turns":6.0},{"damage":9.0,"enemies":"3 Sentries","floor":12.0,"turns":6.0},{"damage":11.0,"enemies":"Lagavulin","floor":14.0,"turns":9.0},{"damage":11.0,"enemies":"Hexaghost","floor":16.0,"turns":9.0},{"damage":7.0,"enemies":"3 Byrds","floor":18.0,"turns":3.0},{"damage":6.0,"enemies":"Shell Parasite","floor":19.0,"turns":5.0},{"damage":0.0,"enemies":"Centurion and Healer","floor":22.0,"turns":9.0},{"damage":31,"enemies":"Cultist and Chosen","floor":24,"turns":7},{"damage":29,"enemies":"Slavers","floor":28,"turns":4}],"seed_played":"1279324306992934797","potions_obtained":[{"floor":1.0,"key":"SpeedPotion"},{"floor":3.0,"key":"Explosive Potion"},{"floor":14.0,"key":"PowerPotion"},{"floor":16.0,"key":"SpeedPotion"},{"floor":19.0,"key":"SkillPotion"}],"is_trial":false,"path_per_floor":["M","$","M","M","?","R","$","R","T","M","R","E","R","E","R","B",null,"M","M","?","?","M","R","M","R","T","R","E"],"character_chosen":"DEFECT","items_purchased":["Orrery","Defragment","Good Instincts","Streamline"],"campfire_rested":3,"item_purchase_floors":[2,2,2,7],"current_hp_per_floor":[62,62,60,52,45,45,45,45,45,36,57,48,48,37,37,26,60,53,47,47,35,35,35,4,14,14,24,0,0],"gold":268,"neow_bonus":"TWO_FIFTY_GOLD","is_daily":false,"chose_seed":false,"campfire_upgraded":5,"win_rate":0.0,"timestamp":1612986805,"path_taken":["M","?","M","M","?","R","?","R","T","M","R","E","R","E","R","BOSS","M","M","?","?","M","R","M","R","T","R","E"],"items_purchased_type":["Relic","Card","Card","Card"],"build_version":"2020-12-18","purchased_purges":0,"victory":false,"max_hp_per_floor":[71,71,71,71,71,71,71,71,71,71,71,71,71,71,71,71,71,71,71,71,35,35,35,35,35,35,35,35,35],"card_choices":[{"not_picked":["Chill","Leap"],"picked":"Cold Snap","floor":1.0},{"not_picked":["Reprogram","Steam"],"picked":"Heatsinks","floor":2.0},{"not_picked":["Compile Driver","Cold Snap"],"picked":"Creative AI","floor":2.0},{"not_picked":["Sweeping Beam","Stack"],"picked":"Steam","floor":2.0},{"not_picked":["Compile Driver","Rebound"],"picked":"Genetic Algorithm","floor":2.0},{"not_picked":["Rebound","Beam Cell"],"picked":"Force Field","floor":2.0},{"not_picked":["Sweeping Beam","Double Energy"],"picked":"Gash","floor":3.0},{"not_picked":["Loop","Streamline"],"picked":"All For One","floor":4.0},{"not_picked":["Defragment","Compile Driver"],"picked":"Steam","floor":10.0},{"not_picked":["Lockon","Gash"],"picked":"Conserve Battery","floor":12.0},{"not_picked":["Stack","Genetic Algorithm"],"picked":"Recycle","floor":14.0},{"not_picked":["Hyperbeam","Multi-Cast","Creative AI"],"picked":"Electrodynamics","floor":16.0},{"not_picked":["Leap"],"picked":"FTL","floor":18.0},{"not_picked":["Melter+1","Turbo"],"picked":"SKIP","floor":19.0},{"not_picked":["Hologram"],"picked":"Storm","floor":22.0},{"not_picked":["Stack"],"picked":"Steam","floor":24}],"player_experience":1130338,"relics_obtained":[{"floor":9.0,"key":"Lantern"},{"floor":12.0,"key":"Centennial Puzzle"},{"floor":14.0,"key":"Question Card"},{"floor":26,"key":"Oddly Smooth Stone"}],"event_choices":[{"cards_removed":["Strike_B"],"damage_healed":0.0,"max_hp_gain":0.0,"max_hp_loss":0.0,"gold_gain":0.0,"event_name":"Golden Wing","player_choice":"Card Removal","floor":5.0,"gold_loss":0.0,"damage_taken":7.0},{"damage_healed":0.0,"max_hp_gain":0.0,"max_hp_loss":0.0,"gold_gain":0.0,"event_name":"The Mausoleum","player_choice":"Ignored","floor":20.0,"gold_loss":0.0,"damage_taken":0.0},{"damage_healed":0.0,"max_hp_gain":0.0,"max_hp_loss":36.0,"gold_gain":0.0,"event_name":"Ghosts","player_choice":"Became a Ghost","floor":21.0,"gold_loss":0.0,"damage_taken":0.0,"cards_obtained":["Ghostly","Ghostly","Ghostly"]}],"is_beta":true,"boss_relics":[{"not_picked":["Fusion Hammer","Empty Cage"],"picked":"Busted Crown"}],"items_purged_floors":[],"is_endless":false,"potions_floor_spawned":[1,3,14,16,19],"killed_by":"Slavers","ascension_level":20}}